2415 2942
0 1012 7 1211 cnnssffisng...
5 962 7 998 -..
5 889 7 943 .-,
6 819 7 844 4„
6 780 8 791 ,-

111 116 163 153 93
523 115 607 151 XII.
658 111 953 151 ENARRATIO
981 113 1031 148 IN
1058 111 1244 150 EVANG.
1271 108 1488 148 IOANNIS.
1541 107 1646 148 CAP.
1674 109 1741 144 111.
2102 109 2152 144 94

111 216 186 238 non
207 204 327 238 adiuta
350 216 368 238 a
385 203 522 249 Spiritu
546 211 677 239 sancto.
729 203 832 238 Hanc
846 201 1105 246 mitigationem
1130 202 1134 218 ¹
1158 201 1277 236 audita
1303 199 1546 235 consolatione
1571 199 1615 234 de
1631 196 1837 233 remissione
1853 203 2078 242 peccatorum
2094 207 2150 229 as-

111 256 238 301 probat
256 267 403 302 sequens
419 256 565 292 dictum.
1157 253 1308 287 sentitur
1332 252 1386 285 illi
1409 250 1505 293 voci,
1538 251 1645 285 simul
1670 257 1720 284 est
1744 249 1863 283 efficax
1887 248 2044 293 Spiritus
2068 259 2149 280 san-

477 341 483 349 ,
721 337 728 347 ,
761 338 766 346 ,
1157 310 1252 344 ctus,
1278 310 1311 336 et
1333 315 1415 336 vere
1437 315 1556 347 pacem
1580 303 1618 335 in
1645 303 1750 335 corde
1774 301 1867 342 eius,
1895 307 1927 333 et
1944 299 2149 344 tranquilli-

404 339 480 388 ραι
503 345 624 375 antem
648 342 809 387 acc‘l'let·
1103 363 1107 371 ’
1155 360 1260 387 tatem
1286 354 1402 387 efficit.
1462 353 1515 387 Ibi
1540 354 1645 387 sentit
1667 365 1702 386 se
1725 353 1945 397 acquiescere
1968 349 2085 384 David
2109 350 2147 383 in

213 409 282 444 Hic
307 415 455 443 testatur
480 410 617 454 aliquos
640 408 739 454 sequi
756 405 853 441 hunc
870 407 1014 445 ducem,
1041 406 1101 439 sed
1155 405 1335 448 agnitione
1357 412 1389 437 et
1414 405 1480 437 fide
1498 403 1760 437 misericordiae
1776 402 1854 438 Dei.
1907 401 2002 435 Ilaec
2019 413 2148 434 conso—

110 473 252 507 paucos.
304 460 383 494 Erit
408 461 514 502 igitur
528 458 683 493 Ecclesia
708 458 848 501 exigua,
876 458 952 491 sine
975 464 1101 502 poten-
1155 456 1239 489 latio
1264 455 1415 489 ostendit
1434 455 1581 487 verbum
1598 454 1663 487 Dei
1683 466 1755 487 esse
1772 455 1910 494 efficax,
1937 460 1969 487 et
1987 452 2148 486 accendit

111 514 160 547 tia
175 519 208 546 et
224 512 407 556 praesidiis
423 510 598 550 humanis,
625 510 805 543 dissimilis
822 509 979 553 imperiis
995 521 1100 542 mun·
1155 519 1283 540 novam
1302 507 1415 540 lucem
1427 533 1434 546 ,
1461 518 1530 550 qua
1547 506 1615 538 iam
1633 506 1738 538 sentit
1752 504 1868 538 David
1886 517 1965 537 vere
1984 515 2018 536 se
2034 516 2052 537 a
2070 503 2146 537 Deo

112 564 169 605 di,
198 563 384 610 dissipata,
411 568 473 594 etc.
527 560 600 603 Qui
615 561 742 606 accipit
756 560 997 595 testimonium
1016 560 1101 600 eius,
1154 558 1263 601 recipi
1288 565 1320 591 et
1340 557 1473 597 curari,
1502 568 1582 589 vere
1598 557 1641 588 ab
1662 568 1701 588 eo
1720 556 1805 598 petit
1823 562 1855 588 et
1872 561 2025 598 expectat
2046 567 2146 597 prae-

110 615 140 648 is
165 615 277 656 signat
303 612 353 656 (id
381 618 449 651 est,
483 612 688 646 testificatur
712 610 848 656 certo),
883 611 979 656 quod
1003 610 1100 644 Deus
1154 609 1244 647 mia,
1277 608 1538 649 defensionem,
1563 607 1874 650 gubernationem,
1902 606 2085 647 victorias,
2113 612 2146 638 et

109 665 154 698 sit
177 675 292 696 verax.
342 661 504 695 Brevitas
528 670 631 706 auget
652 663 920 703 obscuritatem,
947 673 1056 707 quare
1071 663 1098 695 si
1153 660 1261 693 vitam
1281 667 1470 694 aeternam.

108 715 310 749 conferatur
329 710 530 755 antithesis,
558 714 716 747 fortassis
733 714 869 759 aliquid
888 714 1026 746 accedet
1044 713 1099 745 lu-
1256 727 1341 760 Ideo
1357 727 1488 760 dicitur
1503 726 1546 759 ad
1564 724 1671 759 Rom.
1690 725 1742 758 8.:
1770 724 1965 769 Accepi—5155
1982 723 2146 767 spiritum

108 766 168 800 οἰδ·
223 764 297 808 QUi
320 776 393 822 nf'n
414 765 568 822 ‚credunt
583 764 798 809 Evangelio’
826 762 864 797 hi
885 776 949 822 {¹⁶⁶
965 764 1100 798 intelli*
1153 779 1354 823 adoptionis
1386 778 1560 817 filiorum,
1591 789 1660 821 quo
1694 777 1884 809 clamamus
1909 776 2012 808 Abba
2035 781 2146 818 pater.

108 823 217 861 gunt’
251 828 315 849 nee
346 816 505 849 mmmm
533 828 650 849 veram
683 827 755 850 ²5⁵³
785 817 1005 854 doctrmflm’
1039 816 1098 848 sed
1155 830 1252 863 Idem
1280 828 1337 862 hie
1362 829 1507 873 spiritus
1532 828 1737 861 testificatur
1763 839 1841 860 cum
1867 827 1993 870 spiritu
2012 832 2147 866 nostro,

107 873 366 925 aspernfflerf,
397 874 562 911 tanquam
589 874 830 924 Poftentosam
856 866 1033 925 f³{b¹²l,³m’
1060 873 1099 899 Ut
1153 883 1245 927 quod
1265 892 1387 914 sumus
1402 880 1476 912 filii.
1511 878 1557 913 Et
1572 876 1841 914 2.Corix1ih.3.:
1870 877 1958 912 Cum
1977 877 2148 910 redierint

106 930 229 952 omnes
265 930 367 962 ¹mP¹¹
405 918 448 950 de
478 916 676 961 Evangeho
716 930 852 962 semper
882 919 1098 952 ¹ud¹⁶²¹¹⁸¹¹m0
1152 935 1193 966 ad
1213 932 1410 972 dominum,
1437 931 1615 964 auferetur
1630 930 1772 964 velum..
1807 928 1876 962 Hic
1893 929 1992 972 dicit,
2015 928 2147 961 auferri

106 969 178 1004 sed
203 975 362 1027 ‘fcontm’
390 970 572 1003 credentes
597 976 792 1012 agnoscunt
813 981 893 1002 vere
911 968 1095 1001 coele⁵¹em
1152 984 1338 1027 caliginem
1366 990 1398 1016 et
1422 981 1700 1021 dubitationem,
1728 993 1806 1013 cum
1830 981 1869 1014 fit
1894 980 2076 1012 conversio
2102 980 2146 1012 ad

106 1021 305 1054 doctrinam
330 1031 422 1059 esse,
449 1021 493 1053 de
518 1020 701 1054 voluntate
723 1019 801 1054 Dei.
855 1019 959 1054 Unde
982 1027 1097 1052 antem
1124 1049 1127 1059 ,
1152 1033 1346 1069 Christum·
1415 1033 1610 1077 Aliquanto
1649 1039 1726 1075 post
1762 1031 1879 1064 addit:
1922 1030 1993 1063 NOS
2027 1036 2144 1063 amem

106 1071 221 1105 oritur
250 1069 334 1129 baec
364 1072 557 1129 cerhmdoy
593 1083 653 1104 ⁵²¹¹
684 1068 944 1129 7¹7'r190‘f99f0‘?
997 1068 1096 1103 Ohm
1152 1098 1274 1119 omnes
1305 1092 1432 1118 retecta
1457 1084 1545 1116 facie
1570 1083 1718 1125 gloriani
1743 1081 1810 1114 Dei
1834 1081 2071 1126 speculantes,
2106 1081 2143 1112 in

105 1120 358 1157 Enthmfflsme
391 1128 425 1155 et
450 1123 553 1155 muln
582 1130 699 1165 posoea
725 1123 904 1159 Fananm'
938 1121 1097 1164 neglecm
1151 1138 1296 1170 eandem
1329 1136 1518 1176 imaginem
1549 1134 1843 1166 transformamur
1874 1145 1892 1165 a
1924 1133 2079 1165 claritate
2107 1132 2145 1163 in

105 1175 214 1207 verbo
246 1172 329 1213 Dei,
372 1173 476 1206 certis
513 1173 841 1217 praeparationibus
876 1180 909 1206 et
944 1172 1097 1211 ieiuniis,
1152 1188 1364 1226 darnahm'
1392 1176 1908 1230 umquam„dominispirim’

105 1224 332 1269 quaesierunt
363 1223 556 1267 singulares
582 1231 697 1257 motus
723 1223 877 1267 Spiritus
902 1223 1031 1260 sancti,
1065 1230 1097 1254 et

105 1275 283 1318 singulare
298 1274 438 1313 lumen,
464 1281 496 1308 et
513 1275 762 1315 revelationes,
792 1276 850 1307 sed
868 1271 952 1307 haec
971 1273 1096 1305 deliria

105 1326 325 1369 repudianda
357 1332 458 1365 sunt,
490 1332 523 1358 et
552 1327 701 1358 tenenda
734 1325 852 1367 regula
877 1324 1095 1357 infallibilis:

104 1375 211 1409 Fides
241 1387 281 1408 ex
311 1375 435 1409 auditu
467 1383 534 1416 est,
575 1377 716 1409 auditus
748 1388 811 1419 per
840 1376 987 1408 verbum
1020 1375 1096 1408 Dei.

104 1425 209 1460 Item:
234 1426 393 1459 Lucerna
418 1427 566 1469 pedibus
581 1427 668 1460 meis
682 1428 827 1460 verbum
843 1434 955 1461 tuum.
1009 1424 1094 1459 Item

104 1478 140 1513 2.
156 1476 248 1511 Petr.
267 1478 316 1510 1.:
344 1476 525 1511 Habemus
544 1479 736 1511 firmiorem
757 1475 1002 1522 propheticum
1022 1489 1095 1509 ser-

104 1540 265 1569 monem,
292 1528 366 1568 eni,
390 1535 482 1562 recte
500 1529 633 1568 facitis,
661 1530 898 1569 attendentes,
925 1535 1093 1574 tanquam

103 1577 234 1625 lychno
251 1579 384 1613 lucenti
402 1580 436 1612 in
454 1580 530 1613 loco
548 1580 758 1624 caliginoSO,
787 1581 899 1613 donec
918 1580 992 1612 dies
1012 1580 1094 1611 illu-

104 1637 228 1673 cescat,
252 1637 285 1664 et
301 1630 437 1664 oriatur
451 1631 575 1664 lucifer
592 1632 629 1664 in
645 1632 811 1665 cordibus
829 1631 963 1664 vestris.
1017 1629 1095 1663 Hae

106 1681 299 1714 sententiae
322 1688 513 1722 testantur,
547 1694 622 1716 non
646 1694 718 1715 esse
743 1682 974 1716 revelationes
999 1689 1093 1715 extra

105 1732 253 1764 verbum
287 1730 372 1771 Dei,
421 1739 483 1764 aut
516 1732 591 1765 sine
624 1734 733 1766 verbo
768 1732 833 1765 Dei
866 1733 1095 1777 quaerendas.

1252 1254 1348 1287 Haec
1367 1260 1416 1287 est
1433 1252 1582 1295 insignis
1599 1251 1789 1292 sententia,
1817 1258 1850 1285 et
1866 1263 1946 1284 vere
1963 1251 2144 1294 pertinens

1150 1306 1192 1338 ad
1218 1302 1314 1338 hunc
1331 1305 1447 1338 locum
1466 1303 1665 1346 Baptistae,
1694 1315 1764 1347 quo
1782 1302 1928 1336 dicitur:
1959 1302 2031 1344 Qui
2046 1302 2145 1335 testi-

1150 1357 1311 1390 monium
1327 1356 1402 1389 eius
1421 1355 1564 1398 accipit,
1592 1354 1705 1397 signat
1721 1366 1780 1387 seu
1800 1354 2020 1393 testificatur,
2048 1354 2144 1397 quod

1149 1406 1245 1441 Deus
1262 1408 1304 1440 sit
1325 1420 1442 1442 verax.
1496 1405 1677 1448 Significat
1697 1411 1812 1438 autem
1829 1404 1979 1445 Paulus,
2008 1416 2087 1437 cum
2106 1404 2143 1436 in

1150 1460 1241 1492 veris
1272 1459 1468 1493 terroribus
1500 1464 1531 1490 et
1564 1457 1744 1499 agnitione
1776 1457 1847 1489 irae
1878 1454 1946 1489 Dei
1978 1457 2144 1488 adversus

1149 1517 1331 1554 peccatum
1355 1509 1577 1551 confugimus
1602 1508 1646 1540 ad
1669 1505 1869 1548 Christum,
1897 1514 1929 1540 et
1956 1507 2143 1540 statuimus

1149 1574 1230 1594 vere
1253 1573 1317 1594 nos
1342 1560 1451 1604 recipi
1476 1572 1494 1592 a
1515 1558 1591 1592 Deo
1610 1566 1754 1602 propter
1770 1559 1882 1591 filium
1900 1559 2144 1598 mediatorem,

1149 1621 1182 1646 et
1206 1610 1272 1645 hac
1297 1612 1424 1644 fiducia
1449 1623 1513 1644 nos
1540 1617 1793 1649 sustentamuS,
1823 1609 1952 1642 exoriri
1977 1609 2014 1641 in
2038 1609 2142 1642 nobis

1149 1664 1342 1696 firmiorem
1375 1662 1542 1695 noticiam
1573 1660 1835 1694 misericordiae
1857 1659 1927 1694 Dei
1959 1671 2038 1704 erga
2067 1672 2143 1700 nos,

1149 1727 1237 1760 quae
1256 1715 1359 1747 etiam
1381 1713 1467 1746 alias
1486 1713 1632 1745 virtutes
1652 1712 1753 1756 parit.

103 1780 200 1825 Ergo
224 1782 266 1815 ad
287 1782 533 1815 certitudinem
551 1783 803 1823 conscientiae,
830 1795 891 1816 seu
908 1785 1092 1829 πλῃροᾳο-
1190 1783 1193 1785 ’
1251 1781 1346 1815 Hinc
1377 1781 1484 1824 igitur
1505 1787 1554 1813 est
1581 1779 1773 1818 certitudo,
1809 1791 1888 1812 cum
1914 1779 2142 1813 assentientes

105 1830 193 1878 ρίαν
223 1832 376 1877 primum
401 1844 490 1876 opus
515 1839 568 1866 est
590 1841 709 1868 tenere
731 1841 865 1867 certum
887 1841 919 1867 et
948 1835 1093 1878 planum
1148 1832 1366 1876 Evangelio,
1401 1832 1654 1865 confirmamur
1682 1843 1743 1874 per
1767 1829 1940 1874 Spiritum
1970 1837 2142 1871 sanctum,

102 1884 250 1917 verbum
269 1881 346 1916 Dei.
1148 1896 1186 1917 ac
1210 1884 1402 1916 firmiorem
1426 1883 1592 1916 noticiam
1619 1882 1881 1925 providentiae,
1910 1882 1981 1914 irae
1996 1880 2060 1914 Dei
2078 1882 2141 1914 ad-

205 1933 276 1967 Sed
302 1945 365 1966 cur
385 1934 575 1967 assentitur
590 1933 704 1968 David
717 1960 726 1974 ,
751 1935 837 1970 Saul
858 1948 930 1970 non
946 1936 1094 1969 assenti-
1149 1946 1270 1968 versus
1287 1941 1446 1979 peccata,
1473 1941 1504 1967 et
1522 1933 1785 1966 misericordiae
1794 1933 1864 1966 Dei
1881 1944 1958 1976 erga
1974 1944 2038 1965 nos
2055 1945 2140 1966 con-

101 1985 182 2019 tur'?
234 1983 308 2019 Cur
322 1983 438 2018 David
463 1985 594 2019 iudicat
618 1986 816 2020 doctrinam
841 1986 963 2031 populi
987 1986 1093 2020 Israel
1149 1986 1310 2032 cipimus.
1366 1984 1449 2018 Ideo
1466 1983 1664 2028 etssaptista
1681 1984 1781 2017 dicit:
1811 1983 1882 2026 Qui
1899 1984 2140 2017 testimonium

101 2049 120 2070 a
146 2036 219 2070 Deo
251 2047 342 2074 esse,
378 2043 410 2069 et
443 2047 478 2069 se
506 2038 675 2081 consequi
703 2038 974 2082 promissioneS‚
1007 2049 1094 2082 quas
1150 2038 1224 2070 eius
1249 2036 1392 2079 accipit,
1427 2036 1462 2069 id
1488 2042 1558 2074 est,
1592 2035 1655 2080 qui
1680 2036 1869 2069 assentitur
1891 2035 1968 2068 voci
1993 2033 2139 2072 Christi,

101 2087 206 2122 offert
223 2087 408 2120 doctrina?
460 2087 546 2121 Saul
564 2088 691 2131 cogitat
710 2100 745 2122 se
761 2088 876 2123 nihilo
895 2088 1004 2132 magis
1014 2089 1093 2122 Deo
1118 2089 1122 2107 '⁸
1149 2088 1367 2128 testificatur,
1395 2088 1624 2120 confirmatur
1645 2098 1662 2119 a
1681 2085 1815 2130 Spiritu
1835 2093 1975 2124 sancto,
2004 2093 2037 2119 et
2054 2098 2139 2118 con-

103 2150 206 2172 cnrae
231 2149 320 2177 esse,
350 2150 455 2183 quam
481 2139 615 2172 vicinos
634 2151 748 2184 reges,
771 2152 835 2173 nec
853 2141 963 2184 magis
980 2152 998 2173 a
1015 2139 1092 2173 Deo
1148 2140 1231 2183 cipit
1253 2139 1388 2171 firmam
1412 2138 1579 2171 noticiam
1592 2164 1599 2177 ‚
1628 2150 1696 2182 qua
1715 2137 1833 2171 statuit
1849 2136 1963 2170 Deum
1981 2149 2138 2170 veracem

102 2201 176 2223 esse
197 2186 305 2222 huius
326 2190 440 2231 gentis
457 2190 659 2234 opiniones,
686 2203 790 2236 quam
808 2192 971 2226 aliarum.
1024 2190 1093 2224 Hic
1117 2179 1120 2238 J
1147 2203 1238 2232 esse,
1271 2188 1506 2232 Evangelium
1536 2202 1608 2221 non
1634 2201 1706 2221 esse
1732 2188 2009 2221 commentitiam
2035 2189 2138 2220 fftm-

100 2240 292 2274 discrimen
324 2240 361 2274 fit
390 2238 458 2274 hoc
487 2242 614 2286 modo,
649 2242 732 2288 quia
756 2241 874 2276 David
905 2239 1093 2276 assentitur
1117 2245 1119 2286 ἶ,
1147 2243 1236 2282 lam,
1268 2247 1307 2274 nt
1330 2239 1495 2285 Epicurei
1522 2248 1554 2274 et
1579 2240 1709 2272 similes
1733 2239 1983 2282 imaginantur.
2041 2238 2139 2281 Quid

47 2291 51 2293 “
99 2292 208 2325 verbo
232 2291 321 2331 Dei,
349 2291 503 2335 Spiritus
526 2299 665 2326 sanctus
691 2293 796 2327 simul
822 2294 941 2327 efficax
965 2300 1031 2331 est,
1059 2300 1093 2327 et
1146 2293 1255 2336 magis
1285 2292 1476 2325 ridiculum
1508 2291 1644 2323 senatui
1670 2289 1834 2323 Romano
1866 2290 1978 2323 videri
2010 2291 2136 2337 potnit,

101 2342 350 2380 convenientes
375 2350 491 2377 motus
512 2344 547 2376 in
567 2345 672 2377 corde
688 2345 865 2379 exuscitat.
920 2343 1090 2378 Doctrina
1115 2374 1118 2398 5
1146 2356 1248 2389 quam
1270 2345 1364 2388 quod
1383 2342 1514 2376 Paulus
1532 2342 1714 2374 narrabat:
1743 2340 1913 2375 ‘Senatum
1930 2340 2137 2375 Rom-:annm

100 2393 339 2439 poenitentiae
364 2394 406 2427 de
426 2395 477 2428 ira
498 2394 565 2428 Dei
583 2396 749 2429 adversus
766 2402 946 2440 peccatum
965 2395 1091 2429 incutit
1116 2404 1118 2433 ζ
1146 2407 1218 2428 non
1243 2407 1315 2428 esse
1337 2402 1473 2427 coetum
1501 2394 1579 2426 Deo
1607 2393 1821 2436 placentem,
1857 2393 1914 2425 sed
1940 2405 1974 2425 se
2000 2400 2030 2425 et
2055 2404 2136 2425 snos

102 2446 151 2478 eis
173 2456 274 2478 veros
296 2451 465 2487 terrores,
489 2446 525 2479 in
545 2444 599 2479 his
615 2447 773 2490 agnoscit
789 2459 869 2480 vere
888 2445 1002 2480 Deum
1021 2447 1091 2480 ira-
1115 2435 1118 2491 J
1145 2446 1342 2489 auditores,
1370 2445 1516 2478 miseros
1541 2455 1702 2483 erroneS,
1729 2442 1804 2476 Deo
1832 2444 1986 2487 placere,
2015 2450 2046 2476 tt
2071 2442 2134 2476 ha-

102 2496 151 2529 sci
167 2503 319 2540 peccam,
347 2503 379 2530 et
396 2497 433 2529 in
449 2509 512 2531 suo
529 2498 687 2542 exemplo
700 2498 982 2541 intelligitetiam
996 2498 1092 2538 alios,
1115 2494 1117 2538 ξ
1145 2498 1280 2530 bituros
1306 2508 1451 2539 regnum
1475 2502 1654 2527 aeternnm
1673 2495 1708 2527 in
1728 2495 1836 2527 coelo.
1889 2494 2020 2528 Paulus
2040 2495 2133 2526 enini

101 2559 174 2580 non
200 2558 279 2580 casu
305 2547 342 2579 in
367 2560 498 2592 poenas
521 2549 697 2591 incidere,
731 2550 790 2583 sed
815 2550 878 2583 Dei
899 2549 1031 2582 iudicio
1059 2556 1092 2582 et
1115 2569 1118 2606 ι
1144 2549 1336 2582 assentiens
1348 2546 1552 2585 Evangelio,
1581 2552 1786 2590 conceperat
1804 2547 1937 2578 firmam
1955 2546 2135 2586 noticiam,

100 2598 300 2638 voluntate,
328 2596 414 2633 Saul
439 2600 661 2634 existimabat
686 2612 785 2640 casu,
813 2608 845 2634 et
871 2600 945 2633 sine
963 2601 1090 2644 guber-
1115 2609 1118 2651 ς
1144 2607 1297 2633 senserat
1326 2599 1414 2631 iram
1443 2596 1508 2630 Dei
1541 2598 1705 2629 adversus
1740 2604 1938 2640 peccatum,
1980 2604 2133 2629 senserat

101 2649 247 2683 natione
283 2655 318 2681 et
355 2651 581 2694 providentia
617 2650 701 2693 Dei,
741 2664 838 2686 nunc
868 2649 1091 2692 Philistaeos‚
1143 2650 1402 2684 consolationes
1431 2661 1470 2681 ex
1500 2648 1584 2687 fide,
1611 2660 1672 2680 seu
1696 2648 1823 2680 fiducia
1851 2648 1913 2680 filii
1938 2647 2001 2680 Dei
2027 2655 2133 2681 ortas.

99 2712 196 2735 nunc
215 2699 388 2735 Israelitas
404 2687 642 2740 silccumbere.
694 2701 853 2746 Rursus,
878 2715 958 2737 cum
975 2701 1090 2737 David
1144 2701 1243 2737 quta
1267 2702 1374 2735 illud:
1403 2699 1557 2744 Spiritus
1580 2705 1719 2733 sanctus
1741 2699 1945 2733 testificatur
1964 2711 2042 2732 cum
2062 2699 2134 2743 spi-
