2415 2942
81 70 155 106 677
275 65 372 104 XIII.
425 68 460 102 2.
488 60 853 101 COMMENTARH
880 60 930 96 IN
959 57 1116 95 EPIST.
1145 56 1292 94 PAULI
1321 54 1387 92 AD
1416 54 1674 92 ROMANOS.

82 156 210 193 Deum.
259 154 326 189 Sed
346 151 432 187 haec
450 151 694 196 intempestiva
720 146 962 193 interpretatio
987 145 1070 179 reii-
1122 144 1308 189 populum.
1343 143 1401 177 Illi
1420 150 1560 177 econtra
1577 142 1805 183 obiiciebant‚
1820 139 2010 185 Apostolos
2027 150 2114 183 pau-

85 208 207 241 cienda
241 213 302 240 est.
371 204 416 238 Et
445 210 581 238 constat
613 208 750 236 sanctos
776 210 876 244 posse
907 196 998 236 labi,
1038 203 1072 230 et
1122 207 1181 228 cos
1205 196 1374 240 quosdam
1407 195 1592 228 seditiosos
1627 191 1787 226 homines
1814 204 1913 233 esse,
1955 191 2113 236 quinon

85 259 243 291 amittere
259 256 431 300 Spiritum
453 261 632 294 sanctum,
659 260 691 285 et
716 253 818 284 fidem
847 261 884 282 ac
910 247 1072 280 dilectio·
1096 274 1099 296 ὃ
1122 246 1193 279 sint
1214 246 1379 290 populus.
1432 244 1479 279 Ut
1500 246 1606 287 igitur
1630 245 1740 277 diluat
1767 242 1833 278 boc
1857 249 2115 286 argumentum,

85 321 177 343 nem.
231 308 330 342 Sicut
358 307 528 340 Davidem
551 302 722 351 propheta
741 298 880 336 Nathan
905 299 1073 331 condem-
1096 297 1099 351 Ι
1123 308 1262 329 necesse
1280 305 1329 330 est
1346 296 1457 328 Paulo
1475 297 1654 339 disputare
1676 296 1717 328 de
1741 293 1807 328 hoc
1832 293 1998 327 scandalo
2025 304 2114 336 pau-

1124 347 1255 386 citatis,
1283 354 1314 380 et
1333 348 1532 379 discernere
1551 346 1718 388 populum
1733 345 1796 378 Dei
1817 347 1859 379 ab
1879 357 1931 385 eo,
1948 344 2008 389 qui
2025 343 2113 376 titu-

1123 398 1195 430 lum
1214 404 1325 437 tenet,
1353 404 1471 442 estque
1488 396 1584 429 utilis
1601 393 1685 428 haec
1702 397 1873 430 doctrina.

1228 447 1408 481 Omnibus
1441 448 1612 480 aetatibus
1637 447 1706 478 duo
1735 454 1814 479 sunt
1840 446 2016 479 Ecclesiae
2035 457 2112 477 cor-

1125 511 1229 542 pora,
1259 499 1408 532 alterum
1433 510 1533 530 verae
1558 497 1755 536 Ecclesiae,
1790 497 1937 530 alterum
1962 496 2113 539 gerentis

1124 550 1287 590 titulum,
1330 561 1419 594 qnae
1449 556 1565 580 tamen
1594 549 1816 591 persequitur
1849 559 1965 580 veram
1989 545 2113 579 Eccle-

1124 601 1222 634 siam.
1282 598 1329 634 Et
1354 611 1481 645 magna
1503 607 1552 631 est
1576 598 1764 637 autoritas,
1810 609 1933 640 magna
1959 597 2114 641 potentia

1125 652 1222 685 illius
1245 652 1398 695 gerentis
1424 650 1578 684 titulum.
1635 647 1717 680 Ideo
1742 661 1785 681 ne
1812 649 2033 691 decipiantur
2057 647 2114 679 in-

1126 703 1237 742 firmi,
1267 714 1405 735 necesse
1430 708 1480 734 est
1506 699 1639 733 muniri
1660 700 1735 742 pios
1752 706 1872 732 contra
1895 698 1984 731 hanc
2002 703 2114 729 exter-

1733 54 1834 91 CAP.
1860 53 1923 92 [x.
2042 54 2115 90 678

85 366 145 393 nat
164 367 308 404 propter
328 357 554 392 adulterium.
1096 355 1100 419 l

191 410 310 453 Quare
341 410 448 452 igitur
479 408 565 441 dicit
598 405 820 439 dilectionem
852 401 917 435 Dei
950 412 1072 444 perpe·
1097 422 1100 440 ,

87 468 183 494 tuam
211 462 306 494 esse?
333 459 560 504 Respondeo:
588 456 636 491 Ut
663 455 847 500 promissio
874 452 1072 493 evangelica
1097 445 1100 503 l

89 519 138 545 est
163 519 328 556 perpetua
352 518 383 545 et
406 517 497 550 rata,
531 509 591 542 sed
617 508 683 548 ita,
716 513 755 539 ut
779 505 935 549 requirat
958 504 1073 542 fidem,

90 563 135 596 ita
162 561 217 595 hic
233 562 363 596 Paulus
388 560 610 594 credentibus
634 558 810 602 loquitur,
840 554 937 599 quasi
965 554 1073 587 dicat:

90 613 280 657 Tantisper
310 614 394 646 dum
426 611 563 651 credis,
607 610 691 642 dum
723 609 765 641 de
798 607 865 640 fide
889 612 1074 645 sustentas,

89 665 321 698 certissimum
342 670 411 701 est,
439 668 549 695 ratam
572 672 644 693 esse
664 659 887 692 dilectionem
908 656 976 690 Dei
995 667 1074 698 erga

90 722 135 750 tc.
203 713 267 749 Est
295 715 401 758 igitur
435 712 625 746 sententia:
662 710 765 743 Haud
791 709 898 743 dubie
922 707 1075 747 dilectio,

90 778 158 811 qna
176 765 271 799 Deus
287 778 349 799 nos
375 764 509 807 diligit,
538 774 674 806 semper
694 768 781 801 rata,
809 761 905 793 firma
935 766 966 791 et
984 765 1075 791 certa

89 825 139 850 est
161 817 327 850 credenti.
379 815 475 849 Haec
500 821 550 848 est
571 813 713 858 propria
729 811 915 854 Evangelii
941 809 1075 849 concio,

88 874 125 900 ut
144 879 247 910 supra
266 868 398 901 dictum
416 872 477 899 est.
525 864 608 898 Ideo
627 864 757 898 Paulus
775 861 831 897 hic
851 863 887 895 in
904 861 972 894 fine
991 873 1075 894 con-

89 918 274 952 solationis
291 917 481 960 amplificat
499 928 587 951 eam.

191 967 264 1002 Alii
283 970 506 1002 detorserunt
533 968 574 1000 ad
601 965 934 1011 praedestafionem,
956 964 1013 996 sed
1037 974 1076 996 eo

91 1021 276 1053 decurrere
304 1020 341 1052 in
367 1017 432 1052 hoc
457 1019 535 1051 loco
558 1030 631 1051 non
657 1025 707 1051 est
732 1028 831 1061 opus.
901 1015 1078 1060 Loquitur

91 1071 184 1104 enim
202 1072 245 1104 de
262 1078 380 1105 nostra
397 1070 556 1103 victoria.
590 1067 636 1102 Et
653 1068 828 1102 vincimus
845 1067 994 1099 revelata
1011 1065 1079 1097 mi-

91 1122 281 1155 sericordia
300 1129 332 1155 et
353 1121 544 1154 dilectione
563 1120 599 1152 in
617 1120 746 1157 verbo,
773 1131 851 1151 cum
878 1115 970 1149 hanc
994 1128 1078 1149 con-

91 1173 298 1206 solationem
316 1172 535 1216 'opponimus
557 1171 752 1204 terroribus
777 1168 907 1213 peccati
935 1175 966 1201 et
984 1179 1078 1200 mor-

91 1225 147 1258 tis.
201 1223 320 1266 Quare
344 1223 491 1266 simplex
510 1228 542 1255 et
561 1221 665 1265 plana
687 1220 857 1254 sententia
878 1219 962 1259 erit,
992 1219 1020 1250 si
1036 1219 1079 1251 de

93 1275 318 1308 credentibus
335 1274 564 1315 intelligatur.
620 1270 667 1304 Hi
685 1279 837 1304 statuere
853 1271 980 1303 debent
999 1280 1079 1301 vere

94 1333 126 1360 et
142 1333 234 1359 certo
251 1337 286 1358 se
307 1324 407 1367 diligi
427 1336 444 1356 a
463 1323 536 1357 Deo
556 1329 699 1367 propter
715 1320 907 1357 Christum.

462 1445 601 1499 Caput
626 1445 703 1487 IX.

193 1522 342 1556 Prorsus
363 1534 455 1554 nova
479 1521 670 1565 disputatio
696 1519 911 1561 instituitur,
947 1518 983 1551 in
1010 1530 1077 1563 qua

92 1574 230 1608 tametsi
246 1574 440 1606 doctrinam
470 1573 511 1604 de
533 1572 778 1605 iustificatione
800 1571 927 1604 alicubi
953 1570 1079 1613 repetit

94 1632 128 1658 et
144 1623 342 1664 inter-texit,
368 1630 483 1655 tamen
506 1623 592 1655 duas
608 1622 693 1655 alias
717 1621 878 1654 materias
901 1621 1078 1664 principa—

97 1676 175 1709 liter
191 1681 333 1714 tractat,
361 1673 541 1711 videlicet,
570 1672 660 1715 Quis
678 1673 721 1706 sit
736 1684 815 1704 vere
833 1671 982 1715 populns
1000 1671 1079 1712 Dei,

95 1739 155 1760 seu
179 1737 267 1771 quae
284 1726 328 1758 sit
346 1736 425 1757 vera
443 1723 622 1756 Ecclesia?
653 1721 698 1757 Et
715 1724 758 1756 de
775 1723 958 1755 vocatione
979 1720 1078 1755 Gen—

96 1779 199 1813 tium.
250 1775 338 1809 Nam
359 1774 477 1808 ludaei
495 1774 709 1808 obiiciebant
722 1801 730 1815 ,
756 1774 915 1806 nondum
933 1785 1004 1805 esse
1021 1785 1077 1805 ex-

95 1827 226 1862 hibitas
248 1826 527 1869 ·promissiones,
565 1837 673 1870 quare
702 1825 961 1858 contendebant
986 1835 1079 1856 non-

95 1882 178 1914 dum
198 1877 399 1922 apparuisse
416 1874 606 1911 Christum.

197 1929 256 1963 Sic
277 1929 368 1960 enim
394 1927 747 1970 argumentabantur:
776 1925 952 1970 Populum
974 1938 1077 1970 opor-

97 1988 146 2016 tet
162 1979 328 2024 consequi
357 1978 624 2022 promissiones,
651 1990 729 2011 cum
756 1977 890 2010 venerit
907 1975 1079 2020 Christus,

98 2032 248 2076 populns
275 2027 367 2062 nihil
392 2037 442 2062 est
465 2036 689 2069 consecutus,
713 2028 806 2072 Ergo
828 2029 1080 2072 promissiones

100 2083 259 2115 nondum
284 2087 364 2112 sunt
392 2078 586 2120 exhibitae,
627 2091 691 2112 nec
724 2081 887 2123 apparuit
907 2077 1080 2113 Christus.

101 2134 277 2167 Minorem
298 2131 509 2174 probabant,
536 2131 617 2176 quia
641 2131 792 2174 populus
815 2131 984 2173 significat
1007 2142 1079 2163 non

98 2195 226 2228 pancos
252 2183 441 2227 quosdam,
472 2188 639 2226 tanquam
664 2181 873 2214 seditionem
900 2181 1078 2215 concitan-

99 2243 167 2276 tes,
200 2235 257 2267 scd
283 2232 452 2274 significat
472 2231 672 2276 Principes,
698 2231 922 2272 Sacerdotes,
950 2234 1082 2273 doctos,

98 2287 229 2323 bonos,
255 2291 288 2317 et
305 2283 588 2316 florentissimam
608 2289 739 2326 partem
756 2284 878 2327 populi
904 2284 939 2317 in
967 2284 1080 2328 quali-

102 2338 159 2370 bet
182 2335 334 2378 Reipub.
396 2332 448 2368 Ac
479 2334 516 2367 in
548 2333 687 2379 Repub.
720 2332 861 2368 Iudaica
887 2334 1081 2378 Principes,

102 2386 324 2426 Sacerdotes,
349 2393 380 2418 et
404 2386 591 2430 praecipua
615 2397 694 2429 pars
716 2385 836 2429 populi
861 2397 934 2418 non
954 2386 1081 2419 sentie-

103 2440 161 2471 bat
176 2449 210 2470 se
227 2437 349 2469 melius
375 2434 522 2477 habere,
548 2436 619 2469 imo
638 2436 747 2479 magis
766 2435 943 2481 magisque
959 2437 1082 2469 ruebat

104 2496 176 2522 tota
201 2486 356 2531 Respnb.
410 2485 503 2530 Ergo
528 2499 750 2532 nequaquam
777 2487 981 2521 iudicabant
1003 2499 1038 2520 se
1063 2499 1081 2520 a

103 2537 246 2572 Christo
263 2538 400 2572 adiutos
417 2550 500 2573 esse.
552 2537 629 2571 Hoc
647 2544 854 2582 argumento
874 2539 977 2571 valde
1000 2551 1081 2572 mo—

104 2591 279 2623 vebantur
302 2589 451 2627 infirmi,
485 2601 566 2622 nam
590 2590 683 2634 qnod
708 2587 870 2633 Apostoli
891 2590 1082 2623 contende—

104 2643 207 2682 bant,
233 2637 402 2673 exhibitas
423 2651 495 2673 esse
518 2640 788 2685 promissiones,
816 2639 987 2675 salvatum
1009 2652 1081 2675 esse

1127 766 1206 787 nam
1234 754 1403 798 speciem,
1437 759 1476 785 ut
1500 763 1589 796 quae
1614 750 1658 784 sit
1691 762 1771 783 vera
1797 748 1974 794 Ecclesia,
2012 759 2114 780 verus

1127 805 1279 849 populus
1294 804 1359 837 Dei
1377 804 1455 849 quis
1475 802 1536 842 sit,
1562 801 1773 843 intelligant.

1231 856 1281 890 Ita
1313 868 1408 889 nunc
1442 865 1583 899 quoque
1614 858 1922 894 argumentantur:
1958 850 2115 887 Ecclesia

1127 919 1200 940 non
1225 913 1337 951 potest
1368 916 1502 942 errare,
1535 902 1769 946 Congregatio
1794 904 2058 946 episcoporum,
2083 913 2116 939 et

1128 960 1367 997 sacerdotum,
1413 963 1445 989 et
1475 957 1676 995 sequacium
1709 960 1759 986 est
1798 952 1978 994 Ecclesia,
2018 954 2114 998 Ergo

1129 1008 1214 1043 haec
1239 1008 1462 1052 congregatio
1496 1018 1568 1038 non
1596 1011 1709 1048 potest
1741 1016 1867 1040 errare.
1934 1003 2116 1039 Minorem

1130 1061 1300 1104 probant,
1328 1061 1410 1104 quia
1428 1056 1462 1090 hi
1482 1057 1545 1090 soli
1567 1063 1617 1090 tot
1634 1055 1760 1088 seculis
1778 1056 1924 1088 fuerunt
1947 1056 1984 1089 in
2009 1057 2119 1089 mini-

1129 1112 1234 1144 sterio
1251 1111 1372 1148 verbi,
1404 1107 1537 1142 habent
1565 1114 1703 1152 patrum
1729 1107 1885 1150 exempla
1908 1113 1992 1149 etc.‚
2021 1105 2117 1151 Ergo

1129 1170 1212 1197 sunt
1225 1160 1395 1195 Ecclesia.

1232 1212 1300 1245 Hic
1318 1222 1455 1244 necesse
1475 1217 1524 1243 est
1548 1209 1751 1246 ostendere,
1779 1208 1873 1252 quod
1893 1208 2028 1242 etiamsi
2048 1209 2119 1243 sint

1130 1264 1167 1297 in
1191 1264 1268 1296 loco
1292 1262 1498 1301 ministerii,
1538 1267 1654 1293 tamen
1678 1260 1705 1291 si
1732 1260 1859 1292 docent
1883 1259 2011 1303 impia,
2045 1272 2118 1293 non

1130 1313 1282 1348 habeant
1300 1313 1537 1345 ministerium
1558 1308 1762 1352 Evangelii,
1782 1321 1846 1342 nec
1863 1310 1931 1342 sint
1950 1308 2118 1346 Ecclesia.

1130 1365 1211 1399 Non
1245 1371 1296 1398 est
1329 1371 1444 1397 autem
1480 1363 1555 1395 leve
1585 1361 1810 1400 scandalum,
1855 1358 1992 1393 detrahi
2025 1360 2120 1395 hunc

1130 1428 1307 1450 summum
1340 1413 1533 1452 honorem,
1577 1412 1741 1445 videlicet
1768 1411 1909 1444 titulum
1932 1409 2121 1453 Ecclesiae,

1131 1467 1375 1512 pontificibus,
1401 1464 1637 1509 principibus,
1665 1469 1697 1496 et
1722 1462 1888 1496 universo
1911 1464 2015 1496 statui
2041 1464 2120 1506 pul-

1131 1519 1276 1552 cerrime
1296 1517 1471 1556 ordinato,
1500 1523 1532 1548 et
1549 1514 1700 1547 conferri
1720 1511 1814 1546 hunc
1832 1520 2017 1556 augustum
2035 1515 2120 1547 titu-

1130 1570 1204 1603 lum
1223 1569 1258 1601 in
1283 1579 1412 1611 paucos
1435 1566 1589 1599 abiectos
1611 1571 1643 1597 et
1664 1564 1902 1604 calamitosos,
1927 1565 2119 1609 etquidem

1131 1620 1192 1664 qni
1209 1620 1395 1651 videantur
1411 1617 1574 1650 seditiose
1599 1615 1807 1649 tumultuari
1833 1616 1998 1648 adversus
2022 1616 2120 1648 ordi-

1131 1671 1266 1704 nariam
1292 1671 1440 1702 formam
1465 1666 1653 1701 Ecclesiae.
1721 1664 1798 1698 Hoc
1826 1666 1990 1698 scandalo
2016 1666 2121 1699 multi

1132 1723 1355 1755 deterrentur
1387 1720 1430 1753 ab
1463 1717 1682 1761 Evangelio,
1725 1725 1757 1749 et
1790 1727 1808 1748 a
1842 1728 1922 1748 vera
1953 1715 2121 1752 Ecclesia.

1133 1772 1216 1806 Ideo
1250 1771 1401 1805 docendi
1429 1776 1511 1804 sunt
1537 1767 1699 1802 homines
1727 1768 1769 1800 de
1797 1767 1988 1807 electione,
2024 1769 2119 1810 quod

1133 1836 1212 1857 vera
1235 1822 1390 1857 Ecclesia
1414 1822 1476 1862 sit,
1510 1832 1582 1853 non
1608 1819 1785 1864 quaelibet
1814 1818 2024 1859 multitudo,
2058 1819 2116 1852 sed

1133 1874 1231 1908 electi
1260 1881 1293 1907 et
1323 1873 1435 1907 vocati
1460 1873 1502 1905 ad
1531 1870 1783 1913 Evangelium,
1817 1868 2008 1902 retinentes
2039 1881 2120 1902 ver-

1133 1927 1217 1959 bum
1240 1924 1324 1964 Dei,
1367 1931 1399 1958 et
1421 1928 1683 1968 propugnantes
1715 1921 1879 1953 adversus
1912 1920 2119 1963 sapientiam

1133 1983 1166 2010 et
1189 1976 1381 2021 potentiam
1406 1974 1543 2008 mundi.

1234 2026 1330 2061 Haec
1356 2033 1406 2059 est
1429 2025 1563 2059 occasio
1583 2022 1754 2057 Paulinae
1778 2020 2028 2065 disputationis
2053 2018 2120 2054 hoc

1134 2080 1222 2112 loco.
1274 2077 1362 2111 Nam
1382 2076 1500 2110 Iudaei
1519 2073 1603 2108 haec
1619 2075 1689 2107 dno
1706 2078 1909 2116 argumenta
1926 2072 2117 2114 agitabant,

1134 2142 1169 2163 se
1192 2141 1265 2163 esse
1289 2128 1458 2173 populum
1483 2126 1568 2167 Dei,
1610 2124 1704 2168 Ergo
1728 2124 1795 2156 nisi
1828 2122 1930 2167 ipsis,
1968 2120 2034 2155 hoc
2059 2130 2120 2163 est,

1134 2181 1196 2215 toti
1217 2180 1377 2214 Iudaicae
1396 2178 1538 2223 politiae
1555 2177 1681 2210 melius
1699 2181 1805 2214 esset,
1831 2174 1993 2206 nondum
2019 2171 2118 2206 exhi-

1134 2233 1225 2265 bitas
1254 2243 1325 2264 esse
1356 2229 1618 2273 promissiones.
1689 2225 1799 2266 Item,
1832 2224 1914 2269 quia
1945 2224 2013 2266 ipsi
2046 2224 2118 2257 sint

1134 2295 1251 2316 semen
1295 2279 1485 2319 Abrahae,
1527 2291 1602 2312 non
1637 2277 1812 2322 pertineat
1848 2275 2034 2319 promissio
2071 2276 2116 2308 ad

1136 2333 1277 2368 Gentes.

1234 2384 1304 2418 Hic
1325 2382 1458 2417 Paulus
1484 2379 1632 2426 opponit
1658 2377 1868 2412 contrariam
1892 2376 2116 2415 sententiam,

1135 2436 1316 2476 videlicet,
1351 2435 1444 2480 quod
1468 2432 1619 2478 populus
1642 2428 1708 2463 Dei
1735 2429 1778 2463 sit
1802 2428 1970 2473 quaedam
1994 2427 2116 2460 multi-

1134 2489 1220 2521 tudo
1258 2487 1364 2519 electa
1400 2496 1462 2529 per
1493 2480 1795 2520 misericordiam,
1843 2485 1874 2512 et
1903 2485 2024 2511 vocata
2055 2489 2117 2522 per

1133 2536 1379 2581 Evangelium,
1395 2542 1428 2569 et
1445 2533 1653 2568 sanctificata
1671 2543 1733 2575 per
1746 2529 1919 2574 Spiritum
1936 2535 2113 2562 sanctum:

1133 2601 1198 2623 nec
1222 2589 1282 2622 fiat
1299 2586 1449 2632 populns
1464 2584 1531 2619 Dei
1548 2595 1610 2627 per
1626 2581 1912 2626 propagationem
1927 2579 2115 2617 carnalem,

1133 2648 1166 2675 et
1193 2640 1308 2674 cultus
1332 2636 1429 2681 legis.
1488 2634 1585 2670 Haec
1613 2640 1664 2667 est
1685 2643 1822 2667 summa
1847 2630 2057 2671 sententiae,
2083 2636 2115 2663 et

1545 2683 1628 2720 43*
