2415 2942
265 77 335 114 527

845 69 974 106 PHlL.
1000 70 1118 105 MEL.
1146 69 1355 105 SCRIPTA
1380 68 1680 107 EXEGETICA.

2206 71 2280 108 528

267 174 402 209 semper
419 158 514 204 sequi
534 157 635 190 debet
653 167 743 188 nova
761 154 975 190 obedientia.
1009 153 1114 197 Quod
1133 161 1249 189 autem
1299 158 1380 191 bere
1397 162 1554 201 peccata,
1582 162 1615 189 et
1633 161 1750 189 tamen
1781 157 1900 191 statuit
1918 166 1954 190 se
1973 157 2109 202 placere
2123 155 2199 189 Deo
2226 167 2289 201 per

268 215 377 250 sancti
404 223 474 244 non
500 206 711 241 satisfaciant
737 205 824 247 legi,
851 212 884 238 et
909 206 1002 250 quod
1022 213 1188 240 maneant
1212 206 1250 239 in
1301 207 1600 247 misericordiam,
1628 213 1663 240 et
1688 213 1840 250 expectat
1865 208 2031 249 salutem,
2068 208 2148 241 ideo
2172 207 2288 241 addit:

270 268 317 299 eis
333 267 468 307 peccata
479 286 488 299 ,
514 263 685 291 testantur
701 262 884 301 sequentes
902 257 1107 292 sententiae.

371 311 498 345 Psalm.
523 306 622 342 142:
660 306 740 340 Non
764 307 873 340 intres
902 307 938 340 in
971 307 1143 341 iudicium
1174 318 1254 340 cum

271 376 369 400 servo
394 369 473 400 tuo,
512 359 594 404 quia
622 369 694 391 non
727 358 972 392 iustificabitur
1002 359 1039 391 iu
1067 364 1255 403 conspectu

270 424 331 450 tuo
349 412 464 447 omnis
487 410 620 443 vivens.

373 464 405 496 1.
428 461 525 496 Ioan.
551 461 598 493 1.:
643 457 680 492 Si
709 459 920 500 dixerimus,
955 460 1050 504 quod
1075 466 1256 508 peccatum

272 527 345 550 non
361 513 572 551 babeamus,
598 510 664 553 ipsi
687 522 750 543 nos
767 510 985 552 seducimus,
1012 518 1044 544 et
1069 510 1198 543 veritas
1222 510 1259 542 in

273 566 376 601 nobis
393 575 466 597 non
483 568 543 596 est.

374 614 479 649 Rom.
505 612 558 648 7.:
588 610 702 643 Video
735 610 839 643 aliam
873 611 983 653 legem
1018 610 1055 643 in
1091 609 1259 643 membris

273 667 380 705 meis,
411 669 664 708 repugnantem
692 661 758 704 legi
783 661 909 695 mentis
935 672 1049 699 meae,
1092 666 1125 692 et
1150 659 1259 702 capti-

274 725 414 751 vantem
439 727 493 747 me
518 715 555 746 in
580 713 653 754 lege
675 711 816 754 peccati.
867 710 917 743 Ac
939 722 1039 752 saepe
1063 710 1112 743 ibi
1135 709 1260 752 repetit

275 768 405 803 Paulus
426 776 544 798 vocem
573 762 719 806 peccati,
745 761 945 806 significans
971 761 1073 793 illum
1095 761 1258 793 morbum

275 831 346 853 esse
371 817 495 850 vitium
523 825 602 845 vere
632 823 792 855 pugnans
819 823 897 844 cum
931 811 1003 853 lege
1033 811 1117 851 Dei,
1149 818 1182 843 et
1206 810 1261 842 di-

276 880 382 913 gnum
408 872 520 899 morte
544 871 704 902 aeterna,
740 862 807 894 nisi
833 862 900 894 fide
926 868 1055 905 peteret
1081 862 1261 895 condona-

275 922 420 954 tionem.
474 914 525 948 Ac
542 913 701 958 loquitur
720 924 791 945 non
811 913 853 945 de
871 912 937 944 levi
956 919 1090 945 tantum
1105 912 1262 956 corporis

276 968 502 1004 titillatione,
531 966 590 997 sed
608 965 650 996 de
667 963 846 996 acerrimis
869 963 1024 996 motibus
1048 963 1178 1004 animi,
1205 969 1262 996 tu-

275 1019 422 1055 bitantis
440 1018 481 1049 cle
499 1016 679 1049 voluntate
694 1013 773 1052 Dei,
800 1011 995 1047 abhorrens
1014 1026 1031 1047 a
1049 1026 1162 1055 cruce,
1189 1025 1262 1047 non

276 1070 381 1105 erecti
400 1067 525 1101 fiducia
543 1073 575 1099 et
591 1065 722 1098 laetitia
739 1065 774 1097 in
794 1064 886 1098 Deo:
914 1072 952 1098 ut
970 1065 1138 1108 erigimur
1162 1064 1262 1097 laeti-

276 1123 343 1159 tia,
387 1126 418 1152 et
449 1117 727 1162 acquiescimus,
768 1128 847 1148 cum
879 1116 1037 1149 videmus
1067 1115 1262 1159 corporalia

276 1171 462 1217 praesidia.
518 1166 563 1201 Et
588 1179 628 1200 ex
652 1165 715 1199 hac
741 1167 937 1200 diffidentia
962 1167 1127 1200 oriuntur
1153 1166 1263 1199 multa

277 1234 383 1268 prava
411 1219 557 1253 consilia
583 1225 647 1252 etc.
702 1216 785 1250 Ideo
809 1229 892 1250 usus
916 1225 966 1250 est
990 1218 1129 1250 duobus
1147 1217 1264 1250 verbis

277 1272 467 1307 admodum
494 1269 711 1305 illustribus,
745 1265 1144 1311 dz'rtorparftvdttevov,
1180 1268 1267 1301 dicit

278 1324 443 1358 morbum
469 1319 589 1353 hostili
617 1330 713 1351 more
741 1318 908 1360 grassari,
934 1319 1089 1351 sauciare
1112 1327 1264 1351 mentem

279 1372 496 1414 diffidentia,
515 1370 728 1407 terroribus,
751 1368 934 1411 superbia,
960 1369 1085 1401 fiducia
1106 1369 1266 1411 propriae

279 1423 470 1468 sapientiae
501 1433 540 1454 ac
563 1420 738 1457 iustidae,
780 1419 983 1459 securitate,
1017 1426 1049 1451 et
1079 1419 1267 1451 incendere

279 1476 438 1508 flammas
458 1472 624 1504 varietate
643 1469 888 1511 cupiditatum.
942 1470 993 1502 Ac
1011 1481 1082 1501 non
1103 1469 1266 1502 videatur

278 1525 391 1559 hostis
416 1521 706 1556 contemnendus.
774 1518 1114 1563 αἶχμαλωῑίζοντα,
1145 1519 1267 1564 oppri-

279 1577 343 1609 mit
361 1574 517 1607 infirmos
537 1571 692 1609 animos,
721 1576 752 1602 et
772 1571 883 1614 capit,
914 1571 974 1603 etsi
994 1571 1083 1613 capti
1111 1570 1267 1602 liberan-

280 1636 338 1661 tur
354 1637 415 1670 per
433 1621 613 1656 Christum
626 1646 636 1664 ,
663 1628 701 1653 ut
721 1620 852 1653 Moises
870 1629 990 1665 captus
1007 1628 1100 1661 erat,
1129 1633 1207 1653 cum
1225 1621 1267 1652 ad

280 1688 402 1720 rupem
421 1673 606 1708 haesitaret
624 1684 662 1704 ac
680 1672 862 1705 diffideret.
915 1671 1030 1705 David
1049 1678 1168 1716 captus
1186 1677 1270 1710 erat,

281 1739 360 1761 cum
389 1727 524 1759 iuberet
549 1723 727 1755 numerari
754 1723 945 1767 populum,
971 1723 1091 1767 aliquo
1114 1720 1268 1754 humano

282 1790 419 1811 errore:
447 1776 501 1808 vel
519 1774 598 1819 quia
619 1773 729 1816 gloria
750 1774 976 1812 movebatur,
1012 1774 1106 1818 quod
1126 1774 1198 1806 suis
1216 1785 1268 1805 re-

282 1831 347 1862 bus
371 1827 474 1871 gestis
497 1837 644 1868 regnum
671 1824 842 1868 auxisset,
877 1825 931 1857 vel
957 1825 1002 1857 ob
1032 1824 1117 1857 alias
1141 1835 1271 1858 causas.

283 1879 350 1914 Sed
369 1878 494 1911 omitto
515 1875 687 1918 exempla:
718 1887 790 1907 non
809 1876 902 1908 enim
922 1876 1048 1908 desunt
1072 1875 1138 1918 piis
1161 1875 1270 1907 multa

283 1928 471 1963 domestica
490 1927 669 1969 exempla,
697 1926 760 1969 ipsi
779 1927 998 1970 experimur,
1026 1938 1130 1971 quam
1150 1926 1194 1959 sit
1217 1936 1272 1958 as-

285 1982 406 2014 siduus
428 1976 557 2017 hostis,
596 1984 627 2008 et
658 1989 761 2021 quam
796 1989 897 2021 saepe
929 1977 1104 2020 opprimat
1137 1976 1272 2009 animos

284 2038 421 2076 praeter
451 2028 655 2072 opinionem
695 2034 862 2063 nostram.
935 2027 1023 2061 Nam
1051 2034 1083 2060 et
1111 2027 1273 2060 diabolus

285 2081 390 2116 simul
411 2085 591 2123 oppugnat
611 2078 697 2119 pios.

390 2133 406 2165 1
427 2126 589 2164 Corinth.
609 2128 662 2161 4.:
692 2126 790 2161 Nihil
808 2125 895 2160 mihi
912 2128 1072 2161 conscius
1091 2140 1165 2161 sum
1179 2156 1187 2168 ‚
1215 2128 1271 2160 sed

286 2183 322 2215 in
346 2180 411 2214 hoc
442 2192 514 2213 non
548 2179 751 2212 iustificatus
777 2191 876 2220 sum,
912 2179 1010 2223 quasi
1041 2180 1151 2212 dicat:
1196 2177 1274 2212 Etsi

287 2233 422 2265 iusticia
447 2232 560 2264 bonae
586 2230 820 2263 conscientiae
846 2236 894 2262 est
913 2230 1126 2267 necessaria,
1156 2237 1272 2263 tamen

287 2290 430 2326 propter
459 2293 533 2314 eam
564 2293 635 2313 non
668 2292 744 2312 sum
773 2281 902 2320 iustus,
937 2280 971 2312 id
1003 2287 1071 2319 est,
1115 2287 1275 2323 acceptus

287 2345 401 2366 coram
434 2331 507 2365 Deo
551 2332 594 2364 ad
637 2331 743 2364 vitam
786 2337 960 2364 aeternam
978 2358 986 2371 ,
1031 2332 1088 2364 sed
1127 2332 1192 2364 fide
1237 2331 1273 2363 in

288 2381 478 2417 Christum.

385 2430 545 2466 Christus
575 2433 672 2466 iubet
703 2439 842 2466 sanctos
882 2439 999 2477 petere
1031 2432 1273 2465 remissionem

288 2489 524 2528 peccatorum:
553 2481 598 2515 Et
616 2483 753 2516 dimitte
771 2484 874 2517 nobis
894 2483 1010 2517 debita
1027 2491 1156 2517 nostra.
1188 2483 1274 2517 Item

288 2534 422 2579 inquit:
446 2531 581 2571 Dicite,
609 2533 697 2565 semi
717 2534 859 2567 inutiles
876 2546 996 2567 sumus
1014 2540 1076 2567 etc.

390 2582 517 2617 Psalm.
537 2583 635 2617 129:
664 2582 702 2615 Si
720 2584 921 2629 iniquitates
944 2584 1184 2619 observaveris
1200 2582 1275 2618 Do·

290 2635 400 2676 mine,
433 2633 589 2668 Domine
615 2633 692 2678 quis
722 2636 932 2669 sustinebit?
967 2634 1136 2680 Agnoscit
1157 2646 1192 2668 se
1213 2632 1276 2668 ha-

1304 258 1480 293 Sustinuit
1505 258 1622 290 anima
1649 269 1724 290 mea
1742 258 1780 290 in
1798 259 1907 291 verbo
1932 258 2025 299 eius,
2052 259 2086 291 id
2107 264 2176 299 est,
2204 269 2289 301 pro-

1305 309 1470 342 missione
1487 308 1608 341 divina
1626 320 1681 340 me
1699 314 1856 341 sustento
1868 335 1878 348 ,
1904 309 2029 341 accedo
2046 309 2089 342 ad
2103 320 2182 342 eum
2194 335 2203 349 ‚
2231 319 2293 341 ex·-

1306 366 1404 404 pecto
1447 360 1612 401 salutem,
1657 365 1691 391 et
1723 359 1760 391 in
1794 370 1834 392 eo
1868 358 2074 403 acquiesco,
2113 359 2293 393 confidens

1307 410 1415 458 ipsius
1441 410 1598 443 bonitate
1622 410 1715 454 quod
1738 421 1791 442 me
1813 417 2013 443 servaturus
2034 409 2088 441 sit.

1412 460 1540 494 Psalm.
1553 460 1625 496 18.:
1653 459 1788 493 Delicta
1806 460 1884 504 quis
1900 458 2089 500 intelligit?
2115 458 2159 491 ab
2175 458 2294 493 occul-

1311 511 1353 545 tis
1367 512 1500 545 munda
1519 523 1586 545 me.
1639 510 1785 544 Constat
1801 517 1915 543 autem
1934 509 1982 543 ibi
2000 507 2232 553 prophetam,
2256 515 2297 543 ut

1310 562 1415 602 alibi,
1442 569 1474 596 et
1498 562 1541 594 de
1567 561 1701 605 seipso,
1728 567 1760 594 et
1790 562 1833 593 de
1859 560 2002 594 caeteris
2027 560 2155 593 sanctis
2179 558 2296 604 loqui:

1312 611 1368 644 Illi
1394 613 1460 656 ipsi
1492 623 1579 657 quos
1609 618 1709 645 vocat
1740 623 1858 645 servos
1881 611 1968 651 Dei,
2006 609 2208 644 sanctificati
2235 620 2298 654 per

1312 662 1483 705 Spiritum
1519 669 1679 695 sanctum
1696 689 1706 703 ‚
1748 663 1863 695 ornati
1900 661 2150 695 excellentibus
2181 659 2297 699 donis,

1313 720 1489 745 versantes
1503 713 1539 745 in
1558 712 1640 746 fidei
1656 713 1837 754 exercitiis,
1863 714 1897 746 in
1917 712 2172 756 gubernatione
2187 710 2299 743 maxi-

1314 775 1448 796 marum
1473 775 1610 801 rerum,
1652 771 1690 796 ut
1716 762 1918 802 Abraham,
1966 760 2107 806 loseph,
2151 760 2297 801 Moises,

1313 813 1476 854 Samuel,
1502 812 1638 855 David,
1663 812 1804 855 Esaias,
1832 827 1900 848 una
1921 826 2004 846 voce
2029 814 2078 846 sic
2101 812 2299 846 clamitant:

1313 862 1449 897 Delicta
1483 864 1562 908 quis
1588 864 1785 907 intelligit?
1828 866 1872 898 ab
1898 863 2043 898 occultis
2068 863 2202 896 munda
2232 874 2300 895 me.

1314 914 1433 957 Quare
1448 914 1650 948 detestanda
1667 922 1717 949 est
1733 916 1928 959 arrogantia
1947 913 2222 960 hypocritarum,
2237 913 2300 958 qui

1315 966 1472 999 iactitant
1497 976 1533 998 se
1556 965 1628 998 suis
1644 966 1808 1008 operibus
1828 966 1954 999 mereri
1978 966 2086 998 vitam
2112 970 2302 1004 aeternam,

1315 1022 1349 1050 et
1368 1016 1510 1062 quidem
1522 1042 1531 1056 ‚
1555 1023 1595 1050 ut
1628 1016 1696 1059 ipsi
1712 1016 1907 1060 loquuntur
1922 1018 1965 1049 de
1980 1015 2169 1059 condigno.

1417 1065 1547 1099 Psalm.
1571 1067 1649 1100 31.:
1693 1067 1774 1100 Dixi
1805 1068 1998 1100 confitebor
2031 1067 2217 1099 adversum
2246 1076 2303 1098 me

1318 1117 1492 1151 iusticiam
1511 1129 1622 1150 meam
1641 1116 1814 1156 Domino,
1841 1124 1875 1151 et
1890 1125 1927 1150 tu
1952 1116 2101 1150 remittis
2123 1122 2302 1160 peecatum

1318 1180 1454 1202 meum:
1481 1167 1535 1201 De
1551 1166 1617 1201 hoc
1633 1169 1748 1202 orabit
1765 1169 1807 1201 ad
1827 1176 1860 1201 te
1876 1169 1991 1201 omnis
2007 1173 2146 1200 sanetus
2159 1166 2197 1199 in
2214 1173 2304 1200 tem-

1319 1231 1404 1264 pore
1420 1225 1611 1263 oportuno.
1667 1219 1786 1253 Palam
1813 1226 1959 1253 testatur
1983 1223 2120 1250 sanctos
2142 1222 2304 1261 oportere

1320 1277 1435 1314 petere
1473 1270 1770 1304 condonationem
1807 1269 2046 1314 praesentium
2076 1267 2243 1301 vitiorum
2271 1272 2306 1301 et

1319 1328 1527 1354 erratorum.

1420 1370 1494 1404 lob.
1511 1369 1562 1402 9.:
1590 1369 1747 1403 Verebar
1761 1369 1882 1403 omnia
1900 1380 2005 1413 opera
2022 1380 2112 1403 mea.

1418 1418 1531 1453 Exodi
1550 1420 1626 1454 54.:
1653 1419 1699 1454 Et
1716 1421 1886 1453 innocens
1906 1432 1976 1452 non
1994 1426 2043 1452 est
2064 1429 2180 1451 coram
2199 1425 2232 1450 te
2249 1417 2307 1450 in-

1320 1482 1468 1511 nocens,
1502 1471 1536 1504 id
1562 1478 1628 1512 est,
1665 1471 1729 1504 etsi
1754 1468 1910 1504 humano
1936 1470 2068 1504 iudicio
2093 1480 2166 1503 non
2194 1474 2308 1513 potest

1320 1521 1492 1562 accusari,
1520 1528 1637 1554 tamen
1654 1533 1672 1554 a
1692 1528 1724 1555 te
1741 1521 1897 1555 accusari
1914 1527 2038 1565 potest.

1424 1570 1511 1605 Tibi
1529 1570 1682 1604 Domine
1700 1572 1857 1612 iusticia,
1882 1572 1986 1605 nobis
2009 1578 2125 1605 autem
2147 1569 2308 1603 confusio

1321 1622 1442 1662 faciei,
1485 1622 1518 1655 id
1548 1629 1615 1662 est,
1656 1633 1807 1665 agnosco
1834 1633 1900 1654 nos
1927 1619 2057 1655 habere
2081 1627 2238 1665 peccata,
2274 1626 2308 1654 et

1323 1673 1412 1706 iuste
1433 1673 1493 1705 abs
1510 1679 1542 1706 te
1562 1673 1694 1716 puniri.
1747 1671 1886 1706 Deinde
1903 1673 2017 1706 addit:
2049 1671 2161 1705 Nobis
2183 1671 2310 1704 confu-

1323 1724 1394 1763 sio,
1422 1723 1486 1756 tibi
1505 1732 1619 1756 autem
1637 1723 1877 1757 misericordia
1896 1731 1929 1757 et
1947 1722 2166 1768 propiciatio,
2193 1722 2228 1755 id
2246 1728 2310 1760 est,

1322 1786 1471 1815 agnosco
1491 1786 1555 1807 nos
1571 1786 1643 1807 esse
1669 1780 1884 1818 peccatores,
1913 1775 1972 1807 sed
1998 1781 2036 1808 tu
2061 1779 2204 1818 propter
2224 1785 2309 1817 pro-

1324 1825 1462 1858 missam
1491 1825 1788 1865 misericordiam,
1821 1837 1942 1859 rursus
1965 1824 2111 1863 exaudi,
2139 1829 2172 1857 et
2197 1824 2308 1856 libera

1323 1887 1397 1909 nOS.
1451 1874 1610 1908 Eandem
1633 1876 1843 1909 sententiam
1868 1876 2049 1920 aliquanto
2073 1881 2149 1918 post
2172 1873 2310 1918 repetit,

1324 1939 1362 1959 ac
1382 1926 1483 1958 nobis
1502 1927 1701 1973 exemplum
1720 1926 1798 1959 fidei
1819 1933 1850 1959 et
1870 1926 2102 1959 invocationis
2120 1924 2307 1969 proponit:

1325 1976 1404 2009 Non
1425 1984 1567 2020 propter
1589 1977 1761 2010 iusticiam
1778 1984 1934 2010 nostram
1953 1977 2123 2020 petimu5‚
2149 1976 2209 2009 sed
2227 1987 2309 2019 pro·

1327 2034 1401 2070 pter
1420 2027 1696 2060 misericordiam
1714 2035 1810 2061 tuam
1838 2039 2010 2071 magnam.
2065 2026 2142 2060 Hae
2167 2026 2310 2060 concio-

1326 2090 1387 2111 nes
1408 2089 1536 2121 magno
1565 2090 1736 2111 consensu
1768 2085 1974 2122 repetuntur
1999 2078 2036 2111 in
2061 2077 2166 2111 sacris
2198 2077 2310 2117 libris,

1327 2141 1462 2172 semper
1489 2136 1669 2162 accusatur
1701 2136 1820 2162 nostra
1847 2129 2055 2169 infirmitas,
2089 2135 2122 2162 et
2146 2128 2310 2162 iubemur

1326 2180 1393 2212 fide
1410 2179 1598 2221 confugere
1615 2181 1655 2212 ad
1676 2180 1969 2222 misericordiam,
1997 2186 2141 2227 propter
2160 2177 2311 2222 promis-

1327 2242 1404 2263 sum
1432 2231 1662 2264 mediatorem
1687 2231 1798 2264 filium
1817 2231 1894 2265 Dei.
1946 2230 2005 2264 Sic
2027 2236 2060 2263 et
2083 2228 2214 2262 Paulus
2236 2239 2310 2261 non

1327 2281 1481 2326 aliquam
1507 2289 1639 2324 partem
1667 2278 1854 2315 hominum
1875 2287 2029 2319 accusat,
2056 2279 2115 2312 sed
2138 2278 2310 2323 simplici-

1327 2339 1380 2365 ter
1397 2332 1546 2365 affirmat
1569 2344 1690 2365 omnes
1707 2330 1867 2365 homines
1885 2338 2024 2375 praeter
2038 2328 2218 2364 Christum
2236 2340 2309 2363 esse

1328 2394 1404 2416 reos
1429 2394 1546 2415 coram
1565 2381 1649 2418 Deo.
1704 2381 1784 2416 ldeo
1811 2382 1943 2427 inquit:
1978 2380 2028 2416 Ut
2053 2392 2158 2414 omne
2183 2392 2220 2414 os
2245 2381 2310 2415 ob-

1327 2440 1500 2472 struatur,
1543 2441 1574 2467 et
1598 2441 1691 2466 totus
1726 2434 1878 2467 mundus
1901 2432 1945 2465 sit
1966 2443 2046 2466 reus
2077 2443 2193 2465 coram
2219 2431 2310 2467 Deo.

1329 2483 1431 2517 Item:
1461 2482 1639 2518 Conclusit
1660 2495 1780 2517 omnes
1795 2485 1860 2516 sub
1877 2490 2067 2525 peccatum,
2095 2489 2132 2516 ut
2149 2482 2308 2516 omnium

1328 2535 1544 2568 misereatur.
1607 2534 1706 2568 item:
1749 2533 1820 2577 Qui
1858 2534 2046 2577 gloriatur,
2086 2533 2124 2566 in
2154 2531 2309 2567 Domino

1327 2586 1507 2628 glorietur.
1559 2583 1632 2618 Has
1648 2585 1837 2618 sententias
1859 2585 1908 2629 pii
1932 2585 1999 2618 sibi
2025 2590 2243 2628 proponant,
2270 2589 2310 2617 ut

1329 2642 1520 2680 agnoscant
1552 2634 1792 2669 infirmitatem
1824 2642 1981 2670 nostram
2019 2647 2099 2669 vere
2128 2640 2308 2680 peccatum
