2415 2942
100 101 197 139 1257
284 137 287 140 Α
313 101 414 138 XIII.

93 186 414 224 Circumdederunt
432 202 487 224 me
505 191 643 225 dolores
661 191 784 225 mortis
808 198 871 225 etc.
934 191 1009 227 Iob.
1028 192 1079 226 9.:

92 235 190 272 Deus
209 241 307 273 cuius
324 241 395 274 irae
411 254 515 275 nemo
531 243 691 276 resistere
711 249 832 287 potest.
885 241 962 276 Hoc
981 244 1078 277 triste

93 288 282 330 iudicium,
311 305 380 338 quo
398 292 492 326 Deus
518 306 579 337 per
604 294 712 336 legem
737 293 885 336 percutit
903 306 996 327 ream
1016 307 1078 327 ua—

91 346 226 380 turam,
269 340 325 376 hic
359 345 520 378 nominat
547 342 832 388 Chirographum
863 345 1077 379 contrarium

89 402 152 435 per
173 393 296 436 legem.

192 451 309 486 Simul
334 459 368 486 et
395 452 583 487 vivificatio
616 455 652 487 fit
678 454 714 487 in
749 455 924 488 deletione
958 453 1075 488 chiro·

90 501 225 546 praphi.
261 503 353 545 Quia
373 516 451 536 curn
469 505 627 538 remissio
646 512 677 538 et
695 506 879 549 imputatio
897 506 1074 550 accipiun-

88 561 149 586 tur
167 554 252 594 fide,
282 555 317 586 in
339 566 374 586 ea
393 556 632 588 consolatione
654 555 693 590 fit
712 557 917 597 vivificatio,
945 558 980 589 in
1006 569 1072 601 qua

86 604 180 637 filius
199 604 263 638 Dei
284 617 367 637 voce
383 603 569 647 Evangelii
586 607 771 640 efficaciter
790 608 939 640 vivificat
959 609 1074 648 corda,
1098 627 1100 635 ·

86 661 119 688 et
145 655 295 689 effundit
320 656 356 688 in
381 668 417 688 ea
442 655 613 704 Spiritum
640 666 817 697 sanctum,
851 659 940 691 sicut
965 659 996 693 1.
1017 657 1073 690 lo-

86 702 165 739 han.
183 704 215 740 5.
243 708 395 741 dicitur:
429 705 524 741 Haec
550 709 619 741 vita
645 709 680 740 in
708 709 779 741 filio
808 709 882 741 eius
908 717 974 747 est,
1011 710 1072 753 qui

85 753 189 791 habet
208 758 338 796 filium,
368 755 471 792 habet
489 760 615 797 vitam,
650 760 710 804 qui
736 772 807 792 non
833 758 936 793 habet
961 761 1070 792 filium

81 804 169 848 Dei,
204 809 310 842 vitain
338 822 408 842 uon
427 805 541 845 babet.
591 810 694 843 Tunc
719 811 812 843 enirn
843 823 904 854 pro
931 812 1070 843 dubita-

83 859 179 891 tione
196 859 230 891 iu
252 868 366 894 mente
387 861 477 895 lucet
494 861 646 893 assensio
666 862 839 904 accipiens
865 862 1069 905 promissio—

83 921 186 948 nem,
214 918 245 943 et
275 923 337 953 pro
363 923 465 945 sensu
484 912 555 944 irae
573 911 637 944 Dei
659 920 690 945 et
711 913 904 945 terroribus
924 920 1005 945 sunt
1032 913 1069 945 in

81 962 186 996 corde
203 961 328 994 fiducia
347 969 378 996 et
396 962 527 996 laetitia
545 963 766 1007 acquiescens
783 963 818 995 iu
835 963 909 996 Deo
929 970 1069 1007 propter
1093 991 1095 996 ,

79 1014 331 1052 mediatorem,
353 1026 441 1057 quae
457 1013 588 1046 laetitia
605 1019 653 1046 est
671 1015 739 1046 vita
759 1014 920 1057 spiritus,
945 1016 986 1046 tle
1001 1026 1067 1058 qua

78 1063 210 1098 Paulus
236 1064 368 1108 iuquit:
412 1064 567 1108 Spiritus
597 1065 685 1097 vivit
714 1073 856 1109 propter
883 1065 1067 1099 iusticiam.

467 102 502 139 5.
530 102 831 141 ENARRATIO
859 103 1009 143 EPIST.
1039 102 1188 140 PAULI
1217 103 1284 140 AD
1312 102 1669 140 COLOSSENSES.
1721 101 1824 138 CAP.
1850 102 1900 139 ΙΙ.

78 1115 237 1149 Sciamus
269 1115 376 1157 igitur
409 1115 558 1148 Paulum
593 1115 693 1159 loqui
726 1128 799 1148 non
828 1117 869 1148 de
894 1116 1094 1149 simulatis!

79 1164 347 1206 enthusiasmis,
380 1178 439 1199 seu
461 1166 720 1200 Stencscldiana
746 1174 777 1200 et
803 1164 1067 1214 Anabaptistica
1092 1204 1094 1209 .

78 1217 269 1257 torvitate,
311 1218 370 1250 sed
404 1219 446 1250 de
477 1229 556 1249 vera
593 1218 821 1250 conversione
853 1230 912 1251 sen
945 1219 1068 1261 poc-ni-

75 1269 198 1303 tentia.
281 1266 331 1301 lta
379 1281 458 1301 cnm
498 1269 603 1300 verba
644 1268 745 1301 Pauli
777 1271 818 1300 ad
853 1269 1092 1302 consolatio-¹

75 1331 157 1352 nem
184 1319 218 1351 iu
245 1332 325 1352 vera
350 1319 580 1352 conversione
608 1320 935 1360 accommodantur,
976 1319 1066 1353 liunt
1090 1353 1091 1362 ¹

74 1371 271 1414 perspicua.
1089 1367 1091 1413 Ι

177 1429 293 1473 Quam
328 1429 440 1462 dulcis
477 1427 670 1462 consolatio
706 1435 775 1469 est,
804 1429 935 1462 intueri
972 1417 1090 1463 hanc!

73 1482 185 1526 ipsam
213 1481 385 1524 picturam
422 1477 619 1523 triumphi?
660 1478 784 1512 Victor
808 1487 856 1513 est
881 1480 972 1513 filius
995 1479 1063 1513 Dei

73 1533 135 1577 qui
156 1532 321 1564 contrivit
348 1537 452 1573 capnt
478 1530 668 1573 serpentis,
696 1531 730 1562 id
757 1538 826 1569 est,
855 1531 984 1563 delevit
1008 1544 1061 1563 re-

74 1594 183 1626 gnum
205 1589 236 1614 et
258 1582 449 1625 potentiam
470 1581 621 1620 diaboli,
650 1588 828 1624 peccatum
853 1588 885 1614 et
913 1589 1060 1614 mortem

72 1639 269 1669 aeternam,
306 1633 436 1664 scilicet
470 1632 507 1663 in
540 1631 775 1666 credentibus.
850 1631 956 1664 Hunc
983 1639 1060 1665 tau-

73 1696 178 1728 quam
205 1680 480 1723 triumphantem
510 1683 668 1726 sequitur
692 1689 724 1715 et
741 1689 906 1726 sequetur
924 1683 959 1714 iu
989 1690 1059 1716 tota
1084 1698 1086 1712 ι

71 1735 277 1768 aeternitate
301 1734 456 1766 Ecclesia
482 1733 649 1773 liberata,
683 1739 713 1765 et
740 1740 918 1775 gestantur
942 1741 979 1767 ut
999 1734 1058 1765 fie-
1084 1750 1085 1764 t

1088 1495 1090 1508 l

1087 1527 1089 1538 ι

1087 1542 1089 1557 l

1086 1578 1088 1597 Ι

1085 1624 1087 1645 l

1085 1647 1087 1658 ι

70 1786 130 1819 bat
158 1786 194 1818 in
228 1782 420 1828 triumphis
452 1784 582 1828 spolia,
626 1783 788 1816 videlicet
824 1781 1084 1829 chirographaJ

70 1843 188 1870 nostra
207 1836 394 1879 pendentia
413 1836 448 1867 iu
469 1847 582 1870 cruce.
634 1833 730 1867 Haec
754 1835 821 1866 iam
848 1835 958 1868 deleta
977 1843 1058 1868 sunt
1082 1830 1084 1852 ³

69 1888 294 1921 credentibus
313 1887 348 1919 iu
370 1887 618 1925 mediatorem,
645 1886 705 1927 qui
723 1886 892 1927 sanguine
908 1898 990 1927 suo,
1020 1887 1053 1919 id

68 1946 138 1980 est,
165 1946 235 1972 tota
256 1938 456 1970 obedientia
476 1949 537 1970 sua
554 1937 683 1969 delevit
703 1935 933 1980 chirographa
961 1938 1055 1980 legis,

67 1996 108 2024 ut
125 1991 325 2023 amitterent
349 1989 402 2021 ius
426 1988 634 2028 accusandi,
663 1994 700 2020 ut
721 1990 751 2022 1.
772 1986 891 2021 Iohan.
913 1989 943 2022 1.
968 1989 1056 2021 dici·
1079 1951 1082 2036 l

68 2047 145 2075 tur:
174 2039 326 2081 Sanguis
356 2039 431 2072 Iesu
457 2037 589 2072 Christi
616 2039 772 2082 purificat
798 2051 862 2071 nos
889 2040 932 2072 ab
957 2040 1055 2072 omni
1079 2054 1080 2074 t

67 2099 220 2136 peccato.
255 2090 356 2123 Hanc
367 2091 476 2133 ipsam
491 2091 661 2134 picturam
675 2102 774 2133 saepe
785 2090 819 2121 in
833 2091 1055 2124 invocatione

66 2143 278 2186 cogitemus,
306 2149 344 2174 ut
363 2142 446 2174 fides
462 2142 672 2174 accendatur
690 2147 723 2174 et
745 2141 984 2176 confirmetur.

168 2209 216 2244 At
241 2210 344 2244 etiam
372 2209 533 2241 diabolos
555 2208 636 2241 duci
662 2215 831 2253 tanquam
863 2209 899 2241 in
921 2217 1053 2253 specta-

66 2262 166 2302 culo,
195 2268 315 2294 exutos
340 2260 538 2304 principatu
561 2266 591 2291 et
618 2265 807 2302 potestate,
834 2260 986 2301 scilicet,
1009 2274 1053 2294 ne

64 2314 213 2357 perdant
232 2312 369 2345 insidiis
387 2312 564 2343 credentes
584 2310 620 2342 in
637 2310 768 2349 filium,
797 2311 884 2344 sicut
905 2312 1051 2346 dicitur:

62 2363 176 2398 Nemo
196 2364 308 2408 rapiet
325 2375 407 2396 oves
427 2373 520 2394 meas
540 2373 579 2394 ex
597 2361 761 2394 manibus
781 2362 878 2396 meis,

167 2431 208 2465 In
223 2432 292 2464 fine
308 2437 421 2464 autem
442 2429 540 2463 addit
556 2429 779 2472 particulam:
809 2427 1052 2474 Triumphans

63 2495 125 2527 per
141 2495 232 2523 sese,
261 2483 296 2515 id
313 2484 353 2515 ad
373 2480 608 2514 differentiam
632 2480 859 2514 victoriarum
879 2478 1050 2515 humana-

62 2545 142 2568 tum
159 2534 300 2568 dicitur.
336 2532 508 2566 Homines
524 2531 618 2564 enim
635 2531 672 2564 in
691 2531 933 2574 corporalibus
951 2544 1048 2575 prae-

62 2585 120 2618 liis
139 2596 211 2618 non
238 2585 385 2617 vincunt
409 2583 484 2616 sine
509 2582 648 2615 auxiliis
673 2583 837 2618 militum.
891 2581 938 2616 At
957 2583 1048 2617 filins

62 2634 129 2669 Dei
150 2636 225 2669 sine
248 2635 379 2668 auxilio
407 2634 515 2667 ullius
545 2640 725 2667 creaturae
757 2633 922 2667 contrivit
946 2642 1047 2678 caput

63 2687 251 2732 serpentis,
280 2684 364 2720 haec
387 2697 455 2719 una
472 2696 621 2729 persona
639 2691 689 2719 est
706 2685 894 2719 redemtrix
913 2692 945 2719 et
962 2698 1044 2729 pro-

1090 1268 1092 1285 ῐ
1118 1266 1148 1291 et
1168 1260 1259 1302 quod
1280 1270 1396 1290 earum
1415 1258 1557 1291 omissio
1576 1268 1647 1288 non
1665 1256 1708 1288 sit
1731 1262 1921 1299 peccatum,

2024 104 2122 141 1258

1133 191 1208 235 pria
1238 192 1394 235 potentia
1421 191 1534 225 vincit
1556 190 1735 231 diabolos,
1762 190 1856 225 tollit
1885 197 2064 235 peccatum
2089 198 2122 225 et

1131 249 1292 278 mortem.

1127 322 1247 359 Nemo
1272 324 1388 370 igilur
1414 337 1474 358 cos
1499 321 1632 357 iudicet
1654 323 1692 356 ιή
1718 322 1795 356 cibo
1814 327 1843 356 et
1858 328 1964 370 polu,
1991 328 2056 357 aut
2080 323 2119 357 in

1437 380 1542 422 parte
1561 372 1738 422 dieifesli
1753 378 1814 410 elc.

1230 442 1325 476 Haec
1350 443 1529 476 conclusio
1553 440 1737 476 antithesis
1756 448 1803 474 est
1822 443 2116 485 antecedentium,

1127 507 1205 527 cum
1233 495 1370 527 iusticia
1397 494 1439 527 sit
1467 492 1594 526 habere
1624 493 1865 526 remissionem
1897 500 1928 526 et
1958 496 2115 527 reconci-

1126 546 1308 579 liationem
1334 552 1478 589 propter
1504 545 1635 584 filium,
1674 550 1706 577 et
1730 544 1896 576 vivificari
1923 556 1982 587 per
2002 545 2114 578 filium

1126 598 1166 628 ad
1194 597 1301 629 vitam
1326 603 1502 629 aeternam
1520 622 1528 635 ‚
1557 594 1716 638 seqnitur
1743 606 1814 626 non
1839 606 1910 627 esse
1937 595 2111 628 iusticiam

1124 647 1327 680 discrimina
1343 647 1501 679 ciborum
1518 653 1551 679 et
1568 646 1703 678 dierum
1723 652 1753 677 et
1770 645 1901 677 similes
1918 645 2023 685 rituS‚
2051 647 2112 691 qui

1124 711 1237 743 neque
1266 705 1444 742 peccatum
1473 708 1587 740 neque
1622 702 1769 728 mortem
1807 696 1954 734 tollunt,
1997 708 2111 741 neque

1122 757 1202 782 sunt
1222 761 1276 782 res
1292 755 1464 783 aeternae.
1518 747 1637 790 Quare
1655 758 1717 778 nec
1736 753 1873 789 peccata
1890 753 1972 779 sunt
1987 747 2110 780 talium

1122 801 1253 833 rituum
1276 799 1493 833 omissiones,

1223 850 1392 895 Expresse
1411 850 1517 893 igitur
1534 846 1591 881 hic
1606 847 1812 881 asseveratio
1830 848 1992 890 ponitur,
2022 861 2111 894 quae

1122 901 1273 935 affirmat
1306 902 1428 934 talium
1459 901 1592 934 rituum
1623 900 1905 932 observationem
1935 911 2009 932 non
2039 912 2110 934 esse

1121 953 1315 991 iusticiam,
1342 959 1373 986 et
1393 952 1600 985 omissiones
1625 962 1746 983 eornm
1770 962 1842 983 non
1867 961 1938 982 esse
1962 959 2109 993 peccata.

1120 1002 1282 1048 Cumque
1306 1001 1363 1036 hic
1394 1010 1487 1036 totus
1515 1003 1611 1034 locus
1645 1001 1794 1033 maxime
1825 1001 2029 1044 perspicuus
2054 1003 2109 1041 sit,

1120 1055 1341 1087 notissimum
1361 1065 1431 1086 esse
1451 1054 1615 1086 omnibus
1633 1059 1769 1095 oportet
1792 1053 1833 1084 ad
1853 1052 2110 1085 confirmandas

1092 1100 1094 1115 ³
1120 1113 1252 1138 mentes
1278 1106 1313 1137 in
1334 1103 1399 1138 hac
1422 1105 1581 1137 doctriua
1609 1104 1650 1135 de
1668 1102 1918 1135 traditionibus
1936 1101 2110 1145 humanis,

1121 1169 1210 1201 quae
1244 1157 1281 1188 in
1308 1155 1474 1189 Ecclesiis
1500 1155 1628 1187 nostris
1660 1154 1817 1186 restituta
1849 1161 1899 1186 est
1925 1154 2109 1195 divinitus,

1119 1209 1213 1251 quod
1242 1208 1404 1240 videlicet
1430 1219 1547 1239 earum
1576 1205 1772 1238 observatio
1800 1216 1871 1236 non
1898 1205 1941 1238 sit
1960 1205 2108 1244 iusticia,

1970 1255 2107 1300 Loqui-

1090 1315 1092 1339 ?
1118 1317 1175 1342 tur
1191 1310 1284 1341 enim
1306 1308 1436 1341 Paulus
1459 1320 1530 1341 non
1557 1307 1670 1340 solum
1702 1307 1744 1338 de
1764 1305 1928 1338 Mosaicis
1953 1318 2106 1340 ceremo-

1116 1360 1203 1399 niis,
1229 1361 1287 1392 sed
1314 1360 1350 1391 in
1378 1371 1502 1402 genere
1527 1360 1570 1390 de
1595 1357 1782 1396 omnibns,
1812 1358 1854 1388 de
1881 1355 2047 1389 Mosaicis
2073 1364 2105 1392 et

1116 1412 1158 1443 de
1183 1410 1384 1452 excogitatis
1409 1410 1452 1442 ab
1470 1408 1654 1452 Episcopis
1677 1413 1708 1440 et
1731 1408 1774 1439 ab
1796 1407 1873 1439 aliis
1891 1404 2107 1450 hominibus,

1115 1462 1203 1494 sicut
1230 1462 1363 1494 dictum
1379 1459 1511 1494 Christi
1539 1458 1699 1502 generale
1724 1464 1788 1490 est:
1818 1456 1961 1491 Frustra
1986 1459 2107 1494 colunt

1114 1525 1168 1545 me
1186 1512 1362 1544 mandatis
1382 1509 1578 1543 homiuum.
1633 1507 1677 1541 Et
1698 1508 1787 1540 iufra
1807 1508 2105 1553 Paulusexpresse

1114 1562 1381 1606 comprehendit
1406 1562 1441 1594 in
1467 1559 1531 1593 hac
1558 1560 1674 1602 regula
1701 1560 1864 1592 mandata
1886 1567 1918 1593 et
1941 1561 2104 1595 traditio-

1114 1625 1174 1645 nes
1205 1611 1406 1645 homiuum:
1442 1612 1553 1645 Nemo
1579 1622 1640 1642 vos
1669 1611 1817 1650 iudicet,
1854 1611 1887 1643 id
1914 1617 1983 1651 est,
2019 1624 2104 1645 con-

1084 1667 1252 1697 2derunet
1287 1671 1430 1707 propter
1460 1662 1684 1695 omissionem
1715 1661 1839 1695 talium
1877 1662 2029 1703 rituum,
2064 1663 2103 1696 in

1084 1729 1085 1734 ¹
1112 1715 1216 1753 cibis,
1247 1722 1349 1759 potu,
1380 1721 1475 1756 parte
1505 1713 1573 1746 diei
1602 1712 1697 1750 sesti,
1726 1713 1759 1743 id
1785 1719 1854 1751 est,
1891 1712 2028 1745 vicibus
2051 1713 2103 1746 fe-

1083 1772 1263 1806 'storum‚
1303 1773 1341 1799 ut
1377 1765 1512 1799 Graeca
1549 1761 1684 1810 phrasis
1720 1763 1760 1797 ἐν
1791 1761 1891 1809 μέρει
1928 1763 2099 1807 significat

1135 1829 1171 1850 er
1196 1829 1299 1851 vices,

1110 1830 1130 1862 p
1212 1867 1407 1912 Repetatur
1431 1874 1545 1901 autem
1568 1864 1625 1900 hic
1652 1873 1722 1899 tota
1749 1865 1909 1899 doctrina
1928 1866 1971 1898 de
1989 1866 2100 1900 tradi-

1109 1919 1268 1952 tionibus
1292 1917 1479 1958 humanis,
1509 1918 1597 1951 sicut
1624 1918 1660 1949 in
1685 1917 1812 1949 nostris
1836 1914 2002 1950 Ecclesiis
2027 1925 2099 1951 tra-

1108 1970 1222 2013 ditur,
1252 1978 1282 2003 et
1302 1971 1473 2013 cogitetur
1488 1969 1603 2014 qualis
1619 1969 1769 2001 coecitas
1785 1967 1910 2008 suerit,
1938 1980 2016 2001 curn
2034 1969 2100 2002 ob-

1079 2042 1080 2049 1
1108 2022 1257 2055 servatio
1283 2019 1520 2055 humanarum
1555 2019 1788 2053 traditionum
1815 2025 1997 2062 putaretur
2026 2031 2098 2053 esse

1108 2073 1222 2106 cultus
1238 2072 1323 2112 Dei,
1351 2080 1382 2106 et
1408 2072 1549 2117 quidem
1576 2070 1809 2107 necessarius,
1838 2076 1870 2103 et
1888 2070 2000 2114 qualis
2021 2083 2096 2103 car·

1107 2124 1247 2156 nificina
1280 2124 1386 2157 fuerit
1416 2123 1557 2167 opinio,
1593 2133 1681 2166 quae
1713 2121 1865 2164 fingebat
1890 2121 2096 2155 omissiones

1107 2175 1229 2208 talium
1249 2176 1382 2208 rituum
1406 2186 1478 2207 esse
1505 2180 1652 2217 peccata.

1206 2225 1338 2260 Extant
1361 2226 1444 2259 libri
1470 2224 1662 2264 Gersonis,
1698 2223 1735 2256 in
1761 2223 1890 2268 quibus
1914 2223 2096 2268 quaeritur

1107 2273 1294 2317 ἐπιείκεια,
1326 2284 1357 2310 et
1385 2277 1604 2320 disputatur,
1639 2275 1725 2307 alias
1751 2275 1958 2307 traditiones
1988 2274 2095 2308 factas

1107 2340 1178 2361 esse
1195 2328 1408 2362 necessitatis
1427 2339 1547 2367 causa,
1576 2326 1660 2358 alias
1684 2326 1790 2358 factas
1809 2332 1956 2358 ornatus
1980 2337 2094 2366 causa,

1105 2386 1327 2423 quaeruntur
1351 2386 1385 2413 et
1409 2379 1475 2411 alia
1502 2374 1601 2423 σοφὰ
1628 2374 1830 2422 φάρμακα,
1857 2383 1898 2409 ut
1915 2376 2094 2418 mitigetur

1104 2432 1188 2464 falsa
1216 2430 1446 2463 exacerbatio,
1519 2428 1586 2462 Sed
1622 2435 1660 2461 ut
1686 2427 1891 2460 Alexander
1916 2425 2093 2461 Gordium

1105 2483 1238 2516 nodum
1262 2494 1335 2515 non
1360 2482 1463 2523 longa
1490 2479 1717 2513 extricatione
1740 2478 1864 2519 solvit,
1892 2479 1952 2511 sed
1977 2478 2092 2511 subito

1102 2533 1267 2567 dissecuit
1290 2533 1425 2575 gladio,
1451 2532 1498 2564 ita
1523 2528 1606 2562 haec
1624 2528 1725 2562 Pauli
1748 2529 1866 2572 regula
1891 2528 2095 2562 brevissime

1101 2585 1220 2618 omnia
1239 2584 1298 2617 illa
1325 2583 1465 2615 vincula
1490 2580 1783 2613 conscientiarum
1810 2580 1921 2619 tollit,
1945 2591 2023 2612 cum
2040 2579 2092 2611 af·-

1099 2637 1234 2676 firmat,
1278 2647 1341 2667 nec
1375 2632 1654 2666 observationem
1692 2631 1864 2664 iusticiam
1899 2641 1988 2669 esse,
2025 2641 2093 2663 nec

1098 2687 1325 2722 omissionem
1346 2691 1536 2730 peccatum.
