2415 2942
19 2335 26 2357 ‚⁴
15 2275 26 2307 ns
13 2036 33 2250 -—·--·'·-·‘·
12 1931 25 1998 ·„''

95 94 194 133 1245
324 93 425 132 XIII·
478 91 513 129 5.
550 91 850 131 ENARRATIO
875 92 1029 135 EPIST‘
1054 92 1204 134 PAULI
1232 91 1298 132 AD
1326 91 1684 131 COLOSSENSES.
1737 93 1838 133 CAP.
1868 94 1895 131 I.
2035 98 2131 132 1246

92 196 192 224 mus,
232 182 363 217 scilicet
390 182 469 217 fide.
525 180 729 226 Exponitur
752 187 869 216 autem
892 179 978 216 haec
1008 182 1081 226 ipsa
1236 180 1289 216 Ac
1313 182 1428 215 dicere
1449 179 1631 216 Christum
1654 194 1717 226 per
1738 183 1900 216 accidens
1925 181 2123 226 iustificare,

91 234 252 268 doctrina
283 234 460 278 copiosius
494 233 597 267 Pauli
621 233 738 267 verbis
778 233 816 266 iu
845 232 1006 278 Epistola
1037 234 1081 267 ad

91 285 296 326 Romanos,
325 285 386 318 ubi
412 283 578 319 antithesi
603 284 817 318 illustratur:
844 282 898 317 Ex
916 285 1081 329 operibus

91 337 178 379 legis
193 348 266 369 non
285 337 531 370 iustificabitur
550 335 666 368 omnis
681 347 776 368 caro.
828 334 932 369 Item:
961 335 1007 370 Ut
1026 342 1080 369 to-

90 394 147 421 tus
171 388 327 420 mundus
352 387 396 420 sit
419 399 499 420 reus
520 385 613 427 Deo,
640 385 710 420 Sed
733 386 801 419 fide
823 386 998 420 iustificati
1018 398 1079 430 pa-

90 450 164 472 cem
189 436 372 472 habemus.
426 437 523 471 Haec
552 433 736 471 antithesis
771 447 908 481 semper
931 437 969 470 in
993 449 1077 471 con-

90 496 210 533 spectu
237 489 292 522 sit.
346 487 388 522 In
411 501 494 522 vero
517 499 627 531 agone
649 494 683 521 et
707 487 840 521 iudicio
865 487 931 521 Dei
957 500 1077 522 omnes

90 537 252 572 homines
271 539 307 572 in
326 536 391 574 hac
408 541 596 583 depravata
619 545 746 572 natura
770 545 962 581 agnoscant
986 536 1077 572 hanc

90 591 313 624 concionem:
354 590 432 624 Non
464 590 573 622 intres
600 589 638 621 in
672 588 844 623 iudicium
871 602 949 623 cum
976 601 1076 623 servo

89 648 169 682 tuo,
196 641 279 686 quia
302 653 375 674 non
393 640 642 675 iustificabitur
661 640 699 673 in
716 647 904 684 conspectu
921 647 981 674 tuo
999 653 1075 674 om-

87 692 144 725 nis
162 692 293 725 vivens.
346 690 432 725 Item
452 691 526 726 lob.
546 691 624 725 19.:
655 690 766 732 Vere,
794 692 864 724 scio
888 693 983 736 quod
1003 703 1075 725 non

88 743 132 776 sit
157 739 265 775 homo
290 743 401 776 Iustus
423 755 540 776 coram
563 740 651 777 Deo.
703 740 750 776 Et
767 748 908 776 econtra
937 743 1074 776 intuea-

87 806 169 827 mur
192 791 282 827 hanc
306 806 425 827 veram
444 793 743 834 consolationem,
783 794 879 838 quod
903 793 1073 827 immensa

87 845 262 888 sapientia
293 852 326 879 et
349 845 505 878 bonitate
521 843 617 877 Deus
639 843 774 878 miserit
792 844 924 885 filium,
952 851 984 878 et
1010 857 1072 878 vo-

86 895 192 929 luerit
215 908 293 928 eum
319 896 395 928 fieri
415 895 611 935 victimam,
643 901 676 928 et
692 895 776 929 velit
793 895 842 928 sic
866 902 898 929 et
917 907 989 928 non
1006 895 1071 928 ali-

86 953 140 979 ter
157 946 333 979 remittere
349 953 486 990 peccata
499 970 508 984 ‚
537 952 570 979 et
587 946 769 979 restituere
786 946 823 978 in
848 947 951 980 nobis
969 947 1070 980 iusti-

86 997 176 1030 ciam
202 1005 235 1031 et
258 997 384 1038 vitam,
416 1005 448 1030 et
474 997 650 1029 vivificare
678 994 840 1030 homines
862 997 949 1037 fide,
991 1009 1070 1031 cum

85 1049 235 1081 credunt
250 1059 285 1080 se
302 1054 446 1092 propter
462 1048 573 1080 filium
592 1047 820 1081 mediatorem
838 1048 943 1091 gratis
961 1048 1070 1092 recipi

84 1105 117 1132 et
133 1099 330 1138 iustificari,
355 1111 427 1132 non
447 1105 590 1142 propter
606 1098 696 1131 ullas
718 1105 857 1132 nostras
875 1099 1020 1132 virtutes
1037 1105 1070 1132 et

82 1161 208 1194 opera,
232 1150 319 1184 sicut
338 1148 421 1184 haec
440 1149 571 1183 Paulus
597 1149 635 1182 in
650 1147 812 1194 Epistola
826 1150 870 1184 ad
885 1149 1069 1185 Romanos

82 1200 255 1245 prolixius
280 1202 397 1235 tradit.

186 1251 238 1285 Ac
269 1252 440 1295 significat
462 1250 567 1284 Fides
596 1263 670 1284 non
695 1251 862 1285 noticiam
887 1249 1069 1293 historiae,

83 1303 198 1349 qualis
220 1309 252 1336 et
277 1304 313 1336 in
337 1303 488 1336 diabolis
512 1309 581 1344 est,
608 1304 669 1335 sed
694 1314 871 1336 assensum
898 1315 968 1348 quo
993 1315 1069 1336 am-

81 1354 269 1399 plectimur
287 1354 566 1398 promissionem.
614 1352 746 1387 Paulus
761 1354 968 1387 correlative
984 1366 1068 1387 con-

82 1406 192 1438 nectit
211 1405 314 1438 fidem
339 1412 372 1439 et
389 1405 656 1448 promissionem
673 1403 778 1438 Rom.
796 1404 851 1445 4.‚
879 1412 910 1438 et
928 1411 1068 1438 enarrat

82 1456 295 1489 vocabulum
317 1453 446 1500 Ephes.
473 1456 523 1490 3.:
557 1455 626 1489 Per
648 1467 751 1500 quem
779 1457 949 1489 audemus
972 1468 1068 1489 acce-

83 1508 166 1541 dere
189 1507 225 1539 in
248 1507 397 1548 fiducia,
439 1519 528 1552 quae
553 1513 604 1540 est
629 1518 690 1550 per
715 1507 819 1539 fidem
848 1508 970 1551 ipsius,
1023 1507 1068 1541 Et

81 1559 186 1591 fidem
221 1566 384 1602 oportere
420 1558 570 1600 intelligi
604 1557 769 1590 fiduciam
807 1558 1068 1591 misericordiae

83 1615 227 1652 propter
249 1607 430 1642 Christum
455 1608 665 1651 promissae,
698 1608 850 1642 ostendit
874 1608 946 1652 ipsa
975 1609 1067 1642 anti-

81 1657 210 1700 thesis,
238 1671 317 1692 cum
334 1659 564 1692 certissimum
586 1658 630 1692 sit
647 1656 808 1691 homines
825 1666 966 1702 propter
984 1672 1066 1703 pro-

82 1710 176 1754 prias
196 1711 342 1743 virtutes
360 1717 391 1743 et
409 1721 515 1752 opera
537 1721 610 1742 non
634 1721 705 1742 esse
722 1709 830 1742 iustos
848 1722 964 1742 coram
980 1709 1067 1752 Deo,

82 1762 141 1794 sed
169 1773 231 1804 per
252 1761 545 1801 misericordiam,
572 1767 610 1794 ut
639 1759 798 1792 Psalmns
821 1761 956 1806 inquit:
986 1761 1065 1795 Sal-

82 1824 165 1845 vum
184 1825 239 1845 me
254 1813 306 1845 fac
318 1819 460 1856 propter
471 1811 747 1844 misericordiam
765 1817 878 1845 tuam:
897 1811 1066 1858 Sequitur

81 1863 296 1902 necessario,
324 1864 428 1896 fidem
447 1862 711 1906 intelligendam
729 1873 800 1895 esse
819 1863 980 1898 fiduciam
997 1866 1065 1899 mi-

81 1914 293 1948 sericordiae
318 1922 460 1958 propter
488 1914 598 1947 filium
623 1913 824 1957 promissae.
879 1915 971 1958 Quia
997 1918 1065 1950 mi-

82 1966 271 1999 sericordia
296 1966 396 1999 aliter
414 1962 630 2009 apprehendi
653 1976 724 1997 non
743 1971 874 2008 potest,
900 1967 969 2000 nisi
985 1969 1063 2008 fide,

82 2023 117 2050 et
141 2017 332 2051 asseverari
358 2018 401 2050 de
432 2016 671 2050 misericordia
701 2014 793 2049 nihil
822 2025 957 2062 posset,
995 2021 1062 2053 nisi

81 2069 268 2112 pron-›issio
290 2069 381 2102 edita
407 2075 513 2108 esset,
548 2068 641 2113 quod
667 2067 760 2100 filius
783 2070 888 2102 nobis
912 2071 1064 2105 donatus

81 2126 151 2159 est,
178 2120 266 2152 sicut
281 2118 412 2152 Paulus
429 2119 560 2163 inquit:
587 2119 716 2152 Sumus
732 2119 849 2153 dilecti
868 2122 903 2154 in
923 2122 1062 2159 dilecto.

82 2168 132 2203 Ita
153 2183 191 2202 ex
211 2171 282 2214 ipsa
302 2168 465 2204 antithesi
489 2170 685 2202 firmissime
707 2172 924 2211 ostenditur,
960 2174 1062 2206 fidem

81 2220 348 2265 intelligendam
370 2233 441 2254 esse
456 2220 620 2254 fiduciam
642 2221 903 2256 misericordiae
919 2232 1064 2268 propter

33 2281 35 2304 ε
80 2272 192 2305 filium
210 2272 417 2316 promissae,
443 2279 475 2305 et
495 2272 540 2306 ita
557 2271 822 2316 complectimur
840 2287 960 2308 omnes
977 2276 1064 2309 arti-

81 2324 179 2356 culos
203 2324 283 2357 fidei
306 2336 366 2357 sen
391 2323 555 2369 symboli.

182 2375 234 2408 Ac
259 2375 369 2408 sciant
393 2375 548 2407 iuniores
572 2373 665 2407 idem
692 2373 879 2417 significari
903 2372 957 2408 his
981 2388 1062 2419 pro·

38 2446 39 2460 ι
80 2425 334 2470 positionibus:
370 2426 458 2459 Fide
478 2425 728 2465 iustificamur‚
759 2432 808 2466 et,
835 2425 903 2458 Per
926 2427 1062 2460 miseri-

38 2475 39 2485 *
82 2477 237 2509 cordiam
273 2485 417 2521 propter
449 2477 561 2509 filium
584 2476 793 2520 promissum
822 2477 1061 2514 iustificamur.

28 2524 41 2569 ⁴1}
80 2527 171 2561 Sunt
197 2529 290 2560 enim
315 2528 541 2569 coi-relativae
561 2527 838 2571 propositiones,
873 2535 905 2562 et
928 2530 1062 2563 utrius—

80 2590 148 2623 que
173 2580 423 2623 propositionis
449 2578 576 2612 veritas
608 2579 750 2611 immota
775 2586 843 2617 est,
885 2587 922 2613 ut
946 2581 1061 2613 nomi-

79 2637 210 2663 nantur
236 2630 495 2674 propositiones
530 2641 633 2663 verae
655 2641 717 2674 per
740 2641 795 2668 se,
825 2641 897 2664 non
922 2643 983 2675 per
1006 2645 1061 2665 ac-

41 2691 44 2714 s
77 2680 208 2715 cidens.

1135 234 1327 267 execranda
1348 240 1399 266 est
1424 231 1652 277 blasphemia.
1707 233 1795 268 Cum
1821 241 1936 267 autem
1961 235 2122 278 proposi-

1133 285 1194 325 tio,
1222 283 1309 317 Fide
1326 284 1566 325 iustificamur,
1594 291 1685 318 recte
1703 284 1925 328 intelligitur,
1953 286 2054 318 facile
2071 293 2121 320 est

1133 333 1382 369 Osiandricam
1406 335 1693 377 imaginationem
1711 336 1875 371 refutare.
1929 335 2018 369 Cum
2038 337 2120 369 uni—

1132 397 1229 419 versa
1261 386 1432 428 scriptura
1467 387 1587 419 doceat
1619 386 1656 418 in
1685 386 1816 419 iudicio
1840 385 1906 420 Dei
1938 384 2118 420 hominem

1132 449 1194 482 per
1217 436 1494 469 misericordiam
1520 435 1594 469 ficri
1620 437 1771 477 iustum,
1797 435 1864 470 hoc
1879 445 1948 478 est,
1977 438 2119 481 placen-

1130 496 1199 522 tem
1224 494 1256 521 et
1282 494 1460 529 acceptum
1494 487 1592 527 Deo,
1632 488 1855 521 manifestum
1889 496 1939 522 est
1973 489 2118 522 alteram

1130 538 1406 583 propositionem
1433 537 1632 571 dissentire:
1670 537 1786 572 Homo
1811 546 1860 572 est
1878 539 2006 579 iustus,
2033 540 2116 585 quia

1128 589 1226 623 Deus
1244 596 1360 622 movet
1376 601 1455 622 eum
1474 590 1514 620 ad
1537 588 1625 621 iusta
1647 589 1817 629 facienda,
1833 590 1920 623 sicut
1938 589 2117 624 Osiander

1128 641 1329 680 contendit,
1357 646 1389 673 et
1412 639 1533 672 definit
1556 639 1745 672 iusticiam:
1784 639 1925 674 Iusticia
1951 648 1999 674 est
2028 654 2117 686 quae

1128 699 1246 725 movet
1271 689 1433 724 homines
1453 691 1496 723 ad
1523 690 1612 723 iusta
1635 690 1849 724 faciendum.

1227 741 1304 776 Etsi
1324 748 1439 775 autem
1458 753 1579 773 verum
1597 747 1661 781 est,
1681 753 1759 775 cum
1778 741 1846 774 fide
1866 741 2033 785 recipitur
2051 741 2116 776 ho·-

1126 805 1201 834 mo,
1231 791 1298 826 hoc
1322 800 1388 833 est,
1415 792 1542 826 fiducia
1565 792 1845 833 misericordiae,
1873 793 1978 826 simul
1999 792 2114 827 Deum

1126 845 1298 878 efficacem
1329 855 1401 877 esse
1432 843 1469 875 in
1504 843 1692 876 credente:
1734 850 1850 877 tamen
1878 843 1938 876 illa
1967 856 2115 889 sequens

1126 896 1264 929 novitas
1282 907 1354 928 non
1374 901 1423 927 est
1443 894 1499 934 id,
1527 901 1670 938 propter
1689 895 1782 939 quod
1807 906 1955 938 persona
1974 902 2113 939 accepta

1125 953 1192 985 est,
1218 947 1277 979 sed
1302 957 1438 989 semper
1462 952 1599 989 oportet
1619 946 1820 990 praelucere
1846 946 1970 986 fidem,
1998 946 2032 978 id
2053 954 2113 986 est,

1123 997 1286 1030 fiduciam
1318 996 1599 1036 misericordiae,
1642 996 1736 1030 iuxta
1772 996 1882 1030 dicta:
1930 995 2112 1032 Iustificati

1122 1048 1189 1081 fide
1212 1060 1330 1093 pacem
1353 1045 1534 1081 habemus.

1121 1130 1180 1168 Ne
1200 1130 1464 1167 dimoveamini
1479 1145 1501 1165 (ι
1519 1144 1580 1180 spe
1600 1130 1809 1178 Evangelii
1821 1138 1879 1168 etc.
1891 1161 1899 1175 ‚
1928 1132 2030 1166 cuius
2048 1144 2112 1179 ego

1356 1181 1500 1217 Paulus
1527 1196 1607 1217 sum
1630 1184 1799 1217 minister
1818 1189 1879 1220 etc.

1224 1253 1335 1297 Saepe
1353 1254 1476 1297 repetit
1495 1254 1708 1286 mentionem
1729 1254 1936 1294 ministerii,
1965 1260 2002 1287 ut
2021 1254 2108 1286 scia—

1122 1315 1200 1337 mus
1227 1305 1305 1337 voci
1331 1305 1405 1337 eius
1438 1305 1653 1337 credendum
1689 1316 1781 1343 esse,
1825 1305 1914 1338 sicut
1940 1305 2016 1337 voci
2043 1304 2106 1337 Dei

1122 1356 1165 1388 de
1191 1355 1289 1388 coelo
1313 1355 1471 1394 sonanti,
1506 1355 1593 1388 sicut
1624 1355 1740 1387 Moses
1765 1362 1797 1388 et
1822 1353 2021 1398 Prophetae
2051 1356 2107 1387 di-

1121 1413 1228 1439 cunt:
1271 1405 1366 1438 Haec
1398 1406 1536 1439 locutus
1559 1412 1609 1439 est
1632 1405 1819 1440 Dominus.
1882 1405 2028 1439 Necesse
2059 1414 2108 1440 est

1121 1457 1215 1490 enim
1249 1455 1440 1489 Ecclesiam
1474 1463 1601 1489 certam
1634 1469 1730 1499 esse,
1773 1458 1868 1490 unde
1899 1464 2035 1500 accepta
2063 1458 2107 1490 sit

1121 1508 1297 1547 doctrina,
1338 1519 1441 1552 quam
1469 1507 1631 1550 Apostoli
1661 1507 1931 1547 circumferunt,
1968 1516 1998 1540 et
2026 1508 2105 1540 sciri

1121 1569 1260 1591 necesse
1284 1566 1352 1600 est,
1396 1558 1499 1590 aliam
1525 1569 1595 1590 esse
1627 1558 1823 1591 doctrinam
1854 1559 1956 1600 legis,
1999 1559 2103 1591 aliam

1120 1607 1324 1650 Evangelii,
1362 1610 1457 1654 qnod
1481 1609 1711 1642 concionatur
1734 1611 1777 1641 de
1801 1609 2106 1653 promissionibus,

1121 1672 1210 1705 quae
1247 1667 1327 1692 sunt
1365 1666 1458 1692 extra
1492 1667 1524 1693 et
1557 1671 1660 1703 supra
1697 1661 1914 1694 intellectum
1944 1661 2105 1693 omniurn

1120 1717 1378 1751 creaturarum,
1404 1718 1436 1744 et
1462 1718 1542 1744 sunt
1567 1723 1606 1744 ex
1634 1711 1712 1744 sinu
1738 1713 1868 1744 aeterni
1890 1711 1994 1755 patris
2023 1724 2103 1755 pro-

1120 1763 1208 1795 latae
1244 1774 1306 1805 per
1339 1763 1462 1797 filium.
1516 1759 1561 1794 Et
1591 1762 1737 1795 tradidit
1772 1761 1866 1795 Deus
1902 1762 2102 1795 testimonia

1119 1811 1303 1856 Evangelii
1329 1813 1495 1846 omnihus
1521 1814 1737 1856 temporibus
1764 1814 1846 1845 inde
1865 1825 1975 1858 nsque
1994 1826 2011 1846 a
2030 1814 2103 1857 pri-

1118 1876 1173 1897 ma
1197 1865 1420 1897 revelatione.
1474 1863 1568 1897 Haec
1586 1864 1703 1897 omnia
1728 1865 1982 1897 consideranda
2008 1871 2100 1905 sunt,

1119 1916 1260 1960 quando
1299 1915 1485 1949 ministerii
1519 1915 1573 1948 sui
1603 1915 1810 1958 dignitatem
1844 1915 1974 1949 Paulus
2007 1928 2102 1948 corn-

1117 1973 1300 2002 memorat.

1117 2047 1273 2085 Gaudeo
1299 2049 1336 2082 in
1361 2048 1633 2097 afflictionibus
1652 2049 1759 2089 τηθίς,
1798 2055 1828 2082 et
1851 2050 1982 2098 impleo
2005 2050 2104 2099 qnod

1284 2099 1376 2134 deest
1401 2100 1673 2149 afflictionibus
1699 2096 1846 2134 Christi
1871 2107 1929 2135 esc.

1219 2167 1427 2202 Offenditur
1456 2177 1570 2201 autc-tn
1599 2169 1689 2201 ratio
1724 2169 1834 2212 specie
1863 2170 1986 2202 Crucis
2010 2178 2040 2203 ct
2065 2171 2100 2203 in

1116 2221 1323 2253 docentibus
1350 2227 1382 2253 et
1408 2220 1442 2252 in
1469 2227 1540 2253 tota
1573 2217 1738 2252 Ecclesia.
1803 2219 1884 2252 Ideo
1919 2222 2101 2255 confirmat

1115 2271 1305 2304 Ecclesiam
1330 2272 1507 2303 mentione
1537 2270 1767 2303 afflictionum
1796 2283 1957 2311 suarum,

1117 2323 1224 2356 dicat:
1259 2320 1407 2355 Etiamsi
1428 2334 1549 2355 snmus
1571 2322 1714 2353 subiecti
1743 2322 1835 2353 cruci
1858 2335 1921 2355 nos
1938 2323 2098 2365 Apostoli

1116 2380 1149 2407 et
1165 2371 1332 2412 Ecclesia,
1349 2380 1465 2406 tamen
1482 2373 1603 2405 scitote
1620 2384 1735 2404 veram
1754 2385 1872 2404 vocem
1892 2385 1964 2406 esse
1981 2372 2100 2406 Evan-

1115 2425 1213 2468 gelii,
1243 2432 1274 2457 et
1294 2437 1373 2457 vere
1393 2425 1440 2457 sic
1457 2423 1571 2466 colligi
1594 2420 1804 2461 Ecclesiam,
1834 2430 1867 2456 et
1890 2436 1963 2457 earn
1989 2436 2100 2469 usqne

1115 2478 1157 2508 ad
1176 2475 1406 2508 novissimum
1426 2474 1594 2506 iudicium
1614 2474 1705 2505 inter
1725 2474 1869 2517 imperiti
1891 2476 2014 2507 mnudi
2034 2477 2100 2507 snb

1116 2539 1215 2560 cruce
1249 2527 1402 2558 futuram
1437 2538 1536 2564 esse,
1585 2532 1617 2557 et
1648 2531 1766 2557 tamen
1799 2526 2008 2558 mirabiliter
2039 2538 2099 2569 per

1115 2578 1226 2610 filium
1250 2576 1313 2610 Dei
1342 2577 1559 2615 conservari,
1587 2575 1680 2608 iuxta
1704 2576 1812 2609 dicta:
1845 2575 1915 2618 Qui
1942 2577 2014 2609 vult
2043 2588 2098 2609 me

1115 2629 1225 2673 sequi,
1253 2628 1351 2661 tollat
1370 2639 1505 2660 crucem
1522 2638 1629 2665 suam,
1646 2633 1677 2658 et
1693 2633 1858 2670 sequatur
1876 2639 1938 2661 ine.
1996 2626 2097 2660 Item:

1117 2677 1253 2713 Omnes
1279 2678 1338 2724 qui
1366 2679 1422 2722 pie
1447 2678 1564 2711 vivere
1586 2677 1705 2710 volent
1729 2678 1764 2710 in
1791 2675 1951 2719 Christo,
1979 2689 2101 2722 perse-

2001 2273 2099 2316 qnasi
