2415 2942
292 101 384 138 1195

392 185 491 220 llttnc
522 185 661 216 brevem
696 180 934 214 recitationem
960 180 1100 219 addidi,
1136 180 1171 211 iu
1199 190 1266 223 qua
1295 181 1300 191 ⁹

293 238 474 282 praecipua
494 235 616 268 itinera
633 239 865 265 recensentur.
918 229 1005 263 Nam
1029 231 1147 263 omnia
1174 235 1268 262 certo
1297 276 1299 279 v

293 291 327 321 in
345 287 499 329 singulos
515 295 625 318 annos
644 282 806 315 distribui
828 293 897 313 non
924 288 1081 323 possunt.
1136 278 1187 313 Ac
1209 280 1270 311 ad-

293 346 386 382 paret
409 336 508 369 annis
526 333 777 379 posterioribus
792 330 932 365 Claudii
950 342 989 363 ac
1014 331 1141 363 deinde
1159 329 1272 362 Nero-

294 390 346 422 nis
369 395 524 430 tempore
547 396 646 427 saepe
671 384 790 416 eadem
818 380 922 414 Asiae
948 387 980 414 et
1006 380 1173 414 Graeciae
1198 380 1272 412 loca

296 444 517 483 pervagatum
533 447 614 468 esse.

399 504 566 536 Videmus
597 507 713 534 autem
746 499 782 532 in
817 499 933 543 priore
957 497 1116 543 Epistola
1149 497 1276 530 multas

296 556 458 590 materias
474 552 692 596 complexum
710 561 800 590 esse,
828 550 908 595 quia
935 550 981 583 ita
1010 550 1063 589 fit,
1087 548 1275 582 constituta

298 605 473 644 Ecclesia,
500 614 572 635 non
601 602 767 634 diuturna
794 600 1030 644 tranquillitas
1055 605 1189 637 manet,
1217 598 1276 630 sed

297 657 428 690 diaboli
456 653 594 687 insidiis
617 659 649 685 et
674 651 827 684 vanitate
854 651 1077 692 ingeniorum
1104 649 1277 682 turbatur.

299 707 347 742 lta
368 718 445 740 cum
467 700 630 738 Corinthi
657 708 731 734 orta
759 707 871 733 esseut
899 700 1063 737 dissidii,
1093 706 1124 732 et
1151 699 1279 731 multae

298 757 519 803 quaestiones
537 759 667 791 motae,
696 753 737 783 de
756 750 937 793 coniugio,
963 752 1005 783 de
1025 762 1089 782 usu
1110 749 1280 783 libertatis

299 807 541 847 evangelicae,
573 805 615 835 de
641 801 894 835 consuetudine
918 813 994 833 cum
1028 812 1196 840 noverca,
1239 800 1281 832 de

299 857 470 892 conviviis
488 855 578 897 apud
603 853 732 885 amicos
750 852 934 884 redeuntes
956 864 994 883 ex
1017 851 1212 889 sacrificiis,
1239 851 1282 883 de

302 907 555 942 resurrectione
574 910 605 936 et
623 903 728 942 aliae,
748 901 879 934 Paulus
903 902 1054 943 graviter
1071 903 1110 933 ad
1130 901 1283 943 singulas

301 958 520 1004 quaestiones
539 954 729 998 respondit,
745 960 777 986 et
795 952 946 985 ostendit
967 964 1001 983 se
1022 964 1146 993 magno
1162 952 1284 984 dolore

302 1010 388 1043 affici
410 1013 550 1051 propter
574 1004 747 1037 scandala.
807 1003 893 1036 Cum
912 1003 1018 1045 igitur
1036 1000 1210 1036 Corintbii
1231 1014 1284 1034 re-

303 1060 534 1103 sponderent,
569 1062 600 1088 et
631 1055 728 1096 signa
760 1053 1015 1086 emendationis
1050 1054 1287 1092 ostenderent,

304 1110 432 1144 Paulus
449 1119 541 1140 nunc
562 1106 749 1148 respondet
768 1104 899 1141 lenius,
927 1116 965 1136 ac
981 1104 1132 1147 primum
1151 1109 1288 1135 excusat

303 1174 356 1201 se,
390 1160 483 1204 quod
512 1168 604 1190 nunc
630 1168 701 1188 non
729 1156 867 1187 accedat
891 1155 933 1186 ad
958 1166 1034 1195 cos,
1065 1155 1228 1198 inquiens
1255 1165 1289 1186 se

304 1219 491 1244 venturum
511 1219 582 1241 esse
599 1213 754 1250 tempore
773 1205 888 1238 minus
906 1205 1005 1239 tristi.

410 1275 450 1308 In
476 1274 627 1307 secundo
654 1272 764 1315 capite
791 1271 886 1303 iubet
913 1270 1019 1313 recipi
1044 1270 1200 1314 lapsum,
1229 1270 1290 1314 qui

308 1325 598 1361 consuetudinem
616 1321 785 1355 habuerat
803 1334 880 1354 cum
902 1333 1062 1354 noverca.
1118 1320 1155 1353 ld
1176 1333 1291 1354 exem-

310 1379 407 1423 plum
434 1375 691 1408 observandum
721 1379 769 1405 est
796 1378 916 1404 contra
943 1370 1176 1410 Novatiauos,
1211 1372 1292 1414 quia

309 1428 490 1462 manifeste
521 1427 621 1457 docet
648 1425 762 1466 lapsos
786 1434 803 1454 a
832 1428 970 1465 peccato
1002 1422 1235 1454 absolvendos
1261 1428 1293 1454 et

311 1478 529 1522 recipiendos
547 1486 631 1507 esse.

417 1535 455 1568 lu
484 1535 586 1567 tertio
619 1532 732 1578 capite
759 1529 971 1572 generaliter
998 1530 1226 1562 concionatur
1252 1530 1294 1561 de

311 1587 460 1621 efficacia
488 1583 673 1616 ministerii
705 1581 913 1622 evangelici,
955 1587 985 1613 et
1016 1582 1057 1613 de
1092 1580 1295 1612 discrimine

314 1639 396 1682 legis
415 1643 446 1669 et
469 1634 669 1677 Evangelii,
701 1632 793 1664 etde
811 1642 923 1665 cruce.

415 1694 509 1728 Ilaec
552 1690 837 1725 commemoratio
881 1689 1066 1733 praecipue
1106 1689 1297 1721 necessaria

313 1749 398 1788 suit,
443 1753 475 1779 ct
498 1755 633 1786 semper
667 1743 701 1774 in
729 1740 882 1774 Ecclesia
915 1740 1105 1772 necessaria
1135 1747 1196 1775 est.

315 1800 409 1833 enim
434 1797 517 1829 olim
542 1801 621 1827 ante
649 1794 836 1825 adventum
868 1790 1017 1823 Messiae
1042 1789 1159 1823 Iudaei
1186 1790 1299 1829 multi,

315 1851 375 1895 qui
400 1849 490 1880 inter
515 1852 632 1889 gentes
654 1844 828 1884 vixerant,
859 1849 896 1874 ut
919 1841 1044 1874 Daniel
1068 1848 1099 1874 ct
1126 1841 1204 1881 alii,
1232 1841 1297 1873 ad-

318 1903 504 1934 iunxerant
530 1896 595 1928 sibi
621 1895 814 1932 auditores,
843 1893 900 1923 alii
922 1899 1014 1924 recte
1039 1892 1212 1924 tradentes
1234 1892 1299 1923 do-

319 1952 467 1985 ctrinam
484 1949 526 1979 de
544 1945 690 1984 Messia,
719 1944 777 1976 alii
800 1950 933 1976 tantum
959 1943 1001 1974 de
1027 1949 1166 1974 externa
1194 1942 1300 1974 disci-

318 2003 413 2047 plina
431 1999 514 2041 legis
532 1996 795 2030 concionantes:
833 1994 878 2026 ita
898 1993 995 2025 Pauli
1022 1999 1177 2035 tempore
1199 1993 1299 2025 multi
1325 1988 1327 2019 ’ἱ

320 2051 440 2086 ludaei
474 2046 587 2081 adbuc
621 2047 712 2078 inter
748 2051 865 2085 gentes
903 2044 1078 2076 auditores
1115 2041 1302 2083 habebant,

321 2114 408 2148 quos
440 2108 554 2134 tamen
581 2105 716 2129 tantum
750 2097 792 2126 de
828 2101 965 2126 externa
996 2094 1179 2136 disciplina
1219 2094 1328 2135 legis2

321 2153 502 2187 docebant.
556 2147 603 2181 Hi
622 2159 698 2179 cum
719 2146 879 2177 amlirent
907 2156 923 2176 a
947 2144 1043 2176 Pauli
1070 2145 1184 2176 doceri
1207 2143 1301 2177 Mes—

324 2206 407 2237 siam
419 2201 564 2239 venisse,
583 2205 613 2231 et
627 2197 781 2241 politiam
798 2195 970 2227 ludaicam
989 2195 1207 2227 interituram
1221 2206 1302 2235 esse,

324 2263 355 2288 et
384 2252 543 2286 homiues
566 2261 635 2281 non
662 2246 787 2279 mereri
815 2245 1054 2277 remissionem
1084 2248 1317 2288 peccatorum'

325 2307 420 2347 lege,
458 2315 527 2334 nou
557 2311 627 2331 esse
651 2299 758 2330 iustos
791 2297 873 2338 lege.
927 2295 1190 2328 Execrabantur
1215 2293 1305 2328 hanc

326 2366 450 2389 novam
478 2351 691 2388 doctrinam,
726 2354 936 2389 pugnantem
961 2358 1037 2377 cuin
1062 2346 1305 2387 opinionibus,

329 2416 414 2450 quas
431 2410 530 2435 antea
549 2401 763 2433 tradiderant
791 2398 872 2440 ipsi,
902 2409 978 2429 cum
1001 2397 1197 2428 docuissent
1218 2394 1306 2430 Eth-

329 2458 444 2492 nicos,
471 2459 656 2483 venturum
678 2448 862 2486 Messinm,
890 2448 948 2491 qui
970 2459 1040 2478 uno
1067 2447 1213 2488 imperio
1231 2459 1306 2479 om·-

863 95 985 129 PI‘IlL.
1016 93 1130 129 MEL.
1160 91 1366 128 SCRtPTA
1398 89 1698 127 EXEGETICA.

1251 1739 1325 1773 Ut*

329 2519 388 2539 nos
406 2510 522 2547 gentes
542 2502 574 2533 in
594 2508 665 2533 toto
682 2500 765 2531 orbe
784 2506 953 2530 terrarum
979 2497 1230 2529 coniuncturus
1255 2509 1308 2529 es-

329 2565 399 2596 set,
435 2561 466 2587 et
495 2553 727 2596 perfecturus,
771 2556 807 2581 ut
835 2550 955 2581 eodem
985 2548 1109 2584 modo,
1144 2548 1306 2581 videlicet
1332 2550 1335 2565 ¹

329 2610 401 2649 lege
425 2603 558 2639 NIorsi,
591 2612 709 2633 verum
730 2599 861 2637 Deum,
894 2599 998 2630 idolis
1022 2598 1180 2638 abolitis,
1207 2598 1308 2630 invo-

331 2663 459 2692 carent.
528 2651 684 2686 Eandem
717 2650 920 2692 opinionem
951 2648 1053 2681 multi
1085 2647 1308 2691 pseudoapo—

2197 92 2296 130 1196

1321 177 1401 212 stoli
1421 176 1685 211 confirmabant.
1734 174 1823 210 Cum
1843 184 1958 211 antem
1976 178 2107 212 Paulus
2124 177 2225 212 aliter
2239 180 2303 212 do-

1322 234 1429 267 ceret,
1460 226 1576 259 ludaei
1594 227 1719 270 passim
1738 228 1768 260 ei
1784 229 2067 268 adversabantur,
2095 237 2126 262 et
2142 241 2222 262 suos
2239 242 2301 262 au-

1323 280 1454 312 ditores
1476 284 1595 310 contra
1614 289 1691 309 eum
1709 278 1941 313 concitabant.
1994 278 2039 312 Et
2063 280 2192 323 alioqui
2213 278 2303 312 Eth-

1325 329 1394 361 nici
1416 327 1538 361 caeteri
1560 325 1797 361 adhorrebant
1821 339 1840 361 a
1861 340 1955 363 novo
1974 340 2097 372 genere
2114 330 2303 369 doctrinae,

1327 386 1358 412 et
1376 379 1542 411 nolebant
1565 378 1657 410 idola
1681 378 1800 412 taxari.

1429 427 1590 472 Opponit
1627 428 1731 471 igitur
1776 428 1994 462 clamoribus
2029 428 2239 463 ludaeorum
2274 437 2308 464 et

1329 478 1704 522 Pseudoapostolorum
1738 476 1828 512 banc
1862 479 2000 521 longam
2030 481 2232 513 concionem
2265 482 2308 514 de

1329 529 1532 562 discrimine
1557 529 1641 571 legis
1665 536 1697 562 et
1714 528 1916 571 Evangelii,
1945 536 1977 563 et
2003 531 2045 563 de
2067 530 2216 563 efficacia
2243 531 2310 564 mi-

1331 580 1466 612 nisterii
1486 579 1693 621 evangelici,
1717 586 1748 613 et
1769 582 1812 612 de
1830 591 1950 620 cruce,
1977 581 2073 624 quasi
2099 581 2205 614 dicat:
2234 579 2311 615 Etsi

1331 637 1429 663 antea
1450 629 1565 663 Iudaei
1587 642 1645 662 vos
1665 631 1857 663 docuerunt
1877 632 1919 663 de
1940 631 2024 673 lege,
2052 637 2085 664 et
2103 631 2195 664 idola
2211 633 2310 665 dam-

1333 688 1530 720 naverunt,
1564 687 1595 714 et
1620 687 1799 725 utcunque
1831 682 1873 713 de
1897 681 2082 725 disciplina
2110 682 2194 724 legis
2223 694 2307 715 con-

1333 731 1460 764 cionati
1486 737 1582 763 sunt:
1610 736 1725 763 tamen
1745 731 1973 773 Evangelium
1991 732 2057 765 alia
2076 733 2234 765 doctrina
2252 739 2313 772 est,

1335 781 1486 814 ostendit
1524 781 1649 813 donari
1684 782 1924 815 remissionem
1956 789 2199 825 peccatorum,
2240 795 2312 816 non

1337 838 1480 875 propter
1512 831 1639 873 legem,
1677 834 1735 864 sed
1761 839 1902 876 propter
1926 832 2113 874 Messiam,
2147 840 2180 866 et
2210 833 2315 866 simul

1336 882 1485 915 etl'uudit
1509 880 1680 924 Spiritum
1706 890 1863 915 sanctum
1891 883 1927 915 in
1957 884 2060 916 corda
2087 884 2315 925 credentium,

1337 940 1369 966 et
1387 932 1518 965 incoari
1543 938 1717 964 aeternam
1745 933 1917 966 iusticiam
1943 941 1976 967 et
2004 934 2131 972 vitam,
2160 941 2192 967 et
2215 932 2315 967 exbi-

1339 984 1411 1016 beri
1438 983 1506 1014 iam
1533 982 1624 1014 bo'na
1647 989 1808 1021 aeterua,
1836 996 1985 1027 quorum
2012 985 2157 1017 umbrae
2182 985 2217 1016 in
2244 985 2318 1028 lege.

1340 1034 1538 1078 propositae
1563 1033 1716 1066 suerunt.
1783 1031 1829 1066 Et
1851 1031 1936 1067 haec
1966 1045 2085 1067 revera
2118 1035 2206 1068 fiunt
2236 1047 2319 1068 voce

1340 1084 1451 1116 nostri
1477 1083 1685 1123 ministerii,
1713 1083 1767 1115 cui
1788 1083 1881 1117 Deus
1904 1084 2102 1118 testimonia
2126 1085 2223 1118 addit
2246 1098 2319 1118 ma·-

1342 1135 1474 1167 nist-stis
1485 1134 1672 1174 miraculis,
1692 1146 1892 1178 quanquam
1909 1135 2055 1168 subiecti
2074 1147 2192 1168 sumus
2211 1137 2318 1177 cruci,

1343 1192 1375 1218 et
1396 1197 1468 1217 non
1494 1196 1677 1228 possumus
1700 1185 1813 1216 delere
1838 1192 1973 1227 gentes,
1993 1193 2037 1219 'ut
2056 1185 2194 1231 Moyses
2213 1193 2244 1219 et
2265 1185 2320 1219 lo-

1343 1247 1403 1268 sua
1435 1236 1652 1278 occupabant
1670 1234 1909 1276 Cauanaeam,
1938 1243 1971 1269 et
1996 1243 2035 1270 ut
2058 1235 2178 1268 ludaei
2204 1237 2321 1270 existi·

1345 1293 1463 1324 mant,
1488 1285 1654 1318 Messian·
1672 1285 1777 1318 armis
1795 1286 2010 1319 domitorum
2029 1298 2100 1319 esse
2115 1293 2243 1328 gentos.

1446 1335 1519 1368 Hac
1535 1336 1714 1368 occasione
1741 1337 2017 1379 disputationum
2037 1336 2136 1370 Pauli
2161 1338 2324 1371 conside-

1345 1393 1439 1424 rata,
1470 1386 1616 1427 intelligi
1642 1393 1773 1429 potest,
1803 1399 1910 1430 quare
1935 1385 1996 1421 has
2017 1388 2201 1420 conciones
2224 1389 2324 1422 insti-

1347 1437 1469 1476 tuerit,
1497 1443 1529 1468 et
1552 1436 1634 1480 quid
1656 1437 1736 1469 velit
1755 1438 1888 1469 docere.
1941 1436 2023 1470 Ideo
2044 1438 2077 1470 in
2096 1439 2198 1471 tertio
2214 1439 2325 1482 capite

1349 1486 1438 1519 lianc
1462 1487 1611 1518 maxime
1633 1487 1894 1518 memorabilem
1918 1488 2124 1521 sententiam
2145 1489 2324 1531 proponit:

1320 1574 1322 1584 ι
1349 1537 1418 1570 Lex
1443 1544 1491 1568 est
1519 1537 1616 1568 litera
1643 1544 1673 1569 et
1700 1537 1934 1569 ministerium
1961 1539 2102 1577 mortiS,
2129 1540 2185 1570 sed
2207 1537 2326 1571 Evan-

1349 1587 1476 1629 gelium
1497 1594 1545 1619 est
1563 1587 1797 1618 ministerium
1825 1588 1977 1629 spiritus,
2029 1587 2124 1620 Haec
2149 1601 2213 1621 vox
2236 1601 2325 1622 nova

1350 1644 1421 1670 erat
1444 1636 1597 1677 ludaeis,
1624 1637 1683 1681 qui
1702 1644 1801 1669 autea
1821 1648 1937 1679 gentes
1955 1645 2132 1682 utcunque
2158 1640 2199 1671 de
2224 1640 2327 1672 disci-

1351 1688 1447 1731 plina
1475 1689 1683 1727 docuerant,
1727 1688 1814 1720 sicut
1838 1695 1869 1721 et
1893 1700 1992 1731 saepe
2017 1689 2052 1721 in
2077 1688 2229 1722 Ecclesia
2263 1691 2328 1724 snit

1351 1741 1488 1781 ignota,
1519 1744 1547 1769 et
1565 1750 1658 1770 nunc
1678 1736 1839 1770 monachi
1859 1746 1890 1772 et
1910 1740 2041 1772 similes
2066 1739 2109 1771 ab
2134 1752 2170 1772 ea
2196 1737 2326 1773 abhor-

1351 1796 1439 1822 rent.
1501 1787 1546 1821 Ut
1569 1795 1683 1820 autem
1717 1786 1970 1831 Prophetarum
2005 1797 2160 1832 tempore
2193 1802 2329 1834 semper

1352 1839 1461 1883 aliqui
1485 1839 1626 1872 suerunt
1650 1836 1755 1871 buius
1778 1841 1958 1873 doctrinae
1987 1841 2238 1874 illustratores:
2281 1842 2328 1875 ita

1353 1890 1437 1924 ltacc
1470 1890 1610 1933 propria
1644 1902 1707 1921 vox
1742 1897 1789 1923 est
1821 1891 2101 1933 Apostolorum,
2146 1892 2330 1926 ostendere

1353 1941 1541 1974 discrimen
1566 1940 1650 1982 legis
1675 1948 1707 1973 et
1732 1939 1928 1981 Evangelii,
1971 1948 2001 1974 et
2028 1941 2195 1974 immensa
2224 1943 2327 1975 boni-

1354 1999 1422 2026 tate
1439 1990 1533 2024 Deus
1549 1991 1698 2023 subinde
1720 1991 1754 2022 iu
1775 1989 1926 2024 Ecclesia
1952 1998 2095 2025 renovat
2120 1990 2184 2025 boc
2207 1994 2330 2026 discri—

1355 2054 1445 2075 men.
1511 2039 1671 2074 Extincta
1698 2041 1762 2074 suit
1790 2039 1873 2074 baec
1898 2044 1955 2075 lux
1984 2043 2330 2086 interpretationibus

1355 2092 1541 2135 Origenis‚
1565 2092 1625 2136 qui
1648 2092 1747 2125 finxit
1775 2090 1934 2126 homines
1958 2093 2066 2126 iustos
2089 2105 2160 2125 esse
2177 2094 2266 2136 lege,
2294 2094 2329 2128 id

1356 2152 1424 2183 est,
1459 2143 1644 2186 disciplina
1672 2143 1816 2182 morali,
1845 2152 1877 2176 et
1900 2144 2035 2176 literam
2064 2150 2196 2177 tautum
2221 2145 2331 2178 inter·

1328 2224 1330 2230 ,
1358 2200 1512 2238 prr-tatus
1537 2200 1604 2233 est,
1647 2194 1858 2226 ceremonias
1890 2201 2065 2234 externas,
2102 2202 2134 2228 et
2160 2195 2333 2238 spiritum,

1358 2245 1550 2286 allegorias.
1627 2242 1750 2276 Postea
1800 2244 2018 2286 Augustinus
2067 2256 2219 2277 errorem
2265 2245 2332 2278 late

1357 2306 1515 2339 sparsum
1548 2294 1676 2327 taxavit
1711 2301 1744 2327 et
1773 2295 1952 2335 ostendit,
1996 2295 2131 2328 literam
2165 2307 2255 2333 csse,
2300 2302 2332 2329 et

1359 2345 1573 2377 ceremonias
1606 2352 1637 2377 et
1671 2356 1774 2387 opera
1811 2345 1977 2386 moralia,
2028 2356 2116 2388 quae
2146 2345 2232 2378 flunt
2266 2343 2334 2379 hu-

1331 2428 1333 2434 ,
1360 2408 1459 2428 mana
1486 2395 1666 2437 diligentia
1685 2421 1692 2435 ,
1735 2407 1805 2426 non
1832 2394 1964 2438 Spiritu
1989 2401 2107 2428 sancto
2139 2396 2334 2429 vivificante

1360 2447 1463 2479 corda
1494 2446 1529 2477 in
1561 2446 1649 2478 veris
1686 2445 1886 2488 pavoribus.
1954 2445 2124 2488 Spiritum
2152 2458 2233 2479 vero
2264 2458 2334 2480 esse

1361 2499 1474 2540 ipsum
1498 2496 1669 2540 Spiritum
1692 2503 1870 2537 sanctum,
1912 2496 2142 2529 vivificantem
2175 2498 2277 2529 corda
2299 2498 2336 2529 in

1362 2548 1452 2580 veris
1469 2547 1675 2589 pavoribus,
1703 2553 1734 2579 et
1762 2546 1959 2579 incoantem
1980 2547 2015 2579 in
2039 2547 2141 2580 nobis
2165 2547 2336 2580 iusticiam

1363 2606 1395 2632 et
1412 2599 1517 2630 vitam
1535 2604 1727 2636 aeternam,
1755 2602 1784 2628 et
1804 2596 1862 2628 illa
1882 2598 1973 2630 bona
1997 2609 2033 2630 re
2059 2598 2132 2641 ipsa
2157 2604 2336 2641 praestan-

1333 2681 1337 2684 ,
1364 2656 1449 2686 tem,
1477 2660 1565 2691 quae
1581 2647 1819 2690 significantur
1838 2647 1871 2679 in
1891 2648 1974 2690 lege.
