2415 2942
105 92 178 129 929
383 89 483 127 XIII.

106 177 288 214 Christum
308 205 317 219 ,

107 229 236 264 aeterni
272 228 397 273 patris,
442 240 510 273 qua
537 229 654 272 agnita
678 227 877 262 accedimus
900 229 943 261 ad
967 227 1093 270 Deum,

107 292 180 314 non
202 280 355 323 fugimus
373 285 412 313 ut
431 278 536 320 Saul,
564 280 623 312 sed
640 291 721 312 vere
737 278 958 321 agnoscimus
974 280 1090 314 Deum

106 342 179 365 esse
203 331 339 364 honum
363 337 396 364 et
422 337 657 373 praesentem,
684 340 747 362 nos
774 328 882 372 recipi
903 336 935 362 et
957 331 1090 363 servari

105 382 150 416 ab
168 393 210 415 eo
230 388 374 426 propter
391 381 523 422 filium,
550 381 588 413 in
605 378 669 414 hac
685 379 749 412 filii
771 380 848 412 luce
868 391 932 412 nos
949 392 1089 425 quoque

102 433 416 472 transformamur,
459 432 495 465 id
528 437 598 472 est,
649 429 840 474 accipimus
873 430 993 464 radios
1026 442 1090 475 per

103 483 215 517 filium
233 484 270 516 in
288 494 351 516 nos
369 493 507 526 sparsos
530 483 612 516 dato
629 480 765 526 Spiritu
789 487 931 520 sanctu,
959 480 1087 515 videli-

105 541 158 569 cet
192 534 357 567 noticiam
374 532 442 567 Dei
473 539 507 567 et
526 544 636 566 novos
653 538 790 572 motus,
817 543 905 577 quos
928 533 1088 567 accendit

104 592 137 619 et
153 585 335 619 confirmat
354 583 508 628 Spiritus
530 590 670 617 sanctus
688 581 806 616 audita
825 595 909 616 voce
924 581 1086 627 Evange-

105 636 157 669 lii.
211 635 283 669 Nec
301 635 471 678 significat
491 633 647 674 novitas,
673 632 901 676 cogitationes
918 640 951 668 et
969 641 1086 668 motus

105 685 254 721 rationis
279 687 356 719 sine
381 685 517 729 Spiritu
542 690 680 725 sancto,
705 696 770 717 nec
791 684 962 727 significat
982 685 1086 729 spiri-

100 744 156 773 tus
184 737 375 776 rationem,
408 736 467 768 sed
492 735 629 769 tertiam
662 746 847 779 personam
874 735 1086 777 divinitatis,

100 799 206 833 quam
222 794 383 821 aeternus
407 793 504 830 pater
527 786 585 819 dat
606 797 669 830 per
691 785 804 819 filium
827 785 864 818 in
889 787 994 819 corda
1019 799 1085 820 no-

99 846 182 874 stra.
234 837 313 871 Erit
335 844 451 871 autem
471 836 609 870 novitas
631 834 788 870 hominis
807 836 944 880 integra
959 837 997 870 in
1015 835 1084 871 Ec·

97 889 201 922 clesia
225 888 383 929 coelesti,
411 887 448 920 in
468 899 535 932 qua
561 887 628 921 erit
642 886 739 921 Deus
759 887 878 920 omnia
905 887 942 922 in
964 889 1083 922 omni-

96 940 184 979 bus,
210 939 244 972 id
264 946 332 980 est,
358 939 407 972 sic
424 938 572 982 fulgebit
590 938 627 971 in
651 939 775 977 nobis,
802 945 842 972 ut
864 938 978 982 palam
997 951 1082 973 con-

95 990 281 1034 spiciatur,
308 1001 379 1023 non
396 1001 458 1034 per
473 989 710 1023 ministerium
727 987 933 1032 Evangelii,
962 997 996 1025 et
1013 990 1082 1023 cie-

94 1040 148 1074 bit
171 1052 292 1075 omnes
317 1048 452 1081 motus,
476 1039 543 1081 ita,
572 1047 612 1075 ut
636 1051 710 1073 non
735 1040 780 1074 sit
799 1040 905 1074 simul
922 1041 959 1074 in
977 1041 1083 1075 nobis

94 1098 288 1136 peccatum.

197 1143 246 1176 At
260 1143 296 1175 in
315 1139 378 1174 hac
397 1142 466 1175 vita
484 1140 576 1174 idem
594 1138 701 1175 homo
717 1148 880 1183 renatus,
904 1148 954 1175 est
970 1141 1081 1175 Vetus

92 1200 126 1227 et
143 1192 283 1233 Novus,
316 1192 351 1224 id
377 1199 444 1232 est,
479 1190 611 1225 Paulus
633 1199 682 1226 est
708 1204 839 1232 novus,
868 1193 951 1238 quia
976 1193 1014 1225 in
1041 1204 1080 1226 eo

92 1241 228 1277 habitat
244 1242 357 1283 Deus,
376 1250 408 1276 et
426 1243 577 1276 illustrat
595 1255 674 1276 eum
697 1244 804 1277 verbo
820 1256 884 1277 suo
900 1250 933 1277 et
950 1243 1080 1276 sancti·

92 1295 171 1328 ficat
208 1293 343 1338 Spiritu
371 1300 511 1334 sancto,
547 1300 580 1327 et
606 1305 703 1326 mens
737 1301 769 1328 et
798 1305 858 1327 cor
901 1294 1080 1337 accipiunt

91 1345 230 1390 aliquos
265 1345 381 1377 radios
411 1344 499 1377 lucis
534 1343 675 1377 divinae
709 1350 741 1377 et
774 1351 891 1377 motus
923 1344 1078 1388 Spiritus

89 1395 214 1430 sancti.
259 1394 375 1428 Sentit
400 1395 493 1426 enim
522 1393 653 1427 Paulus
677 1394 958 1435 invocationem,
984 1395 1078 1428 fidu-

87 1446 193 1486 ciam,
234 1445 400 1478 laetitiam
429 1445 465 1477 in
491 1443 583 1477 Deo:
627 1451 770 1478 eatenus
793 1452 843 1479 est
866 1456 1000 1483 novus,
1045 1451 1077 1479 et

85 1494 170 1530 haec
188 1496 325 1529 novitas
343 1506 489 1537 regnare
514 1496 629 1530 debet.
681 1494 750 1528 Sed
775 1497 936 1529 nondum
956 1496 992 1528 in
1011 1493 1076 1529 hac

86 1548 158 1581 vita
175 1554 301 1580 natura
321 1545 421 1579 Pauli
446 1557 588 1589 prorsus
609 1552 659 1579 est
681 1546 757 1579 sine
776 1554 916 1589 peccato
947 1554 979 1579 et
1000 1547 1076 1581 sine

87 1604 219 1636 morte,
243 1604 387 1630 eatenus
402 1602 451 1628 est
473 1603 572 1629 vetus
588 1593 712 1637 homo,
739 1598 797 1630 sed
818 1594 903 1631 haec
921 1604 1075 1632 vetustas

88 1647 339 1687 mortificatur,
367 1658 438 1679 non
463 1653 596 1688 regnat.

137 1729 216 1779 Qui
234 1730 371 1765 mortui
392 1742 518 1764 sumus
548 1734 711 1777 peccalo,
753 1728 934 1777 quomodo
963 1735 1024 1768 etc.

191 1799 349 1833 Primum
377 1804 624 1842 argumentum
648 1805 802 1832 sumtum
822 1810 840 1831 a
860 1799 973 1833 causis
997 1800 1073 1833 essi-

84 1851 271 1886 cientibus,

135 1902 278 1936 Mortua
304 1908 429 1934 natura
453 1911 526 1932 non
554 1898 599 1932 sit
623 1899 758 1933 efficax.

137 1952 177 1986 ln
203 1951 304 1985 nobis
330 1958 427 1984 vetus
458 1957 606 1993 natura,
649 1961 735 1994 quae
770 1956 819 1983 est
851 1962 962 1983 massa
992 1962 1070 1994 pec-

182 2003 248 2036 cati
273 2009 323 2037 est
346 2009 502 2043 mortua,
536 2001 573 2034 id
600 2007 670 2042 est,
708 2001 822 2045 coepit
845 2002 1070 2044 mortificari,

184 2065 248 2086 nec
273 2060 410 2095 regnat:

132 2102 226 2147 Ergo
251 2115 321 2136 non
347 2104 390 2137 sit
416 2102 550 2138 efficax.

181 2154 360 2188 Minorem
391 2154 536 2198 probat,
578 2153 659 2197 quia
683 2165 745 2197 per
769 2153 983 2198 baptismum
1007 2166 1066 2188 su-

81 2217 160 2239 mus
183 2205 218 2238 in
247 2212 396 2238 mortem
419 2201 552 2238 Christi
577 2203 744 2246 baptizati
791 2211 825 2238 et
866 2206 1062 2250 consepulti

76 2268 155 2290 eum
184 2268 243 2290 eo:
289 2255 370 2301 quia
404 2255 598 2298 baptismus
635 2261 685 2288 est
719 2255 961 2289 testimonium
995 2268 1066 2301 quo

80 2308 272 2350 mergimur
313 2315 480 2351 tanquam
512 2305 550 2338 in
587 2304 793 2347 sanguinem
833 2306 985 2346 Christi,
1028 2315 1067 2341 ut

81 2358 266 2390 abluamur
284 2364 316 2391 et
335 2357 545 2400 accipiamus
561 2355 805 2389 remissionem
832 2364 1065 2400 peccatorum.

80 2407 134 2441 Ita
152 2415 265 2441 autem
284 2409 319 2441 fit
339 2407 519 2447 remissio,
554 2414 592 2439 ut
615 2414 759 2450 propter
781 2414 928 2441 mortem
953 2415 985 2442 et
1011 2420 1066 2441 re-

81 2459 331 2492 surrectionem
353 2457 482 2493 Christi
506 2458 610 2490 etiam
635 2469 671 2490 re
695 2458 769 2501 ipsa
795 2458 830 2491 in
855 2458 958 2491 nobis
979 2459 1065 2492 abo-

81 2509 194 2542 leatur
217 2516 414 2552 peccatum,
442 2509 525 2554 quia
546 2509 638 2541 filius
657 2520 718 2552 per
733 2507 965 2552 Evangelium
983 2510 1064 2543 dato

83 2558 219 2603 Spiritu
247 2568 364 2594 sancto
406 2560 522 2603 arguit
541 2560 647 2593 corda
678 2560 721 2592 de
739 2567 897 2604 peccato,
932 2568 962 2594 et
982 2572 1064 2594 rur-

82 2621 141 2643 sus
166 2610 332 2651 vivificat,
366 2617 398 2645 et
417 2610 575 2644 accendit
599 2621 728 2644 novam
758 2610 871 2644 lucem
899 2617 933 2644 et
954 2623 1065 2645 novos

81 2668 197 2694 motus
216 2661 252 2693 in
271 2661 385 2695 nobis.
437 2660 553 2695 Huius
577 2661 796 2697 remissionis
821 2673 883 2696 seu
908 2662 1064 2697 reconci-

129 2710 315 2746 Mutina.
337 2714 440 2746 Orza.
469 2711 554 2748 Vos.
579 2713 660 2749 XV.

536 92 572 128 3.
601 87 899 127 ENARRATIO
927 88 1080 128 EPIST.
1107 90 1254 128 PAULI
1280 89 1348 127 AD
1375 89 1636 133 ROMANOS.
1688 94 1793 135 CAP.
1821 98 1884 137 Vl.

2062 106 2137 142 930

369 177 612 212 ostendentem
663 176 767 210 nobis
816 176 1094 212 misericordiam
1148 178 1306 212 liationis
1326 186 1359 213 et
1377 180 1550 214 efficaciae
1562 179 1694 216 Christi
1714 182 1750 216 in
1766 184 1870 219 nobis
1889 186 2131 226 testimonium

1148 237 1180 263 et
1204 230 1331 273 pignus
1362 238 1409 264 est
1435 231 1647 275 baptismus,
1681 240 1713 267 et
1738 246 1816 268 cum
1847 236 1896 270 sic
1919 238 2055 275 incoata
2079 250 2131 278 est

1145 281 1368 314 mortificatio
1401 288 1434 315 et
1469 282 1680 328 vivificatio,
1726 286 1917 330 sepelimur
1943 302 2015 325 una
2048 304 2129 327 cum

1144 327 1299 366 Christo.

1244 379 1308 414 Est
1332 388 1448 414 autem
1471 394 1581 417 massa
1610 385 1741 427 peccati
1767 389 1901 432 sepulta
1922 391 2126 436 dupliciter:

1143 428 1303 464 Primum
1322 431 1572 476 imputatione,
1599 434 1680 479 quia
1697 438 1927 475 remittuntur
1946 443 2052 477 nobis
2069 456 2126 479 re·-

1141 481 1273 526 liquiae
1296 483 1438 526 peccati.

1241 531 1425 574 Secundo,
1468 534 1562 578 quod
1588 535 1630 568 ad
1662 536 1824 572 effectum
1855 542 1999 589 attinet,
2041 548 2126 592 quia

1140 580 1226 616 haec
1252 594 1363 617 massa
1395 591 1579 629 postquam
1608 588 1811 623 mortificari
1842 594 1977 637 coepit,
2019 597 2125 633 desiit

1140 645 1213 667 esse
1237 634 1381 675 efficax,
1412 635 1448 667 id
1467 642 1536 676 est,
1561 648 1633 669 non
1651 647 1784 681 regnat.

1238 683 1311 718 Nec
1334 692 1472 719 tantum
1496 687 1539 718 de
1554 688 1824 723 mortificatione
1847 691 2007 737 loquitur
2030 695 2124 733 Pau-

1139 734 1214 775 lus,
1241 737 1300 769 sed
1326 737 1423 770 addit
1443 745 1690 780 argumentum
1707 740 1750 773 de
1774 741 2026 779 vivificatione:
2054 750 2123 783 nisi

1138 787 1232 818 enim
1243 787 1422 821 accederet
1438 788 1508 821 vita
1522 795 1554 821 et
1571 789 1726 824 vinceret
1737 817 1746 831 ‚
1773 792 1871 825 nulla
1891 803 1978 830 esset
1992 797 2123 834 libera-

1138 836 1201 872 tio.
1247 836 1332 871 Ideo
1355 845 1387 871 et
1412 850 1516 883 supra
1542 839 1675 873 dictum
1700 848 1767 875 est:
1802 841 1926 879 Gratia
1951 849 2124 885 exuberat

1137 899 1242 932 snpra
1269 888 1447 925 delictum.
1501 888 1606 925 Item:
1639 890 1779 935 Regnat
1797 895 1907 937 gratia
1931 909 1993 942 per
2020 899 2123 936 iusti-

1137 938 1226 973 ciam
1240 939 1285 973 ad
1303 939 1411 973 vitam
1429 947 1618 977 aeternam.
1647 941 1733 976 Inde
1747 944 1795 977 sic
1814 956 2097 990 argumentatur:

1306 988 1397 1024 Viva
1421 998 1546 1025 natura
1572 999 1621 1026 est
1647 993 1780 1029 efficax.

1237 1038 1312 1074 Nos
1328 1041 1493 1076 vivificati
1512 1054 1632 1076 sumus
1650 1055 1712 1088 per
1728 1043 1930 1091 Christum,
1960 1051 2022 1098 qui
2040 1052 2120 1087 ideo

1136 1091 1299 1125 assumsit
1330 1089 1421 1126 hanc
1446 1105 1612 1132 massam,
1654 1102 1694 1129 ut
1721 1097 1823 1130 nobis
1847 1111 1988 1145 quoque
2011 1103 2120 1138 vitam

1134 1141 1310 1176 redderet:
1340 1149 1371 1176 et
1389 1142 1474 1177 haec
1497 1144 1686 1178 vivificatio
1710 1146 1873 1182 incoatur
1893 1150 1929 1183 in
1947 1149 2012 1187 hac
2037 1154 2120 1195 vita,

1134 1203 1213 1224 cum
1239 1192 1333 1227 filius
1356 1193 1423 1227 Dei
1448 1206 1510 1238 per
1528 1194 1763 1239 Euangelium
1789 1206 1822 1234 et
1838 1199 2011 1246 Spiritum
2038 1216 2120 1239 san-

1133 1249 1227 1275 ctum
1253 1245 1457 1278 consolatur
1480 1247 1607 1287 corda,
1645 1254 1677 1281 et
1700 1248 1827 1283 liberat
1854 1263 1918 1285 nos
1941 1265 1981 1289 ex
2005 1264 2120 1291 morte

1132 1299 1291 1336 aeterna,
1316 1295 1412 1329 iuxta
1435 1296 1587 1329 dictum:
1617 1296 1795 1332 Iustificati
1821 1301 1888 1335 fide
1911 1315 2031 1347 pacem
2055 1304 2119 1340 ha-

1131 1343 1265 1377 bemus.
1317 1344 1421 1380 Item:
1451 1344 1486 1379 Ο
1505 1358 1598 1380 mors
1617 1359 1677 1381 ero
1693 1360 1787 1383 mors
1803 1358 1873 1392 tua,
1892 1360 1925 1387 et
1943 1367 1964 1388 o
1981 1354 2118 1391 inferne

1131 1405 1189 1426 ero
1209 1394 1367 1429 infernus
1385 1403 1465 1430 tuus
1481 1404 1544 1430 etc.
1598 1397 1691 1441 Quia
1709 1412 1790 1434 vero
1809 1399 1894 1436 haec
1910 1405 1999 1447 vita,
2026 1419 2116 1452 quae

1130 1445 1327 1479 restituitur
1343 1459 1402 1490 per
1418 1448 1529 1481 filium
1545 1448 1626 1482 dato
1643 1448 1780 1494 Spiritu
1797 1462 1927 1496 sancto,
1953 1463 2003 1491 est
2023 1459 2115 1500 talis,

1129 1495 1242 1540 qualis
1261 1505 1309 1531 est
1328 1498 1399 1541 ipse
1417 1497 1571 1542 Spiritus
1589 1507 1746 1541 sanctus,
1766 1503 1837 1538 sint
1855 1506 2008 1541 actiones
2026 1521 2111 1542 con-

1129 1553 1292 1588 gruentes
1321 1547 1471 1592 Spiritui
1495 1557 1625 1584 sancto.
1679 1550 1726 1585 Ut
1747 1553 1832 1586 alibi
1856 1556 2003 1592 dicitur:
2038 1559 2112 1593 Nos

1128 1602 1255 1630 retecta
1286 1598 1373 1631 facie
1394 1599 1542 1642 gloriam
1569 1598 1716 1634 Domini
1747 1606 1965 1648 speculantes
1997 1616 2113 1644 trans-

1127 1647 1323 1681 formamur
1346 1649 1383 1682 in
1412 1651 1557 1684 eandem
1582 1651 1771 1695 imaginem
1794 1662 1858 1692 etc.

1227 1696 1278 1732 Ita
1305 1701 1491 1734 necessitas
1520 1701 1609 1735 bene
1639 1705 1810 1746 operandi
1833 1719 1873 1740 ex
1902 1720 2003 1743 causa
2034 1712 2113 1745 effi-

1128 1747 1259 1790 ciente,
1287 1756 1321 1783 et
1336 1750 1433 1784 finali
1450 1753 1658 1787 ostenditur.
1713 1753 1755 1788 In
1778 1753 1833 1790 his
1857 1759 2111 1803 comprehensa

1126 1804 1176 1832 est
1201 1805 1233 1833 et
1257 1802 1441 1835 necessitas
1465 1803 1596 1844 debiti,
1631 1803 1713 1849 quia
1742 1803 1800 1840 hic
1824 1810 1913 1842 ordo
1944 1810 2111 1847 immotus

1126 1856 1194 1890 est,
1221 1857 1261 1884 ut
1284 1859 1441 1887 creatura
1461 1853 1644 1888 rationalis
1661 1853 1738 1889 Deo
1761 1857 1921 1893 obediat:
1950 1868 1981 1895 et
2008 1865 2110 1898 resti-

1124 1900 1237 1934 tuitur
1263 1909 1410 1944 natura,
1451 1910 1490 1937 ut
1525 1905 1569 1937 ad
1592 1903 1684 1939 hanc
1713 1907 1950 1944 obedientiam
1981 1915 2108 1950 redeat.

1123 1949 1229 1985 Hunc
1247 1953 1410 1988 ordinem
1427 1954 1589 1991 nominat
1606 1955 1738 1991 Paulus
1755 1959 1927 1997 debitum.

1175 2049 1254 2099 Qui
1265 2057 1431 2088 mortuus
1450 2059 1500 2089 est
1511 2081 1519 2096 ‚
1548 2054 1769 2101 iuslf'ficatus
1785 2064 1836 2093 es!
1851 2072 1875 2094 a
1889 2064 2054 2108 peccatis.

1225 2137 1279 2173 De
1326 2137 1393 2174 hoc
1434 2140 1528 2176 dicto
1568 2143 1700 2177 multae
1748 2146 1988 2183 cavillationes
2032 2150 2106 2195 agi-

1120 2194 1250 2228 tantur.

1271 2240 1439 2276 Mortuus
1462 2243 1667 2279 iustificatus
1692 2252 1741 2280 est
1769 2258 1786 2280 a
1811 2255 1970 2293 peccato,

1271 2291 1376 2326 Iudas
1400 2300 1450 2327 est
1474 2302 1651 2336 mortuus,

1273 2342 1400 2387 Igitur:
1433 2343 1639 2379 {ustificatus
1663 2354 1724 2383 est.

1217 2408 1431 2455 Respondeo
1462 2412 1736 2456 simplicissime:
1779 2415 1924 2450 Dictum
1948 2415 2013 2452 hoc
2047 2421 2102 2454 lo-

1119 2459 1240 2506 quitur
1257 2462 1299 2494 de
1319 2463 1514 2496 actualibus
1532 2464 1678 2507 peccatis
1697 2462 1802 2498 huius
1823 2467 1932 2508 vitae,
1959 2477 1998 2504 ut
2014 2471 2102 2505 dici-

1118 2518 1178 2545 tur
1201 2510 1330 2557 νεκρὸς
1363 2511 1406 2547 οὐ
1428 2510 1572 2555 δάκνει,
1606 2515 1641 2547 id
1668 2522 1736 2557 est,
1770 2517 1831 2562 qui
1853 2526 2012 2554 mortuus
2032 2529 2102 2564 est,

1118 2562 1190 2595 iam
1215 2561 1307 2596 nihil
1324 2564 1394 2606 agit
1411 2565 1446 2596 in
1464 2562 1528 2597 hac
1544 2565 1631 2598 vita:
1659 2573 1698 2600 ut
1713 2569 1950 2611 strangulatus
1970 2572 2099 2607 desinit

1116 2613 1238 2647 furari.
1301 2613 1369 2647 Vel
1403 2615 1516 2648 dicas:
1560 2614 1725 2650 Mortuus
1762 2618 1968 2655 iustificatus
1998 2630 2048 2656 est
2081 2635 2100 2657 a

1118 2672 1278 2709 peccato,
1300 2665 1362 2709 qui
1379 2673 1428 2701 est
1443 2666 1626 2701 crucifixus
1644 2679 1723 2702 cum
1746 2667 1901 2707 Christo.

1274 2714 1323 2752 59
