2415 2942
101 88 200 126 1393
288 86 387 122 XIII.

275 169 833 221 Stalfirmumsundamenlum
855 177 916 206 etc.

207 250 339 285 Paulus
357 251 538 294 ingressus
556 251 592 283 in
612 247 703 283 hanc
721 250 855 283 tristem
874 262 1090 284 commemo-

101 304 276 338 rationem
307 304 350 336 de
387 301 682 346 dissipationibus
709 299 906 343 Ecclesiae,
941 301 1092 346 opponit
1121 317 1122 320 ¹

103 354 364 389 consolationes
396 354 499 393 duas,
540 354 684 388 alteram
711 354 907 396 publicam,
944 354 1091 387 alteram
1120 381 1122 387 .

104 407 338 450 pertinentem
358 407 399 438 ad
418 405 585 447 singulos.
630 403 776 437 Publica
794 403 877 438 haec
896 412 962 438 est:
984 404 1091 448 Quod

102 457 339 491 certissimum
365 463 416 489 est
445 464 562 489 tamen
596 455 708 489 filium
737 455 802 489 Dei
835 457 1012 490 sedentem
1048 457 1091 489 ad

105 509 281 543 dexteram
302 508 435 541 aeterni
458 508 583 551 patris,
611 514 816 550 regnantem
837 515 867 540 et
893 508 1089 552 reprimen-

103 567 173 593 tem
198 559 379 599 diabolos,
406 566 438 592 et
464 559 603 593 assidue
632 560 907 593 intercedentem
936 572 998 603 pro
1027 572 1091 592 uo-

104 612 176 652 bis,
204 623 275 644 esse
303 612 518 644 sacerdotem
538 618 743 651 aeternum,
773 617 806 644 et
832 611 996 654 colligere
1024 610 1092 643 sibi

99 661 291 696 Ecclesiam
325 663 360 695 in
392 674 519 705 genere
555 661 730 702 humano,
777 670 1093 707 quantumcunque

100 714 373 748 adversantibus
400 714 561 748 diabolis.
641 712 718 747 Hoc
744 714 922 748 decretum
951 714 1091 746 firumm

105 772 138 798 et
156 766 342 799 immotum
362 772 425 799 est.

102 893 177 926 fore
204 893 358 937 aliquam
385 889 448 924 Dei
476 889 690 928 Ecclesiam,
724 890 809 922 alias
837 892 965 933 inagis,
1003 891 1089 923 alias

100 944 219 976 minus
237 944 478 988 frequentem,
507 942 592 973 alias
611 941 736 983 magis,
770 941 855 973 alias
883 942 1001 975 minus
1024 954 1086 984 op-

101 1006 254 1039 pressam
275 994 475 1032 erroribus,
504 993 598 1025 iuxta
616 992 707 1025 dicta
724 990 855 1025 Christi
874 992 988 1026 Lucae
1011 992 1088 1027 17.:

102 1045 180 1078 Erit
199 1046 286 1078 sicut
304 1045 339 1077 in
360 1044 485 1077 diebus
505 1042 600 1076 Noae
617 1051 680 1078 etc.
736 1042 843 1083 ltem,
861 1043 991 1079 Manli.
1010 1045 1086 1080 24:

99 1095 251 1140 Propter
268 1096 395 1128 electos
412 1095 718 1128 abbreviabuntur
744 1095 818 1128 istis
841 1095 935 1136 dies,
970 1095 1086 1130 Erunt

99 1159 236 1191 semper
252 1147 362 1192 aliqui
381 1146 481 1179 electi
501 1158 611 1191 usque
626 1148 667 1179 ad
688 1147 791 1179 finem
810 1148 946 1188 mundi,
965 1155 997 1181 et
1016 1160 1088 1180 non

99 1205 183 1232 sunt
198 1198 318 1237 electi,
348 1198 415 1231 nisi
438 1198 473 1230 in
493 1205 593 1231 coetu
611 1205 838 1238 vocatorum,
883 1199 978 1233 iuxta
998 1200 1087 1232 illud

99 1249 216 1284 Roma
235 1249 288 1285 8.:
327 1248 426 1292 Quos
448 1250 570 1292 clegit,
606 1247 671 1282 hos
697 1256 731 1282 et
754 1250 902 1283 vocavit.
963 1250 1090 1284 Serva-

101 1302 153 1335 bit
178 1302 286 1344 igitur
306 1301 400 1335 Deus
426 1312 563 1344 semper
587 1301 725 1346 aliquos
749 1308 840 1335 recte
866 1302 1031 1336 docentes
1058 1309 1090 1335 et

98 1354 291 1392 discentes,
320 1365 379 1385 seu
398 1353 528 1385 multos
545 1364 604 1386 seu
627 1364 768 1396 pauco&

205 1429 326 1462 Altera
347 1428 554 1462 consolatio,
589 1426 656 1461 Sed
678 1427 768 1460 dicat
785 1428 931 1473 aliquis,
954 1429 1089 1462 etiamsi

100 1492 266 1514 mansura
284 1487 332 1513 est
354 1480 545 1512 electorum
563 1476 737 1519 Ecclesia,
764 1479 848 1523 quid
869 1477 934 1512 boc
964 1481 1006 1512 ad
1037 1492 1090 1511 me.

105 1532 277 1575 pertinet,
314 1543 358 1563 an
383 1538 417 1564 et
441 1542 503 1572 ego
529 1541 605 1562 sum
634 1530 727 1562 iuter
751 1530 904 1563 electos?
932 1528 1003 1564 Aut
1030 1531 1088 1564 ubi

103 1584 154 1616 illi
174 1582 368 1627 quaerendi
391 1588 491 1618 sunt,
526 1593 605 1613 cum
629 1581 764 1625 ubique
791 1581 941 1614 multum
968 1583 1011 1614 sit
1038 1583 1089 1614 vi-

103 1635 235 1668 tiorum
254 1641 286 1668 et
303 1632 625 1666 dilacerationum?
652 1630 729 1664 Hae
748 1634 970 1676 quaestiones
988 1634 1090 1666 valde

99 1687 246 1719 turbant
279 1691 433 1725 menteS,
474 1684 535 1717 sed
572 1682 772 1715 firmissime
803 1685 975 1717 tenendae
1008 1691 1090 1718 sunt

101 1735 167 1770 bae
193 1736 388 1770 sententiae
415 1734 588 1768 divinitus
613 1744 773 1778 expresse
801 1735 960 1770 traditae.

102 1801 198 1821 mum
219 1789 315 1833 quod
341 1799 478 1831 semper
502 1786 573 1819 sint
597 1786 706 1830 aliqui
731 1786 830 1820 electi
859 1787 894 1819 in
920 1785 984 1820 hac
1008 1788 1090 1829 vita,

103 1841 198 1874 iuxta
216 1840 304 1873 illud
326 1837 457 1873 Manli.
473 1837 552 1873 24:
579 1836 730 1882 Propter
753 1839 879 1871 electos
904 1839 1089 1872 abbrevia-

102 1893 238 1925 buntur
258 1890 315 1924 isti
333 1891 418 1924 dies.
474 1889 580 1928 Item,
610 1887 740 1922 Manli.
757 1889 834 1924 280
869 1889 945 1932 Ego
971 1891 1089 1924 vobis-

103 1955 182 1976 cum
218 1955 295 1976 sum
334 1953 445 1986 usque
479 1943 521 1974 ad
568 1942 910 1974 consummationem
955 1943 1090 1975 mundi.

101 1992 240 2028 Omnes
257 2000 372 2028 autem
392 1994 521 2026 electos
538 1993 690 2025 sciamus
708 1999 869 2035 oportere
890 1995 926 2025 in
953 2001 1090 2027 coetum

103 2053 308 2079 vocatorum
329 2046 535 2089 pervenire,
569 2045 665 2077 iuxta
685 2044 772 2077 illud
791 2043 905 2078 lloma
923 2045 973 2080 8‚:
993 2046 1093 2089 Quos

102 2097 223 2140 elegit,
250 2095 314 2129 hos
330 2103 362 2129 et
383 2096 534 2131 vocavit.

207 2174 298 2207 Cum
318 2186 400 2207 vero
425 2174 590 2207 audimus
616 2174 745 2206 electos
767 2180 904 2206 tantum
931 2175 967 2205 in
994 2181 1094 2206 coetu

104 2233 308 2260 vocatorum
337 2238 427 2265 esse,
463 2233 636 2270 quaerunt
674 2232 808 2257 mentes
843 2224 946 2257 talem
973 2224 1096 2257 Eccle-

442 86 478 121 7.
507 84 807 121 ENARRATIO
833 85 988 123 EPIST.
1017 83 1279 122 SECUNDAE
1308 84 1374 119 AD
1403 84 1730 122 TIMOTIIEUM.

1010 1735 1089 1769 Pri·
1116 1754 1117 1767 ι

1120 792 1121 795 ’
1145 798 1248 819 meon
1260 812 1268 826 ‚

207 841 378 874 'l'enenda
397 846 446 872 est
465 839 573 881 igitur
591 837 675 871 haec
701 839 919 882 consolatio,
955 851 1091 882 semper
1120 845 1121 878 j

1786 87 1891 124 CAP.
1921 89 1968 125 11.
2051 91 2148 127 1594

1121 211 1123 218 ⁴
1150 182 1274 214 magna
1294 172 1400 204 domo
1417 180 1499 206 sunt
1524 185 1603 206 vasa
1627 186 1730 208 aurea
1754 172 1946 218 honorata,
1980 184 2013 211 et
2039 185 2143 213 testa—

1146 234 1203 255 cea
1221 224 1263 255 ad
1282 223 1457 256 deformes
1476 236 1558 257 usus
1577 225 1677 258 sacta.

1248 273 1319 306 Nec
1342 282 1527 319 propterea
1546 276 1710 310 dubitent
1726 278 1791 321 pii,
1820 286 1975 319 coetum,
2002 280 2039 312 in
2063 293 2134 325 quo

1146 331 1197 358 est
1218 325 1388 368 professio
1409 338 1510 359 verae
1528 328 1730 370 doctrinae,
1760 341 1832 362 esse
1848 343 1965 363 veram
1984 330 2047 364 Dei
2067 330 2135 365 Ec-

1146 376 1305 416 clesiam,
1334 377 1469 410 etiamsi
1493 378 1616 412 vident
1639 380 1768 413 multos
1793 380 1997 426 inquinatos
2022 383 2138 416 mani-

1144 428 1241 461 festis
1266 427 1377 462 vitiis.
1432 427 1506 462 Hac
1526 431 1806 473 praemonitione
1826 444 1963 466 necesse
1986 441 2036 468 est
2059 447 2137 468 om-

1146 490 1207 512 nes
1240 490 1312 511 esse
1348 480 1591 519 confirmatos,
1634 494 1677 515 ne
1709 483 1839 518 saciant
1871 484 2135 527 dissipationes,

1145 530 1232 564 sicut
1271 528 1476 564 Donatistae
1513 532 1701 567 faciebant.
1754 533 1822 567 Sed
1859 548 2061 570 maneamus
2099 538 2138 570 in

1145 582 1327 615 communi
1345 584 1616 625 congregatione
1637 592 1728 617 recte
1752 587 1973 625 docentium,
2001 588 2138 622 etiamsi

1146 644 1272 676 magno
1297 645 1376 666 cum
1402 634 1526 667 dolore
1551 636 1728 668 ceruimus
1754 637 1880 680 negligi
1901 639 2137 681 disciplinam,

1145 691 1177 718 et
1195 685 1239 717 sit
1257 684 1436 718 invocatio
1461 686 1600 728 piorum
1620 698 1660 719 eo
1679 688 1878 725 ardentior,
1906 689 1996 723 sicut
2018 703 2137 723 mane-

1145 737 1231 768 bant
1258 736 1293 767 in
1319 738 1501 769 communi
1532 738 1803 781 congregatione
1834 738 2043 781 Zacharias,
2077 742 2135 775 Si—

1303 793 1335 819 et
1359 787 1502 821 similes.

1249 837 1428 870 Audivisti
1466 839 1575 882 igitur
1610 841 1671 873 ubi
1700 841 1770 873 sint
1800 843 1992 885 quaerendi
2028 843 2139 884 electi,

1145 889 1295 924 scilicet,
1327 889 1360 921 in
1388 897 1488 923 coetu
1519 899 1735 926 vocatorum.
1794 891 1862 924 lam
1883 905 1960 925 cum
1985 893 2140 937 disputat

1145 947 1203 974 tua
1223 952 1339 980 mens,
1368 953 1412 973 an
1432 948 1462 974 et
1483 943 1582 975 tusis
1602 943 1637 976 in
1657 956 1805 976 numero
1823 944 2029 984 electorum,
2047 957 2139 977 sem-

1146 1004 1207 1036 per
1232 998 1350 1025 teneas
1369 989 1459 1025 lianc
1487 994 1659 1037 regulam:
1698 994 1768 1028 Nos
1792 996 1834 1028 de
1861 996 2042 1029 voluntate
2070 997 2138 1029 Dei

1145 1055 1184 1076 ex
1205 1045 1312 1076 serbo
1333 1044 1440 1087 ipsius
1462 1044 1617 1078 iudicare
1643 1053 1824 1090 oportere,
1851 1058 1930 1079 cum
1955 1048 2026 1088 agis
2054 1060 2138 1092 poe-

1144 1095 1352 1131 nitentium,
1383 1103 1412 1128 et
1432 1096 1466 1128 in
1490 1108 1568 1129 vera
1589 1098 1833 1131 consolatione
1851 1099 1962 1131 credis
1980 1106 2011 1131 te.
2031 1099 2138 1143 recipi

1146 1153 1288 1189 propter
1313 1146 1563 1188 mediatorem,
1593 1156 1725 1182 certum
1753 1156 1804 1183 est
1831 1157 1914 1183 tunc
1939 1157 1971 1183 te
2000 1150 2137 1193 placere

1145 1196 1240 1238 Deo,
1270 1198 1364 1231 iuxta
1383 1198 1475 1231 dicta
1497 1198 1711 1235 tiz‹·ct1.18.:
1744 1199 1835 1234 Vivo
1851 1213 1931 1243 ego,
1958 1202 2041 1234 di·.·it
2063 1201 2135 1235 Do-

1146 1249 1283 1289 minus,
1313 1250 1397 1281 nolo
1420 1257 1568 1283 mortem
1597 1251 1805 1295 peccatoris,
1841 1253 1899 1285 sed
1926 1259 1961 1285 ut
1989 1265 2137 1286 conver-

1143 1307 1237 1333 tatur
1253 1308 1285 1334 et
1304 1301 1408 1334 vivat.
1469 1301 1552 1335 Item
1568 1329 1576 1342 ,
1602 1301 1756 1338 Roman.
1772 1301 1825 1337 5.:
1864 1303 2040 1337 lustisicati
2070 1305 2138 1337 fide

1144 1363 1262 1395 pacem
1290 1349 1460 1384 habemus
1484 1355 1576 1396 apud
1604 1354 1732 1387 Deum.
1785 1355 1843 1388 Sic
1868 1367 1946 1387 cum
1972 1355 2007 1387 in
2028 1368 2138 1398 agone.

1143 1414 1345 1445 perseveras
1370 1402 1406 1434 in
1433 1403 1502 1435 side
1532 1411 1562 1437 et
1590 1405 1625 1437 in
1651 1406 1894 1445 invocatione,
1929 1414 2062 1439 certum
2089 1415 2138 1441 est

1144 1462 1176 1486 te
1210 1466 1282 1485 esse
1321 1454 1492 1498 electum,
1535 1455 1629 1489 iuxta
1670 1456 1728 1488 illa
1765 1457 1855 1490 dicta
1895 1455 2023 1491 Matth.
2055 1457 2133 1493 24:

1143 1504 1215 1546 Qui
1244 1506 1475 1548 perseverarit
1501 1506 1536 1537 in
1564 1507 1690 1547 finem,
1738 1506 1794 1540 hic
1816 1509 1933 1541 salvus
1958 1509 2035 1544 erit.
2089 1508 2135 1543 Et

1142 1553 1375 1600 Apocalypsis
1405 1555 1478 1590 14:
1523 1555 1622 1591 Beati
1657 1559 1786 1592 mortui
1820 1560 1879 1603 qui
1914 1560 1949 1591 in
1978 1560 2136 1594 Domino

1142 1606 1358 1641 moriuntur.
1414 1606 1457 1640 Et
1480 1607 1620 1651 Apocal.
1641 1611 1694 1644 2:
1726 1609 1810 1643 Esto
1829 1611 1941 1643 fidelis
1962 1614 2134 1657 usquead

1143 1665 1312 1697 mortem,
1355 1665 1387 1691 et
1414 1660 1504 1692 dabo
1531 1661 1594 1694 tibi
1620 1673 1787 1694 eoronam
1815 1669 1877 1695 etc.
1939 1660 1985 1695 Et
2008 1666 2040 1698 2.
2065 1663 2134 1696 Co—

1142 1706 1251 1742 rinth.
1278 1708 1331 1744 5.:
1369 1709 1697 1753 Superimluemnr,
1738 1713 1766 1745 si
1796 1720 2009 1746 tamennon
2044 1716 2131 1747 nudi

1116 1779 1117 1786 κ
1142 1760 1372 1803 reperiemur.

1243 1811 1337 1845 llaec
1361 1813 1452 1846 dicta
1478 1814 1584 1848 simul
1607 1816 1799 1849 ostendunt
1822 1823 1985 1859 oportere
2010 1817 2046 1849 in
2072 1815 2137 1852 bac

1142 1864 1212 1896 vita
1234 1863 1369 1897 incoari
1388 1866 1721 1902 sanctificationum,
1751 1873 1784 1900 et
1800 1874 1894 1899 certo
1916 1868 2036 1901 beatos
2052 1881 2136 1908 esse,

1142 1916 1202 1960 qui
1222 1915 1258 1947 in
1280 1913 1344 1948 bac
1365 1917 1433 1949 vita
1451 1918 1494 1950 ad
1516 1916 1629 1951 Deum
1652 1918 1811 1951 conversi
1838 1926 1917 1952 sunt
1946 1931 2024 1952 vera
2052 1933 2136 1964 poe-

1143 1966 1293 2000 nitentia
1314 1974 1345 2000 et
1362 1968 1448 2006 fide,
1468 1970 1555 2002 etin
1577 1981 1688 2012 agone
1708 1970 1961 2014 poenitentiam
1981 1978 2012 2004 et
2031 1972 2136 2004 fidem

1143 2018 1319 2058 retinent,
1363 2020 1456 2051 iuxta
1483 2020 1541 2053 illa
1573 2022 1664 2054 dicta
1705 2019 1829 2054 luban.
1859 2022 1913 2055 6.;
1956 2020 2050 2054 llaec
2082 2030 2132 2057 est

1118 2095 1119 2098 η
1144 2069 1310 2104 voluntas
1328 2070 1411 2107 Dei,
1448 2078 1481 2104 ut
1500 2072 1615 2105 omnis
1631 2072 1691 2117 qui
1715 2073 1824 2106 credit
1851 2073 1887 2105 iu
1913 2073 2044 2114 filium,
2073 2072 2137 2107 ba-

100 2277 205 2315 siam,
241 2290 328 2322 quae
354 2279 396 2310 sit
423 2277 544 2319 politia
570 2276 883 2321 tranquillissima,
920 2274 1094 2309 honestis·
1119 2284 1120 2287 ’

102 2329 188 2362 sima
204 2357 211 2368 ,
233 2336 265 2361 et
283 2328 548 2362 officiosissima.
594 2327 662 2362 Sed
679 2340 717 2361 ex
739 2340 821 2360 voce
840 2327 959 2360 divina
978 2327 1094 2360 scien-

101 2381 186 2413 dum
205 2388 272 2419 est,
301 2380 396 2412 aliud
417 2391 488 2412 esse
504 2378 715 2420 Ecclesiam,
751 2387 783 2412 et
808 2379 903 2411 aliud
932 2376 1096 2424 hospitia,
1120 2397 1122 2425 χ

103 2431 236 2464 scilicet
255 2431 406 2475 politias,
425 2432 459 2463 in
478 2431 608 2476 quibus
627 2431 771 2475 plurimi
791 2431 903 2475 palam
923 2438 1003 2463 suut
1030 2428 1096 2463 ho-

104 2489 172 2516 stes
190 2480 375 2525 Evangelii
397 2490 429 2516 et
444 2480 634 2517 Ecclesiae.
689 2481 827 2515 Deinde
852 2482 923 2526 ipsa
944 2481 1097 2515 Ecclesia

1120 2439 1123 2470 ἓ

1120 2473 1124 2533 ὶ

104 2534 258 2567 visibilis
279 2533 313 2565 in
334 2531 396 2567 hac
416 2534 486 2566 vita
504 2540 551 2566 est
580 2541 699 2566 coetus
728 2534 902 2567 bonorum
929 2540 961 2566 et
987 2533 1096 2566 malo-
1120 2547 1124 2582 ι’

104 2597 204 2626 rum,
238 2592 278 2618 ut
302 2585 485 2618 manifeste
510 2585 636 2617 docent
661 2586 753 2618 dicta
778 2583 934 2625 Christi,
970 2582 1098 2618 Mattb.
1121 2596 1124 2630 ζ

1118 2136 1119 2143 ¹
1144 2122 1223 2154 beat
1249 2122 1357 2154 vitam
1383 2129 1572 2157 aeternam.

1636 2123 1743 2164 Item,
1772 2122 1847 2159 lob.
1868 2123 1941 2159 17.:
1971 2124 2065 2159 Ilaec
2082 2133 2133 2160 est

1145 2173 1215 2206 vita
1244 2180 1404 2212 aeterna,
1443 2181 1479 2207 nt
1507 2183 1697 2218 agnoscant
1721 2183 1753 2208 te
1782 2188 1904 2209 verum
1929 2174 2067 2217 Deum,
2102 2184 2135 2210 et

1145 2236 1248 2267 quem
1278 2225 1402 2257 misisti
1439 2226 1549 2259 lesum
1584 2239 1654 2259 esse
1678 2225 1872 2262 Christum.
1928 2226 2023 2260 llaec
2052 2229 2137 2261 sim—

1148 2275 1224 2317 plex
1259 2277 1495 2311 consideratio
1530 2290 1609 2311 vera
1635 2286 1702 2317 est,
1745 2285 1776 2312 et
1805 2279 1903 2312 utilis
1936 2279 2002 2322 piis
2036 2292 2136 2313 meu—

1145 2325 1252 2360 tibus.

1251 2377 1436 2412 Caeterum
1458 2379 1541 2412 alibi
1563 2391 1663 2422 saepe
1680 2381 1813 2413 dictum
1833 2388 1903 2422 est,
1926 2393 2065 2414 causam
2084 2394 2137 2414 re-

1147 2430 1371 2476 probationis
1389 2441 1462 2462 esse
1479 2437 1656 2476 peccatum
1676 2431 1711 2463 in
1730 2432 1799 2464 illis
1817 2432 1919 2476 ipsis,
1938 2445 2025 2478 quos
2044 2432 2138 2466 Deus

1148 2494 1221 2515 non
1238 2481 1342 2523 elegit
1359 2482 1402 2513 ad
1422 2482 1588 2520 salutem,
1617 2489 1738 2515 contra
1758 2494 1841 2516 vero
1857 2483 2039 2517 electionis
2055 2496 2136 2517 cau-

1149 2545 1220 2567 sam
1239 2545 1312 2565 esse
1330 2544 1552 2577 nequaquam
1569 2540 1688 2566 nostra
1703 2535 1837 2575 merita,
1854 2536 1911 2568 sed
1934 2534 2132 2568 misericor-

1149 2585 1263 2623 diam,
1305 2596 1373 2629 qua
1400 2590 1544 2627 propter
1573 2584 1684 2616 fitium
1710 2586 1971 2629 deprecatorem
2000 2593 2033 2619 et
2065 2598 2137 2619 me-

105 2636 181 2670 13.:
210 2635 334 2670 Simile,
350 2643 401 2670 est
414 2647 564 2679 regnum
582 2636 759 2669 coelorum
779 2648 925 2680 sagenae
942 2642 1006 2671 etc.
1053 2634 1099 2669 Et
1121 2634 1125 2676 ἶ
1149 2636 1320 2669 diatorem
1340 2634 1509 2668 divinitas
1526 2636 1650 2678 recipit
1668 2635 1768 2673 illos,
1796 2637 1856 2681 qui
1875 2636 1964 2670 fiunt
1981 2638 2136 2670 membra

102 2688 140 2721 in
167 2686 233 2721 hac
259 2688 331 2732 ipsa
358 2686 520 2730 Epistola
544 2688 587 2720 ad
613 2685 844 2722 Timotheum
869 2687 1018 2722 dIcitnr:
1057 2686 1097 2720 ln
1121 2679 1124 2722 Ι
1149 2686 1374 2727 mediatoris,
1415 2698 1494 2719 curn
1522 2687 1622 2722 tracti
1652 2700 1735 2721 voce
1760 2686 1945 2732 Evangelii
1972 2688 2039 2721 fide
2062 2700 2137 2722 am-

157 2739 339 2772 ΜειΛυτιι.
371 2742 472 2773 Oeta.
500 2741 581 2772 Voi..
613 2740 690 2771 XV.

1193 2737 1241 2771 88
