2415 2942
36 0 44 50 i

36 54 43 75 «⁸⁴

36 130 41 143 Ι

36 155 42 168 2

65 133 139 169 265

468 132 548 167 XII.

167 217 226 252 Sic
243 217 342 262 impii
361 216 586 262 prophetant,
614 219 647 251 id
667 225 728 259 est,
756 218 887 251 malum
906 226 1058 261 struunt,

65 270 161 314 quod
194 269 233 302 fit
267 269 394 302 modus
425 270 468 302 ad
501 270 694 312 gloriosum
726 269 877 307 exitum,
913 276 951 302 nt
976 282 1055 302 cum

33 310 35 330 ³
64 317 280 363 Achitophel
298 320 448 353 dedisset
463 320 653 354 consilium
669 319 756 353 utile
765 319 951 360 Absoloni‚
980 320 1056 353 Ab·

64 371 165 404 solon
191 377 309 403 tamen
327 371 513 404 consilium
533 371 725 415 speciosum
743 368 873 403 Chusai
893 371 1053 409 antefert,

63 434 134 466 quo
165 421 318 465 spatium
343 422 514 455 concessit
536 422 628 465 patri
653 420 783 454 Davidi
806 422 847 453 ad
873 428 1051 464 receptum

62 473 327 517 quaerendum,
357 473 571 516 colligendas
596 471 713 516 copias
730 477 761 504 et
778 472 971 515 parandam
992 473 1052 505 de-

62 523 269 558 fensionem.
324 522 373 556 lta
393 522 554 556 Absolon
579 533 700 555 errans
725 533 764 554 eo
788 522 864 565 ipso
890 523 1051 564 consilio,

63 575 156 619 quod
176 580 273 618 putat
291 585 362 606 esse
379 574 590 607 tutissimum
607 574 649 606 ad
669 573 887 616 perdendum
907 581 1051 617 patrem,

62 632 173 657 servat
197 636 288 658 enm.
342 623 419 657 Hoc
436 624 631 668 exemplum
650 630 815 663 testatur,
844 623 956 657 Deum
977 637 1051 657 me-

61 681 112 707 tas
136 675 349 707 constituere
375 681 407 707 et
433 674 615 712 saevitiae,
653 681 684 707 et
708 674 865 707 consiliis
892 672 1048 708 hostium

58 723 254 769 Ecclesiae,
282 737 325 758 ne
342 725 475 770 possint
493 737 619 758 nocere
637 731 808 771 quantum
830 726 968 762 volunt.

418 852 553 905 Caput
600 852 700 893 XII.

312 933 404 968 Ante
427 946 493 968 sea:
518 932 593 967 dies
616 923 798 970 Paschae.

159 1010 274 1045 Series
300 1011 544 1043 narrationum
569 1010 752 1044 manifeste
775 1010 946 1048 ostendit,
979 1009 1048 1043 La-

58 1075 136 1096 zaro
162 1069 301 1095 mortuo
327 1061 522 1094 restitutam
541 1073 612 1094 esse
631 1062 737 1094 vitam
757 1068 837 1094 ante
856 1062 949 1094 diem
967 1060 1048 1093 Pal-

57 1125 206 1147 marum.
258 1111 361 1145 Nunc
385 1112 478 1144 enim
503 1111 658 1144 Sabbato
685 1119 766 1144 ante
790 1112 883 1144 diem
908 1110 1048 1144 Palma-

56 1177 135 1197 rum
167 1163 204 1195 in
230 1161 425 1203 Bethania,
460 1161 613 1194 Lazarus
644 1174 765 1195 recens
793 1168 975 1195 revocatus
1008 1162 1044 1194 in

55 1215 175 1252 vitam,
205 1213 379 1246 accumbit
398 1224 537 1244 mensae
553 1219 585 1245 et
602 1213 766 1245 convivio
777 1211 921 1250 Christi,
950 1214 1044 1256 quod

57 1277 98 1298 eo
125 1270 308 1303 narratur,
336 1271 374 1296 ut
397 1263 637 1296 testimonium
667 1270 756 1297 extet
781 1264 824 1296 de
841 1276 920 1296 vera
943 1263 1042 1295 resti-

57 1316 194 1349 tutione
226 1315 317 1346 vitae
340 1313 481 1352 Lazari,
513 1325 558 1345 ne
592 1313 670 1357 quis
702 1314 875 1347 existimet
899 1326 977 1345 enm
1007 1320 1043 1346 ut

55 1373 231 1413 spectrum
276 1364 383 1396 semel
422 1361 636 1404 exhibitum,
689 1371 806 1407 postea
847 1365 1042 1396 evanuisse.

55 1416 130 1449 lmo
155 1413 240 1448 haec
259 1415 350 1451 vita,
378 1425 458 1446 vera
477 1421 508 1446 et
525 1414 692 1447 diuturna
711 1421 787 1457 post
805 1415 1042 1447 resuscitatio-

53 1478 134 1500 nem
164 1465 248 1503 fuit,
280 1477 319 1497 ac
350 1471 496 1497 narrant
525 1462 692 1497 historiae
725 1472 802 1509 post
828 1465 1039 1497 divisionem

53 1516 321 1561 Apostolorum,
348 1527 426 1548 cum
444 1515 503 1547 alii
519 1515 681 1559 discipuli
699 1516 735 1548 in
752 1516 818 1548 alia
838 1516 911 1548 loca
921 1514 1040 1549 Evan-

53 1569 182 1612 gelium
210 1566 394 1606 afferrent,
418 1565 590 1598 Lazarum
615 1566 751 1599 venisse
777 1566 973 1599 Massiliam
997 1567 1039 1598 ad

53 1620 136 1653 litus
155 1617 354 1656 Gallicum,
385 1623 416 1649 et
435 1616 484 1648 ibi
502 1615 737 1659 Evangelium
755 1618 925 1650 docuisse.

152 1677 336 1711 Caeterum
357 1684 389 1709 et
407 1673 473 1709 hoc
492 1677 709 1720 disputatur,
738 1689 781 1709 an
801 1677 936 1710 diversa
955 1689 1039 1709 con-

51 1728 143 1762 vivia
169 1729 206 1760 in
230 1724 402 1759 Bethania
427 1727 573 1759 recitent
597 1725 862 1770 Evangelistae,
890 1729 950 1760 etsi
975 1726 1039 1760 liae

51 1778 418 1826 quaestiones'magis
457 1777 613 1809 curiosae
647 1785 746 1817 sunt,
785 1790 889 1822 quam
922 1779 1038 1821 utiles,

52 1839 164 1864 tamen
189 1836 227 1862 ut
253 1840 308 1860 eas
335 1828 486 1859 breviter
510 1829 736 1871 abrumpam,
763 1840 874 1860 meam
898 1829 1038 1872 opinio-

52 1892 131 1914 nem
163 1880 296 1921 dicam‚
331 1878 491 1911 existimo
527 1879 663 1910 diversa
696 1879 858 1912 convivia
887 1880 1037 1920 recitari,

51 1931 199 1965 loannes
222 1939 339 1963 narrat
366 1929 569 1961 convivium
596 1929 681 1961 sexti
709 1930 776 1961 diei
797 1937 876 1962 ante
894 1929 1038 1970 Pascha,

51 1979 252 2016 Matthaeus
290 1979 491 2012 convivium
533 1980 627 2012 tertii
666 1980 735 2012 diei
776 1987 855 2013 ante
893 1978 1036 2015 Pascha.

49 2033 144 2067 Haec
160 2030 249 2065 nihil
271 2029 401 2064 habent
420 2030 576 2066 absurdi,

151 2091 218 2125 Sed
240 2090 392 2123 officinm
404 2088 541 2121 Mariae
560 2089 690 2121 sororis
707 2088 846 2130 Lazari,
877 2097 908 2122 et
927 2090 1036 2132 signi-

49 2142 245 2176 ficationem
271 2140 461 2172 videamus.
514 2138 628 2171 Maria
654 2140 753 2183 ungit
774 2142 876 2183 pedes
891 2138 1035 2181 Christi,

48 2195 82 2228 id
107 2192 173 2226 fuit
199 2191 364 2224 usitatum
392 2190 442 2221 illi
467 2190 579 2232 genti,
608 2191 642 2222 in
666 2203 732 2235 qua
752 2198 784 2224 et
801 2192 1036 2224 nascebantur

47 2250 200 2279 aromata
231 2241 527 2284 fragrantissima,
559 2248 591 2273 et
622 2253 768 2284 magnus
799 2254 921 2275 eorum
952 2254 1034 2275 nsns

49 2302 132 2330 erat.
188 2292 307 2325 Voluit
328 2292 418 2323 enim
441 2291 533 2324 Deus
551 2303 652 2324 sunm
670 2293 839 2335 populum
860 2293 1034 2326 instruere

48 2344 288 2391 praesentibus
304 2342 467 2375 remediis
486 2343 651 2374 adversus
670 2344 834 2383 vulnera,
863 2356 940 2376 cum
960 2345 1034 2376 vel—

47 2399 95 2431 let
110 2408 181 2430 esse
197 2395 335 2433 milites,
364 2400 395 2426 et
410 2395 577 2426 adversus
593 2394 778 2433 languores
795 2394 922 2434 cordis,
946 2407 1032 2439 quos

50 2448 219 2480 sustinent
250 2445 383 2478 onerati
418 2444 521 2479 curis.
598 2443 808 2488 Priusquam
838 2451 954 2478 autem
989 2446 1033 2479 de

50 2498 300 2541 significatione
330 2495 463 2536 dicam,
502 2495 598 2538 prius
628 2496 670 2527 (le
698 2496 774 2539 ipso
799 2507 924 2538 genere
948 2508 1028 2540 ope-

48 2560 125 2582 rum
155 2548 340 2580 dicendum
367 2553 427 2579 est.
489 2543 756 2590 Reprehensum
783 2554 832 2580 est
854 2544 919 2579 hoc
943 2559 1030 2591 opus

47 2598 202 2638 Mariae,
235 2605 268 2630 et
298 2597 423 2630 similia
456 2609 561 2640 opera
590 2597 738 2629 aliarum
764 2598 903 2630 dnobus
925 2610 1029 2642 argu-

47 2650 193 2689 mentis,
220 2660 366 2693 quorum
385 2648 538 2691 primum
558 2655 625 2686 est,
654 2655 790 2681 tantum
809 2660 913 2692 opera
929 2661 1030 2682 man-

48 2703 127 2735 data
151 2712 168 2733 a
195 2698 269 2733 Deo
294 2700 451 2732 facienda
480 2705 579 2740 sunt,
615 2697 699 2732 haec
723 2699 843 2732 unctio
866 2711 938 2733 non
962 2701 1030 2735 fuit
1053 2737 1055 2740 ,

601 130 901 168 ΕΝΑΡιΓιᾹΤΙΟ
929 132 978 168 IN
1006 131 1188 171 EVANG.
1218 132 1430 171 IOANNIS.
1484 135 1588 172 CAP.
1618 137 1699 172 ΧΠ.

2028 143 2104 177 265

1110 221 1287 256 mandata.
1356 220 1436 255 Non
1472 223 1579 266 igitur
1604 225 1763 257 facienda
1796 225 1873 258 suit.
1938 223 2099 259 Alterum

1111 277 1177 303 est:
1214 270 1295 304 Non
1318 280 1399 306 sunt
1421 274 1601 307 faciendae
1626 276 1868 319 profusiones,
1894 278 2100 320 praesertim

1109 332 1188 353 cum
1218 322 1485 356 defraudatione
1511 337 1716 369 pauperum.
1771 326 1886 360 Maria
1915 328 2101 370 profundit

1107 378 1348 413 unguentum,
1377 375 1470 417 quod
1496 376 1611 418 potnit
1628 378 1732 410 vendi
1751 378 1914 411 trecentis
1932 378 2101 420 denariis,

1106 420 1140 453 id
1159 428 1225 461 est,
1253 422 1395 464 triginta
1414 426 1608 466 coronatis,
1636 429 1730 459 unde
1746 428 1870 461 melius
1888 435 1960 461 erat
1976 428 2098 462 iuvare

1106 483 1295 516 paupereS,
1323 473 1399 507 iure
1415 474 1522 517 igitur
1539 475 1825 520 reprehenditur.

1206 538 1262 573 Ad
1289 541 1444 584 primum
1470 545 1684 586 responden,
1719 557 1757 578 ac
1780 547 1933 588 primum
1960 549 2001 580 ad
2030 549 2097 580 mi-

1104 601 1226 622 norem
1259 592 1355 624 dico:
1389 591 1467 626 Hoc
1496 606 1583 637 opus
1613 595 1719 628 fuisse
1743 609 1831 639 opus
1857 599 2098 639 confessionis,

1104 652 1173 685 quo
1192 640 1307 674 BIaria
1332 643 1510 677 testificata
1537 652 1585 677 est
1611 657 1645 677 se
1671 644 1765 679 hunc
1790 648 1968 680 doctorem
1988 661 2096 681 vene-

1103 691 1195 732 rari,
1223 698 1253 724 et
1281 693 1311 725 ei
1338 695 1498 735 credere,
1526 708 1603 727 cum
1630 697 1773 740 quidem
1797 698 1898 730 toties
1916 700 1983 730 iam
2005 711 2097 731 asse-

1105 749 1271 782 verasset,
1299 755 1334 775 se
1353 756 1425 777 esse
1444 744 1631 786 Messiam‚
1656 754 1687 780 et
1708 755 1890 792 propterea
1910 748 2096 782 Pontifices

1103 804 1182 826 eum
1205 793 1329 827 tollere
1354 805 1532 838 cuperent.
1586 794 1720 830 Omnia
1746 806 1861 831 autem
1883 812 1986 843 opera
2011 812 2096 832 con-

1102 844 1263 876 fessionis
1281 857 1353 878 non
1370 846 1553 880 simulatae
1571 848 1709 891 placent
1724 848 1818 892 Deo,
1847 857 1990 894 propter
2008 863 2095 883 con-

1102 894 1309 936 fessionem,
1337 903 1371 930 et
1396 897 1433 929 in
1455 909 1581 940 genere
1605 901 1770 932 mandata
1796 907 1889 935 sunt.
1946 900 1995 933 Ita
2017 902 2093 944 pla-

1103 952 1155 978 cet
1178 943 1244 978 hoc
1267 958 1374 990 opus,
1399 960 1472 980 non
1491 960 1529 981 ex
1547 961 1653 991 opere
1672 957 1815 993 operato
1829 978 1837 991 ,
1865 952 1922 984 sed
1943 952 2024 995 quia
2043 959 2093 985 est

1101 996 1343 1030 testimonium
1369 999 1616 1039 confessionis,
1644 1002 1796 1034 ostendit
1818 1002 1910 1034 enim
1930 1003 2028 1038 aliis,
2057 1014 2093 1035 se

1101 1047 1241 1080 credere
1266 1045 1348 1080 huic
1375 1049 1529 1089 doctori,
1557 1057 1589 1083 et
1615 1052 1770 1094 profiteri
1796 1064 1873 1084 enm
1901 1064 1973 1085 esse
1995 1052 2093 1086 Mes-

1100 1097 1197 1129 siam.
1251 1097 1309 1131 Sic
1327 1098 1438 1131 David
1462 1100 1611 1134 faciebat
1626 1113 1714 1144 opus
1731 1103 1982 1145 confessionis,
2010 1116 2089 1136 cnm

1099 1154 1180 1181 ante
1204 1160 1318 1181 arcam
1343 1150 1507 1183 incedens
1529 1151 1665 1185 luderet
1686 1150 1832 1186 cithara.
1885 1152 1956 1186 Nec
1973 1152 2090 1186 David

1098 1205 1158 1231 aut
1188 1196 1273 1232 haec
1301 1200 1430 1232 mulier
1458 1201 1594 1234 addunt
1627 1202 1853 1246 opinionem,
1894 1205 1988 1247 qnod
2022 1201 2090 1237 hoc

1098 1260 1185 1292 opus
1200 1257 1382 1282 externum
1400 1258 1578 1285 mereatur
1593 1253 1836 1286 remissionem
1856 1261 2089 1297 peccatorum,

1097 1305 1157 1331 aut
1176 1311 1238 1342 per
1254 1311 1326 1332 sese
1343 1300 1386 1334 sit
1403 1302 1518 1335 cultus
1534 1301 1619 1343 Dei,
1647 1305 1705 1336 sed
1724 1305 1878 1336 animam
1899 1306 2013 1348 operis
2031 1305 2088 1337 in-

1097 1349 1261 1392 telligunt
1286 1362 1358 1383 esse
1379 1353 1652 1392 confessionem,
1677 1362 1711 1387 et
1736 1352 1824 1387 hanc
1841 1354 1915 1387 Deo
1939 1356 2089 1403 placere,

1097 1400 1189 1433 iuxta
1212 1401 1318 1434 iliud:
1348 1401 1420 1444 Qui
1441 1404 1617 1437 coufessus
1637 1405 1743 1438 suerit
1759 1417 1815 1438 me
1833 1418 1948 1438 coram
1971 1404 2088 1438 homi-

1097 1451 1220 1491 nibus,
1247 1451 1348 1484 illum
1365 1453 1561 1487 confitebor
1579 1467 1694 1487 coram
1713 1462 1809 1499 patre
1824 1469 1902 1489 meo
1920 1457 2073 1490 coelesti.

1196 1517 1387 1563 Nunquam
1414 1527 1528 1554 autem
1554 1519 1739 1556 exhibetur
1756 1524 1928 1557 confessio
1947 1524 1982 1556 in
2000 1537 2084 1569 ope-

1094 1569 1192 1602 ribus
1228 1568 1436 1612 prohibitis,
1480 1572 1551 1605 imo
1587 1573 1718 1606 faciens
1754 1572 1934 1617 prohibita
1965 1588 2084 1618 opera,

1094 1621 1248 1653 ostendit
1273 1632 1307 1653 se
1333 1633 1406 1653 non
1431 1623 1591 1655 venerari
1612 1623 1745 1663 Deum,
1774 1626 1832 1657 sed
1854 1625 1969 1668 potius
1988 1626 2082 1659 indi-

1094 1670 1184 1703 rium
1209 1671 1283 1703 eius
1306 1679 1548 1714 contemnere,
1575 1673 1665 1708 sicut
1691 1686 1763 1707 non
1782 1683 1863 1708 sunt
1881 1676 1977 1718 signa
1996 1689 2082 1709 con-

1092 1721 1253 1754 fessionis
1291 1723 1515 1756 adorationes
1544 1731 1758 1765 statuarum,
1800 1726 2080 1769 circumgestatio

1093 1772 1214 1815 panis,
1247 1773 1414 1806 sacrificia
1446 1773 1654 1813 Missarum,
1689 1783 1726 1808 nt
1756 1788 1852 1809 nnnc
1882 1777 1941 1810 illa
1974 1790 2080 1824 opera

1092 1823 1236 1866 quidam
1265 1832 1441 1859 excusant.
1509 1824 1601 1859 Sunt
1626 1826 1719 1858 enim
1745 1827 1857 1870 reipsa
1881 1826 2081 1871 prohibitae

1092 1884 1163 1912 reS‚
1197 1886 1236 1907 ac
1267 1886 1311 1906 ne
1345 1875 1432 1908 fiunt
1464 1876 1605 1920 quidem
1632 1875 1695 1910 hac
1723 1878 1910 1920 opinione,
1947 1887 1985 1912 ut
2009 1881 2081 1913 sint

1091 1923 1188 1965 signa
1219 1925 1449 1958 confessionis
1481 1939 1583 1959 verae
1613 1928 1793 1961 doctrinae
1823 1927 1972 1969 Christi,
2018 1932 2079 1963 sed

1089 1973 1182 2007 fiunt
1206 1975 1474 2018 superstitione,
1503 1975 1568 2009 hoc
1592 1985 1659 2016 est,
1688 1979 1768 2023 quia
1797 1980 1869 2023 ipsa
1891 1993 1994 2024 opera
2018 1993 2078 2024 per

1091 2036 1161 2057 sese
1188 2033 1357 2069 putantur
1377 2039 1449 2059 esse
1468 2029 1589 2061 merita
1608 2035 1641 2062 et
1660 2031 1786 2063 cultus.
1840 2029 1936 2064 Hace
1953 2043 2078 2075 super-

1089 2076 1184 2108 stitio
1217 2089 1294 2109 cnm
1327 2079 1457 2111 accedit
1489 2079 1591 2112 etiam
1628 2079 1719 2112 bona
1752 2082 1927 2124 exempla,
1961 2089 2077 2115 tamen

1089 2126 1177 2160 fiunt
1207 2127 1350 2168 vitiosa,
1385 2135 1424 2161 ut
1450 2130 1559 2162 multa
1586 2130 1675 2163 finnt
1702 2131 1837 2164 vitiosa.
1896 2132 1933 2165 Si
1959 2130 2077 2165 Achas

1088 2184 1169 2210 ante
1195 2189 1309 2210 arcam
1335 2179 1490 2213 saltasset
1517 2181 1605 2213 sicut
1633 2179 1768 2220 David,
1801 2194 1839 2214 ac
1863 2189 2015 2226 putasset
2039 2196 2077 2216 se

1088 2225 1154 2260 hoc
1179 2240 1284 2272 opere
1308 2229 1480 2272 insignem
1506 2228 1676 2263 honorem
1696 2231 1771 2264 Deo
1795 2240 1989 2275 praestare,
2015 2242 2077 2268 ant

1087 2290 1175 2322 opus
1197 2279 1310 2323 ipsum
1334 2292 1498 2324 magnum
1527 2282 1688 2314 meritum
1714 2294 1805 2322 esse,
1831 2284 1951 2316 fuisset
1969 2285 2077 2318 inane

1086 2337 1119 2364 et
1137 2331 1418 2377 superstitiosum
1437 2333 1671 2375 spectaculum
1689 2331 1764 2366 Deo
1781 2333 1983 2378 displicens.

1187 2397 1338 2431 Econtra
1374 2410 1456 2431 vero
1490 2399 1601 2431 luceat
1633 2399 1805 2434 confessio
1838 2402 1875 2434 in
1905 2404 2075 2445 operibus

1085 2449 1296 2491 praeceptis,
1337 2456 1375 2481 ut
1406 2447 1622 2492 Prophetae,
1664 2449 1846 2494 Apostoli,
1884 2452 2074 2499 blan-tyres,

1085 2498 1133 2541 pii
1159 2500 1318 2532 doctores
1342 2500 1378 2531 in
1404 2500 1554 2533 taxando
1577 2500 1673 2533 cultu
1698 2501 1896 2544 idolorum,
1923 2511 1956 2537 et
1980 2506 2071 2537 tole-

1084 2550 1197 2582 rantia
1231 2551 1504 2593 suppliciorum,
1548 2551 1676 2593 singuli
1712 2552 1749 2585 in
1782 2566 1843 2586 sua
1876 2556 2074 2597 vocatione,

1084 2601 1339 2633 confessionem
1358 2612 1454 2633 suam
1472 2603 1714 2636 ostenderunt.
1769 2604 1881 2649 litque
1894 2612 1965 2639 erat
1981 2618 2072 2650 opus

1082 2652 1335 2691 necessarium,
1361 2652 1454 2694 qnod
1482 2652 1556 2684 sine
1583 2661 1718 2695 peccato
1738 2655 1899 2688 omittere
1917 2668 1989 2688 non
2007 2669 2071 2699 po-

1082 2708 1216 2744 terant,
1245 2714 1352 2747 quare
1375 2702 1412 2734 in
1431 2714 1469 2736 ea
1485 2714 1523 2736 re
1538 2705 1746 2738 cernebatur
1761 2718 1879 2739 corum
1899 2708 2072 2739 obedien-
