2415 2942
95 127 170 169 557

96 224 273 262 excerptae
300 228 456 250 summae
482 229 521 250 ex
548 216 627 250 Iure
648 217 834 258 canonico,
862 228 950 261 quae
975 218 1075 250 colli-

92 278 178 313 gunt
196 276 333 312 peccata
351 275 470 301 contra
491 268 696 302 traditiones
707 267 888 301 humanas.
918 267 1075 313 Utraque

92 332 145 353 res
175 327 225 353 est
250 319 405 360 infinita,
449 319 550 363 plena
578 331 736 352 errorum
765 326 798 352 et
821 319 1071 362 perplexitatis,

90 370 208 414 Quare
232 371 333 403 multi
362 370 446 403 boni
471 370 538 403 viri
554 377 633 404 ante
652 367 735 402 haec
754 376 910 413 tempora
929 376 1072 412 optave-

88 429 173 455 runt
190 421 471 454 emendationem
483 421 662 454 doctrinae
681 420 944 454 ecclesiasticae.
974 419 1071 463 Quid

88 474 181 517 quod
208 472 315 505 multa
334 479 414 505 sunt
433 471 612 512 idolatria,
639 483 743 516 quam
764 477 845 504 sunt
865 471 983 504 futiles
1000 471 1072 504 dis-

89 523 335 567 putationesin
347 530 469 568 quarto
480 522 749 556 sententiarum:
777 522 834 554 An
850 534 925 554 mus
943 523 1072 555 rodens

90 582 222 618 patrem
234 573 460 611 Sacramenti‚
485 574 585 606 rodat
603 571 909 616 corpusDomini'?
937 572 1069 606 Horre-

88 636 145 658 sco
157 625 322 658 referens.
348 624 399 658 lbi
413 624 500 657 illud
512 630 583 656 erat
594 624 827 656 monendum:
846 623 1070 657 Sacramenta

89 675 242 709 actiones
267 687 358 716 esse,
397 687 460 707 nec
483 674 675 718 spectacula
699 674 814 708 aliena
839 675 883 707 ab
910 675 1070 708 instituto

90 738 154 759 usu
171 726 392 760 Sacramenta
411 737 492 758 esse.
544 724 685 758 Possem
711 725 818 758 multa
841 726 997 769 exempla
1017 738 1071 758 re-

89 777 194 810 citare
227 777 380 810 sutilium
413 775 684 820 quaestionum,
725 776 785 809 sed
816 776 899 809 libri
929 783 1010 810 sunt
1035 777 1072 809 in

89 835 250 871 promtu,
276 827 335 872 qui
364 827 444 860 satis
467 827 677 867 ostendunt,
702 839 789 870 opus
810 828 916 860 fuisse
941 828 1071 861 doctri-

86 890 151 911 nae
169 878 427 912 emendatione.
469 876 581 910 Notus
597 885 648 911 est
666 875 792 911 Ovidii
810 879 1020 912 versiculus:

191 943 336 982 Quodque
360 952 466 981 parum
489 942 589 980 novit,
612 953 699 973 nemo
723 944 830 973 docere
854 949 965 982 potest.

85 1005 139 1038 Sit
163 1003 269 1047 igitur
305 1005 415 1048 prima
441 1016 524 1038 cura
556 1006 717 1039 docentis
743 1003 999 1049 Evangelfflm,
1034 1013 1073 1040 ut

85 1056 158 1099 ipse
182 1063 272 1090 recte
297 1063 411 1089 teneat
435 1068 608 1089 summam
635 1057 817 1089 doctrinae
840 1055 1073 1098 Christianae,

84 1120 124 1139 ex
152 1119 218 1151 qua
248 1107 376 1140 deinde
399 1107 529 1151 poterit
559 1107 685 1149 eligere
711 1108 811 1140 utilia
836 1109 878 1140 ad
905 1115 1073 1153 utrosque

84 1159 278 1199 docendos,
305 1159 348 1190 ad
373 1158 586 1190 erudiendos
610 1158 789 1199 rudiores,
818 1165 849 1192 et
877 1160 1072 1192 admonen-

83 1209 146 1241 dos
166 1220 204 1241 ac
230 1209 456 1251 corrigendos
480 1208 672 1252 sapientes,
700 1209 787 1242 sicut
806 1208 937 1243 Paulus
962 1210 1072 1243 corri-

84 1260 185 1302 gebat
202 1258 364 1300 Petrum,
392 1258 513 1292 Esaias
528 1256 736 1300 Ezechiam,
764 1266 828 1296 etc.

187 1325 344 1369 Quartus
375 1327 495 1367 locus,
541 1327 735 1359 consolatio
774 1333 843 1361 est:
886 1328 1070 1362 confirmat

83 1377 177 1410 enim
198 1388 261 1409 nos
279 1389 341 1409 suo
360 1377 536 1420 exemplo,
573 1377 757 1422 inquiens:
790 1376 869 1410 Non
889 1379 998 1422 pudet
1014 1391 1070 1412 me

81 1426 285 1470 Evangelii,
320 1439 363 1460 ne
386 1429 623 1460 deterreamur
645 1429 688 1460 ab
706 1425 901 1471 Evangelio
927 1429 1068 1463 iudiciis

80 1478 217 1511 mundi.
261 1476 408 1510 Etiamsi
434 1476 598 1522 Epicurei
623 1479 788 1513 derident
812 1491 875 1512 nos
897 1486 1066 1525 tanoquam

81 1535 252 1570 amentes,
294 1536 477 1572 propterea
511 1530 605 1574 quod
634 1527 866 1573 Evangelium
896 1532 1067 1565 sentimus

80 1592 153 1613 non
173 1592 244 1613 esse
270 1580 410 1612 inanem
436 1578 609 1614 fabulam:
637 1581 773 1614 etiamsi
792 1582 933 1627 tyranni
952 1589 983 1615 et
1002 1580 1067 1628 hy-

79 1631 234 1675 pocritae
260 1631 375 1663 delere
399 1643 528 1664 nomen
553 1629 685 1665 Christi
718 1632 852 1675 ingenti
877 1634 1066 1667 acerbitate

79 1682 331 1725 suppliciorum
357 1689 546 1722 conantur,
574 1688 690 1715 tamen
725 1694 798 1715 non
824 1682 982 1716 sinamus
1001 1695 1066 1717 nos

78 1731 235 1766 abstrahi
252 1733 295 1765 ab
313 1730 378 1765 hoc
396 1744 521 1775 genere
536 1733 736 1773 doctrinae,
764 1741 798 1768 et
816 1730 907 1767 hanc
931 1735 1066 1778 profes-

78 1784 213 1818 sionem
236 1783 386 1817 sciamus
410 1784 512 1816 nobis
535 1784 723 1827 gloriosam
749 1795 821 1816 esse
840 1796 956 1817 coram
976 1784 1064 1829 Deo,

79 1835 152 1868 filio
184 1834 283 1875 eius,
324 1834 391 1878 piis
430 1835 587 1878 angelis,
629 1841 663 1868 et
698 1833 854 1868 Ecclesia
888 1836 1064 1872 universa.

78 1884 175 1919 Haec
199 1885 329 1918 iudicia
355 1885 604 1929 respiciamus,
646 1893 676 1920 et
704 1885 853 1919 sciamus
875 1886 978 1920 nobis
1003 1899 1065 1931 per

79 1933 170 1969 hanc
193 1937 388 1970 doctrinam
414 1948 494 1969 vere
515 1934 672 1969 exhiberi
697 1937 865 1981 promissa
885 1938 1065 1980 beneficia,

78 1988 213 2022 scilibet
230 1987 550 2021 reconciliationem
566 1995 600 2021 et
617 1988 723 2021 vitam
741 1995 929 2022 aeternam.

182 2045 337 2088 Quintus
363 2046 482 2087 locus,
525 2053 575 2080 est
609 2046 747 2091 insigne
777 2054 809 2081 et
833 2048 1063 2083 memorabile

81 2096 231 2134 dictum,
259 2097 302 2129 de
318 2097 513 2131 ministerio
531 2098 646 2136 verbi,
676 2099 770 2144 quod
792 2098 958 2133 videlicet
974 2100 1062 2133 den-

81 2155 138 2180 tur
156 2146 312 2180 remissio
328 2154 567 2191 peccatorum,
596 2148 748 2192 Spiritus
764 2157 921 2191 sanctus,
950 2157 980 2184 et
1006 2151 1063 2184 in-

78 2198 190 2232 coatio
217 2198 306 2231 vitae
333 2204 510 2239 aeternae,
537 2210 597 2243 per
621 2211 739 2233 vocem
758 2199 943 2245 Evangelii
959 2202 1062 2235 audi-

78 2256 167 2290 tam,
195 2249 316 2282 lectam
330 2276 338 2289 ‚
366 2261 423 2282 seu
441 2249 637 2292 cogitatam.
690 2249 779 2284 Cum
799 2265 881 2285 voce
898 2251 1060 2295 Evange-

78 2300 115 2333 lii
132 2306 372 2334 sustentantur
388 2301 496 2333 animi
516 2301 551 2333 in
573 2301 778 2344 pavoribus,
807 2302 961 2347 Spiritus
981 2316 1060 2337 san-

79 2358 152 2384 ctus
178 2351 282 2384 simul
305 2357 353 2384 est
370 2352 505 2391 efficax,
532 2359 570 2386 ut
595 2352 686 2385 infra
710 2353 856 2386 dicitur:
891 2354 996 2388 Fides
1021 2368 1060 2388 ex

79 2402 200 2435 auditu
218 2409 279 2436 est.
335 2401 430 2436 Idem
457 2400 514 2436 hic
531 2403 656 2443 sentit,
683 2403 865 2449 inquiens:
893 2403 1058 2449 Evange-

79 2452 165 2485 lium
192 2460 240 2486 est
264 2454 421 2501 potentia
436 2452 501 2486 Dei
527 2454 740 2501 adysalutem
768 2455 866 2488 omni
891 2457 1059 2496 credenti,

82 2503 115 2535 id
134 2509 200 2543 est,
227 2512 276 2538 est
292 2505 565 2538 instrumentum
586 2517 647 2550 per
671 2506 766 2551 quod
785 2504 880 2540 Deus
908 2514 958 2541 est
983 2508 1057 2540 effi-

80 2566 158 2595 cax,
186 2555 244 2588 dat
262 2554 431 2599 Spiritum
450 2563 626 2597 sanctum,
654 2569 726 2590 non
751 2564 789 2590 ut
812 2558 949 2600 fingunt
965 2556 1056 2592 Pha-

78 2605 196 2643 risaei,
223 2617 261 2638 ex
279 2618 381 2650 opere
400 2614 561 2651 operato,
596 2608 672 2641 sine
692 2608 904 2651 cogitatione
919 2610 1057 2652 mentis,

78 2657 136 2689 sed
160 2655 255 2689 Deus
278 2657 374 2691 iubet
397 2659 463 2691 fide
487 2659 596 2703 accipi
613 2656 856 2703 Evan‘gelium.
910 2659 955 2694 Et
977 2673 1055 2695 cum

75 2707 198 2752 accipit
217 2719 333 2750 mens,
357 2708 509 2743 luctatur
524 2722 602 2743 cum
619 2711 809 2756 pavoribus
834 2717 866 2745 et
891 2711 1056 2746 diffiden-

296 123 396 167 xm.
448 132 484 167 2.
519 125 882 167 COMMENTARII
908 128 959 166 IN
986 122 1142 166 EPIST.
1169 120 1317 165 PAULI
1343 118 1410 164 ᾸΪ)
1436 124 1697 166 ROMANOS.

1755 125 1857 167 CAP.
1882 131 1910 171 I.
2039 133 2113 170 558

1131 215 1190 251 tia.
1258 213 1340 249 Ideo
1364 216 1407 249 ad
1434 214 1549 252 Galat.
1573 216 1722 252 dicitur:
1766 218 1813 254 Ut
1841 219 2111 264 promissionem

1127 266 1271 310 spiritus
1287 267 1498 311 accipiamus
1514 280 1576 312 per
1590 268 1704 302 fidem.
1757 269 1867 305 Addit
1885 278 2000 305 autem
2017 284 2114 305 sum-

1127 329 1219 349 mam
1237 315 1441 360 Evangelii,
1469 330 1557 362 quae
1580 325 1629 352 est
1648 321 1841 364 propositio
1865 322 1971 356 totius
1991 323 2113 366 dispu-

1127 367 1288 405 tationis,
1316 380 1403 411 quae
1418 369 1593 412 sequitur:
1623 368 1764 404 Iusticia
1782 371 1846 405 Dei
1865 373 1902 405 in
1919 385 1958 406 eo
1977 374 2111 406 revela-

1126 423 1185 450 tur
1210 429 1249 449 ex
1274 417 1343 450 fide
1368 418 1405 450 in
1430 417 1548 453 fidem.
1600 418 1695 453 Haec
1720 429 1769 455 est
1793 434 1927 456 summa
1950 425 2110 457 omnium

1125 468 1375 501 beneficiorum
1411 466 1555 502 Christi.
1631 469 1720 502 Nam
1757 474 1987 508 reconciliatis
2015 473 2111 508 Deus

1126 520 1239 557 adest,
1276 520 1384 552 donat
1411 530 1469 552 eos
1497 531 1588 552 nova
1612 519 1688 553 luce
1717 529 1750 555 et
1771 530 1908 556 aeterna
1931 525 2020 565 vita,
2053 537 2112 558 ex-

1125 570 1224 603 audit
1252 575 1283 602 et
1308 570 1466 602 defendit
1495 582 1553 602 eos
1578 570 1616 602 in
1647 572 1813 605 omnibus
1845 575 2113 612 calamitatibus,

1126 618 1245 662 Quare
1264 632 1341 653 cum
1360 621 1520 653 nominat
1539 621 1711 655 iusticiam
1728 621 1812 662 Dei,
1841 626 2040 669 complexus
2062 634 2113 660 est

1126 671 1244 703 omnia
1267 672 1434 704 beneficia
1457 669 1603 715 Christi.
1670 672 1781 706 Porro
1809 686 1917 717 genus
1941 679 2112 710 sermonis

1125 723 1347 756 observetur:
1396 721 1536 755 iusticia
1565 722 1653 761 Dei,
1688 723 1724 756 id
1751 731 1817 765 est,
1845 727 2034 771 acceptatio
2059 729 2113 760 di-

1126 773 1228 814 vina,
1257 786 1324 818 qua
1341 785 1405 806 nos
1422 773 1516 807 Deus
1533 774 1657 818 recipit
1678 781 1711 808 et
1731 777 1918 820 approbat,
1946 775 2030 811 haec
2052 790 2112 821 pa-

1126 824 1198 858 tefit
1214 825 1250 857 in
1267 823 1470 867 Evangelio.
1521 822 1655 870 Estque
1674 824 1858 860 antithesis
1882 830 2113 873 observanda,

1127 875 1226 920 quasi
1248 875 1356 908 dicat:
1385 874 1499 908 Antea
1524 875 1634 919 legem
1659 874 1814 919 habetis,
1850 879 1887 911 in
1911 892 1977 925 qua
1995 881 2114 924 patefit

1128 926 1264 959 iusticia
1289 926 1390 969 legis,
1432 927 1490 959 sed
1516 934 1658 970 propter
1681 928 1791 972 legem
1818 931 1978 963 nondum
2005 928 2114 963 habe-

1126 977 1216 1010 batis
1240 977 1414 1011 iusticiam
1439 975 1524 1015 Dei,
1566 977 1602 1010 id
1629 985 1701 1019 est,
1741 991 1816 1012 non
1848 981 1950 1015 eratis
1983 982 2113 1025 accepti

1126 1028 1216 1062 Deo.
1271 1026 1319 1061 At
1343 1028 1380 1060 in
1405 1026 1599 1071 Evangelio
1623 1030 1739 1073 patefit
1762 1031 1899 1065 iusticia
1925 1031 2010 1071 Dei,
2046 1030 2112 1066 hoc

1127 1086 1196 1119 est,
1224 1080 1438 1123 acceptatio,
1465 1091 1532 1123 qua
1553 1091 1648 1113 nunc
1670 1079 1766 1114 Deus
1792 1083 1892 1116 vobis
1914 1090 2007 1116 certo
2030 1095 2113 1127 pro-

1126 1130 1238 1174 picius
1256 1136 1324 1170 est,
1352 1130 1500 1163 remittit
1519 1137 1675 1173 peccata,
1702 1138 1734 1164 et
1753 1140 1893 1176 reputat
1909 1145 1970 1166 vos
1989 1134 2109 1168 iustos.

1128 1180 1210 1214 ideo
1229 1182 1402 1225 sequitur:
1431 1180 1555 1213 Patefit
1571 1193 1611 1213 ex
1636 1181 1703 1214 fide
1730 1182 1767 1214 in
1792 1184 1907 1219 fidem.
1964 1183 2002 1216 ld
2021 1197 2111 1229 quo-

1126 1244 1193 1276 que
1217 1232 1411 1275 opponitur
1433 1231 1590 1264 iusticiae
1617 1231 1722 1275 legis,
1769 1235 1868 1279 qnasi
1894 1236 2002 1269 dicat:
2041 1236 2112 1269 Lex

1125 1283 1270 1315 docebat
1295 1293 1366 1314 esse
1384 1282 1575 1321 iusticiam,
1605 1284 1799 1317 satisfacere
1825 1286 1908 1329 legi:
1945 1287 1993 1319 At
2017 1299 2112 1320 nune

1125 1333 1244 1376 patefit
1265 1333 1401 1366 iusticia
1422 1344 1461 1365 ex
1478 1334 1563 1373 fide,
1591 1334 1625 1366 id
1646 1342 1712 1375 est,
1740 1336 1874 1369 iusticia
1893 1349 1953 1380 per
1975 1338 2112 1370 miseri-

1123 1384 1279 1416 cordiam
1296 1383 1477 1426 imputata.
1530 1383 1618 1417 Nam
1636 1396 1712 1418 cum
1733 1388 1943 1421 vocabulum
1960 1388 2040 1421 fidei
2060 1389 2111 1421 le-

1122 1434 1260 1477 gimus,
1301 1434 1417 1467 statim
1452 1435 1569 1468 veniat
1594 1436 1629 1468 in
1665 1445 1816 1471 mentem
1851 1439 2111 1479 correlativum‚

1122 1486 1253 1519 scilicet
1277 1486 1515 1518 misericordia
1540 1487 1722 1533 promissa.
1789 1489 1912 1523 Sermo
1938 1489 2109 1523 Paulinus

1120 1537 1258 1570 redolet
1282 1534 1427 1581 phrasin
1451 1536 1657 1570 Ehraicam:
1708 1540 1808 1573 aliter
1833 1541 1926 1574 enim
1953 1541 2112 1587 loquitur

1121 1586 1263 1625 Cicero,
1290 1599 1368 1620 cum
1386 1588 1433 1620 ait
1453 1589 1494 1620 de
1511 1586 1673 1621 Caesare:
1711 1589 1896 1624 Dexteram
1922 1599 2017 1625 tuam
2043 1593 2111 1625 fide

1120 1644 1367 1681 praestantem.
1422 1637 1541 1680 Quare
1558 1637 1693 1682 phrasis
1710 1642 1746 1673 in
1764 1641 1874 1675 Paulo
1890 1643 2110 1676 observanda

1120 1695 1195 1729 est,
1238 1689 1299 1721 ubi
1331 1688 1415 1720 fides
1448 1689 1618 1732 significat
1651 1691 1813 1725 fiduciam
1848 1694 2109 1727 misericordiae

1120 1746 1264 1787 propter
1282 1738 1459 1773 Christum
1478 1740 1681 1784 promissae.
1742 1742 1861 1786 Quare
1887 1756 1965 1778 cum
1994 1745 2109 1778 nomi-

1120 1797 1179 1824 nat
1197 1790 1368 1823 iusticiam
1387 1791 1484 1831 fidei,
1511 1791 1676 1835 intelligit
1693 1793 1865 1828 iusticiam
1883 1789 1971 1840 quae
1991 1796 2108 1840 impu-

1118 1848 1213 1875 tatur
1229 1854 1291 1885 per
1316 1842 1605 1879 misericordiam.
1658 1843 1704 1878 Et
1725 1843 1815 1878 hanc
1835 1847 1982 1890 opponit
2006 1847 2108 1880 iusti-

1118 1893 1190 1926 ciae
1216 1892 1318 1937 legis,
1349 1905 1436 1938 quae
1461 1904 1532 1926 esse
1558 1895 1706 1929 debebat
1732 1897 1882 1940 perfecta
1905 1898 2105 1932 obedientia

1118 1944 1212 1977 iuxta
1237 1943 1361 1987 legem.
1436 1943 1538 1978 Hanc
1561 1953 1677 1980 autem
1705 1959 1782 1980 cum
1807 1960 1909 1982 nemo
1933 1956 2107 1993 praestare

1118 1995 1243 2040 possit,
1273 2007 1350 2028 cum
1370 1993 1453 2029 haec
1470 1996 1595 2029 misera
1621 2004 1744 2031 natura
1768 1996 1953 2033 hominurn
1979 2001 2022 2034 sit
2047 2013 2105 2034 ca-

1118 2046 1211 2091 ptiva
1238 2047 1385 2088 peccati,
1413 2047 1530 2091 patefit
1552 2047 1589 2080 in
1612 2046 1806 2092 Evangelio
1834 2062 1924 2083 nova
1953 2051 2102 2094 iusticia,

1116 2098 1249 2131 scilicet
1272 2098 1406 2131 iutsicia
1426 2098 1594 2142 imputata
1614 2112 1676 2143 per
1689 2101 1980 2135 misericordiam.
2033 2102 2103 2137 Sed

1116 2157 1233 2183 tamen
1259 2146 1348 2182 hanc
1378 2149 1464 2190 fide,
1499 2147 1566 2184 hoc
1590 2158 1656 2191 est,
1699 2153 1877 2195 agnitione
1912 2161 1942 2187 et
1974 2153 2102 2188 fiducia

1115 2198 1249 2234 Christi
1266 2200 1374 2244 accipi
1394 2208 1577 2244 opportet,
1604 2209 1643 2236 ut
1660 2202 1775 2247 inquit
1792 2201 1930 2236 Esaias:
1964 2203 2102 2239 Noticia

1115 2249 1247 2285 Christi
1267 2251 1468 2285 iustificabit
1485 2253 1632 2293 multos,
1659 2253 1756 2298 quasi
1773 2254 1884 2288 dicat:
1919 2253 2009 2289 Cum
2028 2256 2103 2299 lege

1116 2300 1278 2335 homines
1299 2314 1370 2335 nou
1396 2303 1465 2336 sint
1491 2303 1572 2336 iusti
1597 2315 1656 2337 seu
1676 2305 1806 2348 accepti
1832 2304 1923 2346 Deo,
1951 2308 2008 2339 sed
2037 2306 2101 2341 ha·

1116 2355 1220 2387 beant
1238 2361 1392 2397 peccata,
1420 2353 1514 2387 Deus
1532 2354 1605 2388 vult
1624 2356 1672 2388 eis
1693 2355 1740 2388 ita
1758 2356 1934 2390 remittere
1953 2366 2102 2401 peccata,

1116 2411 1148 2438 et
1166 2416 1236 2437 esse
1254 2404 1442 2449 propicius,
1467 2406 1494 2438 si
1513 2407 1720 2447 agnoverint
1738 2418 1816 2439 eum
1834 2403 1918 2440 haec
1932 2409 2098 2445 beneficia

1114 2456 1202 2488 velle
1225 2456 1404 2500 impertire
1427 2463 1568 2500 propter
1588 2457 1719 2498 filium,
1747 2457 1807 2502 qui
1832 2465 1881 2492 est
1905 2459 2045 2494 victima
2066 2469 2098 2496 et

1114 2508 1278 2551 placator.
1340 2507 1439 2541 Haec
1464 2514 1513 2541 est
1536 2508 1682 2551 simplex
1706 2515 1738 2542 et
1762 2508 1880 2543 nativa
1911 2513 2097 2547 enarratio.

1113 2558 1174 2592 Ait
1199 2566 1331 2592 autem:
1362 2556 1413 2591 Ex
1435 2558 1502 2591 fide
1526 2558 1562 2590 in
1588 2559 1711 2600 fidem,
1738 2559 1774 2592 id
1798 2566 1865 2600 est,
1900 2573 1940 2595 ex
1964 2563 2095 2608 imper-

1111 2610 1197 2643 fecta
1219 2610 1285 2642 fide
1305 2609 1341 2641 in
1367 2610 1620 2652 perfectiorem.
1673 2609 1796 2644 Patefit
1823 2611 1966 2656 quidem
1991 2615 2095 2648 mise-

1111 2661 1250 2704 cordia,
1290 2660 1346 2692 sed
1374 2672 1446 2693 non
1475 2661 1640 2694 omnibus
1667 2661 1858 2704 contingit,
1894 2665 1975 2709 quia
2001 2664 2095 2699 Deus

1110 2712 1186 2746 vult
1212 2723 1286 2745 eam
1317 2710 1384 2744 fide
1407 2711 1537 2757 accipi:
1581 2713 1640 2746 sed
1671 2724 1750 2747 curn
1775 2712 1878 2746 multi
1899 2715 2016 2750 nolint
2037 2728 2094 2750 ac-
