2415 2942
243 99 316 134 345

247 184 427 217 audiretur
444 188 515 213 toto
531 180 615 212 orbe
641 185 824 211 terrarum.

249 235 371 267 abiecti
398 231 548 265 ethnici,
585 229 643 273 qui
671 227 917 270 neglexerunt,
952 235 1012 261 aut
1037 235 1229 262 contemse-

251 291 332 317 rnnt
363 281 596 314 ministerium
621 277 804 321 Evangelii
827 279 870 310 de
894 279 1064 321 promisso
1097 278 1229 312 media-

251 343 335 367 tort·-

353 382 439 415 (tum
462 381 568 423 igitur
583 378 742 413 Christus
757 379 815 412 hic
831 379 931 411 dicit:
961 378 997 412 Si
1024 390 1094 411 non
1114 379 1228 412 venis-

253 446 322 467 sem
347 439 378 465 et
399 432 560 464 dixissem
586 432 652 470 eis,
679 431 837 475 loquitur
853 431 896 462 de
920 429 1080 462 universa
1098 431 1228 463 revela-

252 486 348 517 tione
373 481 574 523 Evangelii,
613 482 700 514 sacta
730 481 774 513 ab
799 481 900 513 initio
935 480 1069 512 mumli.
1129 480 1229 513 Ilanc

254 535 371 567 iudico
401 533 594 575 simplicem
618 532 884 575 explicationem
909 542 979 563 esse
1005 529 1108 563 liuius
1133 532 1227 564 dicti.

255 586 292 618 Si
311 597 381 617 nou
401 584 574 626 prolatum
590 590 677 615 esset
701 593 867 615 arcanum
886 580 951 614 Dei
977 582 1163 614 consilium
1189 583 1231 614 de

254 634 542 668 reconciliatione
563 646 601 666 ex
624 634 704 665 sinu
729 632 861 665 aeterni
891 632 1015 675 patris,
1058 645 1142 665 voce
1169 633 1229 664 filii

255 685 496 718 concionantis
521 685 564 716 ab
589 684 707 723 initio,
748 695 819 716 non
851 689 962 715 essent
994 683 1044 714 rei
1073 680 1233 715 homines

255 736 406 779 ignorati
443 734 637 777 Evangelii.
703 733 806 766 Nunc
835 731 1054 765 horribiliter
1079 734 1129 766 rei
1153 741 1233 767 sunt

256 798 377 820 omnes
395 785 526 827 ignari,
553 785 635 828 quia
659 791 691 817 et
709 784 897 816 revelatum
922 791 989 823 est,
1016 790 1047 815 et
1063 795 1162 827 saepe
1179 796 1233 816 re-

255 838 360 880 petita
378 844 428 869 est
446 836 610 868 revelatio
635 835 830 868 illustribus
853 833 1081 876 testimoniis,
1109 841 1142 866 et
1165 847 1233 878 quo

256 888 429 920 illustrior
460 893 508 918 est
546 886 726 918 revelatio:
762 884 893 928 (qualis
922 883 989 916 suit
1019 891 1118 923 tunc,
1155 897 1233 916 cum

257 939 329 980 ipse
342 935 504 969 Christus
523 942 671 968 assumta
690 932 842 966 humana
859 940 983 967 natura
1007 935 1234 968 concionatus

255 992 319 1028 est)
351 1000 390 1019 eo
420 987 559 1028 gravius
592 993 769 1028 peccatum
802 991 852 1017 est
875 986 1175 1018 contemnentium
1203 992 1235 1017 et

253 1037 526 1071 adversantium.
585 1036 804 1078 Augustinus
831 1036 880 1068 sic
905 1038 1109 1078 respondet:
1152 1035 1233 1069 Non

253 1087 423 1121 haberent
471 1085 537 1119 hoc
575 1088 769 1129 peccatum,
823 1086 954 1118 scilicet
986 1084 1235 1129 blasphemiae,

251 1140 320 1172 nisi
345 1139 490 1171 scientes
506 1137 737 1180 Evangeliuni
761 1135 826 1170 Dei
849 1148 968 1170 vocem
993 1148 1082 1179 esse,
1118 1144 1234 1171 tamen

253 1191 472 1223 damnarent.

388 1273 465 1320 Qui
482 1285 535 1306 me
555 1272 630 1307 odit
643 1302 651 1315 ,
680 1279 710 1307 e!
725 1278 866 1321 patrem
884 1286 1004 1309 meum
1021 1271 1107 1308 odit.

356 1341 393 1374 Si
413 1348 445 1373 et
462 1352 566 1383 supra
591 1354 663 1384 cap.
683 1340 717 1374 5.
747 1341 850 1374 dixit:
885 1341 957 1383 Qui
984 1353 1057 1373 non
1083 1339 1233 1374 honorat

252 1392 382 1430 filium,
412 1404 482 1424 non
509 1390 658 1424 honorat
682 1398 824 1434 patrem.
883 1390 957 1424 Hae
981 1393 1069 1424 duae
1096 1400 1234 1424 senten—

253 1443 320 1475 tiae
339 1442 604 1483 diligentissime
623 1443 862 1474 observandae
884 1448 977 1476 sunt.
1030 1441 1233 1475 Mousti-ant

253 1493 348 1524 enim
375 1493 561 1525 discrimen
597 1505 695 1524 serae
717 1493 897 1535 religionis
921 1499 952 1525 et
976 1493 1233 1525 commentitia—

252 1555 350 1581 rum,
383 1551 415 1574 et
441 1554 541 1575 verae
567 1543 800 1575 invocationis
823 1550 856 1576 et
879 1543 995 1577 falsae.
1057 1541 1175 1575 ludaei
1201 1551 1233 1576 et

252 1591 521 1626 Mahometistae
537 1593 733 1633 gloriantur
749 1605 783 1625 se
801 1605 911 1626 unum
928 1600 961 1625 et
979 1604 1099 1625 verum
1116 1594 1231 1625 Deum

253 1644 435 1681 invocare,
473 1644 690 1676 conditorem
722 1644 808 1676 coeli
837 1652 869 1676 et
894 1650 1024 1683 terrae,
1058 1650 1090 1676 et
1118 1642 1232 1676 homi-

252 1706 337 1726 num
367 1702 397 1725 et
423 1694 581 1726 omnium
610 1695 757 1726 aliarum
795 1701 1044 1727 creaturarum.
1099 1693 1173 1727 Imo
1200 1701 1233 1727 et

251 1744 408 1777 Platonis
437 1752 470 1777 et
496 1745 664 1777 similium
690 1745 848 1777 virorum
874 1752 1007 1778 mentes
1030 1756 1140 1777 unum
1165 1745 1231 1777 ali—

254 1807 357 1838 quem
375 1794 487 1827 Deum
515 1796 731 1827 conditorem
758 1795 941 1827 universae
966 1802 1111 1828 naturae
1136 1796 1231 1837 cogi-

253 1845 383 1880 tabant.
436 1845 503 1878 Sed
524 1843 605 1877 haec
623 1846 713 1878 dicta
730 1844 860 1878 Christi
880 1846 1043 1878 reiiciunt
1059 1846 1155 1878 illam
1175 1846 1231 1879 Iu-

837 90 961 125 P111L.
989 90 1104 126 MEL.
1132 90 1338 128 SCRIPTA
1365 92 1664 130 EXEGETICA.

252 1896 404 1935 daicam,
432 1894 705 1929 Mahometicam
724 1903 755 1928 et
773 1894 957 1929 Ethnicam
975 1897 1231 1939 cogitationem,
1256 1901 1259 1930 Γ

253 1949 312 1990 qui
331 1954 455 1987 negant
478 1944 571 1978 huuc
590 1958 668 1978 vere
683 1958 753 1978 esse
770 1945 884 1979 Deum
908 1948 1144 1987 conditorem,
1171 1948 1231 1991 qui

253 1997 350 2029 ’nisit
366 1997 475 2029 filium
494 2008 593 2028 sunm
612 1996 723 2030 lesum
741 1995 932 2032 Christum.
962 1998 1104 2030 illinon
1123 2008 1231 2040 agno-
1256 2019 1257 2024 ,

255 2054 374 2086 scunt,
402 2060 473 2080 non
492 2048 659 2080 inxocant
679 2060 799 2080 verum
817 2047 950 2087 Deum,
983 2049 1040 2080 sed
1067 2048 1231 2091 sculpunt

256 2098 322 2129 sibi
341 2110 470 2130 novum
489 2098 714 2130 simulacrum
735 2099 800 2130 Dei
814 2125 822 2136 ,
850 2105 882 2130 et
901 2110 917 2130 a
937 2110 1019 2130 vero
1037 2097 1111 2130 Deo
1129 2100 1230 2130 aber—

255 2155 344 2180 rant.
414 2147 613 2180 'l'eneamus
648 2148 754 2190 igitur
785 2149 971 2180 discrimen
1006 2148 1230 2190 religionum,

255 2211 317 2230 nec
335 2200 566 2230 concedamus
587 2198 721 2231 ludaeis
745 2206 775 2231 et
793 2196 1070 2238 Malioinetistis,
1098 2199 1162 2230 coli
1187 2200 1230 2231 ab

257 2249 304 2280 vis
321 2248 432 2281 Deum
453 2250 669 2282 conditorem
688 2250 773 2282 coeli
796 2257 827 2282 et
850 2256 980 2289 terrae,
1007 2250 1064 2281 sed
1091 2250 1230 2287 fingunt

257 2299 357 2331 iilum
370 2310 446 2331 esse
458 2298 582 2338 Deum,
609 2300 669 2344 qui
688 2301 856 2333 missurus
873 2300 918 2332 sit
934 2300 1042 2332 alium
1055 2299 1230 2340 Messian),

256 2349 312 2380 vel
331 2350 389 2392 <sii
417 2350 510 2382 misit
531 2347 784 2384 Mahometum.
837 2351 889 2382 Ac
915 2351 1146 2383 certissimum
1170 2360 1229 2390 est,

256 2397 497 2431 Jvlalioinetnm
515 2413 530 2432 a
548 2401 687 2433 diabolo
713 2401 857 2434 missum
881 2412 968 2439 esse,
997 2401 1077 2445 quia
1101 2399 1226 2433 Maho—

256 2450 338 2481 meti
357 2450 513 2482 doctrina
531 2463 648 2483 recens
665 2458 734 2491 est,
769 2463 928 2494 pugnans
951 2463 1029 2484 cum
1047 2450 1230 2495 Prophetis

255 2508 287 2533 et
305 2500 505 2543 Apostoli5‚
530 2508 566 2533 nt
592 2502 815 2535 manifestum
840 2509 898 2538 est.

254 2558 303 2583 est
324 2551 467 2593 impiam
489 2557 519 2583 vt
540 2552 746 2584 diabolicam
767 2565 848 2587 esse.

354 2601 500 2643 Semper
529 2602 631 2634 etiam
660 2602 695 2634 in
722 2603 944 2636 invocatione
979 2603 1228 2646 compellantes

251 2651 373 2692 Deum,
399 2652 590 2694 cogitemus
607 2649 700 2685 hunc
717 2651 831 2686 Deum
849 2654 1067 2687 conditorem
1087 2653 1173 2687 coeli
1194 2662 1226 2687 et

953 2502 1071 2545 Quare
1097 2509 1227 2535 certum
1254 2515 1255 2518 ¹

2186 96 2259 133 344

876 175 967 210 Sunt
992 177 1098 220 igitur
1121 177 1171 210 rei
1195 183 1230 210 et
1253 177 1259 204 l
1280 186 1410 220 terrae,
1438 180 1498 224 qni
1518 180 1612 214 misit.
1629 180 1740 214 filium
1759 192 1860 215 suum
1879 182 2069 216 Dominum
2094 188 2255 216 nostrum

1283 229 1395 263 lesum
1416 229 1618 271 Christum,
1656 239 1690 265 et
1714 243 1776 275 per
1804 232 1905 265 illum
1934 245 1969 266 se
1993 233 2153 277 patefecit
2176 233 2256 266 dato

1281 279 1484 323 Evangelio.
1547 280 1596 314 lta
1624 282 1776 325 primum
1793 283 2001 325 cogitemus,
2021 295 2122 328 quem
2133 281 2258 320 Deum,

1281 332 1341 365 ubi
1365 339 1398 365 et
1420 332 1597 376 quomodo
1623 333 1830 375 patefactum
1855 333 2094 378 alloquamur,
2130 333 2258 366 deinde

1282 382 1383 415 etiam
1402 383 1648 425 promissiones
1674 383 1776 416 nobis
1795 395 2050 426 proponamus,
2076 384 2113 416 in
2131 384 2261 428 quibus

1283 433 1429 466 affirmat
1447 444 1480 465 se
1498 433 1742 466 exauditurum
1768 444 1840 466 esse
1863 435 2083 472 invocantes,
2118 441 2262 478 propter

1284 484 1392 516 filium
1431 483 1669 517 mediatorem.
1737 483 1810 517 Has
1846 485 2074 527 cogitationes
2105 491 2138 518 et
2169 481 2260 516 hanc

1286 535 1387 567 fidem
1406 534 1531 566 afferre
1547 545 1610 566 nos
1627 535 1670 566 ad
1695 536 1906 577 precandum
1933 541 2079 582 oportet.
2135 533 2187 567 Ac
2210 541 2262 568 ta—

1286 586 1326 618 lis
1345 584 1518 617 invocatio
1544 585 1709 617 discernit
1728 596 1843 617 veram
1861 583 2051 618 Ecclesiam
2071 585 2114 618 ab
2131 582 2262 618 Ethni-

1284 637 1350 676 cis,
1393 635 1550 676 ludaeis,
1591 635 1718 669 Turcis
1751 636 2015 675 invocantibus,
2064 642 2098 669 et
2130 641 2181 670 est
2211 635 2262 668 ef-

1285 687 1379 722 ficax.

1386 739 1437 772 Ac
1455 738 1582 773 Psalm.
1603 738 1655 772 16.
1672 738 1719 770 sic
1742 737 1954 772 discernitur
1974 736 2128 771 Ecclesia
2148 747 2165 769 a
2185 746 2260 769 cae-

1286 789 1368 821 teris
1397 790 1571 831 gentibus.
1632 788 1853 822 Discernitur
1876 796 1907 822 et
1933 789 2107 821 invocatio
2131 797 2212 820 vera
2229 792 2262 819 et

1286 839 1424 879 efficax,
1451 852 1469 872 a
1492 840 1577 872 falsa
1605 846 1637 872 et
1664 840 1847 877 damnata,
1882 852 1960 872 cum
1987 840 2132 872 dicitur:
2172 836 2263 871 San-

1287 890 1349 922 ctis
1367 890 1425 934 qui
1447 897 1527 923 sunt
1547 890 1582 922 in
1602 896 1712 927 terra,
1741 897 1772 924 et
1792 890 2005 925 admirandis
2019 917 2027 929 ,
2061 887 2177 923 omnis
2198 899 2262 920 vo-

1287 939 1401 972 luntas
1421 953 1493 973 mea
1513 941 1549 972 in
1568 941 1634 978 eis,
1663 941 1696 972 id
1716 947 1783 980 est,
1819 939 1893 983 Ego
1909 938 2069 973 Christus
2093 944 2260 983 perpetuo

1288 991 1395 1032 diligo
1414 991 1538 1031 iustos,
1566 992 1601 1023 id
1628 998 1697 1030 est,
1725 998 1860 1024 coetum
1886 992 1945 1036 qui
1970 1004 2023 1022 me
2049 990 2167 1028 audit,
2206 985 2261 1020 his

1288 1041 1431 1073 consulo
1460 1038 1525 1073 hac
1552 1053 1628 1073 mea
1654 1041 1832 1084 passione,
1872 1053 1992 1074 omnes
2025 1041 2093 1073 mei
2115 1040 2262 1076 labores,

1287 1092 1406 1124 omnia
1424 1103 1498 1123 mea
1516 1091 1628 1124 officia
1654 1092 1697 1123 ad
1721 1089 1787 1123 hoc
1808 1092 1976 1124 destinata
1998 1097 2100 1130 sunt,
2131 1096 2170 1123 ut
2193 1088 2263 1120 illis

1288 1154 1388 1185 opem
1405 1142 1527 1175 serant.
1562 1140 1634 1173 Nos
1649 1141 1752 1174 stulte
1769 1142 1959 1183 cogitamus
1975 1140 2154 1174 Christum
2170 1139 2263 1172 otio-

1287 1205 1363 1225 sum
1383 1191 1510 1225 alicubi
1528 1192 1664 1232 sedere,
1691 1203 1729 1224 ac
1746 1191 1812 1224 sibi
1829 1192 1969 1224 beatum
1989 1203 2071 1226 esse.
2106 1190 2173 1223 Hic
2192 1190 2261 1222 cla-

1288 1244 1387 1276 mitat
1411 1254 1446 1275 se
1470 1255 1534 1286 pro
1559 1254 1622 1275 suo
1651 1248 1749 1275 coetu
1775 1242 1949 1275 solicitum
1975 1253 2064 1279 esse,
2091 1241 2264 1276 laborare,

1288 1294 1530 1337 interpellare,
1572 1304 1690 1336 regere
1719 1304 1816 1333 eum,
1851 1293 2036 1325 defendere
2063 1298 2096 1325 et
2114 1301 2262 1324 servare.

1287 1345 1439 1377 Econtra
1466 1345 1582 1384 addit,
1610 1355 1644 1376 se
1661 1344 1827 1376 damnare
1850 1343 2036 1375 libationes
2060 1349 2092 1375 et
2120 1341 2263 1374 invoca-

1287 1397 1399 1428 tiones
1418 1395 1587 1431 aliorum,
1623 1394 1682 1438 qui
1706 1394 1820 1437 ipsum
1843 1393 1964 1426 audire
1991 1392 2129 1425 nolunt.
2181 1389 2262 1423 Non

1287 1446 1425 1485 libabo,
1468 1445 1598 1488 iuquit,
1644 1444 1829 1477 libationes
1859 1455 1999 1483 eorum,
2042 1454 2104 1475 nec
2129 1452 2262 1474 sumam

1286 1496 1428 1528 nomina
1448 1507 1568 1527 eorum
1584 1495 1619 1527 in
1635 1494 1737 1527 labiis
1756 1495 1859 1535 meis,
1885 1494 1921 1527 id
1948 1501 2015 1533 est,
2047 1505 2119 1526 non
2144 1491 2262 1524 nomi-

1285 1547 1376 1579 nabo
1394 1558 1467 1584 cos,
1496 1557 1567 1578 uon
1586 1545 1817 1588 interpellabo
1841 1557 1903 1588 pro
1927 1546 1975 1578 eis
1999 1545 2089 1587 apud
2117 1549 2262 1586 patrem.

1286 1596 1380 1629 llaec
1405 1597 1495 1628 dieta
1524 1602 1555 1628 et
1579 1596 1705 1628 similia
1730 1595 1964 1628 discernentia
1997 1606 2113 1626 veram
2138 1591 2262 1626 Eccle-

1285 1647 1370 1679 siam
1388 1647 1431 1679 ab
1449 1647 1526 1678 aliis
1543 1647 1721 1688 gentibus,
1755 1653 1787 1678 et
1810 1658 1926 1678 veram
1958 1644 2216 1676 invocationem
2241 1654 2260 1674 a

1285 1697 1522 1730 commentitia
1534 1723 1542 1736 ‚
1565 1697 1754 1739 diligenter
1770 1696 1986 1728 inculcemus
2002 1695 2103 1727 nobis
2119 1692 2261 1736 sInguli.

1285 1747 1373 1781 Nam
1393 1755 1425 1780 et
1443 1747 1498 1790 pie
1517 1748 1641 1779 docent
1659 1754 1792 1779 mentes
1808 1747 1850 1778 de
1869 1747 1973 1779 rebus
1989 1744 2201 1785 necessariis,
2227 1750 2261 1776 et

1257 1816 1259 1827 =
1284 1798 1481 1832 accendunt
1500 1797 1602 1830 fidem
1619 1804 1651 1830 et
1668 1797 1938 1832 invocationem.

1411 1877 1463 1913 Ul
1481 1878 1676 1925 implemur
1689 1890 1805 1911 sermo
1819 1878 1976 1924 scriptus
1995 1876 2033 1910 ιἰι
2050 1879 2136 1923 lege.

1382 1945 1572 1979 Consuevit
1610 1946 1656 1977 ita
1696 1945 1794 1989 loqui
1823 1944 1973 1978 Ioannes
2007 1951 2046 1978 ut
2084 1956 2157 1987 cap.
2186 1945 2258 1980 12:

1283 1996 1363 2029 Non
1387 1996 1575 2028 credebant
1595 1996 1631 2027 in
1659 2007 1755 2034 eum,
1789 2003 1826 2029 ut
1849 1996 2054 2040 impleretur
2077 1995 2259 2039 scriptura.

1284 2046 1377 2079 Haec
1396 2058 1467 2078 non
1492 2053 1574 2078 sunt
1597 2046 1642 2079 ita
1670 2046 1775 2079 stoice
1801 2047 2019 2089 accipienda,
2055 2046 2152 2090 quasi
2177 2046 2262 2079 velit

1284 2109 1421 2130 causam
1441 2097 1520 2129 mali
1539 2096 1654 2129 Deum
1674 2107 1756 2136 esse,
1782 2105 1838 2129 aut
1857 2097 1954 2141 quasi
1968 2098 2039 2130 fato
2055 2097 2173 2141 aliquo
2190 2096 2261 2130 sint

1284 2155 1418 2181 coactae
1437 2148 1652 2184 voluntates,
1686 2148 1744 2179 sed
1771 2148 2013 2190 intelligantur
2038 2147 2119 2181 talia
2137 2147 2179 2179 de
2197 2158 2260 2179 ne-

1284 2199 1437 2231 cessitati·
1469 2198 1757 2242 consequentiae,
1799 2199 1832 2229 id
1866 2205 1932 2239 est,
1972 2198 2145 2242 praedicta
2167 2203 2259 2237 sunt,

1283 2250 1362 2293 quia
1381 2255 1545 2281 eventura
1569 2249 1729 2284 suerunt,
1764 2255 1797 2281 et
1822 2261 1914 2281 nunc
1940 2248 2090 2281 ostendit
2115 2254 2259 2280 eventus

1282 2299 1394 2333 Deum
1414 2311 1483 2331 esse
1500 2311 1672 2331 veracem:
1700 2298 1797 2332 Sient
1814 2299 1939 2332 veritas
1960 2298 2023 2334 Dei
2045 2297 2259 2342 conspicitur

1284 2352 1319 2383 in
1337 2351 1414 2383 aliis
1432 2350 1729 2393 praedictionibus
1745 2350 1887 2384 divinis.

1384 2402 1523 2434 Citatur
1541 2408 1655 2432 autem
1681 2401 1849 2432 sententia
1876 2411 1914 2432 ex
1935 2398 2062 2435 Psalm.
2079 2399 2153 2432 68.:
2178 2398 2257 2432 Sal-

1282 2464 1363 2483 vum
1386 2464 1439 2483 me
1458 2452 1510 2484 fac
1524 2451 1628 2489 Deus,
1654 2451 1691 2482 in
1709 2462 1777 2495 quo
1795 2449 1933 2483 Psalmo
1950 2450 2052 2493 longa
2069 2450 2256 2494 descriptio

1282 2510 1331 2535 est
1350 2503 1520 2546 passionis
1536 2500 1667 2534 Christi
1685 2508 1717 2534 et
1735 2501 1971 2534 membrorum
1990 2501 2074 2534 eius.
2113 2501 2164 2535 Ac
2180 2512 2257 2533 mo—

1282 2565 1406 2585 nemur
1433 2551 1497 2585 hoc
1520 2553 1613 2597 ¹dicto
1637 2558 1673 2584 ut
1697 2551 1886 2595 patiamur,
1928 2551 2017 2584 sicut
2040 2551 2165 2584 Petrus
2189 2550 2253 2583 ait:

1282 2602 1362 2635 Non
1388 2610 1425 2636 ut
1450 2600 1663 2641 homicidae,
1690 2609 1748 2635 aut
1772 2602 1886 2642 fures,
1919 2604 1974 2634 sed
1997 2609 2034 2635 ut
2052 2599 2256 2639 Christiani,

1282 2653 1316 2686 id
1344 2661 1411 2695 est,
1446 2660 1587 2697 propter
1604 2652 1856 2686 confessionem
1878 2652 2072 2696 Evangelii.
2124 2650 2256 2695 Estque
