2415 2942
254 87 326 124 159

257 172 342 207 haec
358 177 407 204 est
424 179 540 204 causa.
590 164 656 199 His
673 161 839 204 exemplis
857 159 1015 193 ostendit
1033 170 1086 200 se,
1112 164 1152 191 ut
1168 157 1240 202 ipse

258 223 391 268 inquit:
427 219 622 254 Dominum
648 225 718 246 esse
741 211 894 248 sabbati,
923 211 957 242 id
984 216 1051 249 est,
1077 220 1112 242 se
1136 220 1241 252 supra

259 276 368 316 legem
402 282 492 308 esse,
533 268 615 299 dare
654 262 895 296 remissionem
930 266 1168 304 peccatorum,
1209 264 1242 292 et

260 325 364 358 aliam
383 318 553 354 iusticiam
571 321 767 352 aeternam,
803 323 890 356 quae
915 311 980 344 erit
1005 322 1084 343 vera
1106 309 1242 342 sabbati

262 372 394 408 aeterni
414 365 612 402 celebratio.
665 362 761 396 Haec
787 362 941 396 breviter
961 362 1003 394 de
1026 361 1172 395 sabbato
1191 366 1242 393 at-

263 423 379 466 tigisse
395 419 477 452 satis
494 417 548 451 sit.

364 469 520 504 Cvrillus
550 464 749 509 transponit
773 462 1001 507 particulam,
1035 473 1080 495 ne
1104 461 1158 496 lex
1174 460 1244 494 sol-

265 510 506 565 vaturJquia]
521 529 599 551 cum
624 514 843 549 circumcisio
862 514 1022 547 videatur
1046 513 1178 546 solvere
1196 512 1245 544 lc·-

266 586 341 618 gem
359 569 513 609 sabbati,
540 573 638 612 putat
654 564 739 599 haec
757 565 846 597 male
869 561 1064 599 cohaerere.
1118 562 1155 596 Si
1179 562 1247 595 cir-

267 622 514 658 cumcisionem
531 617 655 661 accipit
670 614 776 648 homo
802 615 838 647 in
855 615 999 647 sabbato
1011 641 1019 654 ‚
1047 625 1091 646 ne
1106 614 1160 646 lex
1178 612 1247 645 sol—

267 681 379 708 vatur.
439 670 506 704 Sed
529 667 723 712 simplicius
747 672 797 699 est
820 677 892 697 non
915 672 1050 697 mutare
1074 664 1246 702 ordinem,

268 733 299 759 et
317 722 561 765 intelligantur
576 716 659 751 baec
678 717 780 749 verba
800 716 864 748 sic:
894 715 931 748 Si
951 714 1248 747 circumcisionem

269 774 395 821 accipit
419 771 524 805 bomo
550 769 586 802 in
611 768 772 805 sabbam,
806 778 849 798 ne
872 766 925 798 lex
952 764 1099 808 (scilicet
1123 763 1249 797 tradita

269 825 428 871 patribus
443 823 485 855 de
501 814 786 863 circumcisione)
804 817 978 853 solvatur,
1007 822 1039 848 et
1057 822 1200 848 caetera.

321 907 409 943 „Non
433 903 589 939 iudicate
611 897 806 935 secundum
829 897 996 945 speciem,
1028 893 1095 930 sed
1118 895 1252 929 iustum

374 955 549 991 iudicium
570 950 741 987 iudicate.

349 1024 498 1058 Accusat
521 1019 686 1055 Iudaeos,
720 1015 812 1061 quod
846 1013 936 1046 male
966 1012 1137 1046 iudicent:
1173 1011 1255 1056 quia

274 1074 468 1112 calumniae
485 1077 585 1110 sunt,
611 1070 744 1101 bonum
770 1071 801 1097 et
821 1071 979 1097 sanctum
1003 1074 1090 1106 opus
1119 1063 1256 1105 vitupe-

275 1139 372 1166 rare,
398 1131 431 1157 et
448 1122 595 1165 impium
613 1129 701 1162 opus
725 1117 880 1149 laudare.
933 1113 994 1147 Ait
1010 1126 1105 1156 ergo:
1134 1113 1185 1146 Ne
1202 1113 1256 1145 iu-

276 1179 390 1212 dicate
405 1173 597 1207 secundum
621 1169 761 1207 faciem,
796 1166 831 1198 id
857 1171 925 1205 est,
958 1176 1030 1197 non
1047 1171 1180 1198 tantum
1200 1175 1257 1195 ex-

277 1238 411 1263 ternam
429 1223 543 1268 operis
561 1220 706 1265 speciem
732 1222 897 1261 spectate,
924 1216 982 1247 sed
1009 1226 1106 1247 veras
1129 1225 1258 1252 causas,

277 1287 316 1314 ut
340 1276 486 1311 Davidis
510 1283 597 1316 opus
622 1267 837 1303 comedentis
862 1277 966 1309 panes
999 1264 1259 1308 propositionis,

279 1324 491 1373 reprehendi
509 1324 544 1357 in
562 1321 710 1366 speciem
730 1323 875 1362 poterat.
928 1316 987 1349 Sic
1007 1326 1111 1357 supra
1129 1315 1166 1346 in
1182 1325 1260 1357 spe-

280 1381 367 1414 ciem
391 1372 601 1420 reprehendi
626 1375 759 1415 poterat
785 1366 928 1411 gestatio
946 1366 1027 1398 lecti
1051 1366 1087 1397 in
1105 1365 1261 1404 sabbato,

281 1431 339 1466 sed
362 1438 481 1461 causae
499 1422 614 1471 operis
631 1420 836 1465 spectandae
853 1424 945 1456 sunt,
971 1417 1069 1449 iubet
1089 1413 1261 1457 Christus,

283 1481 342 1527 qui
370 1485 419 1511 est
442 1487 545 1519 supra
569 1473 770 1509 sabbatum,
803 1475 836 1501 et
859 1467 1002 1509 gestatio
1029 1467 1089 1498 illa
1112 1466 1262 1499 celebrat

283 1529 505 1566 miraculum,
533 1524 626 1569 quod
647 1521 788 1566 praebet
806 1518 1043 1551 testimonium
1059 1516 1263 1558 Evangelio,

284 1590 317 1616 et
331 1578 494 1614 Christus
511 1584 654 1611 curans,
681 1576 778 1604 curat
795 1569 917 1601 divino
936 1579 1053 1614 opere,
1080 1568 1175 1611 quod
1191 1578 1263 1598 non

285 1639 336 1666 est
353 1630 546 1663 subiectum
562 1624 627 1666 legi
649 1620 804 1659 sabbati,
830 1619 901 1651 imo
927 1630 1007 1650 vere
1031 1625 1079 1650 est
1105 1617 1177 1661 ipsa
1200 1618 1264 1650 ob-

285 1680 436 1718 servatio
460 1675 608 1711 sabbati.
666 1671 758 1715 Quia
782 1677 831 1702 est
860 1669 1099 1702 testimonium
1125 1669 1168 1700 de
1192 1668 1264 1700 eius

286 1733 414 1769 verbo,
448 1735 482 1762 et
511 1733 690 1760 aeternum
715 1721 898 1754 sabbatum
925 1719 989 1752 erit
1014 1726 1152 1752 aeterna
1176 1718 1265 1750 cele-

285 1783 400 1818 bratio
415 1779 482 1813 Dei
500 1773 707 1809 vivificantis
731 1779 763 1804 et
778 1770 957 1814 operantis
978 1770 1013 1801 in
1043 1768 1266 1801 resuscitatis.

285 1833 380 1875 Ergo
403 1841 481 1864 cum
506 1828 567 1860 ait:
611 1823 741 1856 Verum
776 1821 942 1853 iudicium
968 1820 1136 1858 iudicate,
1169 1819 1268 1852 iubet

287 1895 368 1918 vere
384 1880 622 1916 considerare,
651 1873 752 1918 quale
773 1883 860 1914 opus
879 1872 922 1903 sit
948 1868 1166 1914 prohibitum
1186 1870 1268 1912 lege,

288 1933 454 1968 videlicet
478 1938 603 1971 operae
629 1923 858 1967 impedientes
893 1921 1126 1953 ministerium
1149 1918 1268 1952 Evan-

290 1985 389 2029 gelii,
422 1992 494 2014 non
510 1977 599 2012 actio
623 1975 762 2012 divina,
794 1979 853 2005 aut
879 1972 1063 2004 testificans
1085 1971 1127 2003 ‹le
1150 1970 1268 2003 Evan-

291 2035 401 2081 gelio,
426 2038 487 2065 aut
502 2025 732 2062 necessarium
751 2023 906 2056 officium
924 2021 1133 2055 dilectionis.

342 2113 498 2151 Dicebat
515 2123 597 2157 ergo
616 2104 787 2156 quidam:
812 2103 999 2153 Numquid
1012 2102 1070 2138 hic
1089 2108 1150 2146 est,
1169 2115 1269 2151 quem

394 2167 572 2214 quaerunt
597 2156 777 2193 occidere?

368 2234 506 2269 Recitat
524 2231 662 2262 diversa
681 2225 809 2259 iudicia
828 2225 870 2256 de
883 2221 1043 2263 Christo,
1069 2230 1102 2256 et
1126 2230 1272 2256 structas

295 2285 440 2321 insidias
468 2290 499 2315 et
523 2283 715 2314 frustratas.
768 2275 862 2308 llaec
884 2275 1037 2307 narratio
1061 2273 1151 2306 nibil
1171 2273 1273 2308 habet
1297 2248 1300 2303 l

297 2336 456 2371 obscuri,
483 2334 540 2365 sed
561 2331 638 2362 ideo
656 2327 906 2360 consideranda
925 2332 991 2364 est,
1019 2325 1099 2368 quia
1118 2333 1167 2357 est
1185 2326 1272 2357 ima-

299 2401 340 2431 go
356 2383 529 2420 Ecclesiae
555 2381 712 2413 omnium
739 2384 957 2418 temporum,
992 2376 1087 2407 varia
1111 2383 1191 2408 sunt
1218 2376 1272 2408 iu-

298 2439 387 2472 dicia
404 2434 609 2469 hominum,
636 2428 764 2460 multae
788 2426 952 2465 insidiae,
979 2432 1011 2457 et
1034 2425 1213 2457 mirandae
1231 2426 1275 2457 Ιῑ-

296 2487 506 2522 berationes.
578 2479 833 2511 Confirmemus
871 2476 976 2518 igitur
1010 2487 1072 2507 nos
1109 2472 1302 2522 examplis‘k

299 2538 457 2573 omnium
476 2541 684 2574 temporum,
712 2534 749 2560 ut
768 2527 915 2559 sciamus
935 2538 1006 2558 non
1023 2526 1186 2567 fugienda
1206 2539 1275 2558 esse

298 2589 383 2623 haec
399 2583 567 2629 pericula,
595 2587 625 2612 et
646 2586 760 2611 tamen
779 2588 955 2619 spor-cums
980 2577 1071 2608 impr
1099 2575 1181 2608 baec
1205 2577 1275 2619 ipsa

298 2637 488 2673 certamina
507 2630 744 2666 defensionem
763 2627 938 2667 divinam,
965 2633 1003 2659 ut
1019 2625 1144 2659 Daniel
1160 2639 1276 2660 serva-
1301 2654 1305 2672 x

841 76 967 111 PHIL.
994 73 1112 111 MEL.
1137 68 1346 108 SCRIPTA
1373 68 1673 107 EXEGETICA.

2201 69 2274 106 160

1291 164 1350 192 tur
1366 157 1458 193 inter
1472 157 1608 199 leones;
1635 155 1749 190 David
1766 155 1914 200 eripitur
1927 155 2031 191 toties
2047 154 2164 196 Sauli3
2192 153 2276 188 uni-

1291 221 1412 243 versus
1433 208 1583 253 populus
1599 213 1757 241 servatur
1774 205 1813 239 in
1838 208 1953 240 medio
1976 207 2064 240 mari
2086 206 2212 239 rubro:
2243 210 2276 238 et

1291 267 1425 294 certum
1447 266 1519 299 est,
1553 270 1690 302 semper
1715 263 1747 290 et
1769 257 1934 291 omnibus
1957 257 2128 291 aetatibus
2154 255 2278 289 Eccle-

1292 311 1379 344 siam
1399 309 1613 343 mirabiliter
1636 308 1788 355 protegi,
1823 307 1957 342 etiamsi
1982 308 2064 341 talia
2081 305 2148 340 Dei
2171 316 2278 350 opera

1294 373 1366 394 non
1384 361 1570 393 incurrunt
1585 359 1623 392 in
1641 357 1826 392 hominum
1852 358 1990 399 oculos,
2016 357 2105 392 sicut
2127 357 2193 391 iter
2217 366 2279 400 per

1295 423 1390 445 mare
1408 411 1568 444 rubrum.

1346 492 1395 528 In
1427 497 1585 577 arbit-emo
1618 490 1675 526 die
1698 491 1794 540 festi
1824 490 1949 526 stabat
1980 488 2104 530 Iesus,
2146 493 2177 523 et
2204 486 2282 522 cla-

1399 557 1459 577 ma
1489 548 1542 580 al.

1374 612 1488 657 Supra
1507 612 1594 645 dixit
1610 609 1673 644 bas
1691 610 1878 644 conciones
1893 608 2031 644 liabitas
2049 621 2122 643 esse
2139 608 2178 642 in
2194 608 2282 642 festo

1300 664 1624 703 tabernaculorum,
1651 663 1744 705 quod
1775 661 1957 704 praecessit
1980 667 2189 705 postremam
2207 656 2285 691 hie-

1301 727 1390 747 mem
1409 713 1682 758 praedicationis
1703 709 1846 745 Christi.
1898 710 1981 745 Erat
2002 717 2116 744 autem
2140 716 2283 742 octavus

1304 765 1377 798 dies
1404 764 1481 797 sesti
1505 763 1768 802 celeberrimus,
1812 774 1881 806 quo
1911 762 2060 794 maxima
2089 759 2284 805 frequentia

1304 815 1425 859 populi
1448 815 1489 847 ad
1509 814 1715 847 sacrificium
1741 812 1988 852 conveniebat,
2015 811 2179 844 audiebat
2199 821 2284 843 con-

1304 866 1438 905 ciones,
1473 871 1506 897 et
1530 864 1729 897 conferebat
1753 862 1916 906 pecunias
1939 863 1980 895 ad
2007 861 2194 905 templum,
2228 871 2288 893 seu

1305 928 1388 949 usus
1407 927 1617 961 pauperum,
1645 915 1743 958 quia,
1776 919 1815 946 ut
1838 925 1941 956 supra
1965 912 2056 950 dixi,
2092 911 2188 945 Deus
2213 910 2289 943 vult

1307 966 1466 1013 publicos
1487 977 1558 997 csse
1577 976 1799 1006 congressus,
1827 970 1859 996 et
1881 975 1999 996 vocem
2025 961 2208 1005 Evangelii
2234 960 2289 994 sui

1309 1018 1345 1048 in
1367 1015 1516 1059 publicis
1534 1015 1776 1056 congressibus
1801 1024 1935 1048 sonare.
1988 1012 2055 1045 Hic
2071 1010 2233 1046 Christus
2250 1011 2289 1043 in

1309 1066 1457 1099 maxima
1481 1065 1676 1108 frequentia
1704 1064 1823 1107 populi
1854 1064 2102 1103 concionatur,
2138 1074 2226 1107 quae
2249 1073 2289 1094 ex

1309 1116 1474 1150 omnibus
1489 1115 1615 1147 vicinis
1640 1115 1725 1146 locis
1750 1115 1786 1146 in
1810 1111 1865 1146 his
1888 1114 1982 1146 festis
2008 1114 2140 1147 solebat
2162 1124 2290 1145 conve-

1309 1168 1405 1206 nire,
1431 1166 1519 1199 sicut
1538 1162 1705 1207 Iosephus
1728 1163 1869 1204 scribit,
1898 1165 1964 1196 sub
1985 1164 2110 1197 festum
2137 1160 2290 1196 Paschae

1310 1217 1513 1251 convenisse
1552 1214 1774 1259 lerosolymis
1823 1214 1973 1257 amplius
2004 1214 2109 1246 vicies
2146 1220 2290 1246 centena

1313 1267 1423 1301 millia
1441 1265 1642 1299 bominum:
1671 1266 1750 1297 ideo
1768 1271 1879 1297 textus
1896 1264 2010 1308 inquit
2027 1276 2104 1297 eum
2117 1264 2293 1296 clamasse.

1312 1318 1403 1350 Vide
1427 1323 1541 1349 autem
1565 1328 1669 1360 quam
1699 1315 1828 1348 multae
1859 1314 2070 1347 offensiones
2095 1319 2294 1354 occurrant,

1313 1368 1476 1402 seditiosa
1493 1367 1624 1409 species
1643 1372 1735 1405 erat,
1763 1366 1855 1408 quod
1882 1365 1918 1397 in
1945 1372 2039 1398 tanta
2064 1364 2293 1397 multitudine

1312 1418 1544 1454 vociferatur,
1573 1423 1605 1450 et
1622 1416 1720 1461 quasi
1746 1417 1868 1449 ducem
1895 1416 1970 1448 fore
1995 1427 2030 1448 se
2052 1413 2292 1448 multitudiuis

1314 1468 1479 1502 ostendit.
1533 1467 1640 1506 Item,
1668 1467 1762 1511 quod
1781 1467 1899 1507 docet,
1924 1478 2001 1498 cum
2020 1477 2091 1498 non
2111 1465 2155 1498 sit
2169 1477 2210 1497 ex
2226 1463 2295 1497 Le-

1315 1519 1419 1553 vitica
1443 1518 1548 1552 tribu.
1609 1516 1745 1550 Deinde
1769 1523 1803 1549 et
1827 1516 1899 1558 ipsa
1929 1517 2098 1549 sententia
2122 1522 2295 1560 quantum

1315 1568 1420 1603 habet
1445 1567 1669 1601 absurditatis
1689 1567 1820 1599 iudicio
1838 1564 2009 1598 humano:
2047 1566 2085 1599 Si
2109 1566 2187 1610 quis
2207 1565 2293 1608 sitit,

1316 1620 1432 1653 veniat
1449 1620 1490 1651 ad
1517 1630 1589 1658 me,
1627 1626 1659 1652 et
1679 1618 1787 1652 bibat.
1842 1616 1913 1658 Qui
1937 1617 2045 1649 credit
2070 1618 2106 1648 in
2131 1627 2204 1655 me,
2232 1622 2296 1650 etc.

1317 1670 1406 1704 Cum
1445 1669 1550 1711 igitur
1588 1675 1658 1700 tam
1698 1668 1814 1700 variae
1853 1667 2065 1699 offensiones
2104 1665 2296 1698 extiterint.

1318 1719 1495 1753 Pharisaei
1520 1719 1621 1750 valde
1646 1718 1926 1756 tumultuantur,
1952 1718 2011 1749 sed
2036 1729 2100 1749 nos
2123 1717 2297 1749 discamus

1318 1782 1418 1803 veras
1442 1776 1474 1802 et
1497 1768 1705 1801 necessarias
1733 1780 1850 1800 causas
1885 1765 1990 1799 huius
2021 1767 2128 1800 totius
2158 1766 2240 1799 facti
2265 1773 2298 1800 et

1319 1821 1415 1855 dicti.
1475 1818 1714 1852 Concionatur
1741 1819 1776 1850 in
1811 1825 1904 1851 tanta
1940 1818 2145 1861 frequentia.
2204 1815 2299 1858 Quia

1320 1871 1413 1905 Deus
1439 1871 1515 1903 vult
1539 1869 1773 1902 ministerium
1796 1879 1867 1900 esse
1896 1868 2094 1910 publicum,
2129 1873 2162 1899 et
2185 1867 2299 1900 voluit

1321 1934 1391 1954 esse
1408 1928 1587 1958 testatum,
1613 1919 1787 1951 universis
1810 1916 2005 1950 exhibitum
2034 1929 2105 1949 esse
2122 1917 2300 1952 Messiam.

1322 1972 1426 2014 Quod
1450 1982 1532 2002 vero
1557 1971 1673 2009 docet,
1707 1980 1903 2012 quanquam
1928 1980 1998 2000 non
2022 1968 2063 2001 sit
2089 1981 2128 2001 cx
2146 1967 2301 2000 Levitica

1322 2023 1437 2060 tribu,
1464 2022 1629 2052 usitatum
1655 2026 1727 2051 erat
1751 2019 1843 2050 mitti
1863 2016 2054 2061 Prophetas
2076 2031 2113 2051 ex
2137 2018 2214 2051 aliis
2239 2018 2302 2050 tri-

1323 2073 1448 2105 bubus.
1495 2070 1539 2103 lit
1555 2068 1715 2103 Clu-istus
1733 2076 1779 2101 est
1801 2069 2003 2112 praecipuus
2017 2070 2192 2106 sacerdos,
2221 2080 2303 2112 pro-

1324 2131 1398 2166 pter
1416 2134 1517 2165 quein
1537 2121 1648 2153 solum
1668 2127 1881 2152 caeterorum
1907 2119 2139 2153 ministerium
2162 2126 2211 2151 est
2228 2119 2302 2151 effi-

1325 2186 1382 2205 cax
1403 2174 1445 2204 ab
1466 2171 1567 2204 initio
1594 2171 1715 2203 mundi
1742 2182 1851 2214 usque
1876 2171 1917 2202 ad
1944 2170 2058 2204 finem.
2120 2168 2196 2212 Ipsa
2219 2181 2301 2202 vero

1325 2223 1493 2256 sententia
1519 2229 1566 2253 est
1584 2233 1717 2253 summa
1734 2220 1938 2262 Evangelii,
1965 2232 2053 2264 quae
2071 2221 2130 2252 etsi
2147 2226 2196 2252 est
2212 2232 2301 2252 nova

1326 2281 1357 2307 et
1376 2274 1493 2315 ignota
1512 2272 1648 2304 iudiciis
1672 2269 1853 2310 immanis,
1879 2283 1966 2314 quae
1982 2278 2097 2303 tamen
2112 2270 2220 2312 legem
2239 2282 2303 2303 no-

1326 2332 1428 2364 runt,
1455 2331 1568 2355 tamen
1587 2322 1761 2353 {icch—siae
1780 2321 1988 2353 discernenti
2008 2322 2115 2361 legent
2138 2327 2170 2353 et
2186 2320 2304 2353 Evan-

1326 2375 1472 2417 gelium,
1500 2381 1548 2405 est
1567 2381 1648 2405 uota
1668 2380 1700 2405 et
1716 2371 1961 2413 acceptissima.
1996 2370 2090 2412 Quid
2113 2371 2205 2402 enirn
2225 2371 2305 2404 dul·

1299 2437 1300 2463 }
1327 2426 1399 2457 cius
1427 2425 1501 2467 piae
1526 2423 1633 2455 ruenti
1658 2423 1692 2454 in
1718 2422 1933 2469 poepitentia
1955 2422 2023 2452 (lici
2046 2429 2173 2464 potest,
2200 2433 2304 2465 quain

1327 2477 1419 2519 quod
1439 2472 1655 2507 nimbi-istus
1674 2471 1753 2504 hie?
1781 2472 1910 2516 Siquis
1926 2472 2009 2510 sitit,
2039 2473 2154 2504 veniat
2172 2473 2212 2504 ad
2233 2484 2304 2512 1ne3

1301 2535 1302 2571 ᾗ
1328 2534 1359 2558 et
1391 2525 1495 2558 alibi:
1538 2523 1664 2556 Venite
1697 2524 1738 2554 ad
1764 2535 1817 2553 nie
1845 2534 1964 2554 omnes
1990 2522 2049 2566 qui
2083 2522 2248 2554 laboratis
2272 2530 2306 2556 et

1329 2576 1462 2608 onerati
1490 2575 1587 2613 estis,
1620 2580 1653 2606 et
1675 2584 1736 2615 ego
1761 2572 1909 2604 reficiam
1931 2584 2000 2604 vos.
2052 2571 2113 2604 Est
2137 2574 2230 2605 enim
2248 2584 2305 2605 ea-

1330 2628 1408 2659 dem
1428 2625 1613 2669 utrobique
1627 2623 1809 2663 sententia,
1835 2629 1867 2656 et
1884 2621 1939 2656 hic
1956 2623 2074 2667 paucis
2093 2623 2206 2656 verbis
2222 2634 2306 2667 pro-
