2415 2942
45 0 53 67 l

44 70 52 141 3

45 181 49 195 Ι

42 231 47 238 .
77 217 147 249 set,
184 217 218 243 et
241 222 312 243 sese
338 216 434 244 tanta
461 211 683 254 turpitudine
711 209 903 254 polluisset.

39 259 45 294 J
77 267 127 296 est
143 261 393 294 inenarrabilis
410 259 609 303 humilitas,
638 261 787 294 aliorum
807 260 1065 303 turpitudinem

76 73 152 109 289
453 71 535 108 XII.

77 160 245 193 adversus
267 164 386 192 nostra
409 165 568 203 peccata,
596 159 694 204 quasi
718 159 791 203 ipse
815 170 853 191 ea
871 165 1067 203 perpetras-

972 208 1068 242 Haec

76 313 127 347 sic
151 313 189 345 in
215 324 287 346 sese
310 312 471 346 derivare
495 319 527 347 et
551 312 750 346 transferre.
804 310 938 343 Pudeat
961 310 1067 353 igitur

77 375 142 397 nos
182 370 323 397 nostrae
361 364 563 407 superbiae,
609 361 846 405 arrogantiae,
891 360 1067 401 vanitatis,

37 431 39 444 τ
76 415 335 458 impatientiae,
364 427 441 447 cum
468 414 664 454 sternimus,
692 412 883 457 siquando
901 412 1065 456 aliquan-

35 495 37 497 ,
75 466 191 500 tulum
222 477 262 498 ex
294 466 404 508 gradu
434 465 607 508 superiori
629 464 869 502 detrudimur,
904 470 963 495 aut
986 474 1064 495 cum

75 516 207 550 amicos
234 516 351 560 aliqua
378 516 574 548 calamitate
600 515 655 547 vel
680 514 799 559 aliquo
825 513 925 557 lapsu
948 513 1064 545 desor-

76 572 189 599 matos
214 567 426 606 descrimus,
451 574 510 599 aut
535 566 637 599 etiam
664 564 867 608 premimus.
923 563 991 597 Sed
1010 563 1064 596 di-

77 624 131 650 cat
154 617 299 662 aliquis,
326 617 354 650 si
374 617 553 649 toleranda
572 623 621 649 est
641 615 845 656 infirmitas,
874 615 902 648 si
918 615 1064 657 tegenda

76 674 158 701 sunt
184 675 314 708 errata,
343 680 405 700 cur
427 667 583 711 imperiis
607 667 812 700 mandatum
837 673 907 705 est,
934 673 973 699 ut
999 677 1064 708 pu-

75 719 177 752 niant
200 718 353 752 delicta?
405 716 478 751 Cur
501 729 618 750 severe
642 717 860 761 praecipitur
876 715 1064 756 Ecclesiae,

74 776 114 802 ut
128 780 190 802 sua
207 768 449 802 iurisdictione
465 775 687 802 contumaces
704 780 743 801 ex
754 766 910 801 Ecclesia
927 767 1064 800 eiiciat?

74 818 238 864 Denique
269 832 331 853 cur
359 819 508 862 singulis
538 820 744 853 mandatum
778 825 848 859 est,
883 825 922 852 ut
951 819 1064 852 vitent

73 877 274 914 peccantes,
312 877 477 914 tanquam
509 867 702 913 Ethnicos,
738 876 777 903 ut
806 867 969 903 Christus
999 869 1062 902 ait:

73 919 126 954 Sit
152 920 219 953 tibi
250 921 345 954 velut
368 919 566 954 Ethnicus?
617 920 848 964 Respondeo:
883 919 1064 953 Differunt

72 971 214 1015 politica
245 971 453 1014 gubernatio
484 978 518 1005 et
552 971 795 1004 ecclesiastica.
863 969 911 1004 Et
944 977 1062 1003 tamen

72 1028 221 1066 utraque
244 1023 405 1055 ordinem
427 1028 559 1055 certum
580 1023 767 1055 observare
786 1022 908 1062 debet,
935 1028 968 1054 et
984 1033 1062 1063 gra-

72 1073 137 1105 dus
163 1073 371 1106 delictorum
395 1073 610 1112 discernere,
636 1072 784 1106 Politica
809 1084 880 1106 non
900 1079 950 1105 est
966 1073 1061 1105 salu-

72 1123 117 1156 tis
133 1130 293 1156 aeternae
309 1124 562 1161 ministerium,
590 1124 647 1156 sed
668 1135 746 1167 pars
764 1123 868 1166 legis,
898 1123 976 1155 ideo
996 1135 1062 1165 pu·-

72 1175 125 1206 nit
149 1174 274 1207 delicta
298 1175 498 1211 manifesta,
525 1174 661 1205 etiamsi
682 1174 779 1205 nulla
798 1173 983 1215 praecedat
1000 1173 1061 1204 ad-

72 1224 235 1257 monitio.
288 1223 357 1255 Sed
383 1222 611 1255 ecclesiastica
633 1222 848 1262 iurisdictio,
883 1223 964 1267 quia
982 1234 1061 1266 pars

73 1279 125 1305 est
141 1270 340 1314 Evangelii,
368 1272 521 1316 primum
543 1284 619 1311 eos,
648 1273 709 1317 qui
727 1273 970 1317 deliquerunt,
999 1285 1061 1305 vo-

71 1328 125 1355 cat
155 1323 198 1354 ad
230 1323 501 1366 poenitentiam,
539 1330 572 1356 et
602 1323 705 1356 offert
736 1324 1058 1356 reconciliationem

72 1372 377 1416 resipiscentibus,
404 1374 451 1407 ita
477 1381 525 1407 est
549 1374 785 1407 ministerium
808 1374 929 1407 salutis
947 1380 1059 1407 aeter-

71 1435 149 1457 nae.
204 1423 272 1457 Sed
288 1424 316 1456 si
331 1424 495 1458 delictum
512 1431 562 1458 est
580 1426 805 1458 manifestum
817 1449 825 1464 ‚
854 1432 887 1459 et
903 1431 980 1468 post
997 1426 1060 1458 ad—

71 1473 305 1507 monitionem
341 1475 500 1520 sequitur
529 1476 765 1517 contumacia,
810 1483 886 1509 tum
917 1477 1058 1509 demum

71 1525 240 1568 praecipit
258 1523 490 1568 Evangelium
518 1527 562 1559 de
587 1539 697 1570 poena
722 1527 931 1569 irroganda,
960 1527 1060 1559 vide-

71 1576 153 1608 licet
176 1577 218 1608 de
243 1577 617 1611 excommunicatione.
672 1577 740 1611 Hic
769 1578 857 1610 ordo
882 1577 919 1609 in
944 1577 1059 1610 mani-

71 1626 167 1658 festis
191 1626 345 1664 delictis,
372 1639 459 1672 quae
482 1629 537 1660 lex
554 1627 619 1661 Dei
636 1627 733 1661 iubet
749 1628 888 1671 puniri,
915 1640 1059 1661 servan-

74 1676 140 1709 dus
164 1682 230 1716 est,
260 1677 353 1709 idem
380 1678 602 1710 sentiendum
620 1685 669 1711 est
686 1679 728 1711 de
748 1678 973 1721 castigatione
989 1679 1061 1711 sra-

72 1733 180 1762 terna.
235 1726 308 1760 Nec
323 1728 427 1760 verba
440 1726 570 1762 Christi
588 1729 630 1761 de
646 1729 834 1762 dilectione
850 1729 886 1760 in
902 1726 1059 1761 hocloco

72 1784 232 1820 pugnant
249 1789 327 1808 cum
347 1778 422 1809 iure
448 1779 729 1821 magistratuum,
756 1785 815 1812 aut
831 1779 1059 1812 ecclesiastica

72 1826 334 1867 iurisdictione,
370 1834 428 1860 aut
452 1828 604 1861 fraterna
631 1829 884 1862 admonitione.
943 1828 1060 1863 Habet

71 1888 174 1910 suum
199 1876 314 1910 locum
341 1877 516 1918 iusticiae,
542 1886 580 1912 ut
599 1879 667 1911 iam
686 1880 817 1913 dictum
835 1887 902 1921 est,
928 1887 961 1913 et
978 1877 1059 1913 haec

70 1935 249 1961 exercetur
267 1940 284 1960 a
303 1928 389 1971 piis,
417 1941 490 1961 non
510 1929 637 1963 violata
653 1931 853 1964 dilectione.

172 1978 240 2012 Sed
266 1979 381 2012 vicina
404 1980 516 2013 virtus
541 1987 590 2013 est
616 1981 772 2026 aequitas
797 1993 857 2014 seu
878 1979 1057 2020 ἐπιείκεια,

70 2029 114 2062 de
132 2041 197 2074 qua
214 2030 359 2063 dicitur:
388 2029 583 2069 Heminae,
612 2039 643 2064 et
661 2032 860 2065 remittetur
878 2033 988 2073 vobis,
1015 2034 1058 2064 de

69 2077 135 2113 hac
160 2081 302 2124 proprie
332 2081 462 2114 dicitur
493 2082 530 2114 in
558 2080 621 2115 hac
645 2080 778 2115 Christi
804 2082 989 2122 concione,
1025 2090 1058 2116 et

68 2128 173 2164 hahet
190 2131 303 2164 locum
322 2131 358 2164 in
374 2132 485 2166 tribus
501 2133 677 2175 gradibus,
704 2133 741 2166 in
758 2133 941 2167 toleranda
959 2133 1057 2166 infir—

68 2182 210 2222 mitate,
238 2194 342 2226 quam
366 2183 457 2225 leges
483 2195 556 2216 non
585 2184 758 2227 puniunt,
789 2185 824 2216 in
841 2184 978 2217 arcanis
996 2186 1057 2217 de-

70 2233 160 2266 lictis
193 2240 225 2266 et
258 2234 295 2266 in
329 2234 497 2267 sanandis
522 2234 714 2267 manifestis
739 2235 876 2268 delictis
900 2235 1058 2277 tegendis

70 2291 149 2317 ante
174 2286 440 2319 contumaciam.
509 2284 555 2317 Hi
584 2292 652 2318 tres
676 2286 804 2327 gradus
828 2286 864 2318 in
891 2286 960 2319 vita
990 2286 1057 2318 late

70 2341 208 2377 patent,
237 2342 269 2369 et
288 2348 471 2381 nunquam
499 2336 680 2369 dilectioni
706 2337 834 2369 dseunt
857 2337 1056 2370 occasiones

70 2385 112 2417 in·
123 2383 177 2418 his
196 2387 425 2420 declarandae
445 2387 599 2420 lenitatis
615 2394 647 2420 et
664 2387 861 2432 aequitatis,

171 2437 310 2471 Primus
334 2439 461 2481 gradus
480 2445 528 2471 est
541 2466 550 2479 ,
577 2445 616 2471 ut
634 2450 757 2480 magna
774 2438 885 2471 virtus
902 2444 951 2472 est
969 2439 1055 2472 tole-

71 2498 148 2519 rare
164 2500 335 2529 morosos,
363 2490 572 2533 suspicaces‚
597 2489 796 2528 iracundos,
823 2501 955 2533 segnes,
982 2490 1058 2523 avi-

72 2539 135 2570 dos
152 2539 300 2580 gloriae,
329 2540 470 2574 mollius
485 2541 653 2581 serentes,
679 2541 707 2573 si
724 2540 852 2583 negligi
869 2552 903 2573 se
922 2547 1057 2584 putent,

72 2586 403 2636 nolvnpdyfltozfocg,
430 2592 632 2625 attentiores
657 2593 699 2624 ad
726 2603 819 2631 rem,
846 2603 951 2636 quam
968 2604 1056 2635 opus

70 2646 130 2673 est.
183 2639 279 2673 Haec
307 2648 451 2675 naturae
475 2649 576 2680 sunt,
603 2654 666 2675 nec
690 2642 890 2687 puniuntur
911 2642 1056 2686 legibus,

123 2693 298 2723 Mamm.
329 2695 428 2726 Ori-sn.
454 2695 535 2726 Vor..
567 2694 643 2725 XV.

590 65 891 108 ENARRATIO
924 68 977 108 IN
1010 66 1195 109 EVANG.
1232 65 1446 108 IOANNIS.
1500 69 1603 109 CAP.
1633 72 1735 110 XIII.

2045 80 2121 116 290

1121 164 1155 191 et
1181 164 1298 192 tamen
1317 170 1417 202 saepe
1436 159 1580 203 pariunt
1599 171 1745 203 magnos
1762 162 1953 205 tumultus,
1981 164 2009 198 si
2027 165 2116 200 desit

1121 206 1291 243 ἐπιείκεια
1308 210 1451 253 collegis
1463 237 1471 252 ‚
1500 218 1537 244 ut
1555 210 1669 244 David
1689 213 1772 246 tulit
1788 215 2059 250 aemulationem
2077 217 2115 250 in

1120 259 1288 293 fratribus
1309 260 1392 294 suis.

1223 325 1408 359 Secundus
1432 328 1561 369 gradus
1582 335 1650 366 est,
1679 330 1841 374 ambigua
1860 332 1949 366 facta
1966 345 2039 367 non
2056 345 2113 368 ca-

1119 375 1294 409 lumniose
1320 377 1358 409 in
1381 378 1589 410 deteriorem
1611 386 1743 422 partem
1764 382 1920 422 ssectere,
1949 384 2038 418 levia
2058 397 2114 419 er-

1119 434 1193 460 rata
1217 438 1292 459 non
1314 427 1436 460 odiose
1461 428 1695 471 amplificare,
1723 443 1788 464 nec
1807 444 1932 466 arcana
1951 436 2113 470 traduce-

1119 488 1176 517 re,
1203 478 1262 510 sed
1286 484 1399 520 tegere
1419 483 1450 510 et
1469 490 1602 511 sanare.
1654 478 1720 513 His
1736 483 1978 518 occasionibus
1995 484 2113 519 homi-

1120 539 1179 560 nes
1212 528 1376 561 malevoli
1407 540 1507 572 saepe
1536 536 1671 562 atroces
1704 538 1737 564 et
1766 534 1915 575 tragicos
1940 537 2113 570 tumultus

1119 578 1281 612 excitant.
1346 578 1406 612 Sic
1437 577 1617 612 Pharisaei
1649 590 1812 616 accusant
1849 584 2041 628 Apostolos
2074 588 2112 620 in

1119 629 1263 664 sabbato
1288 629 1458 663 vellentes
1483 630 1614 674 spicas,
1643 632 1692 664 sic
1716 633 1754 665 in
1773 631 1928 667 Ecclesia
1954 636 2114 679 ingentes

1118 687 1233 713 motus
1250 682 1318 714 orti
1335 687 1418 714 sunt
1432 688 1576 725 propter
1593 684 1819 719 ceremonias.
1873 685 1994 720 Media
2011 688 2113 728 facta,

1119 731 1221 764 multi
1233 732 1472 774 depravarunt
1483 733 1616 765 acerbis
1628 732 1993 781 interpretationibus.
2021 736 2110 782 Epi—

1118 793 1241 825 scopus
1251 781 1434 816 Romanus
1450 784 1768 819 excommunicavit
1786 786 1924 831 aliquos
1943 788 1980 820 in
1994 789 2113 822 orien-

1117 840 1167 873 te,
1196 834 1290 877 quod
1316 833 1455 867 nollent
1480 832 1604 877 pascha
1628 846 1766 869 servare
1787 838 1911 870 eodem
1936 839 2012 880 die,
2039 852 2111 885 quo

1118 885 1277 917 servabat
1301 884 1482 923 occidens,
1510 892 1544 918 et
1567 897 1662 918 nunc
1688 898 1835 929 magnae
1860 897 1941 923 sunt
1966 890 2044 923 lites
2069 892 2112 923 de

1117 935 1345 975 ceremoniis,
1380 935 1490 979 aliqui
1523 936 1692 970 damnant
1722 936 1849 971 Latine
1879 948 2041 974 canentes
2073 941 2111 974 in

1118 985 1268 1029 templis.
1323 985 1543 1019 Praetexitur
1557 987 1675 1031 aliqua
1693 989 1801 1029 ratio,
1830 991 1889 1022 sed
1906 992 2017 1024 animi
2034 1004 2110 1024 cer-

1116 1043 1191 1069 tant
1221 1036 1435 1077 ambitione,
1475 1037 1730 1077 aemulatione,
1765 1040 1957 1082 cupiditate
1991 1042 2112 1075 vindi-

1116 1094 1209 1127 ctae,
1242 1094 1272 1120 et
1297 1087 1375 1119 aliis
1400 1087 1516 1130 pravis
1541 1087 1744 1128 affectibus,
1781 1096 1814 1122 et
1839 1102 1878 1123 ex
1902 1091 1972 1124 levi
1995 1101 2110 1127 errato

1117 1138 1259 1169 invidus
1276 1137 1401 1180 arripit
1418 1137 1635 1170 occasionem
1654 1141 1837 1181 premendi
1855 1153 1953 1182 eum,
1980 1143 2036 1176 cui
2056 1144 2112 1176 in-

1117 1187 1229 1227 videt,
1256 1194 1294 1220 ut
1321 1198 1416 1220 nunc
1444 1194 1581 1220 nostras
1605 1187 1796 1231 Ecclesias,
1825 1199 1968 1235 propter
1992 1194 2110 1239 aliqua

1116 1237 1204 1270 levia
1238 1238 1344 1276 vitia,
1379 1237 1656 1271 virulentissime
1684 1241 1873 1276 traducunt
1896 1241 2112 1288 hypocritae,

1115 1288 1280 1321 festucam
1306 1288 1343 1320 in
1368 1288 1485 1321 alieno
1512 1290 1615 1323 oculo
1642 1290 1843 1335 culpantes,
1872 1305 1952 1327 cum
1975 1297 2110 1329 trabem

1114 1339 1151 1371 in
1168 1350 1230 1372 suo
1248 1339 1438 1382 negligant.

1217 1406 1360 1440 Tertius
1385 1407 1512 1449 gradus
1539 1412 1606 1445 est,
1635 1415 1715 1442 ante
1742 1413 1999 1446 contumaciam
2027 1426 2110 1448 can-

1114 1458 1196 1490 dide
1230 1465 1262 1491 et
1285 1465 1444 1491 amanter
1468 1470 1613 1490 monere
1638 1468 1812 1494 errantem
1839 1470 1871 1496 et
1897 1472 2109 1507 peccantem,

1114 1515 1146 1541 et
1172 1506 1238 1541 hoc
1260 1509 1376 1541 officio
1400 1520 1564 1541 revocare
1589 1521 1669 1542 eum
1698 1511 1735 1543 in
1764 1513 1875 1553 viam,
1903 1522 1940 1548 ut
1964 1514 2109 1549 Petrum

1115 1565 1250 1591 revocat
1263 1558 1395 1592 Paulus
1413 1559 1448 1591 in
1470 1559 1572 1597 viam,
1588 1558 1792 1595 etCliristus
1804 1564 2036 1605 placidissime
2047 1579 2103 1600 re-

1114 1610 1199 1653 cipit
1223 1616 1365 1651 agentes
1384 1609 1653 1653 poenitentiam,
1682 1619 1721 1645 ut
1739 1614 1921 1647 mulierem
1940 1618 2109 1658 peccatri-

1114 1673 1186 1693 cem
1200 1687 1209 1701 ,
1235 1658 1455 1703 Zachaeum‚
1479 1667 1511 1693 et
1526 1660 1623 1692 alios.
1679 1661 1718 1694 ln
1737 1661 1790 1696 his
1808 1665 1920 1698 tribus
1940 1668 2110 1709 gradibus

1114 1722 1259 1753 regnare
1289 1711 1465 1755 aequitaS‚
1500 1722 1560 1743 seu
1588 1710 1757 1746 ἐπιείκεια
1785 1716 1969 1759 praecipue
1994 1719 2108 1752 debet.

1113 1761 1182 1795 Sed
1206 1762 1371 1795 severitas
1397 1772 1456 1794 seu
1482 1761 1640 1794 iusticiae
1663 1763 1776 1806 rigor,
1805 1772 1843 1798 ut
1867 1775 2013 1809 vocant,
2043 1771 2109 1802 ad-

1114 1823 1232 1845 versus
1258 1819 1480 1845 contumaces
1506 1811 1542 1843 in
1569 1812 1704 1846 delictis
1734 1816 1929 1850 manifestis
1947 1831 2108 1853 exercea-

1113 1869 1180 1895 tur.
1235 1862 1344 1907 quue
1369 1862 1540 1895 iudicium
1564 1874 1637 1895 non
1664 1871 1714 1898 est
1742 1862 1916 1908 hominis,
1944 1870 2002 1902 scd
2028 1869 2107 1906 Dei.

1113 1913 1232 1956 Quare
1266 1913 1489 1955 magistratus
1516 1919 1549 1946 et
1573 1913 1678 1947 iudex
1709 1917 1979 1960 ecclesiasticus,
2024 1922 2107 1965 quia

1114 1976 1185 1996 non
1210 1976 1292 1997 suae
1318 1964 1525 2009 cupiditati,
1556 1966 1615 1997 sed
1641 1967 1807 2000 mandato
1830 1967 1896 2002 Dei
1923 1970 2104 2015 obtempe-

1113 2021 1208 2054 rant,
1235 2022 1352 2048 tamen
1374 2015 1528 2048 retinent
1548 2015 1793 2059 dilectionem,
1821 2031 1899 2052 cum
1916 2028 2008 2055 recte
2027 2023 2105 2055 offi-

1111 2065 1204 2097 cium
1221 2065 1366 2099 faciunt.

1213 2131 1309 2165 Haec
1332 2133 1503 2175 generalis
1528 2132 1708 2168 distinctio
1731 2142 1891 2170 teneatur
1911 2139 1953 2171 de
1972 2142 2102 2175 severi-

1111 2190 1180 2218 tate
1198 2191 1229 2217 et
1246 2185 1439 2228 aequitate,
1464 2185 1601 2229 quoties
1621 2185 1679 2218 illa
1699 2194 1880 2231 praecepta
1898 2201 2102 2235 occurrunt,

1111 2247 1198 2280 quae
1217 2234 1336 2279 aliquo
1355 2236 1460 2268 niodo
1480 2235 1650 2268 dissidere
1670 2237 2014 2283 videntur,quorum
2026 2244 2094 2277 alia

1110 2287 1235 2319 iubent
1258 2287 1455 2329 ignoscere,
1488 2286 1754 2329 utremittitelet
1772 2289 1970 2324 remittetur
1987 2295 2100 2336 vobis,

1110 2337 1177 2369 alia
1207 2338 1250 2369 de
1282 2349 1393 2380 poena
1425 2337 1700 2375 concionantur,
1738 2344 1775 2371 ut
1804 2341 1835 2374 1.
1862 2341 2024 2378 Corinth.
2045 2345 2098 2379 5.:

1111 2387 1257 2421 Auferte
1281 2388 1413 2420 malum
1438 2399 1477 2420 ex
1503 2388 1603 2420 vobis
1623 2387 1716 2430 ipsis.
1769 2387 1820 2422 Ac
1838 2391 1875 2423 in
1892 2390 2037 2428 historia
2055 2398 2098 2429 de

1110 2439 1291 2472 ablutione
1314 2440 1461 2482 pedum,
1489 2450 1577 2482 quae
1595 2439 1792 2472 doctrinam
1813 2443 1970 2478 continet
1986 2447 2028 2478 de
2042 2447 2098 2479 di-

1110 2490 1276 2529 lectione,
1301 2490 1398 2522 locus
1424 2489 1586 2531 poscebat
1611 2486 1677 2521 hoc
1701 2490 1891 2525 discrimen
1907 2495 1949 2527 de
1966 2499 2096 2530 severi-

1109 2548 1178 2574 tate
1197 2542 1287 2574 etde
1303 2540 1477 2584 aequitate
1493 2539 1630 2583 exponi.
1685 2538 1850 2585 Applicat
1866 2551 1981 2578 autem
1992 2545 2097 2580 Chri-

1109 2598 1182 2624 stus
1212 2592 1285 2635 ipse
1308 2590 1526 2633 exemplum,
1559 2590 1742 2635 inquiens:
1778 2591 1989 2639 Exemplum
2015 2599 2096 2631 dedi

1110 2638 1230 2684 vobis,
1259 2648 1297 2675 ut
1323 2641 1412 2674 sicut
1436 2652 1498 2684 ego
1525 2641 1589 2673 feci
1613 2642 1731 2684 vobis,
1759 2644 1806 2677 ita
1825 2651 1857 2678 et
1875 2658 1935 2679 vos
1951 2648 2096 2686 faciatis.

1565 2693 1610 2726 19
