2415 2942
241 117 311 154 167

245 203 410 238 omnibus
426 196 644 242 temporibus
668 193 754 226 solet
775 190 906 235 opponi
926 189 1108 222 doctrinae
1118 187 1238 221 Evan-

247 254 349 298 gelii,
386 251 474 284 sicut
509 258 603 280 nunc
627 243 791 286 Episcopi
825 247 954 283 negant
985 239 1238 273 discedendum

249 316 321 337 esse
341 304 383 335 ab
402 313 454 341 eo,
477 298 571 342 quod
590 294 694 328 semel
714 292 854 336 publico
872 302 1042 324 consensu
1060 297 1238 332 receptum

252 361 321 393 est,
350 359 381 385 et
399 349 548 390 allegant
565 344 817 378 successionem
845 342 1077 375 ordinariam.
1132 339 1239 373 Hunc

253 411 387 437 coetum
416 403 542 431 vocant
563 394 776 433 Ecclesiam,
816 392 877 438 qui
904 393 1090 426 autoritate
1117 402 1241 435 perpe-

253 462 331 488 tuae
349 447 577 484 successionis
597 446 664 478 iam
685 445 804 478 multis
831 444 957 477 seculis
981 450 1081 476 tenet
1106 452 1240 486 posses-

256 505 387 537 sionem
414 499 594 532 doctrinae
633 502 665 529 et
696 494 980 538 gubernationis,
1030 491 1124 526 ltunc
1156 504 1241 525 con-

255 554 405 588 tendunt
422 562 492 582 non
512 559 609 593 posse
629 558 765 584 errare,
802 552 833 578 et
850 545 925 578 sine
943 544 1165 577 dubitatione
1183 543 1244 574 de·-

257 604 435 639 testandos
458 602 629 638 esse‘eos‚
667 597 728 642 qui
761 596 804 629 ab
828 593 894 628 boc
918 603 1019 628 coctu
1050 594 1245 631 discedunt,

258 657 306 688 ita
343 651 399 686 hic
433 650 689 683 ratiocinantur
714 647 758 680 ab
782 647 967 679 autoritate
1002 657 1142 683 eorum,
1185 642 1245 687 qui

261 711 342 739 sunt
362 701 537 748 praecipui
557 700 592 732 iu
612 698 742 743 populo
761 696 844 737 Dei,
872 704 903 729 et
929 702 1048 729 tenent
1072 696 1245 738 guberna-

260 757 394 790 tionem
422 752 617 784 institutam
650 748 834 781 divinitus.
896 747 1016 788 Quare
1039 752 1159 778 contra
1183 741 1248 775 ho-

262 819 340 840 rum
360 803 582 837 autoritatem
600 807 631 832 et
650 799 839 840 iudicium,
867 809 940 829 non
967 807 1038 829 esse
1056 794 1249 827 assentien-

267 858 351 890 dum
370 853 550 888 doctrinae
568 850 676 884 unius
694 847 848 881 hominis
874 847 1000 890 privati
1029 852 1063 879 et
1087 844 1211 888 ignoti.

369 929 445 963 Hoc
464 934 530 965 est,
558 926 651 970 quod
677 925 791 957 aiunt:
831 922 995 966 Nunquis
1019 934 1058 954 ex
1082 920 1251 965 principi-

266 985 331 1016 bus
350 980 457 1014 credit
478 979 514 1009 in
540 977 653 1015 ipsum
667 1001 675 1015 ‚
709 981 767 1006 aut
790 986 829 1006 ex
847 971 1070 1006 Pharisaeis'?
1105 971 1197 1014 Quia
1214 971 1251 1002 in

268 1032 335 1067 hoc
362 1029 492 1075 populo
515 1025 786 1060 Pharisaeorum
813 1030 885 1056 crat
911 1024 1095 1067 praecipua
1119 1021 1253 1055 autori-

267 1092 340 1122 tas,
374 1089 540 1124 tanquam
566 1075 818 1120 praestantium
847 1074 1037 1118 sapientia,
1078 1072 1253 1111 doctrina,

269 1143 303 1167 et
322 1132 437 1166 studio
456 1127 653 1170 religionis,
687 1138 725 1158 ac
744 1126 834 1159 inter
861 1137 919 1157 eos
942 1124 1044 1157 multi
1070 1129 1254 1168 praeerant

271 1186 306 1218 in
324 1180 601 1227 gubernatione,
630 1189 669 1210 ex
693 1177 814 1209 talium
844 1175 974 1208 iudicio
997 1175 1174 1207 affirmant
1192 1185 1254 1216 po-

270 1237 339 1269 tius
355 1231 577 1266 statuendum
597 1239 668 1260 esse
686 1228 728 1259 de
748 1226 924 1265 doctrina,
952 1237 1055 1270 quam
1082 1225 1205 1258 stultae
1223 1230 1255 1256 et

272 1284 453 1329 imperitae
485 1278 744 1316 multitudinis,
788 1289 876 1321 quae
899 1289 976 1309 cum
1003 1287 1074 1308 sese
1101 1280 1255 1318 opponat

273 1333 452 1370 autoritati
490 1330 690 1364 ordinariae
721 1327 918 1371 potestatis,
957 1338 1074 1358 secure
1097 1336 1256 1369 pronun-

273 1388 365 1421 ciant
382 1396 456 1418 eam
474 1395 490 1415 a
508 1381 582 1414 Deo
609 1381 810 1412 damnatam
830 1384 862 1410 et
878 1377 1098 1410 maledictam
1118 1387 1199 1410 esse.

375 1459 536 1494 Alterum
566 1460 808 1498 argumentum
836 1464 875 1485 ex
892 1452 1091 1485 testimonio
1109 1451 1258 1494 scriptu-

274 1526 353 1551 rae,
399 1512 440 1543 de
468 1519 592 1551 genere
620 1513 652 1538 et
680 1505 754 1537 loco
785 1504 892 1536 natali
920 1502 1068 1536 Messiae
1092 1509 1258 1541 sumtum,

276 1564 385 1606 magis
402 1568 450 1594 est
470 1558 674 1602 speciosum.
729 1554 883 1588 Maxime
906 1560 1050 1596 urgetur
1073 1554 1108 1585 in
1135 1550 1188 1584 his
1207 1552 1257 1584 al-

276 1611 546 1649 tercationibus,
587 1607 682 1652 quod
717 1605 888 1648 scriptura
920 1611 1064 1637 testatur
1093 1602 1256 1636 Messiam

278 1664 508 1710 promissum,
537 1659 710 1692 oriturum
729 1667 800 1688 esse
817 1667 856 1687 ex
875 1655 968 1697 regio
986 1666 1129 1697 genere,
1156 1660 1187 1686 et
1204 1653 1257 1685 fa—

278 1716 373 1749 milia
399 1711 544 1747 Davidis
569 1710 606 1741 in
632 1703 858 1746 Bethlehem,
894 1717 981 1750 quae
1005 1712 1077 1738 erat
1102 1705 1139 1736 in
1164 1704 1259 1736 tribu

280 1767 383 1803 Iuda,
410 1764 498 1796 sicut
516 1761 606 1794 clare
623 1759 670 1791 ait
687 1755 864 1790 Michaeas
882 1767 952 1798 cap.
970 1754 1019 1788 5.:
1045 1754 1097 1788 Ex
1114 1762 1146 1788 te
1164 1766 1260 1796 egre-

280 1819 396 1850 dietur
420 1816 488 1846 dux
514 1810 634 1855 populi
661 1808 745 1848 mei,
773 1814 836 1840 etc.
894 1805 988 1839 Hinc
1013 1812 1260 1848 argumentan-

281 1876 337 1901 tur
355 1872 473 1900 contra
490 1860 688 1898 Christum,
715 1855 818 1891 huius
838 1857 991 1890 doctoris
1009 1869 1069 1889 nec
1088 1855 1258 1888 familiam

283 1931 353 1952 esse
371 1923 509 1953 notam,
543 1919 574 1944 et
598 1916 757 1954 parentes
782 1919 853 1940 esse
880 1909 1066 1947 obscuros,
1094 1914 1125 1940 et
1143 1913 1259 1939 ortum

283 1982 353 2003 esse
372 1969 447 2000 loco
472 1962 639 2006 ignobili,
675 1959 795 2003 procul
820 1959 940 1991 dissito
965 1958 1000 1990 in
1027 1964 1178 1990 extrema
1202 1968 1261 1988 ora

283 2019 429 2052 finitima
456 2014 636 2058 gentibus,
671 2011 765 2043 unde
790 2021 860 2042 non
889 2009 1001 2041 solum
1019 2008 1166 2041 Messias
1190 2018 1261 2039 uon

285 2072 325 2103 sit
343 2067 552 2109 speramus,
581 2063 637 2095 sed
658 2073 699 2093 ne
717 2060 858 2104 quidem
870 2057 1042 2102 Propheta
1059 2058 1186 2102 aliquis
1205 2069 1263 2089 ex-

285 2121 410 2158 titerit,
437 2117 497 2150 sed
515 2113 580 2146 hoc
596 2117 861 2154 argumentum,
895 2109 957 2142 etsi
978 2110 1142 2152 praetexit
1166 2107 1263 2141 testi-

287 2171 444 2203 monium
462 2166 671 2208 scripturae,
699 2169 814 2194 tamen
839 2172 956 2192 revera
977 2160 1206 2192 ratiocinatur
1224 2169 1265 2190 ex

286 2220 443 2254 humano
490 2214 619 2248 iudicio
636 2237 644 2250 ,
705 2223 764 2244 seu
801 2210 1052 2252 imaginatione
1096 2207 1263 2248 humana,

289 2283 392 2317 quam
410 2268 582 2301 iubebant
598 2262 718 2297 Iudaei
735 2263 776 2294 de
786 2258 943 2298 Christo,
971 2261 1140 2297 videlicet,
1171 2259 1264 2304 quod

290 2329 374 2356 esset
394 2319 575 2351 habiturus
593 2313 779 2357 imperium
797 2312 1027 2344 mundanum.
1070 2309 1151 2342 ldeo
1170 2309 1266 2352 cogi-

290 2379 364 2407 tpnt
392 2382 468 2401 eum
498 2367 719 2410 proditurum
747 2375 786 2395 ex
807 2361 1024 2394 nobilissima
1051 2360 1201 2399 familia,
1235 2366 1267 2392 et

290 2430 535 2458 resiatwrum,
563 2422 696 2458 septum
723 2420 755 2446 et
783 2413 958 2445 munitum
984 2411 1181 2450 agminibus
1205 2422 1267 2453 po-

291 2459 425 2508 tentum
445 2477 474 2501 et
493 2467 665 2499 nobilium
679 2491 688 2502 ,
714 2471 744 2497 et
762 2463 821 2496 tali
841 2463 940 2502 loen,
965 2462 1027 2494 111ιί
1052 2468 1137 2493 esset
1153 2461 1268 2493 omni-

293 2528 357 2558 bus
384 2519 608 2562 conspicuus,
642 2521 784 2547 ornatus
817 2511 952 2545 honore
977 2519 1009 2545 et
1031 2511 1140 2554 gloria
1164 2511 1268 2553 regia.

291 2575 387 2609 Haec
420 2571 499 2615 quia
530 2579 602 2600 non
638 2564 853 2598 conveniunt
882 2564 917 2595 in
949 2573 1130 2606 personam
1167 2559 1269 2594 huius

294 2622 463 2661 ductoris,
510 2619 588 2651 ideo
635 2613 850 2649 confidenter
888 2620 1017 2657 negant
1059 2610 1153 2646 hunc
1198 2624 1270 2645 esse

291 2675 482 2711 Christum.

821 105 945 140 PHlL.
973 103 1089 139 MEL.
1117 101 1326 138 SCRIPTA
1353 102 1655 141 EXEGETICA.

2192 107 2266 144 168

1389 189 1460 224 Sed
1491 187 1554 224 has
1585 188 1853 233 imaginationes
1890 201 1992 235 saepe
2023 191 2151 226 refutat
2190 192 2278 226 scri-

1288 247 1410 284 ptura,
1443 252 1530 287 quae
1555 241 1648 274 clare
1672 241 1822 274 affirmat
1846 252 1991 285 regnum
2016 241 2171 275 Messiae
2200 254 2276 277 non

1289 291 1447 325 futurum
1488 303 1561 325 esse
1598 292 1702 325 talem
1742 293 1958 325 mundanam
1984 292 2280 335 dominationem,

1289 354 1352 375 nec
1377 354 1563 386 personam
1589 343 1698 386 ipsius
1723 341 1876 376 suturam
1904 353 1976 375 esse
1999 343 2221 387 conspicuam
2239 343 2279 376 in

1290 394 1444 434 mundo,
1486 393 1579 426 iuxta
1612 391 1795 426 hominum
1827 393 2115 437 expectationem.
2182 392 2279 427 Haec

1291 443 1366 476 sine
1390 444 1604 477 obscuritate
1630 443 1805 488 praedicta
1827 450 1926 477 erant
1953 443 1989 475 in
2009 441 2213 486 Prophetis,
2241 451 2281 478 ut

1293 506 1366 537 cap.
1394 493 1515 527 Esaiae
1533 493 1595 529 53.
1618 500 1785 532 testatur,
1819 494 1856 527 in
1878 506 1948 539 quo
1968 493 2059 527 ctare
2080 494 2210 528 dicitur
2232 495 2278 528 de

1294 544 1440 577 Messia:
1490 543 1569 577 Non
1598 551 1648 578 est
1678 544 1808 588 species
1841 544 1873 577 ei
1903 556 2017 589 neque
2043 545 2167 584 decor,
2199 556 2280 578 cum

1295 594 1529 638 aspiceremus
1555 606 1655 635 eum,
1688 606 1761 628 non
1785 602 1857 628 erat
1881 595 2028 639 species,
2062 606 2151 639 quae
2166 595 2282 639 place-

1297 651 1366 685 ret,
1392 652 1455 678 etc.
1509 644 1627 687 Quare
1651 642 1736 678 haec
1753 645 1953 679 testimonia
1970 646 2144 679 debebant
2160 644 2283 679 Iudaei

1296 696 1536 737 considerare,
1563 707 1626 728 nec
1644 707 1682 728 ex
1701 695 1771 728 suis
1788 696 2102 738 imaginationibus
2121 703 2154 729 et
2170 702 2284 729 exter-

1297 758 1342 778 na
1358 747 1470 790 specie
1489 748 1530 779 de
1548 757 1695 790 persona
1722 746 1942 786 ratiocinari,
1974 746 2178 790 praesertim
2201 758 2282 780 cum

1299 799 1501 830 accederent
1520 796 1718 830 testimonia
1736 797 1778 829 de
1801 803 1976 840 tempore,
2003 797 2098 841 quod
2123 796 2192 830 iam
2219 808 2284 830 na-

1298 853 1355 879 tus
1380 855 1467 881 esset
1490 847 1655 887 Messias,
1691 853 1724 880 et
1747 848 1790 880 de
1816 858 1963 890 persona
1988 847 2156 880 miracula
2178 853 2284 881 testa-

1300 904 1434 931 rentur.
1493 897 1641 931 lnterim
1666 897 1769 931 etiam
1801 899 1844 930 de
1866 897 1998 930 familia
2027 904 2061 930 et
2082 898 2159 931 loco
2183 897 2286 930 facile

1302 954 1437 991 poterat
1460 955 1636 986 constare,
1673 948 1700 981 si
1724 948 1916 981 voluissent
1943 947 2133 992 inquirere.
2192 946 2285 981 Nam

1301 1004 1334 1031 et
1359 999 1498 1041 publice
1521 999 1683 1031 extabant
1708 998 1860 1039 indices,
1894 998 1954 1042 qui
1977 998 2206 1031 continebant
2231 1009 2286 1031 se-

1303 1048 1390 1081 riem
1415 1055 1448 1081 et
1470 1049 1752 1081 nomenclaturas
1776 1060 2003 1093 personarum
2021 1049 2058 1081 in
2073 1048 2220 1091 singulis
2235 1048 2288 1082 fa-

1303 1099 1427 1138 miliis,
1463 1105 1496 1132 et
1519 1106 1618 1131 erant
1639 1096 1754 1131 adbuc
1778 1099 1850 1131 vivi
1877 1106 1997 1140 testes,
2028 1099 2090 1144 qui
2115 1099 2288 1132 memine-

1303 1156 1382 1182 rant
1406 1147 1500 1182 hunc
1528 1148 1641 1182 lesum
1664 1155 1786 1182 natum
1811 1149 1847 1181 in
1864 1147 2093 1188 Bethlehem,
2121 1149 2186 1184 etsi
2212 1149 2288 1183 eius

1305 1207 1464 1244 parentes
1478 1206 1510 1233 et
1527 1199 1688 1242 cognatio
1706 1211 1776 1231 non
1794 1197 1971 1233 habebant
1986 1200 2036 1232 ibi
2054 1199 2288 1234 domicilium.

1306 1250 1399 1292 Quia
1421 1262 1499 1283 cum
1525 1250 1676 1294 populus
1701 1250 1770 1282 iam
1794 1250 1899 1293 longo
1925 1257 2081 1294 tempore
2104 1261 2291 1294 oppressus

1307 1308 1394 1334 esset
1417 1301 1530 1333 aliena
1555 1300 1815 1338 dominatione,
1843 1301 2028 1344 posteritas
2044 1300 2199 1333 familiae
2215 1299 2290 1334 Da-

1306 1351 1414 1391 vidis‚
1442 1363 1530 1395 quae
1548 1357 1690 1394 propter
1713 1351 1847 1392 regium
1873 1362 2022 1388 nomen,
2050 1351 2199 1383 maxime
2217 1356 2292 1384 erat.

1307 1401 1459 1434 obnoxia
1479 1401 1649 1441 iniuriae,
1684 1412 1761 1432 cum
1789 1412 1961 1445 nusquam
1987 1407 2074 1434 esset
2090 1401 2119 1433 ei
2138 1401 2234 1433 locus
2252 1401 2290 1433 in

1309 1451 1453 1491 Iudaea,
1481 1459 1595 1484 coacta
1621 1457 1668 1484 est
1692 1452 1848 1483 secedere
1865 1452 1901 1483 in
1919 1451 2078 1484 ultimam
2103 1463 2199 1484 oram
2217 1449 2292 1484 Ga—

1311 1503 1431 1542 lileae,
1457 1503 1515 1534 sed
1534 1509 1649 1534 tamen
1667 1502 1884 1545 praedictum
1904 1508 1936 1535 et
1953 1499 2018 1535 hoc
2036 1508 2129 1546 erat,
2155 1513 2196 1534 eo
2214 1502 2290 1546 ipso

1310 1560 1466 1596 tempore
1481 1550 1660 1586 Christum
1679 1553 1894 1586 nasciturum
1913 1563 2002 1592 esse,
2037 1564 2116 1585 cum
2138 1553 2292 1596 populus

1310 1611 1342 1636 et
1360 1603 1452 1645 regia
1471 1603 1602 1635 familia
1627 1614 1790 1646 oppressa
1809 1610 1896 1635 esset
1915 1602 2006 1636 tristi
2023 1602 2189 1635 servitute
2204 1602 2292 1635 alie-

1310 1665 1373 1686 nae
1400 1653 1672 1692 dominationis,
1700 1653 1789 1686 sicut
1814 1654 1851 1685 in
1877 1652 2007 1686 Genesi
2031 1653 2176 1686 dicitur:
2209 1651 2291 1685 Non

1310 1704 1486 1737 auferetur
1520 1711 1693 1747 sceptrum
1723 1715 1741 1736 a
1768 1702 1873 1744 luda,
1912 1703 2025 1736 donec
2054 1702 2173 1736 veniat
2196 1701 2294 1736 Mes·-

1312 1755 1399 1795 sias‚
1425 1761 1488 1788 etc.

1412 1803 1507 1838 Haec
1523 1803 1614 1844 dixi,
1638 1809 1675 1836 ut
1693 1802 1977 1844 considerentur,
2002 1809 2035 1836 et
2052 1802 2196 1837 refutari
2213 1814 2294 1847 pos-

1312 1856 1380 1889 sint
1405 1853 1469 1888 hae
1493 1854 1705 1892 calumniae,
1744 1853 1872 1897 quibus
1896 1854 2085 1886 adversarii
2109 1853 2295 1897 Evangelii

1312 1918 1437 1948 magna
1461 1905 1573 1948 specie
1597 1901 1785 1936 detrahunt
1811 1904 1990 1936 doctrinae
2007 1902 2151 1937 Christi.
2204 1903 2295 1938 Nam

1317 1958 1436 1989 eadem
1458 1962 1539 1988 sunt
1563 1954 1752 1986 certamina
1775 1954 1941 1987 omnibus
1965 1955 2154 1993 aetatibus,
2181 1961 2221 1988 ut
2237 1955 2296 1988 hic

1314 2007 1494 2050 disputant
1529 2004 1668 2045 ludaei,
1708 2015 1752 2036 ne
1788 2005 2022 2037 assentiantur
2046 2003 2204 2046 Christo,
2247 2006 2296 2038 ita

1318 2068 1453 2099 semper
1471 2054 1554 2089 baec
1570 2056 1640 2088 duo
1665 2054 1838 2088 obiiciunt
1863 2055 2053 2098 sapientes,
2082 2055 2235 2099 primum
2251 2056 2295 2089 de

1316 2114 1484 2151 potestate
1509 2105 1706 2144 ordinaria,
1746 2102 1838 2137 banc·
1862 2117 1934 2138 esse
1966 2105 2196 2147 audiendam,
2233 2117 2297 2139 nec

1316 2158 1594 2191 dissentiendum
1612 2157 1655 2189 ab
1670 2156 1743 2188 eius
1761 2156 1890 2189 iudicio
1909 2162 1940 2189 et
1955 2156 2152 2192 autoritate.
2187 2157 2296 2190 Dein-

1318 2210 1360 2241 de
1386 2208 1486 2242 aiunt
1508 2207 1624 2240 afferri
1647 2218 1775 2239 novam
1801 2207 1998 2240 doctrinam
2021 2207 2065 2240 ab
2090 2204 2296 2242 hominibus

1318 2259 1463 2301 ignotis,
1490 2257 1669 2298 obscuris,
1695 2257 1770 2290 sine
1787 2257 2005 2297 testimonio,
2037 2264 2098 2290 aut
2121 2259 2297 2302 approba-

1317 2310 1412 2343 tione
1445 2310 1731 2352 gubernatorum.
1798 2307 1886 2341 Nam
1924 2305 2076 2340 humana
2114 2308 2297 2352 sapientia,

1319 2361 1405 2393 sicut
1420 2361 1462 2393 de
1479 2371 1586 2402 regno
1596 2356 1726 2392 Christi
1743 2370 1802 2390 seu
1814 2356 1981 2397 Ecclesia,
2007 2358 2053 2391 ita
2073 2359 2116 2390 de
2133 2359 2294 2394 doctrina

1319 2423 1454 2454 semper
1479 2411 1600 2442 eodem
1628 2410 1733 2441 modo
1756 2409 1905 2449 iudicat,
1940 2409 2075 2452 quaerit
2092 2406 2298 2452 Ecclesiam,

1320 2473 1407 2505 quae
1433 2460 1558 2494 babeat
1578 2459 1776 2492 testimonia
1801 2466 1834 2491 et
1857 2459 2178 2502 comprobationem
2197 2461 2299 2505 prin-

1320 2512 1456 2555 cipum,
1483 2517 1686 2555 potentum,
1708 2509 1922 2553 sapientum,
1949 2516 2009 2543 etc.
2045 2508 2195 2551 Contra,
2219 2523 2299 2545 cum

1321 2563 1413 2594 videt
1428 2562 1588 2604 exiguum
1609 2566 1743 2592 coetum
1762 2560 1836 2592 sine
1863 2560 2049 2593 autoritate
2077 2567 2110 2593 et
2133 2562 2301 2605 potentia,

1321 2619 1533 2645 contemtum
1553 2618 1585 2644 et
1602 2617 1756 2654 spretum
1775 2611 1811 2642 in
1830 2611 1976 2650 mundo,
2003 2611 2208 2656 offenditur,
2234 2625 2298 2646 nec

1321 2663 1452 2697 iudicat
1469 2660 1565 2696 hunc
1581 2672 1654 2695 esse
1672 2661 1842 2706 populum
1857 2660 1939 2703 Dei,
1965 2673 2073 2706 quare
2087 2673 2150 2696 nec
2166 2664 2299 2697 doctri-
