2415 2942
93 79 167 115 6⁴73
272 76 373 114 xm.
423 78 458 112 2.
487 74 848 113 COMMENTARH
878 76 928 112 IN
954 75 1109 113 EPIST.
1137 72 1286 109 PAULI
1314 71 1381 106 AD
1410 70 1673 109 ROMANOS.
1725 74 1828 110 CAP.
1858 77 1957 115 x’111.
2060 80 2134 115 674

1141 158 1291 202 petimus
1322 158 1596 201 liberationem,
1641 172 1714 194 non
1746 161 1841 195 iuxta
1871 164 2010 198 carnale
2037 165 2129 198 desi-

1139 210 1292 244 derium.

93 177 167 200 esse
182 165 344 199 abiectos.
389 162 476 197 Item
490 189 498 203 ,
525 171 565 198 ut
583 164 800 200 invocemus.
836 162 944 203 Item,
970 169 1010 196 ut
1030 175 1087 196 ex-

94 224 271 263 pectemus
294 216 478 250 auxilium.

196 266 279 300 ldeo
308 267 382 310 ipse
410 266 527 300 statim
554 266 675 300 attexit
707 264 871 311 quintum
897 275 1085 307 argumen-
1239 260 1416 305 Loquitur
1448 266 1563 293 autem
1590 259 1721 295 Paulus
1747 263 1789 296 de
1817 276 1896 298 vera
1927 272 1960 299 et
1991 266 2127 310 ingenti

93 325 168 352 tum
187 319 230 351 de
249 318 380 351 auxilio
398 317 552 361 Spiritus
569 317 702 357 sancti,
727 323 760 350 et
780 317 824 348 de
849 315 1085 356 invocatione,
1110 339 1111 347 ἶ
1136 311 1250 349 lucta,
1294 322 1366 343 non
1398 312 1440 343 de
1464 311 1601 353 frigidis
1631 319 1663 345 et
1690 314 1812 347 otiosis
1841 316 2125 358 cogitationibus.

94 370 194 414 quasi
210 368 327 411 {dican
364 368 487 402 Talem
514 367 719 412 patientiam
744 366 906 411 requiro,
947 366 984 398 in
1016 379 1083 411 qna
1109 365 1111 398 ι’
1135 362 1218 394 Ideo
1238 357 1322 394 haec
1339 373 1356 393 a
1376 361 1506 394 securis
1524 373 1596 394 non
1616 372 1760 406 possunt
1778 365 1946 409 intelligi,
1973 370 2030 401 sed
2050 369 2124 401 sin-

94 420 200 453 simul
230 420 398 453 invocetis
422 425 456 453 et
483 418 628 463 speretis
652 417 844 456 auxilium,
882 418 977 461 quod
1004 418 1083 462 qui-
1108 399 1110 464 1
1133 413 1205 456 guli
1231 423 1294 455 pro
1316 423 1380 444 suo
1408 412 1514 445 modo
1541 411 1577 444 in
1604 414 1674 446 suis
1700 416 1975 458 tentationibus,
2004 419 2123 464 aliqua

93 473 173 504 dem
194 471 403 515 promissum
422 476 472 503 est
489 469 599 503 vobis.
651 468 750 502 Sicut
769 465 929 502 Christus
948 468 1081 514 inquit:
1107 475 1109 508 ἰ
1134 474 1175 496 ex
1206 469 1304 507 parte
1336 462 1487 506 experiri
1518 463 1693 497 dehebant
1721 465 1758 497 in
1795 466 2016 502 invocatione
2051 470 2122 502 vim

93 520 173 555 Non
190 522 388 566 relinquam
404 532 466 554 vos
482 517 661 565 orphanos
675 526 740 554 etc.

124 603 309 639 Similiter
334 609 453 639 autem
490 609 521 638 et
548 602 713 650 Spiritus
747 602 904 638 adiuvat
936 601 1042 649 infir-

463 655 626 690 mitatem
654 659 714 689 etc.

194 723 287 767 Quia
323 735 427 768 supra
464 723 553 757 dixit
578 724 621 756 de
656 722 843 768 patientia,
877 729 910 756 et
939 723 982 755 de
1009 734 1080 766 spe,

92 774 192 807 addit
213 776 376 818 quintum
401 781 666 818 argumentum,
700 781 855 807 sumtum
874 775 917 806 ab
934 774 1078 807 auxilio.

93 824 140 859 Ut
159 825 252 858 enim
274 826 440 870 patientia
457 825 602 859 retineri
624 832 759 869 posset,
786 833 825 859 ut
851 825 1028 858 invocatio
1046 832 1078 857 et.

90 926 267 965 ctionum‚
309 928 346 959 in
388 934 484 961 tanta
528 927 733 960 infirmitate
769 926 913 960 humani
949 928 1077 970 cordis,

90 978 183 1021 quod
208 985 256 1010 est
280 978 422 1021 plenum
449 979 682 1012 dubitatione.
734 977 880 1011 Necesse
900 986 948 1012 est
972 979 1076 1011 etiam

90 1029 229 1061 ostendi
245 1029 428 1065 auxilium.
464 1029 586 1075 ltaque
602 1029 651 1062 sic
670 1036 952 1072 argumentatur:
983 1029 1076 1062 Deus

89 1090 170 1111 vere
195 1082 293 1113 adest
319 1087 351 1114 et
374 1081 517 1114 adiuvat
543 1092 606 1113 nos
622 1080 659 1112 in
680 1080 952 1117 afflictionibus,
981 1078 1074 1122 Ergo

89 1141 161 1162 non
184 1132 470 1170 succumbamus,
499 1143 572 1164 non
597 1131 803 1164 abiiciamus
819 1131 921 1164 fidem
940 1137 971 1163 et
991 1143 1075 1163 con-

88 1180 276 1213 fessionem
297 1182 378 1214 victi
398 1182 653 1224 desperatione.

193 1230 260 1264 Hic
284 1233 425 1275 prodest
452 1230 580 1265 babere
601 1233 781 1271 collectas,
810 1239 841 1266 et
865 1231 901 1264 in
929 1243 1074 1274 conspe-

89 1288 146 1314 ctu
171 1282 302 1315 similes
329 1284 598 1326 promissiones,
632 1290 686 1316 ut:
714 1282 844 1322 Petite,
872 1289 904 1315 et
928 1283 1077 1326 accipie-

89 1333 151 1371 tis,
180 1340 311 1376 quanto
335 1334 442 1375 magis
466 1341 562 1376 pater
587 1340 698 1366 vester
720 1334 866 1366 daturus
892 1340 941 1366 est
961 1332 1075 1377 Spiri-

87 1389 159 1414 tum
178 1390 335 1415 sanctum
354 1385 570 1426 petentibus:
598 1383 724 1416 Venite
742 1385 856 1417 adme
876 1396 998 1416 omnes
1015 1383 1074 1427 qui

86 1433 272 1466 laboratis:
297 1433 374 1466 Non
397 1435 593 1480 relinquam
611 1446 672 1467 vos
699 1432 894 1477 orphanos:
926 1434 1073 1478 Rogabo

86 1490 240 1527 patrem,
268 1492 299 1518 et
318 1485 426 1518 alium
454 1486 667 1529 paracletum
681 1486 780 1520 dabit
796 1486 915 1527 vobis,
945 1493 982 1519 ut
1000 1498 1075 1518 ma-

86 1543 166 1568 neat
187 1536 366 1569 vobiscum
387 1537 423 1568 in
441 1544 636 1570 aeternum.

191 1584 379 1627 Quomodo
409 1595 523 1620 autem
550 1591 654 1620 datur
677 1585 832 1630 Spiritus
852 1593 1014 1627 sanctus,
1042 1594 1074 1621 et

88 1637 267 1680 quomodo
291 1644 341 1670 est
369 1637 511 1669 efficax?
553 1636 783 1680 Respondeo:
819 1636 908 1670 Cum
934 1644 1074 1671 susten-

87 1694 202 1720 tamus
228 1698 292 1719 nos
317 1688 423 1720 verbo
452 1688 488 1720 in
514 1688 598 1731 ipsis
621 1688 890 1726 certaminibus,
918 1696 949 1721 et
971 1689 1074 1721 invo—

85 1749 204 1769 camus
227 1737 352 1772 Deum.
420 1737 514 1771 Haec
544 1740 615 1771 duo
641 1738 772 1771 Paulus
798 1735 856 1771 hie
881 1739 1074 1781 coniungit,

85 1788 173 1821 sicut
210 1788 247 1821 in
290 1787 437 1821 Psalmis
466 1789 667 1833 saepissime
700 1789 853 1824 dicitur:
894 1789 1072 1823 Sustinuit

85 1839 203 1871 anima
227 1851 300 1872 mea
330 1840 366 1872 in
393 1840 499 1872 verbo
528 1840 613 1874 eius.
674 1840 762 1873 Item
789 1841 831 1873 de
851 1839 1074 1873 invocatione

84 1887 225 1922 Psalmo
245 1889 296 1924 4.;
333 1889 423 1924 Cum
445 1891 668 1931 invocarem,
702 1891 880 1924 exaudivit
904 1904 958 1923 me
980 1889 1074 1924 Deus

84 1940 240 1973 iusticiae
264 1953 370 1976 meae.
404 1940 449 1975 Et
465 1939 626 1975 Christus
643 1942 759 1987 inquit
775 1943 818 1975 de
833 1942 1072 1976 invocatione:

83 1991 194 2024 Dabit
215 1991 387 2034 Spiritum
404 2000 561 2026 sanctum
584 1994 793 2036 petentibus,

188 2042 365 2076 Describit
386 2050 499 2076 autem
523 2042 654 2076 Paulus
681 2041 737 2077 hic
764 2042 932 2076 brevibus
955 2044 1072 2077 verbis

86 2091 210 2134 ingens
225 2099 398 2126 certamen
413 2120 420 2133 ,
449 2095 541 2138 quod
566 2095 713 2128 sustinet
737 2094 921 2127 infirmitas
944 2102 1072 2128 nostra.

86 2141 174 2175 Nam
200 2144 235 2175 in
262 2144 447 2187 periculis,
478 2145 735 2188 persecutione,
769 2151 902 2185 morte,
938 2153 976 2178 et.
992 2146 1073 2190 qui-

85 2194 291 2239 buscunque
316 2195 585 2236 afflictionibus,
616 2208 654 2228 ac
671 2197 849 2230 aerumnis
875 2197 1072 2240 corporali-

85 2244 150 2277 bus
176 2253 234 2277 aut
260 2246 522 2289 spiritualibus,
557 2254 680 2280 natura
715 2259 815 2290 aegre
839 2248 1071 2291 obtemperat,

86 2306 124 2327 ac
141 2296 253 2328 statim
273 2308 329 2329 eas
347 2304 505 2330 excutere
524 2298 632 2345 cupit.
686 2296 770 2331 Ideo
789 2297 920 2331 Paulus
939 2299 1070 2343 inquit:

86 2343 265 2379 Nescimus
300 2348 384 2392 quid
421 2360 579 2389 oremus,
624 2348 772 2387 scilicet,
813 2361 891 2382 cum
917 2349 1069 2382 naturali

86 2395 323 2432 imbecillitate
348 2399 498 2442 petimus
521 2411 585 2433 nos
610 2400 725 2434 statim
748 2399 911 2438 liberari,
947 2407 979 2432 et
1003 2400 1070 2432 im-

88 2447 257 2489 patienter
273 2449 416 2482 serimus
434 2462 583 2486 crucem.
627 2450 764 2484 Interea
783 2457 897 2483 tamen
916 2449 1069 2494 Spiritus

85 2504 222 2531 sanctus
251 2500 371 2538 efficit,
405 2507 443 2535 ut
474 2501 591 2546 aliqua
618 2513 658 2535 ex
683 2508 779 2545 parte
805 2501 1011 2534 obediamus
1036 2508 1070 2535 et

85 2548 299 2583 invocemus.
365 2549 466 2585 Hanc
490 2553 728 2586 obedientiam
751 2559 784 2586 et
808 2552 1068 2585 invocationem

85 2606 185 2632 vocat
202 2599 331 2634 Paulus
349 2603 498 2644 gemitus
515 2603 780 2639 inenarrabiles,
821 2602 956 2647 Spiritu
974 2603 1068 2636 enim

1134 512 1241 547 buius
1263 513 1528 546 consolationis.
1582 511 1681 547 Nihil
1707 515 1799 548 enim
1828 518 1938 550 maius
1964 521 2123 562 promitti

1133 572 1257 609 potest,
1278 576 1381 609 quam
1396 564 1593 608 praesentia
1611 571 1642 597 et
1661 566 1808 599 efficacia
1821 565 1905 602 Dei:
1928 566 2012 602 haec
2027 571 2122 604 enirn

1133 616 1373 661 promittitur,
1402 627 1480 647 cum
1500 615 1719 657 promittitur
1737 616 1891 660 Spiritus
1908 627 2059 656 sanctus.

1232 666 1344 700 Porro
1369 665 1569 709 suppeditat
1593 667 1696 699 nobis
1720 673 1751 700 et
1770 665 1826 700 hic
1845 669 1941 701 locus
1965 672 2121 704 testimo-

1131 717 1231 750 nium
1257 724 1377 751 contra
1405 716 1628 760 Pelagianos,
1663 718 1721 762 qui
1753 719 2012 762 imaginantur,
2046 723 2120 755 sine

1131 767 1268 812 Spiritu
1288 776 1406 802 sancto
1436 765 1597 800 homines
1614 768 1687 801 fieri
1706 769 1815 802 iustos
1832 778 1863 803 et
1882 771 1947 803 salx
1959 783 2006 805 os.
2052 771 2121 806 Hie

1130 827 1250 853 contra
1268 818 1399 852 Paulus
1417 825 1534 862 aperte
1560 825 1723 859 testatur,
1750 821 1825 853 dari
1845 820 2016 864 Spiritum
2040 835 2121 856 san-

90 887 168 918 spes
192 887 262 908 non
288 878 508 910 excutiantur
531 877 568 909 in
592 883 687 910 taust]
716 876 962 920 magniKUdlsse
986 876 1078 908 afssi-
1130 877 1243 910 Cium,
1272 877 1303 903 θὶ
1328 867 1391 903 hOS
1418 876 1551 909 molus,
1580 870 1683 902 fitietn
1703 877 1735 903 et
1754 871 2012 906 invocationem
2029 874 2120 907 ΕΧΕῘ-

1129 921 1195 954 tari
1214 922 1366 964 agitante
1383 927 1413 954 et
1433 927 1597 953 movente
1614 919 1749 964 Spiritu
1769 929 1903 957 sancto.

1171 1003 1316 1038 Scimus
1337 1009 1476 1045 antem,
1505 1001 1605 1052 quod
1619 1001 1861 1050 diligentibus
1879 1004 2000 1041 Deum
2020 1013 2079 1045 etc.

1230 1072 1374 1107 Sextum
1406 1079 1650 1116 argumentum
1679 1074 1722 1105 ab
1757 1074 1847 1107 exitu
1880 1083 2033 1109 sumtum
2056 1084 2119 1112 est.

1129 1123 1228 1157 Deus
1250 1136 1323 1157 non
1353 1125 1455 1157 aliter
1483 1123 1670 1166 glorificat,
1706 1124 1773 1156 nisi
1806 1137 1865 1168 per
1897 1127 2119 1165 afflictiones,

1127 1173 1221 1217 Ergo
1240 1176 1385 1208 tolerate
1402 1186 1468 1215 eas,
1488 1186 1566 1206 cum
1585 1174 1655 1207 sint
1674 1174 1728 1206 via
1747 1176 1788 1207 ad
1810 1176 2116 1219 glorificationem.

1127 1226 1350 1258 Antecedens
1381 1226 1530 1269 probat,
1576 1225 1754 1267 proposita
1790 1226 1942 1269 imagine
1969 1226 2116 1262 Christi.

1100 1283 1101 1287 ’
1127 1274 1282 1319 Oportet
1305 1288 1368 1309 nos
1387 1276 1518 1308 similes
1535 1275 1608 1308 fieri
1628 1275 1790 1318 imaginis
1810 1278 1870 1310 filii
1888 1276 1953 1310 Dei
1974 1286 2023 1313 est
2041 1280 2118 1323 glo-

1126 1327 1278 1359 rificatus
1306 1339 1368 1370 per
1390 1327 1609 1370 passionem,
1645 1324 1738 1370 Ergo
1760 1335 1792 1361 et
1818 1340 1881 1361 nos
1906 1336 2043 1373 oportet
2066 1331 2117 1363 af-

1126 1377 1210 1420 fligi.
1265 1376 1310 1411 Et
1335 1376 1419 1411 baec
1450 1383 1500 1410 est
1525 1377 1709 1421 praecipua
1742 1380 1936 1412 consolatio
1966 1381 2117 1424 piorum,

1099 1427 1100 1452 l
1126 1428 1257 1462 intueri
1279 1426 1368 1461 banc
1387 1429 1576 1471 imaginem
1596 1428 1658 1460 filii
1681 1427 1757 1463 Dei.

82 2650 289 2684 subiicimus
320 2663 382 2685 nos
410 2654 487 2687 Deo
506 2681 515 2695 ‚
562 2662 595 2688 et
626 2655 721 2689 iuxta
747 2654 973 2701 ‚voluntatem
993 2653 1069 2696 ,Dei
1091 2687 1096 2698 Ι

134 2703 309 2735 Meu-wrm
341 2705 443 2736 Oeen.
474 2707 554 2738 Vor..
576 2707 654 2741 XV.

1228 1479 1333 1513 Nulla
1352 1477 1577 1524 philosophia
1597 1486 1629 1512 et
1652 1480 1749 1512 nulla
1771 1476 1925 1512 bumana
1945 1481 2116 1525 sapientia

1126 1526 1245 1563 videre
1263 1537 1393 1574 potest,
1422 1541 1530 1575 quare
1549 1527 1631 1562 haec
1647 1529 1784 1562 infirma
1812 1536 1936 1563 natura
1960 1529 2116 1566 humana

1126 1582 1199 1614 istis
1223 1581 1424 1624 ingentibus
1450 1580 1708 1613 calamitatibus
1731 1587 1874 1613 onerata
1900 1581 1954 1614 sit.
2007 1581 2114 1616 Ratio

1125 1633 1294 1674 disputat,
1321 1631 1449 1666 Utrum
1468 1642 1548 1664 casu
1565 1630 1734 1664 accidant.
1789 1630 1860 1663 Lex
1878 1630 1944 1664 Dei
1962 1633 2116 1668 clamitat

1125 1695 1196 1716 esse
1215 1694 1346 1728 poenas
1365 1682 1507 1726 peccati,
1534 1688 1566 1715 et
1582 1681 1680 1725 signa
1697 1682 1769 1715 irae
1786 1680 1863 1723 Dei,
1881 1694 1970 1727 quae
1987 1690 2117 1718 testen-

1124 1740 1182 1767 tur
1198 1745 1260 1767 nos
1278 1734 1432 1766 obiectos
1451 1744 1534 1768 esse.

1227 1784 1295 1818 Sed
1325 1782 1556 1826 Evangelium
1589 1790 1779 1828 utrumque
1811 1795 1965 1817 errorem
1994 1797 2114 1830 repre-

1124 1833 1265 1876 hendit,
1293 1842 1324 1868 et
1343 1835 1509 1879 proponit
1530 1835 1633 1867 nobis
1656 1834 1767 1867 filium
1787 1833 1868 1867 Dei:
1900 1832 1982 1868 binc
2009 1844 2114 1871 testa-

1124 1893 1181 1920 tur
1205 1898 1277 1920 non
1298 1898 1398 1927 casu,
1438 1887 1496 1918 sed
1523 1892 1619 1918 certo
1644 1885 1794 1918 consilio
1820 1884 1903 1926 Dei,
1940 1898 2004 1919 nos
2029 1889 2114 1921 sub-

1123 1938 1230 1970 iectos
1255 1948 1327 1970 esse
1351 1936 1623 1977 afflictionibus,
1659 1948 1732 1969 non
1760 1943 1799 1969 ut
1825 1948 2025 1980 pereamus,
2053 1941 2113 1972 sed

1122 1989 1214 2022 bona
1232 1988 1412 2022 voluntate
1430 1986 1517 2028 Dei,
1545 1994 1584 2020 ut
1599 1999 1841 2027 exerceamur,
1868 1995 1906 2020 ut
1922 2001 1998 2020 cnm
2019 1987 2113 2023 Deus

1123 2052 1186 2072 nos
1205 2040 1423 2079 consolatur,
1451 2045 1607 2072 crescant
1631 2038 1668 2071 in
1695 2038 1798 2071 nobis
1823 2038 1906 2071 fides
1924 2046 1956 2071 et
1977 2040 2110 2082 agnitio

1121 2089 1198 2124 Dei.
1253 2089 1348 2123 Haec
1372 2089 1540 2134 sapientia
1559 2090 1602 2122 de
1618 2100 1719 2123 causa
1738 2096 1770 2123 et
1789 2089 1857 2121 fine
1877 2087 2110 2124 humanarum

1122 2141 1360 2174 calamitatum
1387 2152 1529 2185 prorsus
1562 2147 1612 2174 est
1648 2152 1751 2183 supra
1785 2147 1816 2172 et
1847 2147 1940 2173 extra
1969 2149 2108 2185 captum

1123 2192 1290 2231 rationis,
1326 2199 1358 2226 et
1389 2199 1526 2226 tantum
1560 2191 1596 2224 in
1623 2189 1816 2233 Evangelio
1849 2191 2042 2233 revelatur,
2077 2200 2110 2227 et

1123 2243 1307 2288 praecipue
1326 2243 1363 2276 in
1380 2240 1445 2276 bac
1463 2242 1614 2286 imagine
1633 2242 1697 2274 filii
1719 2240 1784 2275 Dei
1803 2241 2028 2285 conspicitur.

1260 2323 1364 2373 Quos
1383 2323 1506 2371 elegit.
1537 2321 1675 2359 eosdem
1695 2327 1726 2356 el
1747 2322 1884 2356 vocavit
1901 2327 1960 2359 etc.

1223 2394 1342 2437 Quare
1358 2401 1471 2428 autem
1488 2393 1627 2426 orditur
1640 2392 1684 2425 ab
1702 2391 1894 2424 electione?
1922 2390 2021 2435 Quos
2039 2393 2109 2425 ele-

1120 2447 1187 2490 git,
1217 2447 1356 2480 eosdem
1382 2451 1415 2479 et
1438 2451 1558 2484 vocat,
1593 2443 1722 2476 deinde
1740 2442 1901 2476 iustificat
1919 2449 1952 2476 et
1974 2443 2110 2485 glorifi-

1121 2504 1174 2531 cat
1199 2504 1261 2533 etc.
1323 2495 1552 2540 Respondeo:
1585 2492 1717 2527 Totum
1740 2493 1901 2526 ordinem
1926 2495 2109 2537 complecti

1121 2550 1252 2590 voluit,
1281 2560 1350 2593 quo
1368 2545 1524 2580 Ecclesia
1549 2545 1689 2578 condita
1717 2551 1767 2577 est
1784 2556 1801 2577 a
1822 2543 1906 2577 Deo.
1960 2545 2012 2577 Ac
2035 2545 2108 2588 pri-

1121 2613 1216 2634 mum
1250 2605 1370 2632 monet
1403 2596 1610 2630 electionem
1637 2607 1709 2628 esse
1737 2606 1876 2628 causam
1904 2595 2109 2634 vocationis,

1122 2664 1194 2685 non
1213 2649 1367 2685 bumana
1385 2647 1508 2680 merita
1526 2653 1585 2680 aut
1602 2645 1774 2680 iusticiam
1796 2645 1891 2689 legis,
1938 2644 2015 2679 Hoc
2031 2645 2110 2679 ideo

1372 2697 1421 2733 45
