2415 2942
0 2355 14 2582 .-e-,Ass-fffl

117 73 214 112 1157
274 70 374 109 xm.
413 71 446 108 4.
474 67 812 110 cosmatus-An.
842 73 893 109 tx
916 69 1070 109 EPIS'r.
1099 72 1246 108 PAULI
1277 71 1343 106 Ao
1369 72 1694 114 commanos.
1748 82 1851 118 car.
1880 85 1982 122 xm.

2044 92 2139 126 1138

115 160 245 193 oratio:
275 157 360 192 Sine
377 156 567 190 dilectione
586 155 677 190 nibil
696 170 782 192 sum.
836 157 989 202 Oportet
1008 160 1101 191 enim
1157 155 1240 190 haec
1277 158 1444 200 patientia
1481 160 1592 194 virtus
1623 165 1802 206 pertinens
1832 171 1874 202 ad
1899 180 2138 217 praeceptum:

115 212 150 244 in
176 208 401 243 reconciliato
426 220 486 241 seu
511 209 618 249 iusto,
647 210 680 242 id
709 217 774 250 est,
804 209 840 242 in
868 222 926 250 eo,
963 212 1022 254 qui
1045 223 1102 243 ac—

113 268 233 305 ceptus
258 267 308 294 est
332 259 425 301 Deo,
454 271 526 292 esse
551 260 788 294 dilectionem.
842 259 887 294 Ut
914 272 1020 303 supra
1046 261 1099 292 ‹li-

113 319 206 345 ctum
225 318 290 345 est:
317 309 472 354 Spiritus
487 317 626 343 sanctus
645 311 730 343 tales
749 317 865 343 motus
883 311 961 351 ciet,
985 312 1099 356 qualis

111 370 161 396 est
179 363 262 406 ipse.
316 360 388 394 Nec
407 361 503 394 alind
532 361 607 393 vult
623 360 724 393 Pauli
748 361 900 402 dictum,
927 373 1030 406 qnam
1052 361 1096 393 il-

110 414 173 447 lud
202 411 387 446 lobannis:
421 411 492 455 Qui
518 424 590 444 non
613 411 746 454 diligit,
774 418 891 445 manet
916 412 952 445 in
971 419 1094 445 morte.

112 463 203 497 Vera
222 470 272 497 est
289 462 418 500 oratio,
447 462 528 507 quia
546 462 582 494 in
601 462 824 495 reconciliato
844 470 894 496 est
911 464 1093 496 conversio

108 521 143 549 et
165 516 302 548 incoata
330 513 550 552 obedientia,
577 513 670 546 iuxta
687 513 792 545 illud:
825 513 915 547 Vivo
932 525 1012 556 ego,
1041 515 1093 546 di-

107 566 154 599 cit
168 564 354 602 Dominus,
381 564 465 596 nolo
484 570 631 597 mortem
648 564 851 607 peccatoris,
878 566 936 597 sed
956 572 992 598 ut
1009 577 1094 597 cou-

106 622 264 649 vertatur
281 622 314 648 et
330 614 435 648 vivat.
490 613 557 647 Hic
577 614 612 646 in
630 614 704 657 ipso
723 614 921 648 iuramento
940 616 975 648 fit
994 628 1095 648 men—

105 667 154 700 tio
172 666 426 700 conversionis.
479 663 524 698 Et
545 665 726 698 notissima
747 673 830 699 sunt
856 667 963 699 dicta:
991 665 1091 699 Dabo

102 718 215 760 legem
232 729 343 750 meam
363 716 401 750 in
419 718 522 748 corda
542 727 677 750 eorum.
731 715 834 749 Item:
865 716 934 759 Qui
965 717 1091 759 spirim

101 767 170 802 Dei
187 774 359 811 aguntur,
387 764 422 799 hi
445 774 525 799 sunt
545 766 605 798 filii
625 766 700 799 Dei.
764 766 844 799 Non
869 767 1017 800 dubium
1042 775 1091 801 est

100 820 227 862 igitur,
262 817 345 851 baec
368 819 458 850 dicta
484 816 583 849 Pauli
608 823 641 850 et
669 815 856 857 lobannis,
883 831 972 863 quae
996 819 1091 851 affir-

101 877 199 903 mant
242 869 471 902 necessariam
515 880 586 900 esse
628 867 873 907 dilectionem,
915 870 1091 912 postulare

101 920 325 954 dilectionem
342 944 350 957 ,
395 927 433 952 ut
465 918 645 958 effectum,
687 919 746 964 qui
780 920 940 964 sequitur
974 921 1090 961 fidem,

102 984 167 1005 nec
183 978 231 1004 est
250 983 350 1003 causa
372 978 430 1003 aut
450 971 613 1002 meritum
633 970 850 1003 remissionis
870 978 1087 1014 peccatorum

101 1030 161 1056 aut
186 1021 454 1055 iustificationis.
508 1020 603 1053 llaec
623 1033 700 1053 curn
719 1022 1000 1054 manifestissima
1020 1023 1086 1054 sint

100 1081 193 1107 recte
215 1073 404 1109 institutis,
445 1083 518 1104 non
544 1083 604 1103 ero
632 1072 812 1115 prolixior.
879 1072 1024 1106 Caetera
1051 1074 1087 1105 in

99 1122 165 1157 boc
183 1124 294 1168 capite
311 1123 535 1166 grammatica
552 1129 646 1155 sunt.

352 1206 400 1242 ‘H
423 1203 548 1254 ἀγάπη
570 1206 825 1251 ,ιιακροθιῃιιεῖζ

203 1274 316 1310 Antea
336 1276 442 1315 dixit,
461 1276 497 1307 in
517 1275 753 1308 reconciliatis
770 1276 998 1308 necessariam
1016 1288 1087 1309 esse

101 1329 344 1364 dilectionem,
371 1338 458 1371 quae
478 1333 546 1362 est,
574 1332 716 1368 propter
734 1325 846 1358 Deum
867 1327 958 1359 iuxta
987 1339 1085 1359 man-

101 1383 179 1412 data
196 1378 260 1411 Dei
279 1378 426 1420 diligere
444 1376 653 1419 proximum.
688 1375 789 1408 Nunc
807 1384 960 1410 recenset
980 1390 1084 1421 opera

101 1429 320 1468 dilectionis,
348 1434 385 1461 ut
411 1427 561 1459 discerni
592 1427 727 1469 possint
752 1427 937 1469 diligentes
964 1440 981 1460 a
1013 1441 1084 1461 nou

99 1480 338 1523 diligentibus.
393 1476 438 1510 Et
456 1489 597 1509 exorsus
616 1484 664 1509 est
684 1476 814 1510 Paulus
836 1480 877 1511 ab
897 1491 1001 1522 opere
1020 1492 1083 1512 no-

95 1533 186 1565 tiore
211 1529 373 1570 caeteris,
417 1528 577 1560 videlicet
609 1539 627 1559 a
661 1527 866 1560 remissione
898 1530 1083 1565 vindictae.

95 1583 241 1625 Semper
256 1579 495 1623 conspectiora
518 1585 597 1611 sunt
617 1578 714 1611 vitia.
769 1577 852 1612 Ideo
878 1592 917 1612 ex
942 1589 1081 1614 contra-

95 1635 149 1667 rio
166 1639 324 1665 sumatur
343 1629 542 1662 declaratio.
599 1627 781 1671 Cupiditas
805 1629 980 1663 vindictae
1006 1643 1082 1663 ma-

96 1685 220 1718 nifeste
237 1688 368 1726 pugnat
387 1693 465 1712 cum
490 1679 695 1719 dilectione,
725 1692 802 1712 cum
830 1681 991 1714 vitteticnt
1017 1683 1080 1714 ali-

96 1736 174 1781 quis
190 1742 316 1778 putans
335 1744 368 1764 se
395 1731 526 1763 laesum
548 1741 637 1769 esse,
666 1731 763 1763 ardet
790 1731 870 1763 odio
895 1739 927 1764 et
952 1732 1021 1773 ira,
1051 1740 1082 1766 et

95 1787 172 1820 vult
196 1786 266 1817 illis
284 1794 426 1822 nocere,
454 1795 470 1814 a
496 1781 625 1826 quibus
648 1792 682 1813 se
707 1781 838 1814 laesum
866 1795 936 1815 esse
961 1784 1078 1817 existi-

95 1844 178 1871 mat.
233 1835 277 1869 Ut
296 1834 411 1866 cixilia
438 1833 527 1864 bella
552 1832 708 1874 ingentia
726 1844 765 1864 ex
785 1833 977 1876 cupiditate
1002 1836 1080 1867 vin-

95 1889 207 1921 dictae
234 1887 327 1919 inter
350 1883 505 1916 Marium
530 1889 562 1915 et
588 1883 722 1927 Syllam
746 1891 819 1917 orta
846 1890 937 1917 sunt.
1008 1885 1081 1920 Re-

93 1939 214 1973 missio
233 1937 407 1969 vindictae
431 1934 566 1967 sedavit
588 1934 696 1973 bella,
723 1941 762 1967 ut
787 1947 863 1967 cuni
883 1934 1077 1969 'flu-asilu]-

97 1991 152 2023 lus
183 1989 298 2022 sanxit
327 1984 550 2030 ἀμνηστίαν.
619 1984 737 2028 Scipio
769 1986 869 2018 cessit
895 1987 1080 2027 Tribunis,

97 2052 141 2073 ne
157 2040 305 2072 maiores
322 2044 437 2069 motus
461 2038 498 2068 in
518 2035 697 2079 republica
722 2036 911 2072 orirentur.
966 2038 1076 2071 Maxi-

97 2090 264 2124 milianus
290 2088 400 2120 victor
423 2088 502 2119 fecit
528 2098 645 2128 pacem
673 2099 749 2120 cum
770 2086 912 2121 Venetis
928 2116 936 2127 ,
963 2101 1007 2121 ne
1031 2097 1081 2123 at—

95 2139 246 2176 traheret
275 2139 420 2172 'sui-cos.
482 2136 589 2170 Arius
619 2137 741 2170 dolore
764 2140 922 2181 repulsae
948 2140 982 2172 in
1013 2141 1075 2172 ele-

95 2193 212 2225 ctione
235 2189 421 2232 Episcopi,
456 2188 564 2220 movit
594 2195 710 2230 postea
738 2197 912 2222 certamen
941 2192 982 2222 de
1010 2192 1080 2224 filio

1154 207 1234 241 'Non
1253 210 1402 244 occides.
1455 208 1501 245 Et
1520 220 1567 246 est
1584 213 1739 257 iustitia,
1767 226 1827 252 aut
1844 222 1957 256 vicina
1980 223 2137 259 iusticiae

1153 259 1328 303 aequum,
1371 261 1468 299 aliis,
1512 263 1646 297 etiamsi
1683 268 1844 303 videatur
1878 284 1950 307 esse
1985 278 2135 309 nocendi

1151 321 1270 349 causa,
1300 317 1416 344 tamen
1438 321 1580 355 propter
1596 314 1708 349 Deum
1731 326 1762 352 rt
1786 321 1932 356 salutem
1959 326 2134 368 publicam

1150 371 1313 403 parcens,
1342 371 1379 394 ut
1394 362 1508 396 David
1529 367 1637 407 parcit
1657 370 1777 402 multis
1795 372 1931 407 civibus
1949 377 2134 412 seditiosis.

1149 417 1186 444 ut
1205 410 1383 445 calamitas
1403 415 1542 456 publica
1563 417 1750 461 mitigetur.
2127 413 2132 417 Ι

1509 499 1696 544 Χρηστεύε
1705 517 1771 541 ται.

1248 561 1407 606 Benigna
1433 571 1483 598 est
1505 577 1565 599 seu
1594 568 1754 604 benefica.
1818 573 2026 618 Reprimere
2052 580 2131 614 vin-

1146 612 1293 654 dictam,
1322 626 1400 647 cum
1420 616 1571 650 videaris
1590 618 1719 661 laesus,
1750 624 1916 666 patientia
1937 635 2004 669 est,
2032 637 2062 664 et
2081 641 2130 666 est

1146 664 1200 696 vel
1219 665 1374 703 iusticia,
1402 667 1455 698 vel
1473 669 1629 712 aequitas
1650 671 1762 705 victu-2
1784 675 1950 713 iusticiae.
2004 679 2050 714 Se
2068 683 2127 714 be-

1144 714 1296 757 nignitas
1324 728 1384 748 seu
1415 717 1642 753 beneficentia
1670 722 1813 767 insuper
1845 733 1893 759 est
1926 729 2129 766 benefacere

1143 776 1204 798 seu
1231 767 1350 799 amicis
1367 778 1427 800 seu
1445 768 1608 805 inimicis.
1643 771 1841 808 Lenitatem
1859 777 1918 810 alii
1937 787 2128 823 verterunt,

1144 828 1231 861 quae
1249 824 1299 850 est
1315 829 1388 850 non
1403 819 1504 852 facile
1523 820 1667 857 irritari.
1694 824 1760 857 Sed
1779 826 1811 858 id
1832 830 2052 873 perspicuum
2071 841 2129 873 est,

1142 879 1220 899 cum
1239 868 1366 902 benefit
1384 870 1486 902 eti'zm
1506 871 1678 914 inimicis,
1706 882 1744 908 ut
1760 875 1931 912 Camillus
1955 893 2026 915 non
2044 884 2127 917 alic-

1142 925 1247 951 natur
1263 930 1281 951 a
1299 920 1434 952 civibus
1454 922 1574 954 dolore
1591 923 1760 966 iniuriae,
1785 929 1844 960 sed
1868 930 2043 967 benefacit
2067 936 2126 974 eis,

1143 976 1172 1001 et
1193 970 1282 1002 redit
1299 972 1339 1003 ad
1359 972 1490 1014 patriae
1507 972 1763 1017 liberationem,
1782 991 1983 1026 quanquam
2000 984 2129 1019 iniuste

1141 1021 1313 1063 expulsus.
1368 1021 1493 1066 loseph
1515 1024 1683 1059 benefacit
1702 1028 1890 1070 sauritim,
1921 1044 2123 1081 quanquam

1142 1073 1286 1114 perdere
1301 1084 1380 1106 eum
1399 1074 1514 1107 conati
1535 1075 1686 1110 fuerant.

1430 1156 1480 1191 ‘H
1503 1156 1628 1207 ἀγάπη
1653 1160 1696 1196 οὗ
1720 1161 1831 1209 ζηλοῖ.

1245 1222 1324 1256 Non
1347 1231 1396 1258 est
1416 1226 1622 1260 aemulatrix
1646 1240 1705 1262 seu
1734 1231 1868 1268 invida.
1923 1233 2124 1272 Aemulatio

1144 1279 1193 1306 est
1213 1274 1302 1306 velle
1329 1275 1437 1307 aliurn
1461 1277 1600 1317 tollere,
1627 1291 1698 1312 non
1723 1282 1803 1326 quia
1822 1285 1938 1326 laesit,
1967 1289 2025 1321 sed
2045 1291 2126 1334 quia

1138 1324 1298 1356 dolemus
1323 1337 1399 1357 eum
1429 1328 1530 1359 nobis
1555 1331 1773 1366 antecellere.
1830 1333 1877 1367 [t
1893 1335 2000 1379 Cain,
2028 1339 2112 1373 Saul

1135 1372 1271 1414 Chore,
1298 1373 1460 1417 Dathan,
1488 1378 1646 1421 Abiron,
1674 1381 1745 1414 imo
1771 1390 1803 1417 et
1822 1386 1942 1420 Aaron
1968 1396 1999 1422 et
2025 1369 2125 1425 soror

1136 1427 1377 1459 accenduntur
1408 1428 1655 1463 aemulatione.
1731 1432 1770 1466 ld
1806 1437 1937 1471 malum
1968 1442 2124 1484 proxime

1137 1477 1250 1508 oritur
1274 1489 1313 1509 ex
1339 1479 1521 1521 superbia,
1562 1493 1650 1524 quae
1686 1495 1839 1518 artiorem
1876 1492 1985 1523 nostri
2009 1493 2121 1539 prima

1136 1527 1333 1560 comitatur.
1400 1529 1541 1573 Sinpuli
1580 1533 1674 1564 enirn
1713 1535 1875 1570 volumus
1917 1543 2123 1577 antecellere

1136 1578 1234 1617 aliis,
1267 1585 1299 1611 ct
1323 1590 1394 1612 esse
1413 1578 1476 1612 Dei
1506 1581 1660 1623 similes,
1704 1592 1738 1617 ut
1771 1587 1885 1631 inquit
1911 1602 2055 1636 serpens
2079 1597 2121 1628 ad

1136 1627 1259 1663 Evam.
1315 1628 1398 1662 Ideo
1424 1631 1546 1664 tollere
1571 1645 1627 1666 eos
1655 1647 1840 1678 con,·:mur,
1868 1642 1928 1684 qui
1956 1645 2124 1679 videntur

1134 1680 1311 1714 anteferri.
1378 1680 1456 1714 Hoc
1481 1683 1605 1716 vitium
1633 1687 1838 1721 nominatur
1863 1690 2065 1730 Aemulatio
2090 1705 2121 1731 et

1138 1729 1351 1766 Invidentia.
1420 1732 1514 1765 Hinc
1541 1734 1599 1768 illa
1626 1736 1715 1769 dicta
1740 1748 1838 1774 sunt:
1881 1741 2010 1778 Omnis
2039 1759 2121 1781 cura

1133 1780 1233 1821 viris,
1259 1789 1336 1815 uter
1354 1791 1438 1817 esset
1458 1784 1700 1828 induperator.
1745 1788 1829 1823 Item
1847 1792 1986 1836 Cicero,
2007 1796 2121 1832 Labes

1133 1839 1182 1865 est
1206 1833 1332 1873 seculi,
1359 1834 1519 1868 invidere
1537 1838 1673 1871 virtuti.

1203 1915 1251 1951 ‘H
1272 1914 1397 1966 ἀγάπη
1430 1917 1473 1954 οὗ
1507 1921 1774 1966 monfort-erat.
1844 1925 1933 1962 Non
1967 1931 2048 1977 agit

1523 1971 1711 2010 insidiose.

1233 2035 1476 2072 Aemulationi
1496 2047 1527 2074 et
1549 2041 1765 2077 invidentiae
1783 2047 1981 2089 proximum
1999 2052 2119 2085 estin-

1132 2088 1264 2128 sidiari,
1289 2090 1384 2133 quod
1402 2098 1450 2123 est
1467 2098 1539 2123 arte
1557 2092 1643 2126 alios
1663 2095 1790 2137 pellere
1807 2105 1865 2131 aut
1884 2100 2017 2142 tollere,
2033 2102 2119 2138 sicut

1133 2139 1282 2172 Pericles
1309 2148 1382 2173 arte
1407 2142 1538 2185 expulit
1557 2142 1751 2180 Cimonem.
1805 2146 1849 2181 Et
1867 2148 2038 2185 Aschines
2060 2167 2117 2187 co-

1131 2191 1282 2223 nabatur
1308 2192 1478 2233 expellere
1497 2193 1791 2237 Demosthenem,
1821 2206 1854 2232 ct
1876 2201 2042 2235 usitatum
2069 2214 2118 2240 est

93 2244 179 2278 Dei.
233 2241 276 2274 Et
295 2241 448 2272 vidimus
464 2239 527 2281 ipsi
547 2235 601 2270 his
621 2239 723 2271 annis
745 2241 915 2283 quosdam
941 2242 1082 2274 inflam-
1105 2234 1108 2263 ¹
1132 2253 1203 2273 non
1230 2242 1344 2274 solum
1361 2243 1505 2284 aulicis,
1533 2246 1591 2277 sed
1612 2252 1644 2278 et
1662 2248 1989 2295 concionatoribus,
2018 2255 2116 2288 inve-

94 2301 206 2328 matos
226 2292 416 2335 cupititate
435 2290 610 2322 vindictae
627 2301 718 2322 nova
735 2291 896 2333 dogmata
921 2304 1094 2337 spargere·

96 2353 129 2380 et
148 2356 286 2377 movere
306 2342 570 2383 rving‘uilnlicain.

196 2394 301 2428 Hunc
327 2393 488 2425 affectum
516 2391 705 2432 reprimere
729 2403 854 2435 magna
881 2393 993 2426 virtus
1019 2400 1081 2436 est,

96 2459 184 2493 quae
204 2444 259 2479 'nic
279 2445 399 2476 nomin
414 2451 481 2475 ntur
497 2439 768 2487 ,ιιακροθυιιιίίμ
790 2443 825 2475 id
847 2450 916 2483 est,
944 2444 1081 2487 patien-

95 2500 154 2532 tia.
208 2495 255 2530 Ut
273 2496 381 2528 David
395 2521 403 2533 ,
429 2507 507 2526 cum
523 2493 665 2537 quidem
683 2505 824 2536 magnas
840 2506 959 2527 causas
977 2493 1081 2527 habe-

94 2556 145 2582 ret
171 2547 318 2580 tollendi
347 2546 506 2582 Saulem,
542 2551 659 2577 tamen
684 2545 832 2577 iniurias
860 2545 1014 2588 perfert,
1049 2553 1082 2579 et

95 2608 145 2632 est
170 2599 306 2630 illustre.
334 2596 530 2638 exemplum.
558 2592 664 2627 huius
696 2596 805 2629 dicti:
851 2596 1006 2629 Dilectio
1034 2604 1082 2630 est

94 2651 248 2695 patiens,
279 2649 398 2686 idest,
425 2659 495 2678 non
515 2647 641 2690 cupida
660 2646 847 2682 vindictae.
887 2646 949 2681 Est
968 2655 1081 2681 autem

147 2700 329 2733 Memmii.
360 2700 461 2730 Ormi.
488 2699 568 2729 Von.
600 2699 675 2729 XV.

1106 2552 1109 2582 Ι
1134 2547 1317 2579 tulantiam
1336 2555 1367 2580 et
1386 2548 1531 2580 insidias
1556 2551 1811 2593 complectitur.

1132 2291 1207 2324 nire
1225 2291 1353 2337 τέχνας
1371 2295 1412 2326 ad
1435 2296 1672 2329 extrudendos
1690 2299 1855 2342 collegas,
1882 2309 1919 2335 ut
1937 2302 2115 2341 Maximus

1132 2350 1204 2376 arte
1228 2345 1380 2377 extrudit
1404 2344 1614 2388 Gregorinm
1640 2346 1911 2387 Nazianzenum.
1988 2354 2113 2390 Graeci

1106 2400 1305 2443 {usurpant
1349 2397 1559 2429 vocabulum
1603 2398 1776 2443 stepsraepoi
1814 2403 1857 2434 de
1890 2402 2115 2450 CecropibuS,

1133 2445 1192 2489 qui
1219 2458 1295 2477 cum
1323 2454 1435 2479 essent
1460 2447 1631 2488 latrones,
1657 2450 1827 2493 singulari
1850 2457 1975 2489 astutia
2001 2459 2114 2491 viato-

1132 2507 1184 2528 res
1201 2497 1458 2539 opprimebant.
1513 2497 1631 2540 Quare
1647 2503 1808 2535 vocabuli
1826 2504 2032 2547 significatio
2051 2521 2111 2550 pe-

1867 2555 2001 2590 Nomen
2026 2558 2109 2592 Per-

1134 2598 1207 2641 peri
1242 2605 1332 2630 extat
1366 2599 1401 2630 in
1427 2599 1657 2641 explicatione
1689 2602 1856 2641 Proverb.
1884 2609 1976 2650 apud
2006 2607 2111 2643 Eras-

1135 2661 1249 2681 mum:
1277 2648 1317 2682 ln
1335 2648 1597 2696 Melampygurn
1618 2664 1662 2684 ne
1680 2653 1825 2692 incidas.

1580 2701 1627 2736 72
