2415 2942
290 136 364 174 935

295 221 462 256 iusticiae.
528 217 688 252 Membra
715 215 895 254 nominat,
934 221 974 248 ut
999 213 1084 247 alias
1121 211 1273 246 diximus

297 271 476 307 Potentias
499 276 530 302 et
558 279 686 310 organa
710 267 746 299 in
768 264 929 306 homine,
967 264 1130 298 videlicet
1171 275 1273 296 men-

297 332 365 357 tem
388 328 421 355 et
440 321 674 357 voluntatem,
701 329 778 357 cor,
811 315 1056 348 locomotivam
1083 322 1114 348 et
1143 325 1274 348 sensus.

297 372 391 406 Haec
418 372 487 404 sint
508 382 602 402 arma
626 369 767 402 incitata
793 380 811 400 a
829 366 964 411 Spiritu
990 372 1121 400 sancto.
1177 363 1275 398 Sicut

298 435 358 456 cor
377 419 501 466 loseph
515 420 657 453 ardebat
671 418 808 462 Spiritu
834 423 973 455 sancto,
999 428 1079 450 cum
1104 415 1275 449 resisteret

298 473 492 507 adulterae:
521 480 553 505 et
578 471 658 516 quia
683 469 843 503 nominat
868 479 982 506 arma,
1018 467 1095 502 vult
1116 477 1180 500 nos
1204 477 1276 498 non

299 535 370 558 esse
389 534 518 566 segnes.

492 611 723 662 Stipendium
748 609 887 659 peccati
913 621 1010 643 mors
1033 612 1094 643 est.

402 680 598 717 Antithesis
630 682 845 714 observetur.
894 677 946 711 De
978 682 1116 722 peccato
1147 673 1279 719 inquit:

302 735 524 780 Stipendium
556 733 685 776 peccati
708 743 802 764 mors
833 736 901 767 est,
936 729 970 761 id
998 735 1066 766 est,
1102 732 1278 770 peccatum

301 800 322 819 u
339 792 455 820 eretur
476 790 635 817 mortem.
701 781 769 814 Sed
801 780 872 813 vita
900 785 1039 812 aeterna
1069 784 1119 810 est
1147 777 1279 809 donum

301 836 368 870 Dei
403 847 465 879 per
488 841 521 867 et
555 838 696 876 propter
711 829 890 864 Christum
914 829 1046 869 lesum,
1070 825 1280 872 quia'simul

302 887 524 930 accipiuntur
541 882 680 923 Gratis,
704 882 771 914 fide
787 880 943 913 remissio
964 886 1203 924 peccatorum,
1226 887 1282 909 re-

303 935 502 971 conciliatio
526 941 559 967 et
581 931 777 966 haereditas
796 931 885 964 vitae
909 937 1087 970 aeternae,
1114 929 1211 962 iuxta
1227 926 1280 960 di-

304 995 375 1021 cta:
403 986 460 1020 Sic
478 984 573 1018 Deus
589 983 710 1017 dilexit
728 982 919 1022 mundum,
945 988 984 1015 ut
1000 980 1115 1014 omnis
1132 979 1193 1024 qui
1209 989 1282 1011 cre-

305 1039 357 1071 dit
377 1038 414 1070 in
438 1036 569 1076 filium,
594 1046 666 1068 non
689 1039 825 1078 pereat,
863 1033 922 1065 sed
947 1030 1074 1066 habeat
1101 1031 1208 1064 vitam
1225 1040 1280 1062 ae-

306 1096 453 1123 ternam.

406 1137 512 1173 Rom.
528 1135 581 1171 5.:
616 1133 794 1169 Iustiticati
815 1133 984 1174 sanguine
1009 1132 1117 1178 ipsius
1133 1129 1283 1164 salvabi-

305 1202 386 1224 mur
401 1201 463 1234 per
479 1199 558 1221 eum
573 1187 617 1221 ab
633 1187 694 1222 ira.
748 1185 852 1219 Item:
872 1185 1015 1227 Quanto
1035 1183 1143 1226 magis
1160 1191 1284 1214 recon-

307 1241 413 1274 ciliati
431 1238 645 1273 salvabimur
667 1238 704 1270 in
722 1237 792 1271 vita
813 1236 898 1269 eius.
952 1235 1055 1268 Item:
1084 1232 1157 1276 Qui
1182 1229 1285 1264 habet

307 1292 438 1331 filium,
478 1287 583 1322 habet
606 1288 726 1322 vitam.
793 1285 897 1320 Item:
935 1285 1017 1319 Non
1040 1282 1285 1318 iustificabitur

308 1343 346 1376 in
364 1346 549 1384 conspectu
565 1345 626 1372 tuo
644 1337 760 1371 omnis
782 1338 915 1371 vivens.

411 1392 463 1425 Ac
479 1390 565 1423 utile
584 1396 633 1422 est
649 1387 848 1421 meminisse
870 1387 1001 1419 dictum
1019 1383 1207 1421 Rei-nardi,
1225 1382 1285 1428 qui

310 1442 445 1488 inquit:
486 1439 632 1474 Necesse
661 1446 712 1472 est
736 1439 893 1478 credere,
933 1437 1025 1481 quod
1060 1441 1194 1468 tantum
1226 1445 1287 1477 per

310 1493 475 1537 gratiam,
504 1502 575 1523 non
593 1497 735 1533 propter
753 1489 875 1521 merita
892 1495 949 1521 tua
966 1485 1094 1519 habeas
1111 1484 1285 1518 remissio-

309 1556 389 1577 nem
410 1548 628 1587 peccatorum
643 1567 651 1581 ,
679 1546 711 1572 et
726 1540 865 1571 credere
885 1545 916 1571 te
941 1547 1079 1569 necesse
1102 1542 1170 1573 est,
1198 1532 1290 1566 tibi

312 1593 454 1628 remitti.
489 1591 546 1625 Sic
562 1590 665 1623 etiam
690 1600 826 1621 necesse
845 1595 894 1622 est
911 1588 1071 1627 credere,
1098 1585 1191 1630 quod
1210 1595 1288 1627 gra-

312 1646 356 1679 tis
381 1645 531 1677 donetur
553 1641 622 1674 vita
648 1648 786 1674 aeterna
812 1645 953 1683 propter
976 1635 1175 1677 Christum,
1216 1646 1288 1667 non

311 1701 454 1741 propter
469 1700 527 1727 tua
546 1692 681 1725 merita.
734 1690 951 1733 Augustinus
972 1693 1110 1733 torquet
1126 1697 1176 1727 se,
1201 1697 1290 1731 quo-

311 1747 417 1780 modo
444 1744 513 1777 vita
539 1749 676 1776 aeterna
704 1748 737 1774 et
761 1742 892 1774 donum
923 1740 967 1772 sit
989 1746 1021 1772 et
1044 1748 1194 1777 merces,
1231 1736 1288 1768 sed

313 1809 392 1829 vera
422 1794 606 1839 explicatio
641 1799 702 1827 est.
771 1791 918 1834 Proprie
948 1791 1081 1823 donum
1108 1794 1176 1828 est,
1210 1787 1290 1831 quia

314 1848 386 1880 sola
404 1856 524 1885 causa,
551 1850 694 1888 propter
710 1854 813 1887 quam
837 1843 942 1874 datur
965 1841 1035 1873 vita
1054 1846 1213 1879 aeterna,
1242 1843 1294 1871 est

315 1896 495 1935 Christus,
528 1901 561 1928 et
587 1901 729 1937 propter
757 1891 851 1925 hunc
880 1891 985 1935 gratis
1011 1892 1114 1923 datur
1139 1888 1293 1922 credenti

315 1948 354 1982 in
378 1945 626 1983 conversione,
667 1944 760 1976 iuxta
794 1943 1056 1976 iusiurandum:
1100 1939 1193 1972 Vivo
1219 1950 1294 1982 ego,

315 1998 404 2033 dicit
440 1995 630 2033 Dominus,
679 1994 763 2027 nolo
806 2000 954 2026 mortem
996 1991 1186 2036 peccatoris
1230 1997 1292 2024 etc.

316 2048 457 2084 Deinde
483 2058 560 2081 cum
577 2051 719 2090 propter
740 2045 834 2077 aliud
856 2045 1020 2083 data'sit‚
1048 2041 1172 2075 accidit
1189 2041 1231 2079 ei,
1258 2047 1296 2073 ut

319 2101 365 2134 sit
380 2099 482 2132 etiam
499 2096 736 2140 compensatio
762 2107 821 2127 seu
848 2106 978 2127 merces
1002 2094 1182 2132 laborum,
1209 2092 1297 2124 sicut

320 2152 425 2184 datur
440 2146 654 2187 haereditas,
681 2146 760 2190 quia
778 2145 870 2177 filius
886 2152 954 2185 est,
987 2151 1019 2177 et
1044 2150 1159 2176 tamen
1180 2149 1296 2185 postea

322 2200 449 2235 accidit
465 2197 687 2237 haereditati,
713 2203 751 2230 ut
769 2196 813 2229 sit
830 2194 1067 2239 compensatio
1092 2193 1300 2234 officiorum,

322 2252 350 2285 si
369 2262 437 2296 qua
462 2248 685 2294 praestiteris.

427 2300 521 2333 llaec
538 2306 588 2333 est
604 2310 682 2331 vera
700 2305 732 2332 et
750 2297 895 2341 simplex
913 2295 1109 2343 explicatio.
1163 2293 1301 2328 Deinde

328 2359 362 2385 et
382 2350 450 2385 hoc
476 2350 646 2390 sciamus,
685 2347 828 2392 phrasin
862 2348 945 2391 legis
975 2346 1205 2379 enarrandam
1231 2357 1302 2378 esse

331 2403 426 2435 iuxta
451 2401 698 2443 Evangelium‚
733 2406 770 2432 ut
794 2410 898 2442 supra
921 2396 1002 2442 Cap.
1020 2399 1057 2432 2.
1084 2397 1214 2430 dictum
1238 2403 1302 2430 est:

331 2451 440 2486 Dabit
458 2452 646 2495 unicuique
665 2450 757 2483 iuxta
776 2461 881 2493 opera
900 2459 972 2483 sua.

704 2554 841 2608 Caput
869 2555 968 2596 VII.

435 2640 535 2674 Sicut
557 2644 657 2672 antea
680 2638 913 2672 similitudine
942 2636 1119 2671 servitutis
1141 2646 1224 2669 usus
1248 2641 1308 2675 est,

875 128 998 163 PHlL.
1027 125 1143 164 MEL.
1170 123 1379 163 SCRlPTA
1405 122 1705 161 EXEGETICA.

2230 127 2303 162 936

1327 210 1514 252 dientiam,
1540 222 1628 256 quae
1644 208 1718 244 Deo
1742 212 1947 253 praestanda
1971 219 2040 254 est,
2067 224 2130 246 nec
2154 210 2306 246 difficilis

1327 268 1375 295 est
1391 261 1678 296 accommodatio,
1732 260 1778 295 Ut
1797 261 1923 294 mulier
1937 270 2076 297 mortuo
2100 264 2216 307 priore
2233 274 2306 295 ma-

1329 312 1395 345 rito
1424 312 1564 355 propria
1592 318 1641 345 est
1666 313 1831 352 secundi,
1857 312 1905 345 sic
1927 324 1991 345 nos
2017 313 2155 348 liberati
2186 326 2204 347 a
2230 313 2305 356 lege

1330 362 1457 407 prioris
1486 362 1655 402 Domini,
1682 362 1842 396 videlicet
1866 374 1884 395 a
1912 363 2202 397 condemnatione
2225 376 2306 407 per·

1331 413 1570 446 terrefaciente
1586 419 1619 446 et
1636 413 1838 456 impellente
1857 414 1961 446 corda
1977 414 2019 445 ad
2039 414 2309 455 dubitationem,

1330 464 1581 504 diffidentiam,
1605 470 1637 496 ct
1654 464 1831 497 fremitum
1856 470 1976 496 contra
2000 462 2129 496 Deum:
2156 464 2224 497 iam
2250 475 2310 498 su-

1332 525 1409 548 mus
1432 514 1594 552 alterius,
1630 514 1760 547 scilicet
1783 512 1867 554 Dei,
1896 514 1932 546 in
1958 526 2027 558 quo
2048 514 2239 557 laetamur,
2266 515 2311 546 ad

1333 576 1436 610 quem
1454 565 1649 598 accedimus
1666 565 1731 597 fide
1757 576 1816 608 per
1832 563 2031 604 Christum,
2059 576 2119 608 per
2140 562 2235 598 huuc
2259 563 2313 596 vi-

1333 615 1467 658 vimus,
1491 622 1523 648 et
1549 616 1630 660 quia
1645 615 1713 647 iam
1738 626 1858 648 sumus
1881 615 1954 648 eius
1977 616 2128 660 proprii,
2156 621 2311 660 praeste-

1334 672 1391 699 tur
1407 666 1436 698 ei
1452 666 1665 701 obedientia.

1433 723 1576 758 Dictum
1599 732 1649 759 est
1673 731 1788 758 autem
1813 737 1936 768 supra,
1962 722 2047 758 haec
2070 731 2272 768 argumenta
2292 735 2312 758 a

1335 775 1448 808 causis
1467 775 1631 808 finalibus
1656 782 1767 808 sumta
1794 787 1878 809 esse.
1932 775 2037 809 Venit
2057 776 2148 808 filius
2166 773 2251 814 Dei,
2277 780 2316 808 ut

1336 826 1491 858 destruat
1520 837 1624 869 opera
1650 826 1803 865 diaboli,
1837 838 1907 858 non
1933 831 1975 860 ut'
1992 827 2175 859 confirmet
2198 837 2316 870 pecca-

1335 883 1430 915 tum,
1457 877 1515 908 sed
1535 883 1573 909 ut
1600 887 1744 919 prorsus
1772 877 1884 910 dcleto
1903 884 2042 920 peccato
2067 883 2098 910 et
2122 883 2233 909 morte
2260 887 2317 909 re—

1336 927 1526 960 stituantur
1543 926 1580 958 in
1600 926 1704 959 nobis
1720 926 1856 960 iusticia
1875 934 1907 961 et
1925 928 1993 960 vita
2013 934 2153 961 aeterna
2175 934 2239 961 etc.

1406 1023 1499 1063 Cum
1516 1025 1600 1061 silis
1622 1025 1761 1060 mortui
1776 1025 1852 1072 legi
1870 1038 1934 1074 per
1951 1039 2078 1075 corpus
2094 1025 2244 1063 Christi.

1439 1094 1628 1130 Conclusio
1660 1101 1710 1129 est
1742 1095 1932 1139 superioris
1963 1092 2239 1136 adhortationis,
2282 1095 2320 1128 in

1339 1157 1406 1191 qua
1431 1145 1563 1179 Paulus
1595 1147 1834 1179 accommodat
1866 1145 2134 1180 similitudinem
2161 1147 2203 1179 de
2227 1158 2319 1179 novo

1339 1195 1502 1240 coniugio
1526 1197 1570 1229 ad
1596 1207 1679 1237 nos,
1713 1196 1773 1241 qui
1798 1196 1866 1228 iam
1889 1208 2009 1229 sumus
2031 1197 2191 1238 alterius,
2225 1196 2322 1230 scili·

1339 1254 1390 1280 cet
1406 1246 1567 1288 Christi,
1601 1253 1785 1292 postquam
1812 1247 2059 1281 condemnatio
2090 1247 2225 1282 sublata
2253 1254 2319 1281 est:

1339 1304 1374 1331 et
1391 1298 1438 1331 ait
1455 1298 1626 1331 sublatam
1647 1309 1718 1330 esse
1738 1309 1799 1340 per
1823 1309 1948 1341 corpus
1976 1295 2129 1338 Christi,
2157 1297 2321 1332 videlicet

1340 1360 1402 1392 per
1432 1348 1608 1381 victimam
1631 1345 1831 1387 Christum,
1871 1347 1932 1392 qui
1957 1360 2021 1393 pro
2045 1348 2147 1382 nobis
2170 1348 2237 1392 legi
2264 1359 2320 1382 sa-

1341 1398 1475 1432 tisfecit.

1584 1492 1685 1542 ‚Cum
1714 1507 1869 1530 essemus
1893 1495 1932 1530 in
1951 1507 2070 1533 carne.

1443 1563 1577 1598 Attexit
1601 1564 1821 1597 conclusioni
1844 1562 2057 1605 antithesin,
2090 1564 2128 1598 in
2151 1577 2219 1610 qua
2237 1577 2320 1599 nar-

1342 1622 1395 1649 rat
1409 1614 1522 1660 qualis
1538 1614 1644 1647 fuerit
1660 1615 1756 1657 prior
1772 1614 1922 1647 servitus
1943 1615 2008 1648 sub
2026 1615 2120 1657 lege,
2146 1622 2180 1649 et
2206 1617 2320 1661 qualis

1344 1666 1388 1698 sit
1404 1676 1499 1697 nunc
1518 1664 1657 1698 novitas
1678 1671 1862 1708 postquam
1890 1676 1908 1696 a
1930 1664 2004 1707 lege
2027 1665 2166 1699 liberati
2190 1676 2322 1703 sumus.

1344 1716 1443 1749 Talis
1465 1721 1539 1748 erat
1561 1714 1731 1755 servitus,
1766 1721 1805 1748 ut
1829 1714 1882 1747 lex
1907 1726 1978 1747 non
2002 1715 2116 1748 solum
2136 1727 2208 1749 non
2225 1717 2322 1750 dele-

1345 1767 1435 1800 verit
1458 1772 1655 1810 peccatum,
1686 1766 1745 1799 sed
1774 1765 1877 1798 etiam
1910 1766 2045 1799 auxerit
2069 1773 2103 1799 et
2125 1767 2326 1809 armaverit,

1347 1824 1385 1851 ut
1407 1828 1471 1849 nos
1494 1816 1678 1851 occideret.
1743 1813 1796 1848 Ac
1820 1815 2006 1858 diligenter
2035 1817 2252 1850 observanda
2275 1823 2326 1852 est

1346 1867 1534 1912 particula:
1551 1866 1705 1900 Affectus
1717 1871 1949 1909 peccatorum,
1964 1866 2025 1912 qui
2037 1878 2097 1910 per
2112 1867 2220 1911 legem
2236 1874 2328 1910 sunt,

1350 1925 1449 1952 erant
1470 1917 1622 1950 efficaces
1644 1918 1687 1949 ad
1706 1922 1865 1950 mortem.

1450 1975 1503 2010 De
1530 1976 1658 2021 quibus
1688 1975 1870 2008 affectibus
1899 1983 1931 2010 et
1956 1976 1999 2009 de
2026 1976 2155 2021 quibus
2180 1977 2326 2020 peccatis

1350 2027 1531 2072 loquitur?
1583 2025 1813 2068 Respondeo:
1841 2025 2015 2071 Loquitur
2038 2028 2080 2060 de
2097 2027 2328 2069 dubitatione,

1350 2078 1564 2117 diffidentia,
1600 2076 1860 2118 indignatione,
1892 2078 1971 2120 fuga
1990 2083 2020 2109 et
2040 2078 2180 2111 fremitu
2203 2079 2329 2111 adver-

1351 2142 1408 2162 sus
1433 2129 1568 2169 Deum,
1611 2127 1729 2171 quales
1754 2135 1834 2161 sunt
1867 2127 1993 2161 fluctus
2017 2128 2053 2160 in
2079 2128 2183 2162 Saule
2210 2135 2269 2162 aut
2291 2129 2328 2162 in

1354 2179 1448 2214 Iuda.
1501 2176 1572 2212 Ubi
1596 2175 1680 2210 haec
1703 2178 1874 2211 dubitatio
1898 2178 2007 2211 vincit
2022 2179 2145 2217 corda,
2174 2191 2245 2212 non
2272 2179 2328 2211 in-

1353 2235 1478 2264 vocant
1501 2228 1633 2268 Deum,
1676 2239 1748 2260 non
1773 2235 1894 2272 petunt
1926 2240 1989 2261 nec
2014 2236 2193 2272 expectant
2222 2229 2266 2262 ab
2288 2241 2328 2262 eo

1354 2280 1545 2318 auxilium,
1588 2285 1762 2323 quaerunt
1805 2279 1976 2322 praesidia
2010 2286 2128 2312 contra
2167 2280 2330 2313 mandata

1355 2330 1432 2366 Dei.
1469 2329 1631 2374 Deniqua
1647 2329 1754 2362 multa
1773 2336 1908 2371 peccata
1930 2329 2094 2362 interiora
2113 2335 2144 2363 et
2161 2330 2330 2363 exteriora

1356 2387 1590 2421 concurrunt,
1617 2386 1652 2412 et
1679 2379 1747 2412 nisi
1771 2377 1878 2412 homo
1910 2376 2105 2412 retrahatur
2129 2392 2167 2412 ex
2184 2377 2248 2413 hac
2264 2381 2329 2414 du·

1357 2432 1528 2466 bitatione
1554 2437 1587 2463 et
1612 2430 1911 2470 consternatione,
1943 2429 2014 2462 ruit
2046 2429 2082 2462 in
2107 2437 2254 2464 mortem
2274 2442 2331 2464 ae—

1358 2490 1507 2518 ternam.
1565 2479 1649 2514 Ideo
1671 2480 1773 2513 dicit:
1809 2478 1964 2513 Affectus
1994 2487 2236 2523 peccatorum,
2270 2482 2331 2527 qui

1359 2540 1440 2567 sunt
1463 2544 1525 2577 per
1547 2532 1677 2574 legem,
1716 2530 1753 2562 id
1786 2536 1852 2569 est,
1893 2530 2084 2572 dubitatio,
2124 2531 2333 2573 diffidentia,

1359 2584 1460 2627 fuga,
1486 2581 1645 2616 fremitus
1667 2581 1832 2613 adversus
1849 2579 1962 2614 Deum
1978 2589 2076 2615 erant
2100 2582 2270 2622 efficaces,
2297 2589 2331 2616 et

1359 2634 1582 2678 impulissent
1604 2642 1668 2664 nos
1691 2630 1728 2663 in
1754 2638 1901 2666 mortem
1922 2638 2116 2674 aeternam,
2151 2633 2219 2666 nisi
2244 2633 2333 2668 libe-

334 2694 379 2727 ita
395 2703 491 2727 nunc
507 2689 737 2725 similitudine
753 2689 897 2722 secundi
914 2688 1067 2732 coniugii
1093 2686 1206 2732 pingit
1221 2686 1306 2720 obe·
1329 2683 1335 2733 Ι
1359 2685 1427 2719 rati
1444 2693 1595 2719 essemus
1610 2681 1789 2726 agnitione
1805 2687 1838 2716 et
1856 2681 1982 2716 fiducia
1999 2682 2072 2718 filii.
