2415 2942
210 78 286 114 295

223 173 290 200 est:
327 165 515 209 Postquam
539 175 600 206 ego
619 175 636 196 a
653 169 749 207 patre
766 162 992 196 confirmatus
1017 173 1117 203 sum,
1153 161 1207 194 vi-

222 217 339 250 cissim
375 223 472 259 pater
506 226 580 246 mea
616 213 782 254 victoria,
822 224 898 245 mea
934 212 1207 257 praedicatione,

220 279 295 300 mea
329 265 528 299 obedientia
570 264 768 298 celebratur
798 270 831 297 et
862 263 1120 307 celebrabitur,
1174 269 1208 296 et

222 323 364 361 propter
390 313 481 348 hanc
505 314 743 348 obedientiam
776 314 881 358 paulo
904 320 983 358 post
1006 325 1128 347 rursus
1153 326 1209 346 me

223 374 320 411 pater
353 377 444 398 nova
476 365 586 408 gloria
618 366 655 397 in
688 365 944 398 resurrectione
968 365 1128 407 ornabit,
1171 376 1209 398 ac

224 429 304 449 mox
322 417 500 450 delabitur
515 427 629 449 sermo
647 427 768 449 rursus
783 416 825 448 ad
845 416 1059 459 passionem:
1088 415 1207 448 Filioli

224 479 294 500 non
326 468 389 500 diu
418 467 600 500 vobiscum
625 479 699 500 ero.
767 465 815 500 Et
839 478 920 500 mox
946 467 1044 500 addit
1069 478 1210 510 praece-

224 525 323 559 ptum
341 518 492 551 maxime
511 518 763 559 necessarium,
790 523 822 550 et
839 528 940 562 saepe
958 517 1149 562 repetitum
1170 516 1208 551 in

225 566 289 602 hac
309 569 491 602 concione.

430 652 662 688 Blandalum
679 665 808 687 norum
826 650 872 686 do
889 652 1001 688 vobis.

327 718 473 754 Certum
499 727 549 753 est
577 720 782 753 mandatum
810 719 853 751 de
877 718 1058 761 diligendo
1077 717 1152 751 Deo
1177 724 1210 751 et

228 772 390 816 proximo
408 778 590 804 aeteruum
608 777 640 803 et
659 769 879 803 immutabile
892 780 982 809 esse,
1014 769 1095 813 quia
1120 780 1210 801 sem—

227 834 288 866 per
311 823 357 855 ita
382 821 501 855 statuit
529 832 625 853 mens
653 820 791 859 divina,
829 825 862 852 et
886 817 976 851 hanc
1001 818 1209 852 sententiam

228 873 345 906 statim
364 873 406 904 ab
423 872 524 903 initio
543 871 728 909 revelavit,
757 870 930 913 impressit
950 866 1125 902 humanae
1145 880 1209 901 ua-

228 930 347 963 turae,
376 929 408 955 et
426 922 536 954 vocali
555 922 662 953 verbo
680 920 840 953 tradidit:
870 920 990 962 Dilige
1010 919 1208 963 proximum

227 973 315 1005 sicut
335 973 499 1015 teipsum.
550 971 645 1004 llaec
662 982 741 1003 cum
759 971 804 1003 ita
831 971 922 1010 sint,
956 977 989 1003 et
1010 970 1064 1002 lex
1088 970 1130 1002 de
1154 970 1210 1002 di-

227 1023 376 1056 lectione
395 1023 495 1055 toties
512 1022 555 1055 sit
575 1021 722 1064 repetita
739 1021 774 1053 in
792 1018 998 1065 Prophetis,
1025 1032 1087 1053 cur
1102 1017 1208 1053 Chri-

227 1081 299 1106 stus
323 1081 424 1106 vocat
450 1085 581 1105 novum
605 1071 836 1103 mandatum?
875 1071 1002 1104 usitata
1027 1071 1208 1114 responsio

226 1131 276 1156 est
295 1124 409 1156 vocari
430 1135 579 1163 novum,
595 1134 667 1155 non
689 1129 832 1164 propter
847 1128 1005 1165 tempus,
1020 1133 1089 1165 quo
1108 1133 1209 1164 prae-

226 1175 296 1218 cipi
328 1175 461 1218 coepit,
501 1174 559 1206 sed
585 1179 768 1219 propterea
792 1173 886 1216 quod
913 1184 987 1204 non
1010 1172 1210 1214 impleatur,

227 1226 295 1258 nisi
326 1225 410 1257 novi
443 1224 639 1258 testamenti
666 1225 778 1262 dono,
811 1222 942 1255 scilicet
964 1223 1045 1255 dato
1073 1221 1209 1265 Spiritu

227 1282 365 1315 sancto,
401 1287 465 1308 nec
489 1272 707 1318 reprehendo
735 1271 824 1305 hanc
849 1273 1070 1306 sententiam.
1122 1270 1209 1305 Cae-

227 1333 343 1359 terum
363 1327 443 1358 satis
461 1331 602 1369 apparet
621 1322 801 1357 Christum
827 1321 893 1356 hoc
918 1324 1124 1356 mandatum
1146 1335 1208 1354 vo-

227 1388 307 1410 care
323 1388 475 1415 novum,
509 1375 607 1420 quasi
627 1375 740 1414 dicat,
774 1385 848 1406 non
874 1373 1040 1407 usitatum
1065 1373 1210 1412 mundo,

227 1427 263 1459 id
279 1433 347 1467 est,
374 1438 446 1459 non
466 1427 548 1470 quia
566 1426 674 1468 legem
694 1425 803 1468 ipsam
821 1424 932 1457 sciant
948 1435 1071 1457 omnes
1093 1421 1210 1456 homi-

227 1490 309 1518 nes,
345 1479 403 1509 sed
430 1478 510 1521 quia
536 1489 640 1508 nemo
662 1475 804 1517 ignarus
829 1473 1036 1517 Evangelii,
1080 1480 1112 1506 et
1136 1485 1208 1506 non

227 1525 362 1560 habens
378 1528 539 1561 timorem
558 1525 641 1567 Dei,
660 1532 692 1558 et
710 1526 811 1558 fidem
829 1525 867 1557 in
883 1522 1089 1564 Christum,
1109 1536 1210 1566 prae-

227 1585 294 1611 stat
321 1576 410 1610 hanc
436 1578 545 1620 legem
573 1578 614 1609 de
641 1576 828 1609 dilectione
855 1581 887 1608 et
911 1575 1028 1608 studio
1050 1575 1210 1617 publicae

227 1629 453 1665 concordiae,
476 1635 507 1661 et
524 1627 710 1671 praecipue
727 1623 1127 1660 concionaturChristus
1146 1637 1212 1668 gu-

226 1679 485 1712 bernatoribus.
539 1679 766 1711 Discessurus
784 1677 898 1716 enim,
925 1677 1027 1709 valde
1050 1676 1209 1709 solicitus

227 1736 278 1762 est
309 1730 352 1761 de
382 1729 569 1761 concordia
594 1727 768 1759 Ecclesiae
797 1734 831 1760 et
863 1727 1084 1766 docentium,
1128 1727 1206 1759 ideo

229 1791 328 1822 saepe
347 1779 498 1812 inculcat
518 1777 584 1811 hoc
606 1784 848 1821 praeceptum,
875 1784 909 1809 et
928 1777 1132 1809 ardentibus
1158 1777 1209 1809 af-

229 1831 378 1863 fectibus
406 1830 578 1873 significat
602 1840 700 1861 suam
727 1828 988 1861 solicitudinem
1019 1828 1062 1860 de
1092 1833 1210 1870 poste-

227 1880 344 1915 ritate.

331 1930 422 1964 Tota
456 1929 581 1961 mundi
615 1927 762 1962 historia
789 1929 942 1961 ostendit
966 1940 1080 1961 raram
1103 1928 1210 1961 fuisse

229 1982 504 2023 gubernatorum
538 1980 781 2019 concordiam,
816 1986 848 2012 et
877 1979 1029 2011 sacilime
1055 1979 1208 2011 exitialia

229 2033 376 2065 dissidia
403 2031 495 2064 inter
520 2042 577 2063 eos
600 2037 717 2063 exorta
742 2041 832 2067 esse,
867 2036 906 2062 ut
929 2029 1035 2071 igitur
1062 2039 1210 2060 concor—

230 2083 324 2115 diam
351 2088 516 2115 tueantur
539 2081 719 2123 Apostoli,
755 2079 924 2123 praecipit
944 2081 987 2111 de
1011 2079 1209 2118 dilectione,

230 2134 310 2176 quia
328 2133 402 2166 sine
421 2132 607 2165 dilectione
626 2131 726 2163 facile
741 2131 982 2162 accenduntur
1007 2129 1208 2162 certamina.

232 2182 372 2216 Invidet
390 2182 475 2216 Saul
491 2181 657 2214 crescenti
673 2180 819 2219 Davidi,
846 2187 876 2212 ct
894 2191 927 2212 se
945 2179 1124 2212 obscurari
1146 2180 1209 2212 do-

231 2233 288 2265 let.
341 2233 422 2266 Non
440 2239 553 2276 potest
572 2232 662 2263 serre
682 2230 869 2274 Pompeius
896 2237 1107 2263 crescentem
1124 2228 1212 2263 Cae-

233 2283 319 2315 saris
337 2284 543 2326 potentiam,
578 2282 715 2315 assidue
731 2281 890 2314 rixantur
912 2282 1004 2313 inter
1028 2293 1064 2313 se
1080 2280 1210 2314 Aristi—

231 2334 294 2365 des
311 2340 344 2366 et
360 2331 624 2366 Themistocles.
679 2331 774 2364 Haec
793 2332 880 2364 fiunt
898 2331 988 2363 inter
1004 2331 1100 2369 illos,
1121 2343 1210 2375 quo-

234 2395 313 2416 rum
331 2384 441 2416 animi
458 2390 538 2416 sunt
555 2383 628 2415 sine
646 2389 766 2415 mutua
783 2382 990 2421 dilectione,
1023 2383 1082 2414 sed
1099 2393 1209 2415 unus—

233 2434 384 2478 quisque
401 2445 475 2466 sese
490 2434 633 2476 plurimi
650 2433 722 2465 fieri
740 2433 832 2471 vult,
868 2439 899 2465 et
915 2432 1113 2465 occasiones
1129 2444 1209 2475 pre-

233 2485 354 2516 mendi
368 2484 454 2516 alios
470 2490 599 2527 captat,
634 2496 707 2516 non
731 2490 890 2516 amanter
915 2484 1099 2522 admonet,
1134 2495 1205 2515 non

230 2542 330 2568 sanat
361 2535 504 2568 alterius
532 2534 767 2568 incommoda.
828 2533 878 2567 At
899 2540 1041 2567 econtra
1065 2534 1206 2566 dilectio

231 2585 384 2628 primum
402 2585 533 2628 gloriae
550 2584 614 2617 Dei
633 2584 758 2623 servit,
792 2582 884 2618 hanc
898 2585 973 2617 vult
995 2585 1147 2627 conspici
1174 2591 1206 2617 et

230 2635 409 2669 celebrari.
466 2634 605 2669 Deinde
626 2646 698 2668 sese
719 2635 856 2673 abiicit,
892 2642 926 2669 et
952 2636 1104 2669 libenter
1129 2635 1206 2668 aliis

809 75 935 114 PIIlL.
960 75 1075 112 MEL.
1110 74 1320 111 SCRIPTA
1353 73 1652 111 EXEGETICA.

2165 80 2240 115 296

1261 161 1351 195 cedit
1370 162 1412 194 de
1430 161 1648 206 principatu,
1676 173 1750 194 non
1766 163 1880 196 studet
1894 163 2050 204 laedere,
2078 170 2138 197 aut
2164 176 2244 208 pre-

1260 224 1373 253 mere,
1407 219 1521 246 errata
1540 212 1691 255 collegae
1710 223 1832 246 sanare
1854 214 1966 257 cupit,
2002 215 2081 248 ideo
2109 215 2243 258 placide

1262 270 1295 296 et
1325 269 1483 296 amanter
1515 263 1693 298 admonet.
1753 261 1849 296 Haec
1881 264 2065 307 diligentia
2096 277 2173 299 cum
2199 265 2244 299 sit

1263 314 1507 347 difficultatum
1527 313 1649 357 plena,
1675 313 1776 347 toties
1795 313 1989 348 inculcatur
2008 322 2244 359 praeceptum,

1262 372 1301 398 ut
1318 375 1489 398 memores
1508 364 1603 397 vocis
1618 361 1751 397 Christi
1767 363 1877 407 magis
1896 364 2074 399 frenemus
2098 366 2243 400 affectus

1264 422 1418 455 nostros,
1459 421 1493 448 et
1512 426 1693 448 caveamus
1716 426 1761 447 ne
1792 415 2004 454 ambitione,
2047 415 2244 457 iracundia,

1263 466 1453 508 cupiditate
1483 466 1674 506 vindictae,
1714 465 1982 506 malevolentia,
2016 465 2149 505 livore,
2184 473 2245 501 aut

1263 516 1340 549 aliis
1358 516 1466 549 animi
1481 516 1614 548 morbis
1629 514 1995 549 turbemusEcclesiae
2008 516 2245 552 concordiam.

1263 566 1358 600 ilaec
1373 567 1456 601 satis
1473 568 1517 600 sit
1533 567 1685 600 breviter
1701 567 1744 599 de
1760 564 1827 599 hoc
1845 574 2027 611 praecepto
2056 567 2246 608 monuisse,

1264 619 1358 661 quod
1375 629 1479 662 quam
1496 618 1539 650 sit
1557 617 1813 658 necessarium,
1827 628 1931 661 quarn
1948 618 2118 658 salutare,
2140 629 2246 662 quam

1263 668 1425 708 difficile,
1452 668 1664 712 experientia
1681 667 1887 702 declarabit.
1938 666 1990 700 Ac
2013 679 2077 701 nos
2100 669 2244 712 quidem

1264 718 1330 765 ipsi
1350 720 1392 752 de
1409 716 1473 752 hac
1491 726 1664 762 postrema
1680 716 1814 752 Christi
1832 718 2003 751 concione
2025 730 2126 762 saepe
2151 718 2247 761 cogi-

1262 776 1395 810 tantes,
1422 770 1663 813 diligentiores
1678 769 1788 802 simus
1805 770 1844 801 in
1862 769 2049 802 concordia
2066 769 2208 805 tuenda.

1540 849 1629 887 Non
1646 850 1810 885 cantabit
1827 849 1970 897 galla-5⁸.

1364 917 1538 952 Inseritur
1554 919 1748 953 admonitio
1767 921 1809 953 de
1824 919 2064 952 imbecillitate
2081 916 2247 961 humana,

1263 976 1296 1002 et
1326 967 1598 1013 reprehenditur
1630 971 1736 1003 stulta
1772 970 2001 1009 confidentia,
2039 969 2163 1003 Petrus
2187 982 2245 1003 so-

1263 1020 1375 1052 mniat
1391 1030 1525 1062 pugnas
1541 1027 1573 1052 et
1592 1020 1871 1060 dimicationem,
1899 1028 1930 1054 et
1945 1032 1981 1053 se
2005 1021 2111 1053 morti
2135 1021 2245 1053 confl-

1263 1071 1386 1103 denter
1402 1070 1524 1110 offert,
1552 1072 1610 1103 sed
1632 1068 1795 1103 Christus
1810 1077 1903 1104 taxat
1918 1071 2186 1110 confidentiam,
2205 1083 2245 1104 ac

1263 1121 1430 1164 praedicit
1445 1121 1520 1153 eius
1536 1121 1689 1164 lapsum·
1737 1121 1926 1153 Discamus
1942 1132 2022 1163 ergo
2042 1133 2115 1154 non
2133 1122 2244 1154 confi-

1263 1172 1344 1202 dere
1361 1170 1502 1213 propria
1520 1170 1676 1210 iusticia,
1712 1171 1768 1202 vel
1785 1171 1988 1211 vigilantia,
2023 1171 2077 1203 vel
2104 1172 2244 1215 sapien-

1263 1221 1325 1253 tia:
1359 1232 1442 1252 nam
1464 1218 1617 1253 humana
1644 1225 1767 1252 natura
1793 1231 1854 1262 per
1878 1231 1950 1253 sese
1975 1225 2025 1252 est
2047 1221 2246 1261 imbecillis,

1262 1278 1294 1304 et
1312 1271 1411 1303 sacile
1427 1271 1569 1306 labitur.
1619 1269 1755 1304 Deinde
1772 1270 1981 1302 accerrimae
1997 1276 2078 1303 sunt
2096 1270 2245 1303 insidiae

1262 1321 1412 1362 diaboli,
1434 1321 1497 1366 qui
1514 1321 1620 1354 variis
1638 1320 1752 1353 modis
1769 1320 1979 1353 imbecillem
1998 1327 2160 1353 naturam
2177 1321 2246 1354 im—

1263 1372 1380 1415 pellit,
1415 1372 1504 1405 sicut
1526 1371 1643 1404 Lucae
1670 1373 1731 1406 22.
1753 1371 1869 1415 inquit
1893 1368 2074 1404 Christus:
2109 1370 2247 1412 Simon,

1262 1421 1406 1460 Simon,
1443 1434 1520 1455 ecce
1537 1421 1685 1455 Satanas
1708 1422 1874 1464 expetivit
1898 1432 1978 1461 VOS,
2014 1427 2052 1454 ut
2076 1421 2246 1455 cribraret

1262 1484 1323 1505 vos
1339 1479 1506 1517 tanquam
1525 1472 1695 1505 triticum.
1746 1471 1822 1515 Ego
1840 1478 1955 1504 autem
1974 1471 2094 1514 rogavi
2110 1483 2174 1515 pro
2199 1478 2244 1510 te,

1263 1535 1306 1555 ne
1323 1523 1459 1556 deficiat
1477 1524 1562 1556 fides
1579 1529 1636 1555 tua
1648 1547 1657 1561 ,
1682 1529 1714 1555 et
1730 1529 1768 1556 tu
1784 1533 1971 1554 conversus
1990 1522 2156 1555 confirma
2174 1523 2245 1555 fra-

1262 1581 1330 1606 tres
1345 1580 1433 1607 tuos.
1483 1572 1579 1606 Haec
1597 1573 1720 1605 concio
1737 1573 1865 1605 multas
1880 1572 2100 1615 gravissimas
2119 1579 2150 1605 et
2167 1584 2243 1605 am-

1261 1624 1434 1668 plissimas
1457 1623 1646 1657 sententias
1673 1623 1841 1657 continet.
1900 1622 1963 1655 Ait
1985 1622 2167 1655 diabolum
2188 1622 2246 1654 in-

1261 1674 1382 1708 sidiari
1403 1673 1597 1714 Ecclesiae,
1637 1679 1676 1706 ut
1707 1685 1782 1705 eam
1818 1673 1995 1716 dispergat
2024 1679 2057 1706 et
2089 1672 2246 1716 dissipet.

1260 1723 1353 1757 Huic
1371 1724 1588 1757 tristissimae
1604 1723 1681 1756 voci
1698 1724 1797 1756 addit
1820 1723 2115 1763 consolationem,
2149 1724 2244 1768 quod

1262 1787 1323 1818 pro
1347 1775 1450 1807 nobis
1474 1781 1566 1814 oret,
1588 1785 1632 1806 ne
1651 1774 1734 1806 fides
1750 1781 1868 1806 nostra
1891 1774 2124 1814 extinguatur.
2175 1772 2247 1806 Po-

1263 1833 1392 1859 stremo
1411 1825 1513 1858 etiam
1532 1831 1669 1862 monet,
1704 1830 1742 1856 ut
1760 1835 1824 1856 nos
1839 1823 2036 1855 confirmati
2055 1829 2174 1856 nostro
2193 1829 2246 1856 te—

1261 1876 1427 1909 stimonio
1451 1875 1556 1908 etiam
1580 1875 1667 1907 alios
1692 1874 1950 1906 confirmemus.
2002 1871 2098 1905 Haec
2119 1873 2242 1906 concio

1261 1934 1344 1960 tunc
1364 1938 1437 1958 uon
1459 1926 1568 1958 subiit
1592 1924 1749 1957 animum
1767 1922 1880 1963 Petri,
1916 1930 2121 1965 occupatum
2148 1923 2243 1965 cogi-

1261 1977 1393 2010 tatione
1430 1977 1473 2008 de
1509 1976 1649 2019 praeliis
1685 1981 1718 2007 et
1752 1985 1859 2016 regno
1891 1974 2072 2006 mundano
2097 1970 2241 2008 Christi.

1261 2027 1329 2059 Sed
1349 2033 1464 2069 postea
1487 2026 1632 2058 cum-in
1654 2025 1754 2067 lapsu
1780 2025 1870 2057 dicta
1893 2021 2025 2057 Christi
2047 2023 2240 2066 colligeret,

1261 2077 1425 2118 cogitavit
1457 2088 1561 2120 quam
1587 2075 1779 2109 necessaria
1804 2075 1847 2108 sit
1869 2073 2094 2118 reprehensio
2116 2071 2241 2107 liuma-

1263 2139 1327 2159 nae
1345 2127 1595 2165 confidentiae,
1632 2138 1736 2170 quam
1763 2125 1875 2158 dulcis
1900 2125 2111 2166 consolatio,
2146 2126 2241 2169 quod

1261 2190 1324 2221 pro
1342 2189 1378 2210 se
1396 2178 1616 2221 deprecatum
1638 2188 1709 2209 esse
1726 2176 1812 2209 dixit
1828 2173 2005 2209 Christus.

1362 2227 1456 2262 Infra
1478 2235 1592 2261 autem
1617 2229 1659 2260 de
1683 2228 1782 2270 lapsu
1800 2226 1895 2259 Petri
1918 2224 2092 2269 copiosius
2116 2224 2238 2258 dicen-

1261 2281 1344 2312 dum
1369 2286 1437 2318 est,
1471 2286 1504 2312 et
1530 2276 1610 2312 huic
1634 2277 1790 2321 exemplo
1817 2277 1965 2309 aliorum
1992 2275 2238 2309 excellentium

1261 2331 1416 2362 virorum
1432 2330 1549 2374 lapsus
1567 2330 1760 2368 addantur,
1788 2333 1826 2360 ut
1843 2326 2060 2359 securitatem
2079 2332 2111 2359 et
2128 2327 2239 2359 confi-

1260 2381 1413 2414 dentiam
1431 2388 1585 2414 metuere
1609 2381 1800 2417 discamus,
1829 2377 1918 2410 sicut
1942 2377 2072 2409 multae
2097 2384 2237 2410 senten-

1259 2433 1326 2464 tiae
1344 2439 1506 2472 monent,
1537 2432 1569 2466 1.
1586 2427 1746 2463 Corinth.
1768 2427 1825 2462 10.
1861 2427 1950 2469 :Qui
1974 2427 2113 2459 videtur
2136 2434 2238 2466 stare,

1259 2484 1375 2516 videat
1400 2495 1443 2515 ne
1466 2483 1576 2515 cadat.
1624 2477 1752 2514 Matth.
1776 2480 1831 2513 12.
1853 2478 1899 2510 ait
1917 2475 2094 2511 Christus:
2123 2477 2238 2522 Spiri-

1259 2540 1331 2566 tum
1350 2534 1573 2566 immundum
1590 2532 1706 2564 redire
1723 2529 1898 2563 adiunctis
1915 2528 1993 2560 aliis
2017 2534 2168 2571 septem,
2199 2528 2236 2561 in

1259 2585 1401 2616 domum
1425 2584 1590 2623 otiosam,
1622 2583 1657 2615 id
1684 2588 1751 2621 est,
1783 2591 1958 2617 securam,
1993 2591 2066 2611 non
2090 2590 2238 2622 expave—

1259 2642 1408 2669 scentem
1435 2634 1611 2678 agnitione
1635 2633 1703 2666 irae
1725 2631 1813 2672 Dei,
1841 2642 1914 2663 non
1939 2636 2112 2674 petentem
2137 2629 2237 2663 auxi-
