2415 2942
139 50 236 86 1329
340 49 442 87 Xttl.

139 137 334 177 tationem,
361 143 392 170 et
414 138 596 172 confirmat
622 140 863 180 securitatem,
891 146 922 173 et
950 140 1060 174 multa
1082 140 1133 172 in-

139 188 261 220 cendia
280 188 513 232 cupiditatum
543 197 676 233 augeat.

138 246 216 279 tur,
244 237 357 271 Marci
377 239 429 275 9.:
459 241 535 274 Hoc
561 252 669 282 genus
687 242 957 274 daemoniorum
980 254 1053 275 non
1072 242 1134 274 eii—

138 290 247 330 citur,
272 290 339 322 nisi
365 291 498 324 ieiunio
517 299 550 325 et
567 293 738 328 oratione.
791 292 837 325 Et
855 291 979 325 Petrus
1006 293 1133 338 inquit,

140 340 172 373 1.
193 339 285 376 Petr.
309 339 359 376 5.:
395 339 663 389 σωφρονήσατε
687 351 719 377 et
735 343 845 376 sobrii
865 350 974 376 estote
991 346 1032 377 ad
1054 356 1133 387 pre-

136 398 322 427 canonem.

136 442 173 474 in
207 443 288 485 igne
321 443 419 479 furit.
473 442 520 477 Et
546 444 741 486 luvenalis,
769 444 865 488 Quid
892 446 987 478 enim
1013 445 1131 479 Venus

136 493 233 526 ebria
260 496 383 527 curat?
436 494 480 528 Et
507 508 644 540 semper
665 496 709 529 sit
733 496 770 528 in
789 503 977 544 conspectu
996 497 1130 530 dictum

137 543 308 585 Senecae,
339 545 606 579 Consuetudine
633 547 790 579 insaniae
819 549 943 580 durata
969 548 1053 581 vitia
1077 548 1129 580 vi-

137 607 184 628 no
202 603 387 639 concepta,
411 597 514 630 etiam
544 598 619 631 sine
638 598 720 630 vino
742 598 871 633 valent.

238 662 309 696 Nec
333 665 481 698 dubium
508 673 556 699 est
581 666 702 709 augeri
734 666 892 708 publicas
919 673 951 699 et
976 666 1130 710 privatas

137 713 369 756 calamitates,
399 723 581 760 propterea
600 717 681 762 quia
702 716 796 750 Deus
821 718 1128 760 intemperantiam

136 766 258 809 punit,
287 778 390 810 quam
408 768 551 812 quidem
576 768 774 812 plerunque
800 774 833 800 et
852 768 919 800 alia
946 769 1056 801 multa
1076 768 1129 800 vi-

136 816 182 848 tia
202 817 434 855 comitantur,
463 819 558 852 iuxta
583 819 672 851 illud
690 818 936 861 Epigramma:
965 817 1043 864 ἧλις
1065 816 1128 852 καὶ

133 866 273 911 ,affluet
300 865 363 901 καὶ
387 865 586 914 ψεύδεται,
621 867 697 908 οἷος
719 868 876 903 ἕκαστον
905 867 1019 911 οἶκος,
1048 867 1128 914 τοίη

136 914 158 962 ἦ
183 915 246 951 καὶ
275 917 471 957 ξυναπᾶσα
495 917 609 959 πόλις.
664 919 808 953 Heliaca
835 921 919 953 urbs
943 921 1049 953 simul
1080 928 1130 954 est

136 970 286 1002 mendax
311 982 350 1003 ac
376 972 490 1010 ebria,
525 973 604 1005 talis
631 978 702 1005 tota
733 972 817 1004 urbs
842 980 909 1012 est,
948 974 1072 1005 domus
1092 978 1129 1004 ut

137 1020 315 1064 quaelibet
333 1033 405 1054 esse
421 1022 526 1061 solet,
555 1023 588 1055 id
609 1030 678 1060 est,
708 1022 869 1065 publicus
889 1023 1000 1056 malus
1018 1030 1128 1056 status

134 1071 219 1103 inde
243 1072 375 1113 oritur,
418 1073 498 1117 quia
523 1074 655 1120 singuli
685 1074 812 1106 nolunt
836 1085 908 1106 sese
932 1075 1128 1114 emendare,

136 1122 194 1154 sed
214 1122 364 1166 quilibet
383 1124 462 1156 aliis
479 1125 553 1157 vult
571 1125 662 1167 leges
681 1126 784 1164 ferre,
813 1136 884 1156 nou
906 1136 977 1157 sese
1000 1132 1031 1158 et
1048 1136 1127 1157 suos

132 1183 270 1216 regere,
296 1186 375 1207 cum
394 1175 526 1208 dictum
547 1176 607 1209 sit.-
637 1175 753 1210 [ustus
772 1176 925 1220 primum
950 1182 1129 1209 accusator

136 1231 186 1259 est
202 1235 268 1257 sui.

238 1283 414 1319 Modestia
444 1298 526 1319 vero
559 1295 608 1321 est
633 1287 745 1320 virtus
770 1288 807 1320 in
831 1287 1019 1331 opinione,
1056 1298 1128 1319 ser-

138 1346 242 1368 mone
261 1343 379 1379 gestu‚
406 1337 544 1370 actione
567 1338 808 1381 negotiorum,
838 1349 981 1371 servans
998 1349 1127 1370 conve-

134 1386 326 1427 nientiam,
354 1388 390 1420 id
415 1395 482 1428 est,
512 1388 694 1422 retrahens
719 1401 783 1422 nos
806 1390 898 1424 intra
918 1395 1027 1422 metas
1044 1400 1125 1432 per-

134 1448 240 1470 sonae
257 1438 520 1474 convenientes.

237 1504 291 1538 Ex
322 1503 387 1538 hac
419 1505 625 1540 definitione
656 1506 807 1550 intelligi
839 1513 971 1550 potest,
1000 1505 1127 1539 Mode-

132 1555 234 1589 stiam
252 1563 419 1601 tanquam
444 1564 556 1589 totum
575 1558 758 1601 complecti
782 1558 909 1591 multas
933 1565 1047 1601 partes
1068 1569 1128 1590 seu
1154 1569 1156 1586 ι

136 1605 282 1650 species,
317 1619 468 1652 quarum
498 1607 636 1651 aliquae
669 1608 967 1651 appellationibus
997 1609 1128 1640 discer-
1154 1617 1156 1646 j

137 1664 291 1698 nuntur,
319 1666 352 1692 et
373 1658 461 1690 fiunt
479 1658 683 1691 discrimina
711 1659 880 1698 illustria,
909 1671 987 1690 cum
1007 1658 1125 1691 confe-

137 1714 269 1742 runtur
284 1709 444 1752 opposita
464 1709 565 1741 vitia:
600 1721 679 1741 cum
695 1708 871 1742 Modestia
892 1715 1052 1752 pugnant
1070 1721 1128 1742 su-

135 1759 277 1803 perbia,
305 1758 525 1793 Thrasonica
544 1759 700 1799 vanitas,
728 1772 788 1792 seu
810 1760 986 1793 iactantia.
1039 1759 1126 1793 Item

136 1811 341 1854 garrulitas,
374 1811 540 1850 futilitas,
575 1811 784 1851 scurrilitas,
822 1811 1035 1855 petulantia,
1063 1811 1126 1843 ob-

135 1862 322 1896 scoenitas:
360 1860 447 1895 Item
472 1862 594 1902 luxus,
622 1868 654 1894 et
678 1862 828 1905 ineptiae
852 1864 889 1894 in
918 1861 1062 1902 vestitu,
1096 1868 1128 1895 et

136 1912 248 1947 multo
280 1913 430 1946 maxime
454 1919 587 1957 pugnat
617 1925 696 1946 cum
732 1913 903 1946 modestia
934 1913 1128 1953 curiositas,

138 1976 200 1998 seu
229 1960 573 2011 πολυπραγμοσύνη
604 1963 767 2007 ingerens
801 1975 835 1997 se
866 1965 902 1996 in
926 1964 1039 1997 aliena
1066 1976 1127 1997 ne-

138 2016 244 2060 gotia.

241 2075 319 2110 Etsi
338 2082 454 2109 autem
473 2075 557 2108 vitia
586 2075 726 2115 omnia,
755 2087 844 2120 quae
868 2082 1025 2119 pugnant
1049 2087 1128 2108 cum

138 2127 369 2173 temperantia
396 2133 430 2160 et
456 2126 626 2159 modestia
653 2126 690 2159 in
722 2126 888 2159 omnibus
912 2124 1129 2166 hominibus,

139 2181 225 2214 viris
241 2185 274 2212 et
290 2178 455 2211 foeminis
480 2177 675 2222 perniciosa
697 2184 730 2211 et
754 2177 924 2210 deformia
947 2184 1048 2217 sunt,
1075 2184 1128 2210 ta-

140 2244 224 2265 men
247 2231 285 2263 in
313 2230 521 2263 mulieribus
547 2228 656 2271 magis
680 2229 869 2272 conspicua
896 2235 947 2263 est
962 2228 1129 2261 deformi—

141 2291 206 2324 tas,
233 2281 315 2328 quia
335 2278 392 2314 hic
409 2292 509 2314 sexus
527 2287 669 2324 propter
686 2277 925 2313 infirmitatem
943 2280 1051 2312 latere
1067 2280 1128 2312 de-

140 2336 211 2369 bet.
267 2333 388 2377 Itaque
406 2332 506 2365 valde
525 2338 626 2374 turpe
645 2331 878 2373 spectaculum
902 2337 951 2364 est
977 2330 1012 2362 in
1031 2337 1130 2363 coetu

143 2386 271 2420 mulier
296 2384 413 2428 ebria,
448 2390 479 2416 et
507 2382 646 2414 facilius
673 2388 757 2415 tunc
782 2382 851 2414 ruit
873 2382 908 2413 in
932 2381 998 2414 alia
1025 2382 1129 2414 dede·

144 2449 244 2471 cora:
275 2437 323 2470 sic
346 2434 548 2468 deformitas
574 2433 682 2476 magis
707 2433 893 2476 conspicua
919 2439 967 2466 est
989 2432 1027 2465 in
1052 2444 1132 2465 mu—

145 2489 232 2523 liere
250 2487 406 2532 garrula,
435 2486 571 2519 curiosa
585 2510 592 2524 ‚
619 2483 832 2517 admiscente
852 2495 886 2516 se
904 2484 1052 2526 negotiis
1069 2494 1132 2526 gu-

143 2538 381 2579 bernationis,
408 2544 448 2571 ut
462 2536 596 2570 Liviam
613 2541 759 2568 matrem
774 2533 952 2580 Tyberius
969 2534 1133 2567 nomina-

142 2592 203 2625 bat
220 2589 378 2636 Ulyssem
397 2588 576 2627 stolatum,
604 2593 785 2630 propterea
804 2585 884 2630 quia
901 2585 937 2618 in
954 2585 1132 2629 republica

145 2643 256 2676 multa
272 2640 411 2684 negotia
430 2645 542 2673 astute
560 2638 730 2671 movebat.
768 2636 888 2682 ltaque
902 2636 1012 2670 multa
1032 2647 1132 2681 prae-

197 2692 381 2727 ΜειΛιι-ιι.
413 2693 514 2725 Orza.
541 2690 622 2721 Vm..
654 2690 730 2721 XV.

729 190 782 224 De
807 191 1031 224 invocatione
1047 191 1134 224 dici-
1162 211 1164 241 ζ

495 52 530 87 7.
560 50 869 89 ENARRATIO
898 50 1054 88 EPIST.
1084 51 1287 91 PRtORls
1317 54 1385 90 AD
1414 54 1744 96 TtMOTHEL'M.

1163 145 1166 161 1

1799 58 1903 97 CAP.
1935 61 1979 98 ll.
2095 66 2193 102 1350

1164 164 1165 170 η
1194 148 1295 185 cepta
1320 143 1533 184 traduntur,
1569 156 1657 189 quae
1693 145 1814 179 iubent
1849 147 2011 181 mulieres
2037 162 2188 184 oecono-

1162 195 1165 208 l

376 391 428 426 De
448 394 621 434 castitate,
651 392 695 427 Et
715 393 834 427 Venus
852 395 887 426 in
906 395 1015 433 vinis,
1041 395 1132 438 ignis
1159 401 1162 433 ξ

1192 193 1280 225 mica
1303 194 1399 226 domi
1417 207 1557 236 curare,
1585 202 1616 228 et
1641 197 1802 229 omittere
1826 199 1966 241 negotia
1991 213 2078 244 quae
2100 214 2115 234 a
2135 203 2186 234 vi-

1192 243 1239 275 ris
1258 245 1489 285 gubernanda
1514 253 1606 279 sunt.
1666 246 1745 280 ldeo
1771 260 1872 292 saepe
1898 250 2026 283 citatur
2053 252 2184 286 dictum

1191 292 1381 337 Sophoclis
1393 308 1431 328 ex
1443 295 1511 328 Aia
1525 309 1568 329 ve:
1595 298 1740 344 ymrcaefge
1758 297 1899 343 κόσμοι]
1916 298 1937 346 ἡ
1957 300 2048 348 σιγὴ
2071 301 2183 349 φέρει,

1192 343 1408 379 Mulieribus
1427 347 1607 380 silentium
1626 351 1730 381 decus
1748 357 1808 385 est.

1289 404 1364 437 Etsi
1385 413 1500 439 autem
1521 408 1637 440 brexis
1655 416 1703 441 est
1722 406 1805 442 hacc
1823 411 1913 455 apud
1928 410 2076 445 Paulum
2095 426 2181 446 enu-

1187 456 1334 488 meratio
1361 456 1554 497 virtutum,
1592 466 1708 492 tamen
1736 460 1846 493 lector
1871 468 2023 496 attentus
2050 465 2181 498 videbit

1186 506 1333 538 sormam
1355 507 1462 540 totius
1483 508 1573 541 xitae
1594 509 1873 545 man-011..tishic
1892 514 2066 557 sapienter
2084 529 2180 548 com-

1187 555 1394 598 prehensam
1417 570 1500 591 esse.
1556 558 1627 592 Nec
1646 572 1703 592 ero
1727 562 1913 604 prolixior,
1941 566 2024 609 quia
2043 574 2180 610 oportet

1184 606 1399 650 Decalogum
1430 610 1597 642 omnibus
1635 612 1858 645 notissimum
1899 627 1970 648 esse
1985 643 1993 656 ,
2035 618 2095 661 qui
2129 625 2179 652 est

1186 659 1266 692 fons
1283 660 1466 693 doctrinae
1485 661 1528 693 de
1546 661 1714 695 omnibus
1735 663 1937 701 virtutibus.

1286 726 1425 761 Rursus
1450 735 1566 761 autem
1599 730 1772 763 admoneo
1800 731 1984 773 lectorem,
2021 741 2058 768 ut
2082 736 2177 769 testi-

1184 778 1344 810 monium
1365 779 1407 811 de
1424 779 1528 812 laude
1549 780 1704 823 coniugii
1724 779 1780 814 bic
1799 783 2014 822 consideret,
2044 793 2078 819 et
2094 799 2176 820 cau-

1184 840 1237 861 sas
1261 829 1405 872 cogitet,
1432 828 1528 863 Deus
1552 830 1723 864 immensa
1749 833 1920 876 sapientia
1944 835 1992 868 sic
2018 838 2178 872 condidit

1183 891 1292 921 genus
1322 878 1517 913 humanum
1544 888 1575 914 et
1600 889 1694 915 certo
1723 885 1829 917 modo
1859 885 2062 928 coniunxit,
2103 889 2177 923 vult

1184 931 1333 974 intelligi
1362 938 1393 965 et
1411 932 1580 976 praestari
1604 934 1815 974 castitatem,
1855 936 1909 968 vel
1935 936 1972 969 in
2001 939 2176 982 coniugio,

1183 982 1238 1014 vel
1257 982 1292 1014 in
1313 982 1382 1015 vita
1400 983 1534 1015 coelibe
1552 996 1692 1025 eorum,
1725 985 1785 1029 qui
1810 993 1891 1019 sunt
1918 987 2036 1021 idonei
2062 991 2104 1022 ad
2125 991 2177 1023 vi-

1183 1039 1251 1065 tam
1280 1033 1472 1074 coelibem,
1509 1035 1584 1067 vult
1611 1036 1714 1068 vitari
1740 1034 1844 1069 huius
1869 1038 2006 1072 ordinis
2032 1048 2176 1074 contur-

1182 1084 1381 1124 bationem,
1422 1092 1453 1117 et
1482 1082 1703 1119 horribiliter
1737 1088 1838 1129 punit
1870 1101 1971 1132 vagas
2008 1091 2176 1125 libidines

1182 1135 1327 1177 privatis
1352 1142 1384 1168 et
1411 1136 1561 1179 publicis
1585 1137 1860 1179 calamitatibus,
1891 1146 1922 1172 et
1946 1141 2074 1175 deinde
2091 1155 2176 1186 poe-

1182 1185 1236 1217 nis
1256 1186 1416 1226 aeternis,
1443 1187 1510 1219 nisi
1531 1187 1589 1220 fiat
1609 1191 1805 1223 conversio.
1840 1189 1989 1235 Propter
2009 1191 2070 1226 has
2093 1205 2175 1227 cau—

1182 1247 1235 1269 sas
1252 1237 1392 1270 laudata
1411 1244 1462 1270 est
1479 1238 1548 1271 vita
1569 1239 1775 1283 coniugalis.

1283 1303 1373 1338 Cum
1398 1312 1513 1338 autem
1532 1313 1695 1353 oporteat
1718 1309 1791 1351 regi
1821 1322 1885 1343 nos
1904 1312 2011 1345 verbo
2031 1310 2116 1353 Dei,
2143 1320 2177 1347 et

1182 1355 1272 1388 nulli
1298 1356 1414 1388 cultus
1439 1354 1514 1389 Deo
1537 1357 1698 1399 placeant
1722 1359 1797 1392 sine
1822 1362 1930 1394 verbo
1948 1361 2034 1401 Dei,
2061 1364 2176 1396 mani-

1181 1407 1308 1439 festum
1328 1413 1378 1439 est
1407 1405 1664 1442 monachorum
1684 1416 1762 1443 vota
1781 1423 1854 1444 non
1872 1424 1946 1445 esse
1964 1414 2077 1447 cultus
2094 1413 2176 1456 Dei,

1182 1463 1214 1490 et
1252 1457 1521 1491 cumulaverunt
1556 1457 1718 1493 monachi
1753 1468 1785 1494 et
1816 1463 2004 1497 sacrificuli
2044 1466 2174 1499 multos

1181 1508 1269 1540 alios
1288 1519 1435 1548 erroreS‚
1463 1516 1495 1542 et
1511 1510 1627 1543 cultus
1642 1511 1834 1554 idolorum,
1861 1514 1990 1558 quibus
2007 1517 2174 1550 adiuncta

1182 1566 1233 1592 est
1267 1556 1463 1601 prohibitio
1494 1560 1668 1603 coniugii,
1713 1574 1816 1606 quam
1842 1564 1933 1597 infra
1959 1565 2090 1600 Paulus
2116 1579 2174 1600 ex-

1183 1620 1297 1653 presse
1315 1609 1475 1643 nominat
1498 1611 1694 1644 doctrinam
1719 1614 2000 1652 daemoniorum.
2053 1617 2173 1661 Sigui-

1183 1659 1259 1692 ficat
1277 1666 1394 1693 autem
1422 1658 1479 1693 hic
1505 1661 1628 1695 titulus
1654 1664 1762 1697 multa
1787 1677 1910 1709 magna
1936 1668 2044 1706 mala,
2073 1670 2172 1703 ardet

1182 1710 1346 1744 diabolus
1379 1711 1461 1744 odio
1487 1710 1574 1753 Dei,
1606 1721 1639 1747 et
1664 1721 1701 1747 ut
1719 1713 1833 1748 Deum
1858 1719 2071 1752 contumelia
2095 1720 2172 1753 atfi-

1182 1761 1269 1802 ciat,
1299 1761 1452 1804 primum
1474 1762 1579 1796 falsos
1603 1765 1717 1798 cultus
1743 1773 1775 1799 et
1794 1769 1975 1802 mendacia
1994 1770 2030 1802 in
2047 1781 2172 1813 genere

1183 1810 1338 1845 humano
1370 1813 1463 1847 serit.
1511 1812 1650 1848 Deinde
1674 1828 1762 1859 opus
1786 1816 1872 1859 Dei,
1908 1820 2039 1854 scilicet
2063 1833 2172 1864 genus

1183 1860 1398 1904 humanum,
1426 1862 1646 1899 horribiliter
1672 1867 1868 1902 deformare
1895 1877 1926 1904 et
1947 1873 2093 1914 perdere
2113 1886 2171 1906 co-

1155 1935 1157 1946 ,
1183 1920 1310 1958 natur,
1343 1915 1504 1949 accendit
1529 1916 1722 1950 discordias
1743 1926 1776 1952 et
1799 1920 1910 1962 bella,
1944 1923 2073 1956 multos
2105 1924 2171 1956 im—

1184 1965 1300 2009 pellit,
1339 1971 1378 1998 ut
1407 1967 1596 2001 teterrimis
1632 1968 1844 2004 libidinibus
1876 1974 2172 2015 contaminentur,

1185 2016 1267 2061 quia
1291 2016 1354 2049 scit
1370 2014 1484 2050 Deum
1503 2019 1605 2051 valde
1629 2019 1731 2053 irasci
1755 2022 2023 2057 confusionibus
2048 2026 2171 2058 libidi-

1184 2079 1281 2101 num.
1314 2064 1361 2101 Et
1379 2065 1463 2101 haec
1477 2069 1560 2103 facit
1579 2071 1712 2112 omnia,
1740 2078 1900 2118 utquam
1919 2075 2090 2118 plurimos
2106 2074 2171 2109 lio-

1185 2117 1297 2150 mines
1314 2116 1494 2162 pertrahat
1511 2120 1549 2152 in
1567 2128 1747 2155 aeternum
1765 2124 1923 2165 exitium,
1950 2133 1982 2159 et
2000 2128 2042 2159 ad
2060 2134 2171 2160 aeter-

1183 2180 1246 2201 nas
1278 2166 1513 2213 blasphemias
1542 2171 1619 2206 Dei.
1678 2171 1815 2207 Eodem
1848 2176 1996 2209 consilio
2029 2178 2171 2221 impulit

1184 2218 1384 2265 hypocritas
1400 2222 1443 2254 ad
1459 2221 1571 2265 legem
1588 2224 1631 2256 de
1648 2224 1823 2258 coelibatu
1846 2226 2098 2275 imponendam
2118 2241 2172 2262 sa-

1184 2271 1402 2312 cerdotibuS‚
1428 2279 1462 2306 et
1479 2274 1520 2306 ad
1537 2275 1764 2318 excogitanda
1786 2277 1894 2320 impia
1912 2278 2052 2312 vincula
2070 2287 2172 2313 voto-

1185 2333 1280 2365 rum,
1307 2334 1396 2367 quae
1414 2323 1658 2368 multipliciter
1677 2326 1863 2362 offendunt
1878 2328 2012 2370 Deum,
2038 2331 2120 2375 quia
2140 2338 2173 2364 et

1185 2373 1283 2405 nervi
1302 2380 1383 2407 sunt
1403 2374 1571 2408 falsorum
1590 2377 1768 2418 cultuum,
1796 2386 1828 2412 et
1846 2387 1927 2413 sunt
1947 2392 2067 2413 causae
2088 2379 2174 2414 hor-

1185 2423 1344 2456 ribilium
1369 2426 1730 2469 contaminationum,
1757 2437 1901 2474 propter
1925 2443 2014 2475 quae
2034 2440 2172 2476 peccata

1186 2475 1341 2517 ingentia
1379 2473 1566 2511 hominum
1608 2479 1748 2522 agmina
1786 2487 1896 2515 ruunt
1936 2482 1975 2516 in
2015 2490 2173 2516 aeternas

1186 2537 1326 2569 poenaS.

1287 2584 1382 2618 Haec
1404 2585 1495 2618 mala
1521 2592 1553 2619 et
1576 2598 1698 2620 eorum
1725 2588 1839 2625 fontes
1863 2592 2013 2634 intelligi
2036 2603 2174 2626 necesse

1187 2643 1255 2677 est,
1283 2642 1315 2670 et
1339 2635 1446 2680 impia
1472 2636 1526 2669 lex
1549 2638 1590 2671 de
1615 2638 1789 2676 coelibatu
1814 2643 2014 2676 damnanda
2040 2650 2109 2682 est,
2138 2656 2176 2678 ac

1426 2686 1475 2722 84
