2415 2942
16 1081 18 1088 ἡ
14 367 28 1062 «ᾼ-οι--τ-κ--εε-Α--ψο-ο-ῆ--ι-ο-ῌ-,Α
28 424 29 439 ⁴,
19 132 32 353 Q*-

107 101 157 136 77
505 97 586 135 ΧΠ.

110 188 269 221 ctebatur
291 192 351 220 aut
368 192 460 219 certe
485 184 697 229 sequebatur
721 185 834 218 maior
861 196 940 228 pars
964 183 1101 228 populi.

108 237 214 272 Nunc
232 237 336 271 venio
354 238 396 271 ad
416 237 655 271 narrationem
672 236 710 268 10
728 235 872 269 loanne-

315 328 417 364 Erat
446 327 557 364 homo
584 340 629 362 ex
655 324 890 363 Pharisaeis.

213 405 298 440 Ideo
332 407 526 452 asscripsit,
563 413 602 440 ut
627 404 837 448 significaret
861 404 1038 449 quendam
1062 415 1102 435 ex

107 510 227 542 celluit
260 509 460 543 eruditione
489 515 522 540 et
551 507 711 540 doctrina
742 507 907 547 caeteris,
951 506 1102 538 movisse

107 558 250 594 Christo
269 559 509 604 quaestionem
529 559 572 592 de
597 558 746 591 iusticia.
799 556 846 591 Ut
869 564 986 590 autem
1009 557 1102 590 inter

106 608 306 644 Monachos
328 610 437 654 aliqui
461 609 653 643 studiosius
677 608 943 653 inquisiverunt
971 608 1101 641 verita-

106 668 196 701 tem,
229 672 294 693 nec
324 661 553 705 pertinaciter
587 661 823 693 defenderunt
846 671 982 693 errores
1009 671 1101 697 suos,

105 704 326 745 setssuerunt
342 712 473 744 dociles
487 739 497 753 ,
524 719 558 745 et
576 712 664 744 alios
685 711 919 750 audiverunt,
948 722 1100 755 quorum

105 763 210 796 multi
235 774 273 795 ex
299 763 454 796 tenebris
486 769 721 796 emerserunt:
756 762 804 795 ita
829 769 863 795 et
886 762 1101 795 Nicodemus

105 814 228 847 audire
244 811 427 847 Christum
440 815 484 847 de
501 812 568 847 hoc
589 826 682 847 novo
699 825 826 855 genere
840 813 1023 846 doctrinae
1040 825 1101 846 cu-

105 865 235 909 piebat.
273 864 366 907 Quia
383 865 554 906 audierat,
579 864 773 909 Baptistam
788 862 1011 898 etChristum
1029 871 1099 897 tam

105 916 243 949 duriter
264 923 381 949 taxare
400 914 673 949 Pharisaeorum
702 915 907 960 opiniones,
935 928 1000 948 099
1027 922 1100 948 erat
1126 925 1128 935 ¹

104 967 193 1000 adeo
209 967 298 1000 dura
316 974 348 1001 et
366 968 478 1000 ferrea
496 967 688 1011 pertinacia
704 994 712 1006 ,
739 974 778 1000 ut
803 979 876 999 non
900 974 1102 999 moveretur

105 1018 304 1059 miraculis,
332 1030 421 1063 quae
438 1019 684 1062 significabant
700 1016 764 1051 1105
782 1018 876 1051 viros
893 1030 910 1050 a
922 1016 998 1051 Deo
1015 1017 1101 1050 mis-

106 1080 165 1101 sos
181 1080 262 1104 esse.
315 1068 379 1103 Est
395 1082 476 1113 ergo
496 1070 630 1103 occasio
654 1069 871 1114 quaestionis
888 1066 989 1101 haec:
1024 1068 1101 1102 Sci-

105 1132 197 1160 mus,
219 1121 329 1163 legem
347 1120 440 1154 Mosi
459 1133 475 1153 a
489 1122 566 1154 Deo
584 1122 700 1153 datam
721 1132 804 1163 esse,
833 1117 898 1152 1105
915 1120 1039 1157 cultus,
1069 1126 1100 1152 et
1126 1127 1128 1140 ²

106 1169 193 1204 baec
218 1184 322 1216 oper-a
340 1173 456 1205 Deum
485 1172 675 1215 postulare.
737 1171 808 1205 Cur
834 1182 915 1214 ergo
943 1170 1099 1215 Baptista

105 1228 139 1255 et
163 1229 200 1256 tu
219 1223 426 1265 clamitatiS,
459 1222 531 1255 Nos
549 1229 764 1266 praestantes
789 1220 873 1254 haec
896 1233 1002 1265 opera
1027 1234 1100 1254 non

106 1284 179 1305 esse
203 1273 333 1312 iustos,
373 1286 446 1306 non
481 1275 617 1317 placere
644 1272 736 1313 Deo,
778 1274 837 1306 sed
870 1274 936 1306 sub
958 1280 1099 1316 peccato

106 1324 206 1356 esse?
259 1324 331 1357 Cur
346 1325 522 1357 damnatis
541 1324 703 1357 exercitia
723 1331 840 1356 nostra
855 1351 863 1363 ,
891 1324 1019 1368 quibus
1036 1324 1100 1356 do·

104 1386 201 1407 mare
226 1386 367 1407 carnem
398 1376 600 1415 studemus,
631 1383 669 1408 ut
693 1375 830 1408 facilius
855 1375 921 1416 legi
946 1373 1011 1407 Dei
1037 1376 1101 1407 ol>-

105 1425 299 1469 temperet?
350 1426 406 1459 Ad
433 1423 495 1459 lias
522 1427 614 1470 ipsas
639 1426 933 1469 interrogationes
959 1427 1101 1470 proprie

105 1482 139 1510 et
154 1484 233 1521 apte
249 1478 399 1523 quadrat
415 1477 527 1522 prima
545 1477 752 1522 propositio-

154 1568 250 1604 Nisi
272 1570 355 1618 quis
382 1576 532 1605 renatus
556 1571 678 1619 fuerit
705 1569 841 1613 denuo,
875 1583 947 1606 non
969 1571 1101 1620 polerit

207 1619 325 1655 videre
346 1634 496 1668 regnum
517 1621 605 1659 Dei.

179 1696 276 1730 Haec
300 1699 474 1740 generalis
501 1706 534 1732 et
557 1700 719 1732 nondum
749 1699 920 1743 explicata
938 1699 1102 1743 proposi-

106 1748 156 1781 tio
185 1755 320 1781 tantum
350 1756 399 1782 est
422 1750 644 1793 praeparatio
669 1751 712 1782 ad
728 1757 931 1794 sequentem
949 1751 1104 1794 explica-

108 1799 263 1839 tionem,
296 1806 417 1844 estque
441 1801 605 1834 refutatio
630 1801 760 1833 erroris
784 1800 980 1836 Nicodeini.
1033 1800 1103 1834 Er—

106 1861 163 1882 ras
183 1848 394 1890 Nicodeme,
435 1851 570 1896 inquit:
612 1851 675 1884 etsi
707 1862 830 1884 verum
861 1858 911 1884 est
949 1852 1060 1893 legem
1083 1865 1101 1885 a

104 1898 182 1934 Deo
205 1901 323 1934 datam
346 1913 436 1940 esse,
474 1909 505 1935 et
528 1901 699 1946 postulari
724 1899 807 1934 haec
834 1914 956 1946 opera,
984 1909 1102 1935 tamen

105 1951 160 1984 lex
183 1963 256 1985 non
280 1952 397 1985 abolet
422 1960 623 1995 peccatum,
656 1954 749 1998 quod
775 1953 961 1986 nobiscum
987 1954 1102 1986 nasci-

105 2009 174 2036 tur.
225 2001 322 2036 Haec
339 2009 452 2036 vestra
470 2011 611 2038 externa
630 2004 815 2048 disciplina
840 2016 913 2037 non
933 2005 1100 2038 satisfacit

104 2053 191 2096 legi,
218 2055 323 2087 corda
351 2054 517 2089 dubitant
541 2057 583 2089 de
601 2054 696 2095 Deo,
725 2062 851 2088 vacant
875 2056 1002 2089 timore
1021 2054 1100 2095 Dei,

104 2104 254 2145 fiducia,
296 2105 498 2140 dilectione.
557 2105 721 2151 Denique
754 2114 877 2140 natura
912 2104 1100 2140 hominum

104 2155 335 2198 belligeratur
353 2169 431 2190 cum
455 2158 517 2191 illo
542 2158 756 2202 pulcerrimo
782 2159 909 2191 ordine
931 2158 1098 2192 instituto

103 2206 142 2239 in
159 2207 246 2250 lege.
300 2207 381 2241 Non
398 2209 507 2252 igitur
529 2211 609 2243 estis
632 2209 715 2242 iusti
740 2209 834 2253 lege,
870 2222 909 2242 ac
933 2206 1101 2245 haeredes

104 2258 197 2292 vitae
213 2265 396 2300 aeternae,
423 2267 566 2305 propter
582 2258 673 2293 lianc
692 2267 843 2294 vestram
863 2260 1100 2304 disciplinam,

104 2321 210 2354 quam
237 2317 271 2344 et
293 2308 424 2345 ethnici
449 2312 552 2345 multi
583 2311 791 2346 excellentes
821 2312 889 2345 viri
914 2312 1100 2355 praestite-·

103 2368 200 2396 runt.
253 2360 335 2395 Alia
358 2363 515 2396 novitate
531 2375 619 2408 opus
635 2369 706 2403 est,
733 2370 772 2396 ut
788 2363 929 2406 cognito
946 2372 1100 2407 peccato,

103 2411 251 2456 incipiat
273 2413 390 2446 lucere
414 2415 546 2458 agnitio
565 2414 650 2455 Dei,
684 2421 716 2448 et
740 2415 817 2448 tolli
842 2421 1040 2458 peccatum,
1066 2423 1100 2449 et

105 2464 248 2497 accendi
264 2476 344 2498 vera
362 2466 509 2506 fiducia,
537 2466 679 2500 dilectio
709 2473 742 2499 et
765 2465 978 2499 obedientia.
1028 2465 1099 2500 De-

105 2513 214 2558 nique
251 2528 396 2559 prorsus
434 2517 530 2551 aliud
565 2524 615 2550 est
644 2518 712 2551 ista
743 2523 856 2551 vestra
899 2517 1098 2560 disciplina,

105 2564 203 2598 aliud
218 2566 282 2600 ista
302 2568 462 2610 iusticia,
491 2581 580 2615 quae
597 2575 646 2603 est
663 2566 784 2602 haeres
810 2569 903 2602 vitae
926 2576 1097 2605 aeternae.

205 2632 307 2668 Hanc
350 2637 629 2682 propositionem
673 2638 826 2671 declarat
868 2634 924 2669 his
965 2638 1095 2672 verbis:

104 2683 211 2727 Quod
229 2693 350 2720 natum
367 2697 415 2722 est
434 2702 474 2722 ex
493 2702 616 2730 carne,
647 2701 727 2722 caro
750 2695 817 2730 est,
852 2689 947 2730 quod
973 2696 1095 2723 natum

108 458 307 503 praecipuis
325 458 528 492 doctoribus
543 464 575 490 et
593 455 901 499 gubernatoribus,
924 455 985 500 qui
1003 461 1102 488 ante-
1154 450 1322 483 c⁰n⁵eq¹¹¹
1354 445 1550 479 mmmm*
1593 446 1625 472 et
1653 447 1762 473 mmm
1788 448 1977 476 aeternam·

1127 504 1129 508 ⁴
1153 490 1378 535 syllogismus
1401 496 1466 522 est:
1504 488 1611 532 Quod
1635 497 1758 524 natum
1777 499 1827 525 est
1846 504 1885 525 ex
1904 493 2048 536 spiritu,
2075 492 2147 535 spi-

639 96 1030 134 ENARRATIO.1N
1065 95 1246 133 EVANG.
1274 95 1489 134 IOANNIS.
1541 96 1646 132 CAP.
1677 97 1740 131 111.
2098 100 2145 132 78

1153 191 1205 218 est
1222 197 1261 217 ex
1280 184 1425 228 spiritu,
1453 183 1597 228 spiritus
1615 191 1674 219 est.
1729 183 1931 230 Syllogismi
1950 185 2144 219 instituun-

1154 243 1229 275 tur,
1263 248 1350 280 quos
1375 236 1505 279 pertexi
1530 236 1653 269 ambos
1684 242 1834 280 oportet.
1895 236 1976 270 Nati
2001 249 2041 269 ex
2065 249 2145 269 cor-

1154 293 1257 330 rupta
1276 293 1421 327 natura,
1447 294 1528 320 sunt
1551 299 1631 319 caro
1648 294 1832 331 corrupta,
1860 288 1994 331 captiva
2014 287 2144 331 peccati

1155 344 1187 370 et
1205 337 1343 369 mortis:
1372 337 1426 369 lex
1446 350 1520 370 1100
1537 338 1655 372 abolet
1670 336 1761 371 lianc
1786 339 2022 382 captivitatem
2035 364 2043 377 ,
2073 351 2145 371 1100

1153 388 1249 421 tollit
1267 395 1446 431 peccatum
1473 396 1505 420 et
1527 396 1674 421 mortem
1687 417 1695 429 ,
1723 401 1803 433 ergo
1821 390 1894 432 lege
1913 402 1985 423 non
2002 390 2147 435 potestis

2044 441 2147 474 Alter

1154 542 1243 574 ritus
1268 547 1329 574 est.
1390 539 1469 573 Vita
1501 548 1641 574 aeterna
1665 548 1713 573 est
1740 553 1794 574 res
1818 543 2029 586 spiritualis,
2066 555 2146 575 vera

1153 593 1231 633 lux,
1259 599 1290 625 et
1308 590 1375 625 Dei
1398 591 1551 634 agnitio,
1579 603 1661 624 vera
1685 593 1826 626 dilectio
1843 591 1920 626 Dei.
1974 592 2068 637 Ergo
2086 606 2148 626 119-

1154 655 1245 676 cesse
1263 649 1313 675 est
1327 640 1493 675 haeredes
1512 643 1603 676 vitae
1620 649 1781 676 aeternae
1799 644 1935 677 renasci
1952 657 1992 677 ex
2009 644 2147 689 spiritu,

1153 693 1243 728 Cum
1265 693 1332 727 1109
1349 695 1455 727 modo
1481 701 1711 738 pertexuntur
1735 695 1949 740 syllogismi,
1985 696 2066 729 satis
2086 708 2148 738 ap-

1155 752 1250 790 paret
1288 757 1360 778 esse
1401 745 1676 778 declarationem
1717 746 1940 780 refutationis
1958 773 1967 786 ,
2017 746 2149 779 scilicet

1126 806 1127 813 ¹
1153 798 1247 842 quod
1266 797 1340 839 lege
1363 809 1435 829 11011
1463 796 1572 840 possit
1596 797 1732 830 aboleri
1755 798 1937 841 captivitas
1961 797 2091 842 peccati
2118 804 2150 831 et

1154 848 1278 881 mortis
1294 848 1333 880 in
1358 859 1477 880 carne:
1521 848 1627 888 item,
1666 849 1759 893 quod
1789 855 1949 893 oporteat
1983 846 2150 881 haeredes

1154 900 1244 932 vitae
1260 905 1423 933 aeternae
1440 899 1573 931 renasci
1593 911 1632 932 ex
1651 900 1788 943 spiritu,
1842 899 1954 932 Porro
1971 897 2056 932 haec
2077 907 2149 933 tota

1152 950 1317 983 refutatio
1343 957 1393 983 est
1418 949 1541 982 concio
1568 951 1819 993 poenitentiae:
1854 949 1963 984 Docet
1988 949 2078 983 hanc
2095 950 2151 982 ‹li-

1153 1002 1339 1045 sciplinam
1356 1001 1441 1043 legis
1459 1013 1532 1034 non
1550 1013 1621 1034 esse
1638 1002 1812 1035 iusticiam
1833 1014 1951 1035 coram
1961 1000 2048 1043 Deo,
2076 1013 2149 1034 non

1126 1064 1128 1083 t
1154 1053 1278 1086 tollere
1299 1060 1491 1096 peccatum.

1257 1125 1388 1161 Obiter
1412 1134 1528 1161 autem
1547 1125 1604 1160 1119
1620 1128 1766 1160 observa
1784 1125 1979 1162 antithesin
1997 1129 2147 1161 vocaliu-

1154 1180 1288 1219 lorum,
1324 1185 1456 1211 certum
1483 1184 1532 1211 est
1556 1179 1672 1211 vocari
1699 1179 1883 1222 spiritum,
1918 1191 1991 1212 11011
2014 1187 2149 1223 partem

1154 1228 1330 1267 hominis,
1364 1229 1424 1261 sed
1449 1228 1564 1262 Deum
1588 1236 1790 1262 moventem
1819 1237 1852 1263 et
1875 1231 2149 1264 sanctificantem

1154 1287 1305 1320 mentes,
1347 1286 1379 1313 et
1411 1280 1505 1324 ipsos
1527 1275 1662 1313 'modus
1692 1293 1710 1314 a
1735 1281 1872 1325 Spiritu
1896 1289 2017 1315 sancto
2044 1288 2151 1322 ortos,

1154 1344 1236 1375 ergo
1253 1337 1394 1364 econtra
1412 1343 1492 1364 caro
1509 1331 1680 1374 significat
1705 1344 1778 1365 11011
1797 1339 1933 1366 tantum
1954 1334 2150 1377 appetitum

1155 1395 1341 1423 sensuum,
1378 1389 1416 1415 ut
1436 1381 1611 1426 Origenes
1634 1384 1789 1430 putavit:
1826 1385 1884 1417 sed
1911 1391 2022 1418 totam
2046 1391 2149 1418 natu·

1154 1448 1228 1469 ram
1248 1432 1406 1468 hominis
1424 1447 1496 1467 non
1522 1435 1634 1468 renati
1660 1435 1853 1479 appetitum
1878 1447 2064 1474 sensuum,
2093 1436 2149 1468 10-

1155 1487 1332 1520 1911991010
1357 1493 1388 1518 91
1413 1486 1650 1525 voluntatem,
1687 1487 1735 1519 sic
1767 1494 1800 1520 et
1826 1485 1958 1520 Paulus
1989 1487 2150 1532 loquitur

1155 1537 1260 1572 Rom.
1281 1536 1312 1571 7.
1332 1546 1363 1570 et
1381 1537 1413 1570 8.

1258 1612 1391 1648 Audita
1422 1622 1537 1648 autem
1563 1613 1629 1648 hac
1665 1615 1895 1656 refutatione,
1943 1613 2150 1648 Pharisaeus

1156 1666 1391 1710 obstupescit,
1420 1667 1501 1711 quia
1528 1665 1682 1699 humana
1708 1667 1796 1700 ratio
1819 1679 1892 1699 11011
1918 1666 2023 1699 aliam
2049 1667 2151 1699 iusti-

1156 1718 1244 1750 ciam
1269 1717 1383 1754 videt,
1422 1718 1488 1749 nisi
1520 1718 1630 1760 legis,’
1663 1730 1752 1762 quae
1777 1718 1993 1760 aenigmata,
2022 1718 2151 1762 inquit,

1156 1768 1267 1802 dicis'?
1324 1767 1397 1801 Nisi
1416 1769 1495 1813 quis
1520 1776 1662 1802 renatus
1681 1770 1804 1809 fuerit,
1832 1781 1917 1801 num
1937 1775 2047 1812 potest
2064 1766 2150 1802 haec

1156 1827 1282 1852 natura
1308 1819 1457 1862 refingi?
1515 1819 1590 1863 Ego
1615 1820 1789 1853 iusticiam
1825 1820 2006 1862 intelligo,
2044 1832 2148 1865 quam

1156 1868 1241 1902 haec
1263 1878 1388 1904 natura
1410 1877 1584 1914 praestare
1607 1879 1731 1915 potest.
1790 1870 1997 1904 Absurtlum
2020 1879 2069 1905 est
2094 1883 2150 1904 re—

1157 1921 1250 1966 quiri
1267 1933 1284 1954 a
1302 1921 1405 1954 nobis
1422 1922 1672 1966 impossibilia,
1701 1922 1783 1956 satis
1797 1923 2010 1962 sudandum,
2040 1929 2073 1955 et
2088 1923 2149 1954 de-

1156 1973 1361 2005 certandum
1382 1972 1413 2005 ei
1431 1984 1502 2006 esse
1521 1981 1623 2017 puta,
1651 1974 1711 2019 qui
1737 1974 1773 2006 in
1798 1971 1865 2006 hoc
1891 1980 2011 2006 nostro
2036 1973 2149 2006 stadio

1156 2036 1250 2056 011119
1267 2035 1408 2057 cursum
1428 2024 1569 2058 virtutis
1586 2025 1634 2058 ita
1652 2032 1770 2068 urget,
1806 2037 1851 2057 09
1876 2033 1955 2058 ruat
1980 2024 2091 2057 sciens
2110 2024 2149 2056 in

1155 2075 1250 2108 vitia.
1296 2074 1427 2117 Magna
1445 2083 1476 2108 et
1494 2075 1648 2109 difficilis
1667 2088 1720 2109 res
1738 2083 1785 2109 est
1806 2073 1890 2108 haec
1907 2076 1980 2119 ipsa
2001 2075 2149 2116 iusticia,

1155 2138 1262 2171 quam
1285 2138 1351 2159 nos
1370 2133 1598 2170 praestamus.
1654 2128 1858 2161 Absurdum
1887 2134 1937 2160 est
1966 2127 2063 2159 aliud
2094 2138 2149 2159 re-

1154 2177 1260 2222 quiri.
1329 2176 1407 2211 Hoc
1445 2185 1536 2211 certe
1579 2179 1656 2212 vult
1696 2178 1925 2220 interrogatio
1959 2175 2150 2211 Pharisaei.

1155 2228 1347 2271 Quomodo
1365 2236 1513 2272 possunt
1536 2227 1621 2263 haec
1646 2230 1719 2263 fieri
1732 2232 1747 2262 ἶ)
1802 2229 1873 2262 Nee
1891 2229 2081 2262 obscurum
2098 2235 2150 2263 est

1154 2292 1277 2313 omnes
1300 2280 1464 2325 politicos
1494 2281 1589 2314 viros
1618 2280 1925 2314 vehementissime
1956 2277 2147 2313 abhorrere

1153 2332 1198 2365 ab
1213 2329 1278 2365 hac
1294 2332 1541 2366 extenuatione
1558 2332 1715 2365 iusticiae
1733 2332 1836 2375 legis,
1863 2343 1924 2365 seu
1949 2332 2056 2364 studii
2075 2331 2148 2364 vir-

1153 2383 1257 2421 tutis,
1298 2390 1337 2416 ut
1370 2383 1436 2427 ipsi
1464 2384 1679 2428 loquuntur,
1722 2395 1785 2416 nec
1815 2383 1924 2416 ullam
1949 2382 2147 2417 orationem

1153 2434 1355 2468 existimant
1386 2435 1495 2477 magis
1530 2434 1761 2478 perniciosam
1788 2446 1861 2467 esse
1889 2434 1998 2473 vitae,
2041 2445 2147 2478 quam

1153 2497 1232 2518 cum
1253 2486 1450 2519 reverentia
1472 2485 1558 2528 le'gis
1583 2485 1769 2519 minuitur.
1816 2485 1912 2518 Hinc
1929 2492 2025 2519 tanta
2049 2497 2147 2518 acer-

1152 2537 1243 2571 bitas
1267 2537 1341 2570 odii
1364 2538 1529 2570 adversus
1546 2535 1779 2580 Evangeliutn
1801 2538 1933 2577 oritur,
1962 2536 2147 2581 praecipue

1152 2588 1189 2620 in
1221 2588 1351 2621 talibus
1393 2588 1497 2628 viris,
1546 2588 1634 2622 sicut
1663 2587 1794 2621 Paulus
1826 2588 1930 2622 dicit:
1976 2587 2147 2630 Ignoran-

1151 2637 1201 2673 tes
1226 2638 1293 2673 Dei
1325 2639 1518 2681 iusticiam,
1562 2652 1660 2675 suam
1691 2640 1866 2674 iusticiam
1903 2639 2060 2673 stabilire
2090 2651 2148 2672 co-

1150 2697 1293 2725 nantur.
