2415 2942
73 108 147 145 597
274 106 371 142 Xlll.

82 193 371 240 promissionem,
397 191 479 238 quia
502 191 599 226 Deus
628 194 777 227 dixerat:
804 191 880 237 Ego
902 205 962 227 ero
988 206 1072 237 pro—

74 253 189 291 tector
213 253 313 285 tuus,
339 251 402 278 etc.
465 243 511 277 Et
537 252 639 278 norat
659 242 838 278 Abraham
862 244 1070 288 promissio-

73 309 154 330 nem
183 297 308 329 factam
334 297 376 328 de
403 295 465 328 illo
491 303 640 329 venturo
675 296 827 335 semine,
871 307 941 339 quo
968 295 1067 328 Deus

74 348 178 380 vellet
203 347 333 380 aboleri
364 353 542 390 peccatum
569 353 603 380 et
626 353 787 381 mortem.
851 344 971 388 Quare
994 358 1066 379 non

74 406 123 432 est
154 398 352 441 effingenda
378 395 618 442 synecdoche,
655 394 834 430 Abraham
868 403 918 429 est
942 397 1067 429 iustifi-

73 456 170 482 catns
191 456 332 493 propter
351 448 517 481 noticiam
536 448 652 488 verbi,
681 454 713 481 et
731 459 812 480 suos
841 459 955 480 mores
981 459 1067 480 con-

76 501 255 533 venientes
272 500 452 532 doctrinae
469 507 500 532 et
518 497 737 542 professioni.
782 497 874 541 Quia
894 498 976 531 fides
993 511 1064 531 non

75 552 201 584 nititur
219 551 386 593 dignitate
403 549 572 582 virtutum
594 548 836 591 propriarum,
862 551 922 581 sed
950 549 1066 582 intue-

77 609 134 635 tur
151 609 288 635 tantum
311 600 599 634 inisericordiam.
653 598 748 632 Haec
765 599 919 633 breviter
938 612 1064 633 moneo

75 654 118 685 de
145 653 255 696 prima
279 651 522 689 cavillatione,
564 656 602 684 ut
633 651 826 685 retineatur
857 651 1004 695 simplex
1032 658 1066 685 et

73 715 153 737 vera
173 703 379 746 significatio
399 701 499 734 verbi
515 700 685 736 Credidit.

175 762 334 796 Secunda
360 760 549 794 cavillatio.
600 759 733 793 Locum
758 759 857 793 Pauli
887 761 1064 796 detortum

79 822 168 852 esse,
196 814 275 857 quia
295 811 442 845 Genesis
460 823 532 844 non
549 811 712 845 videatur
729 811 826 856 loqui
844 813 880 844 in
900 812 960 845 illa
983 825 1063 845 sen-

77 865 186 898 tentia
212 865 254 896 de
279 864 346 896 fide
371 863 407 895 in
434 860 636 903 Christum,
675 864 734 895 sed
756 865 798 895 de
822 864 1062 907 expectatione

71 916 120 948 rei
147 915 356 957 corporalis,
401 913 563 947 videlicet
587 913 812 957 posteritatis,
891 913 947 947 Ad
971 912 1062 947 hanc

68 965 328 998 cavillationem
357 965 567 1007 respondeo:
613 964 718 997 Fides
745 972 795 997 est
826 964 952 998 fiducia
978 978 1062 1009 pro-

68 1016 193 1059 missae
217 1016 476 1049 misericordiae
508 1022 653 1059 propter
681 1014 883 1055 Christum,
918 1023 950 1048 et
978 1015 1061 1049 haec

67 1067 194 1101 fiducia
211 1068 326 1100 reddit
343 1075 498 1110 pacatam
515 1067 766 1099 conscientiam
780 1093 788 1106 ‚
817 1074 849 1099 et
865 1067 973 1100 vincit
991 1075 1060 1100 ter-

69 1130 164 1151 rores
196 1118 338 1162 pcccati.
415 1117 534 1162 ltaque
563 1118 744 1161 proprium
771 1117 944 1150 obiectum
981 1119 1061 1151 fidei

68 1176 119 1202 est
144 1169 314 1212 promissa
341 1169 594 1203 misericordia.
657 1168 736 1201 Hoc
763 1169 938 1201 obiectum
968 1181 1060 1201 seni—

69 1231 132 1263 per
157 1220 309 1262 primum
338 1220 495 1252 intuetur
524 1220 626 1258 fides,
668 1219 802 1252 etiamsi
830 1227 947 1262 postea
972 1221 1061 1253 aliae

68 1282 123 1303 res
142 1278 302 1303 externae
322 1277 488 1313 petuntur
511 1271 565 1302 vel
586 1277 823 1314 expectantur.

171 1328 250 1362 Hoc
273 1331 397 1369 modo,
423 1330 461 1361 in
484 1330 651 1362 omnibus
675 1330 778 1362 dictis
801 1330 843 1361 de
867 1329 952 1369 fide,
988 1330 1061 1372 pri-

66 1392 164 1413 mum
182 1380 398 1422 intelligatur
415 1377 667 1424 comprehendi
693 1380 794 1419 fides,
821 1391 910 1424 quae
934 1380 1060 1422 accipit

65 1430 307 1463 remissionem
323 1438 555 1474 peccatorum.
612 1430 747 1463 Deinde
765 1432 850 1463 fides
868 1430 953 1463 alias
971 1431 1059 1464 circa

67 1481 136 1513 alia
155 1481 290 1514 obiecta
309 1488 448 1514 externa
469 1488 639 1515 versatur.

175 1539 279 1573 Fides
296 1538 391 1573 Mosi
407 1541 449 1573 ad
467 1539 568 1573 Mare
585 1541 732 1573 rubrum
750 1541 955 1574 versabatur
970 1541 1059 1574 circa

66 1590 305 1625 defensionem
325 1592 460 1635 populi.
507 1590 641 1624 Interea
660 1598 777 1624 tamen
796 1592 868 1635 ipse
886 1594 1058 1626 statmbat

65 1654 102 1675 se
123 1640 253 1676 habere
268 1641 382 1675 Deum
403 1643 620 1686 propicium,
648 1649 832 1686 propterea
857 1645 1060 1686 expectabat

67 1693 328 1727 liberationem.

167 1750 272 1784 Fides
299 1750 402 1784 Iacob
430 1750 542 1795 Gene.
568 1751 628 1785 28.
657 1751 862 1784 versabatur
886 1751 976 1784 circa
1003 1763 1060 1783 cx-

65 1803 299 1847 pectationem
328 1802 440 1836 victus
464 1809 497 1835 et
519 1803 662 1836 reditus.
723 1800 819 1834 Haec
845 1808 962 1835 tamen
990 1814 1061 1834 non

65 1861 181 1898 posset
195 1861 310 1898 petere
328 1865 391 1886 nec
409 1859 589 1896 expectare
614 1866 632 1885 a
651 1851 728 1886 Deo
741 1879 750 1894 ‚
776 1852 844 1885 nisi
871 1853 969 1897 prius
991 1859 1061 1886 sta-

69 1911 181 1946 tueret
199 1917 234 1938 se
252 1903 380 1938 habere
398 1903 512 1937 Deum
532 1905 719 1949 placatum.

170 1963 221 1998 Ita
245 1976 327 2005 ηοε,
371 1963 510 2008 quoties
541 1963 692 2007 petimus
727 1975 851 2006 panem
883 1963 1060 2007 quotidia-

68 2027 172 2055 num,
215 2016 322 2048 simul
352 2021 574 2052 statuamus,
617 2012 731 2047 Deum
763 2014 960 2057 propicium
988 2026 1060 2047 esse

69 2073 213 2109 propter
230 2063 451 2099 Christum...
472 2064 568 2104 Haec
587 2066 671 2098 fides
689 2065 862 2109 accipiens
880 2065 1058 2099 remissio-

68 2128 147 2149 nem
168 2123 385 2160 peccatorum
404 2116 440 2148 in
457 2116 553 2148 omni
571 2116 731 2149 oratione
751 2116 955 2161 requiritur.

172 2175 384 2220 Quanquam
410 2175 516 2218 igitur
534 2182 673 2208 externa
690 2177 828 2219 negotia
849 2184 930 2210 sunt
955 2177 1057 2209 dissi-

63 2226 185 2266 milia,
212 2233 329 2259 tamen
346 2225 498 2269 primum
516 2226 692 2259 obiectum
710 2234 742 2260 et
760 2228 941 2271 proprium
954 2255 962 2268 ‚
990 2229 1056 2260 sci-

67 2277 332 2321 lieet'promissa
354 2277 616 2315 misericordia,
644 2277 736 2309 idem
761 2285 809 2311 est
837 2280 870 2311 in
890 2279 1056 2312 omnibus

67 2328 360 2372 promissionibus
379 2335 410 2360 et
427 2328 525 2360 omni
547 2327 711 2361 exercitio
731 2329 822 2364 fidei.
870 2328 960 2363 Cum
991 2330 1054 2372 igi-

71 2386 128 2413 tur
157 2380 241 2412 fides
266 2377 390 2412 habeat
421 2379 597 2412 obiectum
633 2379 882 2423 praecipuum,
925 2379 1056 2414 Paulus

69 2438 159 2464 recte
184 2431 266 2464 citat
292 2428 358 2463 hoc
383 2430 527 2463 dictum.

169 2481 348 2515 Praeterea
378 2488 490 2525 patres
517 2487 647 2514 norant
672 2480 823 2524 primam
851 2482 1056 2526 promissio—

72 2544 151 2565 nem
170 2533 212 2565 de
229 2530 386 2571 Christo,
413 2539 447 2566 et
466 2532 624 2566 sciebant
642 2533 684 2565 ad
711 2530 802 2565 hanc
829 2544 952 2566 omnes
973 2545 1057 2578 pro-

70 2584 252 2617 missiones
287 2584 485 2617 referendas
516 2595 606 2624 esse,
651 2583 770 2616 omnia
804 2583 882 2617 dari
918 2592 1058 2628 propter

69 2635 158 2668 illud
187 2646 327 2676 semen,
366 2641 510 2679 propter
543 2635 637 2680 quod
671 2634 777 2668 Deus'
795 2634 840 2667 sit
868 2636 1058 2680 propicius,

67 2694 102 2721 et
137 2686 281 2731 quidem
310 2683 617 2729 Abrabam‚1hanc
649 2686 761 2731 ipsam
790 2687 1058 2731 promissionem

423 107 457 140 Ξ.
491 103 859 143 COMMENTARH
889 106 937 141 ΙΝ
964 107 1117 143 EPIST.
1147 105 1293 142 PAULt
1326 104 1392 140 AD
1419 104 1682 146 ROMANOS.
1734 111 1840 148 CAP.
1869 114 1929 152 IV.

2043 118 2117 156 598

1123 193 1251 227 sciebat
1288 193 1429 238 proprie
1465 194 1640 238 pertinere
1681 199 1723 231 ad
1766 208 1952 236 venturum
1988 216 2110 240 semen

1123 244 1314 278 Christum.

1225 295 1346 328 Tertia
1364 295 1552 330 cavillatio.
1607 298 1703 333 Huic
1722 302 1922 337 testimonio
1942 306 2047 339 citato
2071 320 2108 340 ex

1123 344 1251 377 Genesi
1296 354 1481 390 opponunt
1525 348 1632 380 alium
1678 351 1794 385 locum
1840 356 1882 388 de
1919 355 2096 390 Ab1·.··.han1

1122 395 1235 428 Uene.
1253 398 1330 430 22:
1370 396 1461 438 Quia
1481 398 1590 431 fecisti
1612 397 1701 433 hanc
1719 415 1808 440 rem,
1837 414 1869 439 et
1888 419 1959 439 non
1986 387 2109 452 peper:

1120 447 1195 479 cisti
1220 447 1291 479 filio
1320 454 1399 486 tuo,
1429 448 1633 481 benedicam
1661 452 1737 484 tibi.
1798 454 1891 488 Hinc
1917 470 2104 501 argumen-

1121 504 1261 530 tantur:
1306 495 1485 530 Abraham
1511 498 1674 534 laudatur
1704 511 1846 546 propter
1871 519 1975 551 opuS,
2011 508 2105 554 Ergo

1120 548 1324 581 iustificatus
1342 554 1389 580 est
1409 556 1551 592 propter
1567 562 1672 593 opus,
1700 566 1772 586 non
1792 563 1926 589 tantum
1946 560 2021 593 fide.

1219 597 1433 643 Respondeo
1468 601 1644 634 breviter:
1691 603 1857 646 Neganda
1894 615 1943 642 est
1982 623 2104 644 conse-

1119 650 1279 695 quentia,
1307 650 1387 694 quia
1412 662 1500 694 opus
1525 650 1563 683 in
1586 654 1750 687 credente
1775 653 1879 690 habet
1905 670 2001 692 suam
2028 662 2103 695 lau-

1118 704 1216 742 dem,
1245 707 1277 734 et
1303 708 1352 734 est
1379 701 1572 734 necessaria
1595 704 1815 745 obedientia,
1845 716 1876 741 et
1898 710 1934 742 fit
1954 711 2103 753 iusticia,

1117 759 1149 785 et
1174 758 1291 785 tamen
1310 763 1383 785 non
1405 749 1509 786 habet
1533 750 1624 787 hanc
1649 756 1874 799 dignitatem,
1902 763 1996 805 quod
2021 775 2102 806 pro-

1117 811 1194 847 pter
1211 803 1325 847 ipsum
1348 814 1436 846 opus
1454 815 1600 847 persona
1621 802 1746 842 habeat
1763 810 2002 844 remissionem
2022 826 2101 856 pec-

1116 861 1291 894 catorum,
1332 860 1364 887 et
1387 855 1432 887 sit
1453 855 1564 895 iusta,
1602 856 1635 889 id
1663 864 1730 895 est,
1762 872 1901 905 accepia
1924 864 1967 895 ad
1993 864 2100 897 vitam

1115 913 1291 938 aeternam
1323 916 1441 937 coram
1473 904 1561 939 Deo.
1620 906 1712 950 Quia
1744 918 1883 954 oportet
1915 925 2099 955 personam

1116 957 1213 1000 prius
1242 954 1373 989 habere
1406 957 1645 991 remissionem
1670 969 1890 1003 peccatorum
1919 972 1951 998 et
1977 966 2101 999 iustifi-

1115 1008 1288 1040 cationem
1301 1034 1309 1048 ‚
1337 1013 1453 1051 postea
1473 1008 1583 1051 placet
1600 1008 1735 1044 incoata
1754 1013 1972 1054 obedientia,
2001 1024 2033 1050 et
2049 1024 2099 1050 est

1116 1059 1230 1091 cultus
1246 1057 1325 1093 Dei.
1379 1057 1557 1099 Primum,
1585 1060 1666 1104 quia
1688 1074 1748 1104 per
1764 1062 1944 1098 Christum
1972 1075 2021 1101 est
2042 1080 2098 1101 ac-

1114 1120 1240 1143 cessus
1296 1108 1404 1149 Item,
1434 1106 1553 1142 Omne
1569 1114 1664 1155 quod
1683 1124 1754 1146 non
1774 1122 1824 1147 est
1849 1128 1887 1148 ex
1906 1117 1991 1158 fide,
2018 1131 2098 1162 pec-

1114 1167 1229 1194 catum
1250 1166 1310 1195 est.
1353 1158 1529 1200 Secundo,
1556 1161 1638 1204 quia
1657 1164 1889 1199 conscientiae
1907 1168 2026 1202 fierent
2045 1169 2099 1201 in-

1114 1218 1245 1251 certae,
1272 1211 1300 1243 si
1319 1211 1486 1254 penderet
1502 1212 1661 1245 remissio
1679 1223 1898 1256 peccatorum
1925 1231 1964 1252 ex
1981 1220 2097 1262 digni-

1113 1269 1182 1295 tate
1205 1274 1362 1305 operum.
1430 1260 1513 1294 Ideo
1546 1274 1680 1297 necesse
1710 1273 1759 1299 est
1786 1279 1970 1311 personam
2001 1272 2098 1315 prius

1113 1310 1243 1345 habere
1262 1313 1377 1344 fidem.

1215 1362 1261 1395 Et
1277 1360 1360 1395 haec
1377 1363 1477 1396 facile
1494 1363 1641 1397 iudicari
1665 1375 1809 1410 possunt
1835 1368 1870 1401 in
1891 1382 1972 1403 vero
1991 1378 2100 1405 certa-

1113 1413 1227 1451 mine,
1257 1414 1338 1458 quia
1357 1415 1570 1448 conscientia
1596 1428 1667 1449 non
1695 1427 1804 1460 potest
1831 1428 1988 1454 nostrum
2013 1434 2101 1465 opus

1114 1477 1293 1508 opponere
1310 1465 1397 1505 ine,
1425 1472 1484 1499 aut
1506 1467 1637 1500 iudicio
1655 1467 1738 1509 Dei,
1766 1470 1859 1503 iuxta
1882 1472 1989 1505 illud:
2020 1473 2099 1506 Non

1114 1516 1362 1549 iustificabitur
1378 1516 1413 1548 in
1434 1525 1620 1561 conspectu
1637 1525 1697 1552 tuo
1715 1522 1829 1553 omnis
1849 1523 1981 1557 vivens.
2032 1524 2100 1557 Nec

1114 1565 1296 1599 Abraham
1313 1568 1513 1610 opponebat
1532 1581 1619 1612 opus
1636 1581 1737 1603 suurn
1758 1572 1887 1606 iudicio
1906 1573 1982 1607 Dei.
2027 1575 2100 1608 lmo

1116 1618 1150 1649 in
1173 1618 1246 1660 ipso
1264 1629 1369 1661 opere
1385 1618 1526 1660 agnovit
1544 1631 1640 1652 suam
1659 1620 1917 1664 infirmitatem,
1952 1632 1984 1658 et
2010 1623 2102 1660 hauc

1115 1669 1198 1701 vicit
1216 1668 1300 1707 fide,
1329 1675 1361 1701 et
1385 1669 1506 1702 statuit
1531 1681 1566 1702 se
1594 1678 1688 1704 certo
1714 1673 1848 1716 placere
1867 1674 1940 1708 Deo
1960 1684 2102 1721 propter

1115 1719 1228 1758 aliud,
1263 1720 1395 1752 scilicet
1418 1720 1696 1755 misericordiam
1729 1726 1955 1767 promissam,
1989 1735 2022 1761 ct
2048 1735 2100 1761 ta-

1086 1793 1088 1823 Ι
1115 1782 1194 1802 men
1216 1778 1332 1813 postea
1354 1770 1388 1803 in
1406 1772 1570 1805 credente
1594 1774 1792 1806 obedientia
1819 1777 1929 1818 placet
1945 1777 2038 1817 Deo,
2066 1787 2098 1813 et

1116 1819 1219 1854 habet
1239 1833 1361 1864 magna
1382 1823 1545 1864 praemia.
1598 1823 1686 1856 Nam
1707 1832 1819 1858 textus
1839 1825 1892 1860 hic
1908 1840 1980 1861 non
2006 1830 2101 1870 dicit,

1114 1872 1296 1905 Abraham
1318 1880 1501 1916 propterea
1520 1874 1651 1907 iustum
1671 1878 1843 1919 reputari,
1872 1881 1928 1911 sed
1950 1882 2099 1923 promit-

1114 1930 1238 1956 tuntur
1256 1923 1285 1956 ei
1312 1925 1463 1967 praemia
1488 1926 1702 1968 corporalia,
1731 1928 1793 1960 etsi
1820 1929 1856 1961 in
1882 1927 1937 1962 his
1961 1944 2100 1976 quoque

1114 1976 1283 2018 repetitur
1299 1975 1484 2017 promissio
1501 1980 1542 2008 de
1559 1974 1714 2013 Christo,

1217 2025 1299 2058 ldeo
1323 2033 1470 2070 uterque
1492 2026 1589 2060 locus
1614 2028 1649 2060 iu
1670 2028 1801 2062 Genesi
1826 2031 2012 2065 discendus
2037 2040 2098 2069 est.

1083 2081 1085 2119 ᾗ
1112 2074 1214 2109 Alter
1240 2078 1342 2110 docet
1370 2078 1577 2120 simpliciter
1608 2080 1650 2112 de
1676 2081 1908 2123 imputatione
1931 2084 2098 2117 iusticiae.

1082 2131 1084 2166 ,ἶ
1110 2128 1211 2161 Alter
1228 2129 1270 2160 de
1288 2128 1393 2161 laude
1414 2137 1445 2161 et
1466 2130 1629 2172 praemiis
1647 2132 1889 2173 obedientiae,
1917 2147 2005 2178 qnae
2025 2136 2096 2168 ori—

1082 2177 1084 2230 ᾗ
1110 2186 1168 2211 tur
1193 2191 1231 2211 ex
1257 2179 1343 2219 fide,
1368 2187 1400 2213 et
1428 2177 1532 2213 habet
1559 2181 1714 2224 ingentia
1748 2184 1912 2226 praemia.
1978 2184 2097 2227 Quare

1082 2234 1083 2242 ¹
1110 2230 1382 2263 discernendum
1401 2239 1469 2269 est,
1496 2234 1675 2276 quomodo
1692 2232 1840 2267 Genesis
1864 2236 1907 2267 de
1931 2236 2096 2270 iustifica-

1081 2264 1085 2309 Ι.
1110 2281 1205 2314 tione
1221 2282 1409 2322 docuerit,
1437 2289 1470 2315 et
1496 2283 1559 2330 qui
1583 2284 1624 2316 de
1645 2285 1803 2329 sequenti
1822 2286 2023 2321 obedientia
2043 2288 2096 2321 iu-

1109 2332 1312 2368 dicandum.
1674 2346 1676 2348 ’

1393 2415 1563 2446 Secundum
1588 2426 1806 2458 argumentum.

1213 2484 1402 2520 Iusificatio
1428 2495 1477 2521 est
1509 2489 1660 2530 gratuita
1688 2490 1874 2534 imputatio
1897 2494 2096 2528 misericor·

1109 2536 1204 2577 diae,
1224 2535 1321 2580 Ergo
1338 2537 1537 2571 iustificatio
1552 2551 1625 2572 non
1645 2549 1693 2574 est
1710 2550 1868 2576 nostrum
1885 2556 1984 2588 opus.
2019 2546 2095 2580 An-

1111 2589 1272 2621 tecedens
1298 2594 1347 2620 est
1375 2588 1492 2629 Pauli,
1527 2589 1658 2624 Paulus
1689 2594 1782 2626 enim
1814 2595 1921 2637 agitat
1949 2599 2094 2629 verbnm

1110 2638 1333 2685 imputandi,
1366 2647 1398 2672 et
1430 2640 1679 2688 interpretatur
1703 2646 1746 2678 de
1773 2646 1922 2689 gratuita
1946 2648 2096 2691 imputa--

1112 2690 1219 2724 tione.
1239 2736 1241 2738 v
1275 2687 1436 2734 Opponit
1453 2692 1545 2725 enim
1563 2693 1695 2761 debito,

1522 2743 1569 2776 58
