2415 2942
111 86 186 121 817
392 83 494 118 ΧΙΙΙ.

217 168 410 216 Apostolus
427 176 477 204 est
495 181 641 214 persona
654 195 662 210 ‚
688 168 890 202 immediate
907 178 924 199 a
943 165 1019 200 Deo
1037 179 1098 199 vo-

114 228 207 262 cata,
241 223 285 255 ad
313 223 511 255 docendum
538 220 792 263 Evangelium,
833 216 968 251 habens
1002 219 1098 250 testi*

113 273 274 306 monium
295 273 389 318 qnod
410 284 482 305 non
507 278 618 312 erret,
645 282 760 315 neque
777 277 892 303 tamen
914 268 1017 300 missa
1036 274 1099 306 est,

113 329 152 356 ut
176 330 273 367 regat
296 323 443 356 consilia
469 322 736 366 gubernationis
755 320 928 365 politicae.
981 317 1097 351 Habet

113 381 227 407 autem
262 375 482 408 vocationem
512 372 770 413 universalem,
818 378 858 405 ut
886 381 1098 415 quocunque

113 425 190 458 loco
218 426 343 458 docere
377 424 495 469 possit.

213 490 410 536 Episcopus
427 498 476 524 est
501 502 666 534 persona,
694 495 814 522 vocata
840 487 900 532 per
925 485 1097 529 homines,

114 544 158 577 ad
182 543 380 576 docendum
404 541 657 583 Evangelium,
696 541 732 572 in
757 539 833 572 loco
858 545 971 579 certo,
1009 551 1097 584 quae

115 606 188 627 non
213 591 317 626 habet
341 593 556 632 testimonia,
586 591 679 635 quod
712 602 785 623 non
811 597 918 623 erret:
955 591 1013 623 sed
1042 602 1096 622 er-

115 656 194 677 rare
213 651 251 687 et,
261 644 333 677 labi
354 649 484 686 potest,
519 654 596 675 cum
617 641 780 675 videlicet
805 653 823 674 a
841 653 924 674 voce
942 638 1096 685 prophe—

114 696 182 729 tica
205 701 237 729 et
263 694 452 739 apostolica
477 692 634 726 discedit.

214 761 290 795 Hoc
329 761 532 795 discrimine
565 759 786 793 considerato
805 785 812 801 ,
863 759 1096 802 intelligimus

112 814 240 847 multas
262 823 381 846 causas
405 823 494 852 esse,
523 823 586 846 cur
609 811 742 845 mentio
767 811 826 844 fiat
844 810 962 844 officii.
1016 810 1095 843 Pri-

112 876 209 897 mum
234 863 314 896 sciri
337 874 474 895 necesse
499 869 565 903 est,
608 874 680 895 non
706 861 821 905 vagari
849 861 998 895 Paulum
1031 873 1094 894 suo

111 914 247 957 privato
266 913 432 954 consilio,
461 914 518 945 sed
536 925 554 946 a
572 913 647 947 Deo
665 920 826 946 vocatum
845 913 990 946 missum
1011 923 1093 945 esse.

111 964 274 998 Secundo
293 964 517 997 circumferre
537 976 616 997 eum
633 965 831 997 doctrinam
843 990 851 1004 ,
867 975 941 996 non
959 964 1003 996 ab
1019 963 1093 1006 ipso

110 1015 336 1057 excogitatam
349 1041 357 1055 ,
374 1016 433 1048 sed
451 1016 730 1048 commendatam
748 1015 780 1048 ei
796 1014 985 1054 divinitus,
1006 1026 1094 1059 quae

110 1065 252 1110 quidem
273 1072 324 1099 est
343 1066 591 1099 admirandum
609 1067 787 1099 decretum
805 1065 1003 1099 divinitatis
1016 1091 1024 1105 ,
1052 1066 1094 1097 de

110 1116 320 1150 liberatione
344 1117 479 1159 generis
503 1114 650 1149 humani
676 1129 692 1149 a
717 1123 857 1160 peccato
883 1123 916 1150 et
938 1128 956 1149 a
982 1122 1094 1150 morte

110 1179 172 1212 per
189 1168 311 1202 filium.
367 1167 508 1206 Tertio,
535 1175 573 1201 ut
588 1168 757 1207 sciamus,
778 1165 869 1199 nihil
888 1168 1016 1200 erroris
1032 1167 1094 1199 ad-

109 1218 259 1252 mixtum
279 1229 350 1251 esse
367 1215 451 1251 huic
473 1218 666 1251 doctrinae.
718 1217 874 1260 Quarto,
903 1225 942 1251 ut
967 1218 997 1250 ei
1021 1229 1095 1250 cre-

110 1270 234 1310 datur,
270 1275 436 1314 tanquam
465 1269 539 1302 voci
564 1267 649 1307 Dei,
677 1269 720 1301 de
746 1269 842 1301 coelo
868 1270 1028 1309 sonanti,
1063 1276 1094 1302 et

111 1320 307 1365 acquiescat
325 1319 411 1353 fides
428 1320 464 1352 in
481 1320 554 1352 eius
573 1320 821 1360 concionibus,
849 1326 881 1352 et
905 1326 1000 1352 certo
1024 1326 1093 1352 sta—

110 1378 202 1409 tuat,
232 1368 322 1403 hanc
340 1382 412 1402 esse
430 1370 647 1404 voluntatem
672 1370 852 1403 immotam
871 1370 960 1411 Dei,
987 1382 1091 1415 quam

110 1421 288 1466 proponit.
348 1419 443 1454 Haec
474 1421 696 1454 considerare
722 1433 858 1454 necesse
886 1429 954 1461 est,
991 1428 1025 1454 et
1049 1422 1090 1453 ad

110 1472 386 1505 consolationem
411 1478 588 1512 nostram,
615 1478 649 1505 et
667 1473 709 1504 atl
734 1470 988 1516 prohibendam
1009 1470 1092 1504 hor-

110 1523 250 1556 ribilem
268 1523 448 1555 audaciam
466 1523 654 1556 mutandae
669 1523 858 1558 doctrinae.
894 1522 986 1566 Q'nia
998 1521 1093 1556 Deus

112 1575 282 1607 immensa
303 1574 544 1607 misericordia
569 1575 746 1606 decretum
769 1574 859 1606 illud
878 1586 978 1607 suum
996 1581 1092 1618 pate-

111 1624 211 1665 fecit,
237 1625 330 1668 quod
349 1624 439 1657 nulli
459 1631 636 1657 creaturae
652 1631 789 1658 mutare
804 1624 897 1660 licet.

263 1720 486 1768 Segregalus
513 1721 551 1754 in
577 1720 832 1767 Evangelium
858 1721 944 1758 Dei.

212 1788 255 1822 In
274 1789 507 1832 descriptione
532 1789 635 1821 officii
655 1789 723 1820 iam
748 1789 889 1829 recitat,
918 1791 1095 1834 quodnam

114 1840 157 1873 sit
175 1837 362 1879 Officium,
388 1839 538 1879 scilicet,
572 1851 700 1872 munus
726 1840 874 1873 docendi
898 1839 1095 1884 Evangelii,

113 1891 208 1936 quod
235 1890 363 1922 deinde
385 1890 526 1929 definit,
571 1897 608 1923 ut
637 1891 812 1923 discernat
838 1903 856 1923 a
880 1892 964 1934 lege.
1017 1892 1095 1925 Pri-

113 1953 210 1974 mum
243 1947 357 1973 autem
394 1941 602 1973 observetur
640 1941 849 1974 vocabulum
878 1941 1096 1985 Segregatus‚

114 1992 208 2038 quod
233 1991 425 2034 significat,
468 1991 640 2024 delectum
667 2003 738 2024 esse
764 2005 842 2025 cum
869 1996 1017 2037 quadam
1042 2007 1088 2027 se-

112 2043 313 2087 gregatione
341 2042 384 2074 ad
409 2042 570 2075 divinum
601 2053 720 2084 usum,
768 2055 839 2076 non
870 2056 1094 2077 communem

115 2094 271 2138 reliquae
290 2093 533 2133 multitudini,
567 2093 658 2126 sicut
675 2100 707 2127 et
722 2094 764 2126 de
782 2094 934 2127 victimis
955 2096 1096 2136 dicitur,

114 2144 285 2188 segregari
303 2155 376 2184 eas,
402 2144 439 2177 id
456 2150 524 2182 est,
552 2144 635 2187 eligi
651 2145 693 2177 ad
714 2142 808 2178 hunc
823 2157 944 2184 usum,
967 2153 1003 2180 ut
1021 2146 1094 2179 Deo

114 2202 319 2229 mactentur.
374 2193 432 2229 Sic
460 2201 493 2227 et
519 2194 556 2226 in
571 2193 735 2228 Numeris
760 2196 871 2240 capite
895 2197 928 2231 8.
955 2198 1094 2237 (licitur,

114 2247 255 2280 Levitas
280 2246 451 2289 segregari
476 2257 495 2278 a
519 2245 655 2290 reliqua
680 2246 910 2280 multitudine
933 2249 976 2281 ad
1001 2249 1094 2281 divi-

118 2308 181 2330 nos
195 2308 288 2332 usus.
343 2294 390 2330 Et
406 2296 520 2340 imago
544 2296 691 2340 insignis
713 2298 925 2341 proponitur
941 2299 977 2332 in
995 2300 1096 2333 victi-

117 2347 194 2382 mis.
244 2347 405 2381 Ministri
424 2345 609 2391 Evangelii
627 2355 709 2381 sunt
726 2348 857 2381 similes
874 2349 1044 2390 victimis,
1063 2357 1096 2384 et

118 2398 302 2441 praecipua
319 2398 458 2432 victima
474 2405 524 2432 est
539 2410 696 2432 summus
712 2400 889 2440 sacerdos,
914 2399 1008 2434 filius
1020 2400 1097 2437 Dei.

121 2448 299 2492 Significat
320 2449 428 2492 igitur
461 2446 687 2493 metaphora,
730 2450 920 2493 Apostolos
954 2464 1026 2485 non
1053 2454 1095 2485 ad

121 2499 327 2542 imperium,
354 2512 426 2532 non
450 2501 493 2533 ad
519 2512 619 2544 opes,
646 2512 719 2533 non
743 2502 787 2534 ad
810 2502 953 2536 delicias
971 2504 1099 2544 vocari,

123 2549 182 2582 sed
205 2551 249 2582 ad
272 2550 424 2593 ingentia
451 2551 606 2595 pericula
629 2558 664 2585 et
689 2553 898 2594 certamina,
938 2561 975 2587 ut
1001 2554 1099 2587 Psal-

123 2611 181 2632 mo
200 2599 261 2635 45.
288 2600 418 2645 inquit:
442 2600 591 2646 Propter
612 2609 645 2636 te
662 2603 915 2638 mortificamur
938 2611 1009 2640 tota
1032 2606 1100 2647 die,

125 2657 157 2684 et
173 2650 262 2684 sicut
279 2663 361 2684 oves
377 2652 561 2686 occisionis
578 2654 750 2689 aestimati
767 2666 897 2689 sumus,

174 2702 350 2736 llInAurn.
381 2704 482 2737 Ormi.
511 2706 593 2737 V01..
614 2706 691 2740 XV.

544 83 576 119 3.
611 79 904 117 ENARRA't'lO
930 78 1082 115 EPlsT.
1110 74 1257 113 PAULI
1284 76 1350 113 AD
1378 73 1640 113 ROMANOS.

1695 75 1799 110 CAP.
1829 75 1852 109 l.
2067 79 2140 112 818

1257 163 1325 197 Hic
1341 175 1478 196 necesse
1505 169 1554 196 est
1573 162 1717 205 cogitari
1737 161 1971 198 collationem.
2023 162 2137 196 Voca-

1152 214 1266 248 tiones
1291 214 1418 254 Moisi‚
1449 213 1587 254 Iosuae,
1614 213 1806 251 Samuelis,
1842 212 1960 254 Eliae,
1996 213 2137 255 Elisaei,

1152 277 1255 308 quam
1276 266 1447 308 gloriosae
1469 264 1638 297 fuerunt?
1690 263 1737 296 Hi
1762 264 1954 298 manifestis
1980 265 2137 298 testimo-

1152 316 1220 348 niis
1241 314 1306 348 Dei
1323 315 1469 358 imperia
1489 315 1745 347 constituerunt
1765 322 1796 348 et
1813 322 1987 349 rexerunt.
2041 314 2136 349 llaec

1151 377 1204 398 res
1220 366 1371 408 gloriosa
1389 372 1438 398 est
1458 362 1641 397 hominum
1671 365 1830 405 iudiciis,
1859 366 1940 409 quia
1966 367 2134 399 beneficia

1152 417 1347 459 praesentia
1374 416 1561 448 incurrunt
1585 415 1621 447 in
1651 416 1782 449 oculos
1845 415 1912 449 Sed
1941 417 2070 460 species
2097 418 2134 449 in

1150 467 1335 500 vocatione
1371 465 1561 510 apostolica
1595 466 1698 508 longe
1727 466 1906 498 dissimilis
1935 473 1996 502 est.
2057 466 2127 499 Va-

1151 524 1280 559 gantur
1310 525 1348 552 ut
1379 528 1522 550 errones
1545 516 1685 556 miseri,
1728 516 1803 548 sine
1828 517 1931 549 certis
1958 515 2134 561 hospitiis,

1151 569 1410 602 interficiuntur
1425 567 1675 600 crudelissimis
1693 567 1884 610 suppliciis,
1924 567 2001 600 Etsi
2019 576 2133 602 autem

1150 619 1332 652 dissimilis
1357 619 1487 662 species
1506 624 1576 657 est,
1602 624 1719 650 tamen
1744 616 1839 650 Deus
1864 624 1897 650 et
1921 618 2013 661 ipsos
2038 620 2134 651 testi-

1150 670 1279 703 moniis
1305 676 1426 710 ornat,
1468 675 1507 701 ut
1528 668 1612 701 certi
1638 668 1746 701 simus
1768 669 1810 700 de
1842 668 2012 701 doctrina.
2067 669 2134 702 Hic

1149 727 1265 754 autem
1282 721 1483 754 dulcissima
1503 719 1716 756 consolatio,
1742 730 1844 763 qnam
1864 720 1969 752 tradit
1989 719 2025 751 in
2043 720 2077 754 2.
2092 722 2132 752 ad

1148 770 1311 807 Corinth.
1326 783 1426 815 saepe
1446 777 1477 804 et
1496 769 1683 812 diligenter
1707 770 1889 812 cogitetur.
1943 768 2030 803 Cum
2056 782 2131 802 ma-

1148 834 1214 865 gna
1238 823 1343 857 suerit
1367 822 1477 865 gloria
1501 821 1627 854 veteris
1649 820 1865 852 Testamenti
1889 820 1925 853 in
1950 821 2134 853 eductione

1150 886 1188 906 ex
1209 873 1381 919 Aegypto,
1396 874 1432 906 in
1451 871 1734 916 promulgatione
1754 871 1858 913 legis,
1874 871 1911 903 in
1929 871 2133 904 defensione

1149 933 1315 968 perpetua
1352 925 1448 957 illius
1484 922 1625 966 politiae
1643 949 1652 962 ,
1693 922 1857 954 confidite
1891 929 1922 955 et
1959 921 2134 954 Ecclesiae

1148 974 1262 1008 Deum
1290 976 1495 1008 adfuturum
1523 984 1612 1013 esse,
1648 979 1681 1006 et
1707 985 1782 1005 eam
1809 973 1901 1005 inter
1924 973 2133 1006 calamitates

1148 1027 1393 1064 defensurum,
1429 1032 1463 1058 et
1487 1030 1602 1068 postea
1629 1023 1763 1066 ingenti
1788 1023 1897 1065 gloria
1923 1031 2130 1057 ornaturum

1148 1089 1231 1112 esse.
1285 1076 1381 1111 Haec
1398 1075 1539 1109 collatio
1558 1075 1600 1107 ad
1621 1086 1684 1106 nos
1704 1075 1937 1107 consolandos
1953 1086 2053 1117 saepe
2071 1086 2131 1107 co-

1147 1129 1290 1171 gitanda
1316 1134 1384 1168 est,
1411 1134 1450 1160 ut
1473 1125 1719 1159 confirmemus
1744 1122 1834 1157 hanc
1861 1125 2068 1158 sententiam
2095 1125 2131 1156 in

1148 1180 1324 1213 mentibus
1340 1178 1486 1218 nostris,
1504 1177 1598 1221 quod
1617 1175 1708 1207 filius
1726 1175 1791 1208 Dei
1810 1187 1890 1208 vere
1907 1176 1996 1208 adsit
2010 1175 2132 1208 Eccle-

1146 1231 1236 1269 siae,
1264 1230 1352 1264 sicut
1370 1228 1472 1261 dicit:
1499 1225 1608 1266 Ecce,
1626 1237 1688 1269 ego
1711 1226 1893 1259 vobiscum
1917 1238 1993 1259 sum
2017 1226 2132 1259 omni-

1147 1282 1211 1314 bus
1241 1281 1386 1320 diebus,
1430 1290 1540 1323 usque
1563 1279 1604 1310 ad
1638 1277 1978 1310 consummationem
2012 1277 2130 1311 seculi.

1147 1330 1225 1365 Erit
1249 1331 1357 1374 igitur
1382 1340 1519 1373 semper
1542 1328 1775 1361 ministerium
1794 1325 1998 1370 Evangelii,
2027 1334 2130 1360 erunt

1146 1383 1276 1416 alicubi
1299 1381 1410 1426 aliqui
1430 1386 1569 1419 coetus,
1596 1385 1627 1412 et
1644 1379 1761 1423 aliqua
1780 1379 1961 1410 doctrinae
1978 1376 2131 1421 hospitia

1146 1434 1251 1467 etiarn
1275 1433 1397 1466 invitis
1415 1431 1526 1475 portis
1546 1430 1751 1463 inferorum.
1806 1428 1879 1461 Hac
1899 1441 1957 1472 spc-
1976 1436 2132 1472 petamus

1146 1492 1179 1518 et
1193 1491 1411 1528 expectemus
1426 1481 1604 1515 Ecclesiae
1620 1481 1858 1513 defensionem
1871 1506 1878 1520 ,
1906 1487 1936 1513 ct
1954 1492 2025 1512 non
2043 1481 2133 1513 abii-

1146 1537 1278 1569 ciamus
1297 1534 1478 1567 doctrinae
1496 1532 1612 1565 studia
1636 1538 1699 1564 etc.
1753 1531 1990 1573 aggregemus
2008 1542 2071 1563 nos
2088 1532 2131 1564 ad

1147 1598 1226 1619 eum
1243 1592 1400 1623 coetum,
1430 1584 1465 1616 in
1484 1595 1553 1628 quo
1570 1588 1670 1616 sonat
1688 1593 1753 1613 vox
1773 1579 1968 1624 Evangelii.

1415 1667 1464 1702 In
1489 1665 1740 1712 Evangelium
1765 1663 1853 1698 Dei.

1247 1737 1439 1780 Praecipue
1464 1736 1501 1768 in
1523 1733 1677 1768 Ecclesia
1709 1739 1823 1765 extare
1847 1743 1985 1765 necesse
2011 1738 2060 1765 est
2088 1732 2131 1764 il-

1149 1790 1256 1822 lustre
1283 1788 1472 1821 discrimen
1508 1786 1591 1829 legis
1623 1792 1656 1818 et
1680 1782 1876 1825 Evangelii.
1930 1783 2007 1816 Nisi
2036 1783 2129 1815 enim

1148 1842 1185 1872 in
1210 1840 1373 1873 universa
1401 1838 1558 1870 doctrina
1594 1836 1792 1879 praeluceat
1828 1832 1894 1866 hoc
1931 1834 2130 1873 discrimen,

1147 1897 1344 1936 sequuntur
1367 1899 1513 1932 magnae
1537 1888 1700 1920 tenebrae
1720 1892 1751 1918 et
1777 1886 1964 1928 perniciosi
1984 1896 2130 1919 errores.

1148 1941 1193 1976 Et
1217 1941 1298 1987 quia
1323 1941 1407 1974 alibi
1430 1940 1569 1982 copiose
1594 1940 1636 1970 de
1662 1934 1729 1969 hoc
1755 1936 1956 1969 discrimine
1980 1936 2129 1975 dicitur,

1148 1996 1219 2026 imo
1248 1990 1333 2025 haec
1367 1992 1439 2035 ipsa
1467 1989 1623 2034 Epistola
1654 1989 1697 2021 ad
1729 1987 1911 2020 Romanos
1943 1987 2129 2030 praecipue

1148 2049 1319 2077 monstrat
1344 2042 1553 2081 discrimen,
1584 2038 1641 2072 hic
1672 2039 1826 2072 breviter
1857 2038 2053 2070 monendus
2078 2044 2128 2069 est

1147 2097 1266 2129 lector.
1324 2093 1444 2127 Sciant
1475 2098 1590 2125 autem
1622 2090 1796 2127 iuniores,
1840 2089 2025 2132 praecipue
2057 2087 2128 2119 dici

1147 2148 1190 2180 de
1215 2147 1289 2189 lege
1311 2144 1455 2184 morali,
1500 2154 1605 2187 quam
1636 2141 1762 2174 usitate
1790 2151 1952 2172 vocamus
1978 2137 2127 2171 Decalo-

1147 2209 1240 2241 gum.
1282 2195 1446 2230 Nascitur
1462 2194 1645 2226 nobiscum
1662 2192 1777 2236 aliqua
1801 2190 1885 2232 legis
1901 2189 2043 2222 moralis
2062 2200 2126 2221 no-

1147 2249 1246 2289 ticia,
1271 2254 1311 2281 ut
1332 2257 1572 2279 numerorum,
1626 2242 1670 2275 Et
1693 2241 1915 2275 considerent
1933 2237 1990 2272 hic
2008 2239 2126 2272 iunio-

1148 2311 1200 2332 res
1220 2298 1414 2332 doctrinam
1437 2296 1600 2329 usitatam
1617 2295 1659 2326 de
1677 2291 1871 2336 principiis,

1250 2347 1483 2392 Evangelium
1507 2357 1589 2379 vero
1613 2344 1772 2377 doctrIna
1799 2349 1867 2381 est,
1905 2352 2127 2386 nequaquam

1148 2407 1293 2434 naturae
1319 2397 1526 2438 hominum,
1552 2403 1612 2429 aut
1633 2395 1696 2427 ulli
1721 2400 1899 2426 creaturae
1925 2398 2026 2435 nota,
2053 2392 2128 2424 sine

1150 2451 1362 2485 revelatione
1382 2450 1520 2487 divina,
1547 2446 1629 2491 quia
1645 2446 1823 2477 decretum
1841 2449 1890 2476 est
1907 2443 2023 2475 arcani
2043 2454 2127 2474 con-

1151 2503 1223 2536 silii
1250 2501 1466 2539 divinitatis,
1506 2500 1548 2531 de
1571 2497 1645 2529 filio
1673 2496 1880 2539 deprecante
1911 2505 1973 2537 pro
2003 2504 2128 2536 genere

1150 2552 1324 2593 humano,
1353 2553 1396 2585 de
1418 2549 1589 2583 mittendo
1613 2546 1704 2586 filio,
1731 2553 1770 2579 ut
1788 2545 1884 2578 fieret
1898 2543 2058 2581 victima,
2086 2545 2128 2575 de

1151 2604 1399 2638 annuncianda
1423 2600 1572 2644 gratuita
1606 2596 1810 2631 remissione
1835 2602 1977 2639 propter
2005 2594 2130 2635 filium,

1151 2657 1194 2688 de
1220 2655 1386 2689 donanda
1409 2650 1565 2692 iusticia,
1606 2655 1640 2683 et
1660 2648 1732 2682 vita
1759 2653 1899 2682 aeterna
1931 2651 1994 2680 etc.
2055 2642 2132 2677 Hoc

1178 2704 1226 2741 52
