2415 2942
114 129 188 163 609
310 122 410 159 Xlll.

117 225 204 260 quae
227 216 309 245 sunt
330 208 464 248 cultus,
494 206 555 251 qui
580 203 721 249 proprie
744 202 907 237 tribuunt
925 199 1000 234 Deo
1027 201 1102 244 glo-

113 266 221 304 riam,
256 268 288 294 et
313 270 533 293 exerceamus
556 255 818 290 invocationem
845 252 882 285 in
909 252 1008 285 omni
1031 252 1100 284 vita

113 323 146 349 et
170 312 337 347 omnibus
362 310 522 354 negotiis.
594 308 647 341 Ita
676 311 803 339 crescet
830 303 903 347 ipsa
929 302 1035 341 fides,
1069 309 1101 335 et

111 365 206 399 Deus
238 363 335 396 dabit
366 362 433 394 alia
460 361 552 394 dona
579 359 666 391 sicut
692 354 880 401 promittit.
956 351 1100 395 Quanto

111 416 220 459 magis
248 421 346 458 pater
375 418 489 445 vester
521 409 620 444 dabit
652 407 825 451 Spiritum
857 410 1015 437 sanctum
1042 415 1101 447 pe-

111 467 280 500 tentibus.
316 463 403 497 Inde
421 462 570 496 existent
585 459 688 494 etiam
707 457 775 492 alia
791 457 883 490 bona
903 465 1020 499 opera.

110 548 199 585 Non
222 547 396 593 scriplum
421 550 470 580 est
495 549 614 579 aulem
638 545 784 588 propter
819 536 928 572 illum
953 541 1098 571 tantum

214 600 432 645 imputatum
444 595 568 645 fuisse
584 592 664 634 illi,
693 590 903 628 sedetiam,
931 593 990 623 etc.

218 667 369 710 Insignis
385 666 483 699 locus
499 671 568 704 est,
587 668 620 696 et
637 662 709 694 duo
727 658 895 693 continet.
925 656 1098 695 Primum,

112 720 206 766 quod
226 717 310 751 haec
336 715 490 755 iusticia,
516 715 559 747 de
583 724 650 758 qua
670 710 918 747 concionatur,
947 708 1097 741 revelata

111 773 155 805 sit
173 772 215 804 de
235 768 348 808 coelo,
376 779 447 800 non
466 766 509 799 sit
523 771 605 797 nota
623 762 752 796 rationi
770 767 830 793 aut
847 771 886 792 ex
904 759 989 802 lege.
1033 758 1096 792 Se-

110 823 243 861 cundo,
269 819 363 863 quod
381 817 576 861 exemplum
595 811 853 847 iustificationis
871 807 1038 843 Abrahae
1053 810 1095 842 ad

109 883 231 905 omnes
254 869 434 914 pertineat.
508 865 663 910 Uterque
692 864 789 896 locus
820 862 978 895 continet
1001 872 1096 903 egre-

109 923 199 966 giam
218 920 424 954 doctrinam.

208 971 311 1004 Prior
335 971 427 1003 enim
453 968 496 1001 de
518 965 735 1000 revelatione
751 991 760 1004 ‚
794 962 947 996 ostendit
973 962 1097 994 discri-

110 1035 190 1057 men
217 1021 371 1055 lusticiae
404 1019 489 1063 legis
522 1030 560 1051 ac
594 1015 856 1060 imputationis,
898 1020 930 1046 et
954 1013 1093 1045 deducit

111 1086 175 1108 nos
193 1075 236 1106 ad
259 1073 403 1105 verbum
429 1079 461 1103 et
483 1068 775 1115 promissionem,
807 1065 978 1108 planeque
1004 1064 1094 1096 idem

110 1128 229 1164 docet,
270 1125 364 1167 quod
393 1121 541 1155 loannes
564 1119 601 1151 in
628 1119 690 1151 illo
715 1117 828 1149 dicto:
871 1114 1001 1154 Filius,
1036 1115 1095 1159 qui

110 1183 160 1210 est
176 1176 212 1208 in
229 1175 309 1207 sinu
329 1173 456 1217 patris,
482 1172 556 1214 ipse
579 1168 755 1202 enarravit
783 1166 905 1206 nobis,
933 1165 1014 1210 quia
1034 1177 1096 1197 nec

109 1227 198 1260 ratio
212 1253 220 1266 ,
248 1236 310 1257 nec
330 1225 380 1257 lex
398 1224 498 1256 docet
516 1228 575 1254 aut
600 1226 712 1253 certos
730 1218 862 1257 reddit,
890 1218 982 1262 quod
1000 1216 1097 1249 Deus

112 1277 267 1310 remittat
309 1281 466 1318 peccata,
507 1271 710 1316 praesertim
756 1268 923 1311 indignis.
999 1265 1097 1306 Item,

112 1329 205 1373 quod
239 1325 448 1370 pronunciet
482 1324 618 1364 iustos,
661 1331 863 1366 quanquam
892 1329 964 1350 non
994 1317 1096 1349 satis-

112 1379 276 1412 facientes
302 1376 379 1418 legi.
441 1373 503 1407 Est
528 1374 635 1415 igitur
659 1368 741 1404 haec
765 1369 971 1413 promissio,
1008 1379 1096 1410 quae

110 1437 159 1462 est
183 1426 434 1469 Evangelium,
476 1425 518 1456 de
545 1421 750 1456 remissione
777 1425 996 1463 peccatorum
1015 1445 1023 1457 ,
1065 1424 1096 1450 et

110 1478 345 1522 imputatione
369 1475 546 1518 insficiae,
581 1472 734 1506 revelata
757 1470 948 1510 divinitus,
990 1476 1023 1502 et
1049 1475 1097 1501 est

109 1530 176 1564 alia
201 1528 393 1571 sentenna,
433 1538 537 1570 quam
563 1524 744 1557 doctrinae
774 1522 860 1564 legis
883 1528 916 1554 et
939 1520 1096 1554 rationis.

110 1580 229 1624 Quare
245 1579 432 1621 diligenter
451 1575 515 1609 hoc
533 1576 609 1609 loco
628 1574 887 1608 observandum
907 1578 975 1612 est,
1002 1571 1096 1615 qnoal

108 1631 240 1677 inquit:
269 1629 447 1673 Scriptum
467 1635 535 1667 est,
563 1626 655 1671 quod
675 1625 888 1667 imputetur,
921 1622 1019 1667 quasi
1043 1621 1097 1653 di·

110 1689 180 1716 cat:
210 1680 305 1713 Haec
332 1681 493 1712 voluntas
520 1679 562 1710 de
585 1675 818 1719 imputatione
844 1685 915 1705 non
942 1679 991 1705 est
1014 1679 1096 1704 nota

110 1732 260 1770 rationi,
287 1731 375 1764 sicut
404 1731 474 1766 lex,
501 1730 559 1761 sed
585 1735 635 1760 est
659 1725 725 1758 alia
754 1723 928 1758 sententia
955 1729 987 1756 et
1006 1734 1098 1755 nova

110 1782 288 1817 revelatio.

216 1832 357 1866 Deinde
391 1838 424 1864 et
451 1829 540 1862 illud
571 1825 868 1861 considerandum
901 1831 968 1863 est,
1004 1825 1098 1868 qnod

114 1884 255 1920 deducit
275 1894 337 1915 nos
358 1883 400 1914 ad
424 1882 581 1913 verbnm.
636 1877 715 1910 Non
742 1876 817 1910 vult
841 1888 905 1908 nos
932 1886 1098 1920 quaerere

112 1937 197 1970 alias
218 1932 514 1970 illuminationes,
540 1931 598 1962 sed
624 1928 697 1961 vult
722 1939 786 1960 nos
810 1939 828 1960 a
850 1927 957 1959 verbo
975 1925 1097 1964 ordiri,

111 1995 145 2021 et
162 1987 269 2018 verbo
294 1983 467 2017 consolari
493 1979 724 2014 conscientias
749 1985 781 2011 et
805 1984 975 2017 statuere,
1003 1977 1098 2021 quod

110 2037 196 2072 haec
215 2039 260 2069 sit
278 2043 367 2069 certa
385 2042 418 2068 et
433 2040 504 2066 rata
524 2032 687 2065 voluntas
703 2028 788 2067 Dei,
816 2040 905 2073 quae
931 2029 966 2060 iu
990 2028 1097 2059 verbo

111 2087 332 2134 proponitur.
391 2085 483 2119 Sunt
508 2083 615 2126 igitur
638 2081 878 2124 repudiandae
899 2077 1097 2121 Anabapti-

113 2141 218 2174 sticae
242 2146 273 2171 et
301 2133 510 2170 Manicheae
541 2131 835 2176 imaginationes,
877 2143 966 2175 quae
992 2141 1099 2174 quae-

111 2198 193 2225 runt
211 2187 488 2222 illuminationes
507 2185 582 2218 sine
606 2184 714 2216 verbo
732 2181 819 2223 Dei,
846 2188 881 2215 et
906 2189 1000 2214 extra
1021 2192 1097 2212 ver-

111 2243 195 2276 bum
220 2240 297 2274 Dei.

210 2291 390 2330 Secundo,
416 2288 501 2320 illud
522 2285 679 2320 continet
696 2283 867 2326 egregiam
886 2282 1099 2315 consolatio-

113 2355 211 2383 nem,
236 2343 330 2387 quod
350 2339 414 2374 hoc
436 2340 510 2371 loco
532 2337 697 2371 transfert
712 2334 908 2377 exemplum
936 2334 1099 2367 iustifica-

115 2394 222 2428 tionis
239 2394 280 2426 ad
299 2402 440 2430 omnes,
467 2397 500 2422 et
525 2390 678 2434 primum
704 2387 804 2419 docet
821 2382 1001 2418 Abraham
1029 2395 1100 2416 esse

116 2445 263 2478 formam
291 2442 411 2487 populi
433 2440 524 2479 Dei,
566 2446 604 2473 ut
631 2438 781 2471 sciamus
807 2443 959 2469 caeteros
990 2437 1100 2468 iustos

119 2495 289 2539 reputari,
315 2494 403 2527 sicut
420 2493 492 2535 ipse
510 2491 715 2524 iustificatus
732 2494 795 2520 est.

220 2543 356 2577 Deinde
370 2544 458 2577 illud
475 2542 740 2579 suavissimum,
769 2537 887 2570 videre
906 2536 999 2581 quod
1019 2535 1101 2570 facit

118 2607 240 2630 omnes
258 2606 357 2639 pares
376 2591 560 2634 Abrahae,
583 2592 678 2638 quod
705 2589 832 2624 attinet
854 2588 896 2620 ad
923 2587 1100 2621 remissio-

119 2659 200 2681 nem
220 2653 452 2691 peccatorum,
474 2652 505 2678 et
522 2642 790 2688 imputationem
805 2639 975 2674 iusticiae.
1009 2637 1098 2671 Nam

119 2700 296 2733 donorum
322 2703 372 2730 est
392 2696 656 2730 dissimilitudo.
714 2691 836 2727 Sciant
854 2690 960 2735 igitur
977 2700 1099 2722 omnes

170 2751 348 2782 Menan-ru.
368 2749 470 2780 Orrn.
498 2745 583 2781 Vot..
600 2747 678 2779 XV.

462 122 496 155 2.
532 115 898 155 COMMENTARH
925 115 974 150 IN
1001 114 1152 150 EPIST.
1181 110 1327 148 PAULI
1352 110 1418 146 AD
1447 110 1713 146 ROMAOEOS.
1767 110 1871 149 cAP.
1896 112 1957 149 lv.

2072 114 2146 148 610

1158 199 1207 232 sic
1230 210 1265 231 se
1283 197 1383 245 diligi
1403 203 1435 230 et
1454 196 1563 230 iustos
1585 196 1758 240 reputari,
1785 197 1871 231 sicut
1890 203 2035 232 testatur
2048 197 2143 234 Deus

1156 262 1191 282 se
1217 250 1362 292 diligere
1385 255 1416 281 et
1442 248 1626 281 iustificare
1651 245 1843 283 Abraham.
1911 248 1955 283 Et
1983 252 2076 294 quod
2105 252 2140 283 in

1157 301 1219 333 illo
1234 300 1412 344 proposita
1430 305 1512 331 sunt
1531 298 1730 331 testimonia
1746 300 1818 332 veri
1845 305 1878 332 et
1902 301 2020 343 magni
2043 313 2141 334 amo-

1155 350 1221 390 ris,
1251 351 1284 382 id
1303 362 1342 382 eo
1361 351 1487 381 factum
1507 356 1573 387 est,
1601 355 1640 381 ut
1658 350 1807 382 sciamus
1823 361 1885 382 nos
1904 351 2066 384 similiter
2085 352 2140 384 di-

1154 401 1214 443 ligi
1236 408 1268 434 et
1287 399 1454 433 exaudiri.
1508 399 1562 433 Ad
1583 396 1679 432 hunc
1697 411 1797 432 usum
1823 403 2141 436 accommodandus

1154 458 1204 484 est
1229 448 1285 483 hic
1312 451 1408 482 locus
1434 448 1534 482 Pauli
1551 474 1560 488 ‚
1595 448 1655 494 qui
1680 450 1845 484 transfert
1869 452 1911 484 ad
1936 464 2000 485 nos
2026 465 2139 487 exem-

1154 502 1250 547 plum
1271 497 1446 534 Abrahae.

1254 550 1298 584 Et
1317 549 1384 584 huc
1399 550 1520 583 referri
1538 550 1658 587 debet,
1688 550 1781 594 quod
1799 561 1900 595 saepe
1917 553 2065 586 dicimus
2082 555 2138 587 in-

1153 603 1363 636 culcandum
1392 612 1464 633 esse
1490 600 1733 641 conscientiis,
1767 602 1861 644 quod
1889 605 2139 645 promissiones

1152 654 1224 688 sint
1243 651 1470 687 universales.
1521 649 1598 683 Hoc
1617 663 1695 683 cum
1718 650 1765 684 ita
1781 651 1844 691 sit,
1873 650 1967 686 Deus
1986 656 2138 697 postulat

1153 717 1190 762 ac
1209 703 1397 748 praecipit,
1422 709 1461 736 ut
1478 713 1599 735 omnes
1617 701 1762 734 credant
1780 713 1815 734 se
1832 703 1962 746 pariter
1987 705 2085 748 diligi
2107 713 2140 740 et

1153 763 1263 789 ltlstos
1280 753 1445 798 reputari.

1254 805 1435 839 Postremo
1466 815 1539 836 non
1573 801 1656 836 satis
1686 809 1735 835 est
1764 802 1880 836 dicere
1904 805 1947 837 de
1981 805 2047 838 fide
2079 818 2139 840 seu

1151 858 1276 891 fiducia
1301 855 1573 889 misericordiae.
1639 852 1708 886 Sed
1736 865 1873 887 neccsse
1896 863 1943 889 est
1969 857 2139 890 mediato-

1153 921 1224 941 rem
1248 906 1442 950 complecti.
1513 904 1596 938 Ideo
1621 903 1754 937 Paulus
1779 905 1936 946 addidit,
1973 908 2140 952 imputari

1152 959 1377 991 credentibus
1396 957 1435 989 in
1465 967 1565 996 eum,
1595 955 1654 1000 qui
1677 955 1841 989 excitavit
1864 955 1977 990 lesum
2002 970 2019 990 a
2045 971 2139 992 mor-

1152 1012 1241 1049 tuis,
1279 1008 1339 1053 qui
1364 1007 1514 1042 traditus
1539 1013 1588 1039 est
1614 1012 1757 1049 propter
1784 1006 1909 1040 delicta
1933 1016 2071 1049 nostra,
2107 1016 2141 1044 et

1151 1060 1373 1093 resuscitatus
1390 1064 1532 1102 propter
1551 1056 1724 1090 iusticiam
1744 1063 1910 1092 nostram.
1939 1057 2006 1092 Hic
2020 1072 2140 1093 rursus

1151 1109 1259 1144 habes
1278 1116 1537 1153 argumentum,
1560 1108 1656 1153 quod
1676 1106 1760 1140 fides
1773 1107 1940 1150 significet
1958 1122 2030 1143 non
2048 1111 2142 1144 noti-

1151 1162 1238 1195 ciam
1256 1161 1350 1204 legis,
1368 1166 1425 1193 aut
1441 1166 1576 1193 tantum
1589 1156 1769 1197 historiae,
1795 1159 1851 1191 sed
1870 1159 2039 1202 significet
2051 1162 2141 1194 fidu-

1152 1213 1252 1252 ciam,
1268 1207 1895 1257 quaeapprehenditimputationem,
1911 1222 2000 1254 quae
2011 1212 2045 1245 fit
2058 1225 2141 1256 pro-

1152 1271 1227 1307 pter
1244 1262 1471 1295 mediatorem
1483 1258 1663 1293 Christum
1680 1270 1823 1302 passum
1841 1267 1872 1293 et
1891 1269 2106 1303 regnantem.

1253 1313 1384 1346 Paulus
1411 1310 1584 1343 discernit
1609 1316 1756 1342 mortem
1781 1317 1812 1343 et
1838 1313 2142 1355 resurrectionem,

1152 1371 1183 1397 et
1203 1376 1281 1397 cnm
1301 1364 1336 1396 fit
1362 1362 1495 1394 mentio
1517 1360 1803 1399 resurrectionis,
1832 1361 2050 1404 intelligatur
2068 1363 2140 1398 Re-

1151 1427 1258 1458 gnum
1286 1422 1318 1447 et
1341 1412 1574 1446 pontificatus
1597 1408 1754 1445 Christi:
1795 1410 1882 1444 Nam
1918 1414 1996 1447 ideo
2020 1426 2141 1448 sumus

1152 1464 1303 1505 Christi,
1339 1464 1422 1509 quia
1441 1462 1604 1496 Christus
1627 1469 1745 1495 noster
1770 1464 1925 1506 pontifex
1949 1477 2012 1509 pro
2039 1467 2142 1500 nobis

1152 1516 1351 1560 interpellat
1378 1515 1472 1558 apud
1500 1521 1653 1558 patrem,
1697 1520 1735 1547 ut
1765 1522 1900 1557 reputet
1927 1527 1991 1549 nos
2021 1517 2139 1552 iustos.

1152 1568 1257 1608 Item,
1286 1566 1366 1612 quia
1388 1564 1549 1600 Christus
1568 1563 1652 1596 vivit
1673 1570 1703 1596 et
1723 1573 1860 1607 regnat,
1888 1567 1946 1599 dat
1965 1566 2138 1610 Spiritum

1152 1625 1311 1652 sanctum
1346 1624 1379 1650 et
1409 1615 1588 1654 vivificat,
1633 1614 1757 1647 liberat
1787 1616 1831 1647 ab
1862 1616 1912 1648 ira
1943 1624 1973 1650 et
2002 1625 2140 1652 aeterna

1154 1675 1286 1710 morte,
1314 1665 1534 1700 resuscitabit
1554 1671 1722 1698 mortuos.
1778 1663 1829 1698 Ac
1852 1666 1934 1700 fides
1960 1675 2138 1714 utrunque

1153 1716 1388 1767 apprehendit
1413 1724 1446 1750 et
1473 1715 1623 1760 applicat
1649 1715 1773 1755 nobis,
1801 1716 1963 1752 videlicet
1991 1728 2141 1753 mortem

1153 1769 1304 1809 Christi,
1332 1776 1363 1802 et
1381 1767 1622 1801 resuscitatum
1649 1766 1897 1807 mediatorem,
1929 1771 2143 1814 pontificem,

1154 1821 1422 1859 vivificatorem,
1463 1825 1610 1851 mortem
1641 1814 1772 1850 Christi
1807 1818 2059 1862 apprehendit,
2104 1829 2143 1855 ut

1155 1880 1269 1906 teneat
1297 1871 1494 1912 victimam,
1535 1880 1640 1913 quam
1668 1875 1796 1902 statuat
1828 1878 1964 1904 certum
1991 1873 2142 1915 pretium

1153 1936 1225 1956 esse
1254 1935 1315 1966 pro
1341 1921 1490 1965 peccatis
1515 1919 1662 1957 nostris,
1699 1919 1779 1964 quia
1807 1919 1901 1954 Deus
1932 1923 2044 1956 voluit
2071 1935 2143 1957 esse

1152 1975 1306 2019 aliquam
1337 1972 1515 2005 victimam
1543 1982 1606 2014 pro
1629 1977 1780 2014 peccato.
1856 1970 1901 2005 Et
1927 1974 2068 2018 quidem
2094 1974 2140 2008 ita

1154 2025 1315 2058 irascitur
1339 2029 1498 2067 peccato,
1524 2028 1562 2054 ut
1590 2021 1687 2054 nulla
1715 2021 1885 2065 placuerit
1911 2022 2041 2063 hostia,
2075 2025 2141 2058 nisi

1153 2087 1247 2109 mors
1267 2074 1340 2109 filii.
1395 2072 1473 2106 Hoc
1499 2072 1613 2116 ipsum
1640 2079 1787 2106 testatur
1812 2081 1844 2107 et
1874 2074 1961 2107 iram
1984 2075 2052 2108 Dei
2080 2077 2142 2108 ad-

1154 2139 1272 2160 versus
1300 2131 1478 2169 peccatum
1503 2122 1718 2156 ineffabilem
1742 2135 1838 2165 esse,
1886 2132 1918 2159 et
1947 2127 2142 2159 misericor-

1154 2179 1247 2210 diam
1275 2188 1354 2219 erga
1385 2186 1450 2208 nos
1474 2174 1650 2207 infinitam
1683 2185 1780 2216 esse,
1822 2177 1917 2220 quod
1942 2177 2053 2210 filium
2079 2190 2141 2222 pro

1155 2229 1257 2262 nobis
1271 2227 1353 2260 fecit
1370 2226 1558 2259 victimam.

1254 2278 1315 2312 Est
1339 2285 1456 2310 autem
1483 2288 1556 2309 non
1584 2275 1697 2308 solum
1730 2288 1824 2309 mors
1849 2274 1982 2311 Christi
2015 2290 2140 2322 appre-

1156 2328 1362 2370 hendenda,
1389 2327 1450 2361 sed
1465 2327 1570 2360 etiam
1585 2327 1678 2371 quod
1701 2328 1932 2361 resuscitatus
1953 2335 2004 2362 est
2022 2336 2141 2363 noster

1156 2381 1315 2425 pontifex
1341 2380 1432 2424 apud
1462 2385 1606 2423 patrem.
1669 2375 1760 2410 Vere
1783 2379 1965 2420 exaudiat,
1993 2392 2073 2413 vere
2096 2381 2140 2415 sit

1158 2433 1301 2471 efficax,
1352 2442 1432 2463 vere
1465 2428 1637 2470 vivificet,
1677 2429 1734 2461 det
1765 2428 1937 2472 Spiritum
1970 2439 2140 2470 sanctum,

1156 2484 1250 2517 iuvet
1272 2494 1354 2523 1108,
1379 2481 1504 2514 liberet
1523 2492 1541 2512 a
1558 2485 1668 2512 morte
1684 2486 1844 2519 aeterna,
1872 2482 2141 2516 resuscitaturus

1155 2535 1200 2568 sit
1227 2541 1405 2571 mortuos,
1433 2538 1467 2564 et
1488 2531 1633 2564 daturus
1659 2542 1784 2563 novam
1812 2538 1844 2564 et
1868 2540 2069 2576 perpetuam
2089 2533 2142 2566 vi-

1154 2594 1242 2626 tam,
1269 2583 1474 2628 sapientiam
1494 2587 1527 2614 et
1549 2580 1738 2616 iusticiam.
1797 2580 1893 2616 Haec
1915 2584 2032 2616 omnia
2051 2583 2142 2617 Pau-

1154 2637 1208 2670 lus
1234 2636 1434 2679 complexus
1456 2639 1524 2672 est,
1566 2643 1646 2665 cum
1672 2633 1738 2667 ait:
1769 2630 1978 2668 Resurrexit
2002 2641 2144 2679 propter

1157 2687 1332 2721 iusticiam
1353 2691 1522 2719 nostram.

1588 2732 1637 2768 39
