2415 2942
266 103 358 138 1203

262 188 359 228 sina,
386 186 512 231 quibus
529 196 545 215 a
563 181 637 215 Deo
657 180 765 225 ipsius
782 179 940 212 docti-ina
959 179 1161 211 confirmata
1181 185 1242 212 est.

264 239 355 271 luter
390 236 471 268 baec
497 233 694 267 testimonia
725 231 845 262 recitat
876 230 1086 271 singularem
1113 229 1242 273 patefa-

265 290 413 322 ctionem
439 284 633 317 divinitatis
662 282 726 326 ipsi
747 288 943 319 ostensam,
971 281 1016 312 ait
1043 291 1078 311 se
1106 286 1243 322 raptum

267 350 338 371 csse
367 338 401 369 in
430 336 569 368 tertium
599 333 733 366 coelum
753 358 761 371 ,
802 331 894 374 quod
924 330 1081 372 intelligo
1114 331 1245 363 dictum

268 400 338 421 csse
370 386 609 420 Hebraeorum
641 395 764 421 more,
805 381 866 425 qui
899 381 1033 413 coelum
1065 381 1248 413 nominant

267 440 371 472 etiam
396 436 489 469 bunc
513 437 627 468 aerem
652 434 716 466 sub
743 432 837 464 luna.
898 429 976 464 Erit
1007 431 1113 473 igitur
1139 431 1247 463 imum

267 490 402 522 coelum
433 491 510 520 aer:
547 485 758 522 secundum,
801 483 903 514 orbes
936 493 1076 519 omnes,
1122 482 1250 525 quibus

270 538 448 572 vehuntur
472 537 623 575 lumina,
662 534 822 582 plant-tae
848 540 880 565 et
905 532 1024 566 stellae
1045 545 1050 563 :
1097 533 1250 571 tertium,

271 602 395 623 arcana
430 589 528 621 sedes
554 585 640 626 Dei,
687 585 723 617 in
752 581 815 615 tiae
841 590 975 616 ostensa
1004 589 1052 614 est
1086 582 1252 613 divinitas

272 640 393 674 l‘..nto.
447 638 518 671 Nec
541 647 629 681 opus
653 642 702 669 est
727 635 862 667 curiose
886 633 1007 677 quaeri
1034 635 1076 664 de
1101 631 1162 664 liae
1181 633 1251 663 sin-

271 691 382 734 gulari
405 688 627 725 ostensione,
662 685 775 731 qualis
803 684 927 723 suerit,
961 683 1047 715 sicut
1077 695 1138 714 nec
1168 683 1254 715 scire

274 753 468 786 possumus,
486 751 556 784 quo
575 740 679 770 niodo
697 747 731 769 se
743 734 857 779 Moysi
870 733 961 766 Deus
978 733 1014 765 in
1033 745 1119 779 rupe
1137 740 1254 766 osten-

273 793 373 826 derit.
435 790 506 823 Etsi
541 789 633 821 enim
667 786 796 819 multae
821 785 896 827 piae
922 791 1054 816 mentes
1081 785 1254 817 interdurn

273 843 454 876 clariorem
475 841 584 872 lucem
602 839 638 870 in
657 835 955 870 consolationibus
973 833 1113 875 habent,
1141 841 1254 867 tamen

274 893 489 926 ostensiones
513 890 621 922 factae
638 887 821 926 Patribus,
848 882 1035 929 Prophetis
1054 893 1086 918 et
1105 883 1255 928 Aposto—

276 945 334 982 lis,
363 942 571 975 illustriores
591 945 691 974 sunt.
718 945 749 971 et
774 949 836 969 nos
859 937 987 969 scimus
1011 942 1172 979 oportere
1195 947 1258 968 nos

276 996 342 1027 tide
359 993 575 1037 acquiescere
593 991 629 1022 in
647 990 765 1025 verbo,
783 987 868 1019 sicut
883 987 1051 1030 scriptum
1068 993 1132 1019 est:
1159 984 1256 1018 Beati

277 1045 338 1090 qui
356 1046 502 1077 creduut
519 1048 551 1074 et
571 1052 643 1073 non
662 1039 793 1072 vident.
846 1036 893 1071 Et
920 1038 1004 1082 quid
1031 1035 1097 1070 hoc
1122 1037 1165 1070 sit
1192 1037 1258 1069 fide

279 1095 517 1140 acquiescere,
545 1090 756 1134 experientia
777 1090 896 1128 (locet,
924 1100 1001 1120 cum
1025 1088 1140 1130 magni
1159 1088 1259 1120 dolo—

278 1159 331 1179 res
356 1146 421 1177 fide
443 1151 473 1177 et
497 1154 556 1186 spe
574 1141 773 1178 leniuntur,
797 1147 834 1172 ut
850 1139 934 1171 dicit
951 1138 1097 1171 Paulus:
1129 1138 1258 1171 lustiti-

278 1197 344 1230 cati
372 1197 436 1228 fide
465 1205 581 1238 pacem
611 1190 790 1225 babemus.
844 1188 963 1234 Neque
995 1187 1059 1222 boc
1086 1201 1258 1233 quaeren-

279 1249 360 1280 dum
379 1253 449 1285 est,
477 1243 594 1289 quales
614 1243 650 1275 in
669 1241 778 1275 Paulo
796 1240 925 1273 suerint
941 1240 1098 1279 dolores,
1126 1240 1184 1284 qui
1206 1238 1260 1272 liic

280 1298 482 1331 nominatur
500 1291 641 1339 σκόλοψ
661 1293 697 1325 in
725 1303 839 1331 carne,
867 1298 1002 1324 tantum
1018 1291 1123 1323 stulta
1140 1290 1262 1337 opinio

279 1349 483 1383 abiiciatur,
512 1356 600 1390 quae
622 1343 720 1386 fingit
741 1342 846 1374 fuisse
872 1341 1034 1373 incendia
1061 1341 1262 1374 libidinum.

281 1398 453 1433 Existimo
480 1403 594 1429 autem
615 1394 720 1426 fuisse
735 1392 929 1434 singulares
947 1398 1117 1430 terrores,
1145 1391 1262 1435 quales

281 1461 380 1493 saepe
391 1444 684 1481 describunturiu
695 1442 853 1482 Psalmis,
872 1449 910 1475 ut
923 1454 999 1474 cum
1009 1440 1119 1474 David
1135 1441 1263 1485 iuquit:

282 1500 363 1533 Non
389 1505 438 1531 est
468 1508 532 1541 pax
557 1495 693 1528 ossibus
719 1492 816 1528 meis,
852 1491 899 1525 Et
924 1491 1038 1524 variae
1054 1499 1135 1524 sunt
1154 1493 1263 1524 luctae

282 1550 361 1583 fidei
386 1550 428 1581 de
454 1546 573 1580 multis
599 1544 778 1578 doctrinae¹
810 1543 984 1586 partibus,
1020 1543 1063 1573 de
1088 1540 1264 1574 Ecclesiae

283 1600 467 1645 periculis,
499 1605 531 1631 et
553 1599 595 1629 de
619 1596 752 1640 privata
777 1594 907 1634 salute,
941 1593 977 1625 in
1003 1593 1131 1637 quibus
1156 1592 1263 1624 animi

283 1652 383 1684 valde
401 1649 614 1683 cruciantur.
660 1645 765 1678 Tales
783 1644 955 1677 cruciatus
974 1643 1162 1686 siguificat,
1188 1655 1264 1675 cum

285 1702 445 1735 nominat
463 1696 636 1737 σκόλοπα,
666 1697 701 1728 id
718 1703 781 1735 est,
808 1696 929 1728 sudem
948 1706 1008 1727 seu
1028 1693 1144 1736 palum
1166 1705 1265 1736 prae-

286 1760 450 1789 acutum,
493 1750 573 1795 quia
606 1755 702 1781 vetus
733 1746 944 1790 supplicium
984 1746 1050 1777 suit
1087 1743 1265 1776 homiuem

286 1804 456 1845 configere
474 1801 570 1845 palo,
587 1800 680 1844 quod
702 1797 935 1830 nominabant
951 1792 1267 1836 ἀνασκολοπίζειν,

287 1856 380 1899 quod
400 1864 493 1885 nunc
511 1862 650 1895 quoque
666 1848 792 1882 'furcis
810 1848 976 1882 usitatum
994 1854 1058 1880 est:
1086 1858 1158 1878 non
1175 1845 1268 1878 enim

289 1907 381 1938 leves
400 1903 574 1936 molestias
593 1900 777 1943 significat.

390 1978 435 2012 Et
452 1984 604 2011 recenset
633 1976 678 2008 ibi
699 1974 829 2007 Paulus
849 1973 1086 2006 dulcissimam
1114 1972 1271 2005 consola-

291 2032 433 2065 tionem.
471 2029 531 2062 Ait
554 2028 619 2060 sibi
643 2026 772 2071 petenti
796 2035 999 2068 responsum
1019 2035 1108 2062 esse,
1136 2023 1272 2057 Sufficit

293 2083 356 2116 tibi
377 2081 485 2124 gratia
503 2091 594 2118 mea,
625 2090 704 2110 nam
732 2076 885 2120 potentia
909 2086 982 2106 mea
1009 2074 1044 2106 in
1071 2074 1273 2107 infirmitate

296 2133 490 2177 perficitur:
534 2135 677 2162 manent
705 2128 741 2159 in
772 2126 849 2159 aliis
884 2125 973 2157 aliae
1006 2125 1271 2157 imbecillitates.

296 2185 440 2226 Semper
466 2187 580 2214 autem
606 2180 643 2212 in
669 2184 856 2222 conspectu
882 2176 927 2209 sit
955 2173 1038 2208 baec
1062 2175 1273 2209 consolatio:

296 2234 472 2267 Exuberat
495 2231 603 2274 gratia
626 2241 730 2272 supra
758 2227 935 2260 delictum.
990 2225 1090 2258 Hanc
1115 2227 1273 2258 consula-

298 2286 428 2318 tionem
449 2280 506 2315 hic
529 2280 713 2326 proponit,
739 2279 888 2313 recitans
914 2275 996 2310 haec
1020 2278 1141 2309 verba:
1171 2277 1275 2310 Suffi-

301 2336 347 2368 cit
380 2334 442 2368 tibi
477 2334 585 2377 gratia
610 2343 697 2365 mea.
763 2328 901 2364 Deinde
933 2328 1126 2372 praesentia
1154 2327 1218 2361 Dei
1244 2335 1277 2361 et

879 93 1004 130 PtttL.
1035 91 1148 128 MEL.
1173 91 1380 127 SCRtt‘TA
1411 91 1709 129 ExEGEthA.

2179 94 2278 130 1204

1295 178 1463 211 auxilium
1482 178 1630 212 infirmis
1647 179 1855 213 ostenditur.
1902 178 1959 214 Fit
1977 180 2196 223 conspectior
2212 179 2277 214 Dei

1297 229 1507 272 praesentia,
1536 241 1614 262 cum
1640 230 1796 263 defendit
1821 228 2003 263 Danielem
2032 232 2122 264 inter
2149 231 2276 269 leones,

1296 291 1399 324 quam
1435 281 1462 312 si
1499 280 1590 313 inter
1627 281 1793 313 barbaros
1829 278 1990 313 homines
2023 294 2101 314 eum
2139 288 2278 324 tegeret,

1298 342 1384 374 quos
1416 330 1595 364 videretur
1626 332 1698 375 ipse
1725 342 1788 363 suo
1821 331 1968 364 consilio
2001 343 2099 374 posse
2131 331 2279 365 flectere.

1299 381 1354 413 Sic
1382 381 1446 413 toti
1476 382 1605 424 populo
1636 383 1798 415 redeunti
1822 393 1861 413 ex
1880 380 2062 427 Babylone
2080 382 2116 415 lit
2134 393 2280 424 conspe-

1300 431 1388 464 ctior
1423 432 1615 474 praesentia
1651 431 1737 472 Dei,
1777 444 1855 465 cum
1889 432 2091 465 defenditur
2129 431 2281 464 imbellis

1303 481 1512 522 multitudo,
1541 495 1629 527 quae
1654 482 1844 526 praesidia,
1873 494 1936 515 nec
1962 483 2098 515 moenia
2116 479 2279 523 habebat,

1302 543 1405 576 quain
1424 543 1501 563 cum
1529 541 1608 566 ante
1626 533 1768 566 exilium
1787 530 1930 566 haberet
1949 534 2086 565 moenia
2105 542 2136 566 et
2154 532 2283 566 exerci-

1303 590 1368 616 tus,
1428 580 1471 615 Et
1497 583 1577 615 sinit
1603 584 1696 617 Dens
1719 584 1876 616 accidere
1899 584 2004 616 nobis
2032 583 2284 616 inextricabilia

1305 633 1391 664 mala
1419 630 1582 666 liumanis
1606 634 1781 673 consiliis,
1810 642 1845 667 ut
1866 634 2022 666 destituti
2043 634 2119 666 aliis
2144 633 2283 666 auxiliis

1305 683 1545 725 confugiamus
1563 686 1603 717 ad
1631 685 1765 731 ipsum,
1794 691 1824 717 et
1846 685 2002 722 liberati,
2029 686 2198 718 fateamur
2222 693 2285 716 nos

1305 734 1356 765 dix
1369 733 1475 766 initus
1493 743 1645 767 servatos
1663 747 1746 776 esse,
1763 743 1801 769 ut
1820 735 1854 767 in
1868 734 1993 770 l‘salin.
2010 735 2155 768 dicitur:
2186 734 2287 768 Pater

1306 792 1338 817 et
1363 791 1473 816 n-atvr
1494 786 1757 830 dereliquerunt
1783 798 1855 824 me,
1874 785 2047 818 Dominus
2071 791 2188 818 autem
2212 797 2287 818 sus-

1308 833 1398 877 cepit
1422 846 1486 866 me.
1524 834 1626 868 ltem:
1663 834 1837 879 Orpliano
1857 844 1893 869 tu
1911 837 1978 869 eris
1994 836 2147 870 adiutor.
2193 835 2290 874 ltem,

1308 884 1436 919 Psalm.
1459 884 1548 918 59.:
1590 885 1669 919 Non
1695 887 1880 928 egredieris
1902 885 1998 920 Deus
2029 887 2064 919 in
2098 886 2288 920 virtutibus

1309 936 1435 968 nostris
1453 961 1462 975 ‚
1489 936 1531 968 da
1555 937 1656 969 nobis
1680 937 1849 970 auxilium
1871 938 1914 970 de
1937 937 2176 973 tribulatione.
2228 934 2287 976 Et,

1310 997 1398 1019 vana
1418 986 1510 1019 salus
1525 984 1692 1021 hominis.

1410 1060 1451 1095 ln
1479 1061 1604 1095 ultimo
1627 1062 1738 1106 capite
1762 1063 1859 1097 addit
1880 1063 2189 1096 comminationem
2209 1074 2216 1094 :
2252 1060 2291 1096 Si

1311 1124 1455 1150 venero,
1489 1113 1623 1157 inquit,
1652 1125 1690 1146 ac
1716 1115 1837 1146 videro
1863 1126 1923 1146 vos
1947 1126 2018 1147 nnn
2038 1126 2109 1147 esse
2126 1113 2291 1146 emenda-

1311 1171 1380 1204 tos,
1410 1170 1488 1196 utar
1508 1165 1662 1208 potentia
1688 1165 1830 1208 spiritus
1855 1167 1895 1197 ad
1922 1165 2121 1203 puniendos
2146 1164 2292 1208 aliquos.

1311 1214 1490 1256 „Significat
1516 1215 1609 1246 enim
1642 1226 1676 1247 se
1709 1216 1886 1260 aliquibus
1917 1216 2187 1259 imprecatur-um
2221 1225 2293 1247 esse

1314 1266 1476 1304 morbos,
1504 1266 1682 1309 aliquibus
1706 1274 1873 1306 mortem,
1902 1266 1988 1299 sicut
2010 1266 2103 1298 Petri
2130 1276 2212 1298 voce
2238 1265 2293 1297 in-

1314 1316 1477 1349 terfectus
1495 1322 1546 1347 est
1567 1316 1744 1354 Ananias,
1771 1318 1848 1352 Act.
1866 1315 1898 1350 5.
1948 1316 1993 1349 Et
2018 1316 2094 1352 Act.
2125 1316 2181 1351 15.
2207 1313 2294 1361 Ety-

1315 1378 1386 1398 mas
1404 1377 1523 1407 magus
1542 1366 1653 1399 visum
1673 1367 1788 1400 amisit
1805 1367 2053 1411 imprecatione
2070 1366 2182 1400 Pauli.
2223 1365 2293 1400 Sed

1316 1416 1449 1457 mitigat
1481 1415 1612 1449 Paulus
1641 1415 1730 1449 hanc
1761 1418 2088 1458 comminationem,
2128 1417 2208 1461 quia
2233 1417 2294 1458 ait,

1314 1478 1349 1500 se
1367 1467 1464 1511 prius
1483 1467 1570 1499 velle
1586 1468 1716 1500 auditis
1735 1468 1880 1501 testibus
1897 1479 2015 1501 causas
2033 1479 2249 1511 cognoscere.

1419 1540 1529 1573 Addit
1546 1541 1648 1575 etiam
1666 1541 1797 1574 dictum
1816 1542 2061 1582 memorabile,
2082 1543 2174 1585 quod
2195 1553 2295 1586 saepe

1317 1592 1444 1625 citatur
1461 1598 1580 1623 contra
1599 1591 1842 1636 tyrannidem:
1870 1590 1958 1624 Data
1977 1599 2024 1624 est
2041 1589 2126 1624 milii
2147 1599 2296 1636 potestas

1318 1655 1389 1675 non
1406 1643 1446 1674 ad
1466 1642 1758 1682 destructionem,
1787 1643 1844 1674 sed
1871 1643 1912 1674 ad
1937 1642 2232 1682 aedificationem,
2260 1643 2295 1676 id

1317 1701 1384 1733 est,
1412 1693 1485 1725 vult
1514 1705 1575 1725 nos
1594 1691 1766 1726 Dominus
1793 1692 1842 1725 uti
1869 1700 2053 1736 potestate,
2078 1705 2149 1725 non
2167 1700 2204 1726 ut
2225 1694 2298 1738 pri-

1318 1744 1406 1777 vatis
1427 1743 1607 1776 affectibus
1633 1756 1763 1776 morem
1790 1754 1965 1786 geramiiS‚
1993 1751 2030 1777 ut
2052 1745 2191 1788 tyranni
2211 1747 2296 1778 abu-

1319 1801 1444 1828 tuntur
1467 1801 1651 1838 potestate,
1684 1795 1743 1826 sed
1770 1795 1843 1827 vult
1863 1806 1926 1826 nos
1948 1807 1984 1826 ea
2008 1795 2058 1826 uti
2083 1795 2124 1827 ad
2149 1795 2297 1829 aliorum

1320 1846 1492 1878 salutem:
1532 1845 1684 1888 primuni
1717 1845 1871 1887 singulos
1902 1845 2080 1877 emendati
2112 1846 2226 1888 cupit,
2267 1856 2297 1880 et

1323 1908 1468 1939 poenam
1488 1896 1666 1933 omittere,
1704 1896 1831 1928 deinde
1856 1896 1884 1927 si
1905 1908 2014 1939 poena
2035 1897 2223 1929 necessaria
2248 1906 2294 1931 est

1323 1948 1531 1990 castigandis
1550 1947 1744 1991 aliquibus,
1772 1946 1880 1989 prosit
1897 1947 2092 1990 exemplum
2109 1948 2262 1982 caeteris,

1422 2022 1601 2056 Hactenus
1635 2028 1878 2064 argumentum
1916 2020 2096 2064 Epistolae
2130 2025 2301 2058 secundae

1324 2076 1364 2108 ad
1383 2070 1587 2107 Corinthios
1611 2073 1789 2105 recitatum
1818 2079 1878 2107 est.
1933 2071 2085 2105 Facilius
2109 2074 2202 2106 enim
2228 2075 2294 2108 sin-

1323 2125 1423 2169 gulae
1449 2131 1561 2167 partes
1586 2123 1733 2165 intelligi
1760 2129 1942 2167 poterunt,
1970 2124 1998 2156 si
2019 2124 2126 2157 lector
2150 2125 2299 2168 primum

1323 2175 1558 2210 considerabit
1584 2185 1736 2206 summas
1768 2185 1885 2206 rerum
1918 2180 1951 2207 et
1980 2174 2124 2214 seriem,
2166 2183 2198 2209 et
2226 2179 2302 2210 ani-

1327 2227 1538 2265 madvertet,
1572 2236 1659 2269 quae
1686 2224 1756 2258 sint
1781 2224 1995 2266 occasiones,
2026 2236 2087 2258 cni·
2110 2225 2195 2260 alibi
2220 2228 2304 2262 alias

1326 2277 1489 2312 materias
1505 2276 1676 2310 instituat.
1735 2274 1839 2308 Nune
1860 2276 2027 2310 addemus
2043 2276 2184 2310 brevem
2203 2290 2299 2313 enar-

1328 2328 1500 2363 rationem
1518 2327 1584 2373 ipsi
1601 2325 1753 2361 orationi
1773 2324 1885 2361 Pauli.

2398 2903 2400 2919 t

2398 2923 2399 2942 l
