2415 2942
126 119 199 154 329
524 115 605 151 ΧΗ.

125 215 193 249 qua
217 203 378 247 palmites
403 214 542 236 succum
570 199 736 241 trahunt,
770 202 804 235 id
830 208 898 242 est,
934 202 1118 234 audiamus

121 254 359 297 “Evangelium
377 260 409 286 et
428 254 694 298 amplectamur,
729 264 791 296 per
816 253 910 297 quod
928 250 1024 285 Deus
1046 258 1117 284 tra-

126 304 178 338 hit
194 311 227 338 et
244 311 360 338 movet
387 306 492 337 corda
519 311 658 338 nostra:
693 303 785 337 Moti
812 315 893 335 vero
916 314 987 335 non
1011 314 1116 345 repu-

124 366 270 399 gnemus
287 357 344 388 sed
370 356 674 400 obtemperemuS,
705 366 768 386 nec
796 353 960 386 voluntas
985 359 1033 385 est
1062 364 1115 385 sa-

123 418 228 444 xum,
257 414 316 439 aut
333 415 498 449 truncus,
527 407 585 439 sed
607 412 717 449 potest
733 415 929 447 repugnare
955 415 1014 436 sua
1041 415 1115 435 ma-

124 458 219 494 litia,
262 457 351 491 sicut
372 456 487 490 David
522 456 642 489 volens
674 454 821 487 excussit
843 454 1114 497 gubernatorem

124 508 296 552 Spiritum
313 514 481 541 sanctum.
535 505 690 540 Econtra
717 517 818 545 vero,
854 517 930 537 cum
957 505 1023 537 iam
1054 517 1114 535 vo-

125 560 241 592 luntas
274 558 414 592 iuvetur
445 557 580 602 Spiritu
612 563 750 596 sancto,
799 556 950 589 retinere
979 557 1113 588 donum

124 609 189 642 Dei
208 616 330 653 potest.
384 608 428 642 Et
446 606 637 650 bicingens
654 607 745 640 lucta
767 613 800 640 et
824 606 1011 639 difficultas
1037 618 1114 639 ma-

124 661 249 693 nifeste
282 665 448 699 testatur,
489 657 705 691 voluntatem
740 670 811 690 11011
846 669 918 690 esse
953 657 1113 695 otiosam,

124 723 187 744 nec
206 710 345 743 inanem
362 722 434 742 esse
459 709 696 752 diligentiam,
731 715 771 742 ut
794 706 919 752 loseph
941 720 1013 740 nou
1037 709 1112 741 sine

123 762 215 795 lucta
248 762 373 794 retinet
400 759 464 793 Dei
496 761 638 794 donum.
700 759 806 802 Quod
837 759 865 792 si
891 759 1053 793 voluntas
1077 770 1113 791 se

124 810 268 846 liaberet
286 819 322 845 ut
341 823 480 850 saxum,
507 823 545 844 ac
562 817 698 844 tantum
719 817 897 854 pateretur
911 810 1113 853 impressio·
1137 852 1138 857 1

124 875 203 896 nem
232 874 343 896 novae
368 861 526 903 virtutis,
561 862 659 894 nulla
683 861 775 895 lucta
798 868 886 895 esset
909 861 1112 894 retinendae
1136 860 1139 906 i

122 913 220 953 fidei,
257 924 316 945 seu
349 913 495 945 aliarum
525 912 717 953 virtutum,
753 919 816 945 etc.
881 911 964 945 Ideo
997 909 1138 956 inquit?

122 963 253 996 Paulus
268 965 302 998 2.
318 960 480 998 Corinth.
498 963 551 998 6.:
580 962 793 1001 Hortamur,
823 974 867 995 ne
884 963 1012 996 frustra
1031 973 1109 1006 gra·
1135 951 1138 1006 l

121 1014 205 1047 tiam
223 1014 439 1057 acceperitis,
468 1022 500 1047 et
515 1015 558 1047 ad
578 1012 709 1061 Philip.
727 1016 776 1049 2:
815 1013 902 1048 Cum
929 1015 1054 1047 timore
1080 1021 1112 1046 et
1135 1007 1137 1058 l

121 1071 273 1098 tremore
292 1073 440 1098 vestram
457 1065 604 1098 salutem
628 1065 843 1109 operemini,
873 1072 904 1098 et
920 1064 1035 1098 Lucae
1054 1064 1108 1099 10.
1132 1066 1137 1097 l

121 1116 269 1149 dicitur:
300 1115 442 1157 Quanto
469 1116 579 1157 tnagis
606 1124 704 1158 pater
727 1115 883 1149 coelestis
909 1117 1005 1148 dabit
1027 1115 1107 1159 Spi-

120 1167 228 1199 ritum
258 1174 415 1199 sanctum
446 1167 661 1209 petentibus,
688 1167 746 1198 uhi
770 1179 847 1199 cum
869 1167 1011 1199 additur
1029 1179 1107 1210 par-

121 1217 226 1250 ticula
264 1215 482 1263 petentibus,
534 1217 617 1249 satis
659 1217 870 1259 intelligitur
913 1229 983 1249 non
1025 1230 1108 1249 con—

122 1267 254 1299 firmari
299 1268 473 1310 ignaviam
517 1274 548 1300 et
596 1275 821 1302 contemtum.
888 1266 956 1300 Sed
998 1279 1106 1309 agno-

122 1329 258 1350 scamus
296 1318 572 1350 imbecillitatem
607 1326 783 1361 nostram,
831 1318 1037 1351 obiiciamus
1071 1330 1108 1350 ea

124 1368 270 1407 delicta,
312 1380 400 1411 quae
432 1368 630 1411 impediunt
662 1369 939 1408 invocationem,
974 1376 1006 1402 et
1033 1368 1109 1410 pol-

121 1419 225 1451 luunt
265 1419 534 1458 conscientiam,
594 1431 830 1463 repugnemus
875 1419 1107 1452 imbecillitati

122 1478 278 1509 nostrae,
325 1477 357 1502 et
387 1481 466 1502 vere
497 1481 536 1502 ac
570 1471 660 1503 serio
689 1477 849 1518 petamus
879 1470 1049 1503 auxilium
1078 1478 1104 1503 et

120 1520 409 1562 gubernationem
430 1521 599 1554 divinam.
641 1521 794 1554 Maxima
814 1533 891 1565 pars
911 1519 1108 1559 hominum,

121 1619 323 1665 losophico,
341 1623 558 1656 arbitrantur
578 1634 617 1656 se
636 1634 755 1665 regere
773 1635 872 1666 posse
887 1636 968 1656 suos
985 1636 1109 1664 mores,

122 1685 181 1705 sua
205 1673 342 1715 negotia
371 1680 403 1706 et
428 1673 602 1717 pericula,
642 1685 704 1707 sua
728 1674 890 1707 rationali
915 1675 1109 1716 diligentia,

123 1731 155 1756 ct
186 1724 298 1755 donec
330 1723 568 1768 tranquillitas
592 1731 660 1765 est,
692 1725 805 1758 securi
830 1722 920 1758 hanc
944 1726 1107 1758 fiduciam

122 1785 204 1807 suae
235 1773 427 1816 sapientiae
452 1781 484 1807 et
507 1774 711 1818 diligentiae
737 1775 1010 1813 circumferunt,
1046 1789 1108 1808 uec

123 1824 353 1868 experiuntur
384 1824 468 1869 quid
497 1825 541 1858 sit
564 1837 644 1858 vera
670 1826 865 1865 invocatio,
899 1837 957 1858 seu
988 1827 1107 1869 petitio

122 1875 244 1908 auxilii
262 1875 388 1910 divini.
440 1875 510 1908 Sed
533 1887 713 1920 nunquam
742 1876 896 1919 pericula
921 1878 1107 1910 inextrica-

123 1926 208 1958 bilia
224 1927 352 1959 desunt
378 1925 436 1966 iis,
467 1926 528 1970 qui
552 1933 634 1960 sunt
658 1927 820 1970 impliciti
845 1929 1106 1971 gubernationi,

122 1985 155 2010 et
174 1977 303 2019 singuli
323 1976 480 2009 miserias
499 1984 634 2010 nostras
655 1978 861 2020 diligentius
886 1979 1108 2011 considerare

121 2029 347 2067 deberemus,
384 2028 482 2071 quod
508 2028 537 2061 si
561 2029 675 2068 fieret,
715 2030 963 2062 accenderetur
985 2042 1107 2062 verum

122 2078 277 2111 studium
314 2079 454 2121 petendi
492 2080 624 2112 auxilii.
685 2079 858 2113 Proficere
889 2088 981 2113 certe
1002 2079 1107 2114 Chri-

122 2129 253 2162 stianos
280 2126 334 2162 his
363 2128 535 2163 exercitiis
558 2141 696 2163 necesse
718 2138 786 2171 est,
821 2131 972 2172 scilicet,
1008 2132 1105 2173 agui-

121 2181 217 2213 tione
242 2179 405 2224 propriae
428 2179 698 2222 imbecillitatis,
737 2182 809 2216 irae
834 2182 921 2223 Dei,
957 2183 1105 2226 promis-

118 2231 259 2264 sionum
284 2238 317 2264 et
339 2232 555 2275 praesentiae
572 2230 650 2267 Dei.

221 2281 304 2315 Ideo
337 2289 370 2316 et
399 2282 436 2314 in
468 2289 563 2316 textu
588 2283 734 2316 dicitur:
770 2281 890 2318 Omne
913 2284 1009 2329 quod
1031 2284 1105 2317 sru-

121 2339 214 2366 ctum
240 2333 371 2376 gignit,
404 2340 548 2377 purgat,
583 2340 621 2367 ut
647 2335 800 2369 fructum
825 2336 1024 2369 uberiorem
1055 2335 1107 2377 gi-

122 2389 214 2425 gnat.
267 2384 346 2417 Non
366 2384 440 2417 sine
455 2385 553 2428 gravi
569 2397 669 2418 causa
689 2386 724 2419 fit
743 2386 875 2419 mentio
894 2387 999 2419 huius
1018 2398 1104 2433 pur-

123 2434 291 2476 gationis,
335 2447 397 2469 nec
422 2436 497 2469 leve
522 2436 726 2469 exercitium
753 2443 803 2470 est
825 2434 910 2470 haec
934 2437 1107 2480 purgatio.

124 2484 379 2528 Complectitur
394 2493 511 2521 autem
537 2494 570 2521 et
594 2499 730 2521 crucem
759 2494 792 2521 et
819 2488 1106 2529 consolationem,

124 2533 251 2578 Ioseph
282 2549 360 2570 cum
395 2537 432 2570 in
462 2550 635 2571 carcerem
674 2539 880 2578 abducitur,
926 2545 1105 2583 purgatur.

121 2585 236 2620 David
254 2598 331 2620 cum
346 2588 490 2631 pellitur
508 2589 545 2622 in
563 2589 726 2623 exilium:
751 2587 918 2624 Ezechias
940 2602 1018 2624 cum
1042 2591 1106 2624 ob-

122 2637 257 2672 sidetur
273 2638 393 2672 civitas
403 2638 648 2686 Hierosolyma
667 2639 951 2675 aSennacherib:
979 2641 1105 2675 Daniel

123 2700 203 2722 cum
231 2688 398 2724 obiicitur
423 2690 601 2726 leonibus:
630 2691 761 2727 Paulus
783 2704 862 2727 cum
888 2692 1015 2737 passim
1040 2704 1104 2726 no-

658 114 957 152 ENARRATIO
988 116 1038 151 IN
1065 113 1247 151 EvANG.
1283 112 1496 151 lOANNlS.
1548 114 1654 151 CAP.
1682 115 1762 152 XV.

121 1571 223 1604 etiam
244 1583 383 1611 eorum,
412 1572 472 1616 qui
492 1572 617 1605 vivunt
635 1572 710 1605 sine
728 1573 894 1613 crimine,
910 1585 1004 1605 more
1031 1572 1106 1615 pbi-

2090 118 2164 152 350

1174 202 1225 235 vis
1243 201 1408 246 periculis
1432 209 1621 236 exercetur.
1677 200 1744 236 Sed
1770 199 1834 235 hae
1856 201 2063 236 afflictiones
2086 204 2161 237 sine

1171 253 1472 286 consolationibus
1507 260 1619 287 essent
1644 253 1799 287 exitiales
1823 253 1924 296 ipsis,
1967 254 2048 286 ideo
2073 266 2158 297 pur-

1170 303 1262 344 gatio
1281 304 1525 347 complectitur
1543 305 1646 337 etiam
1665 304 1954 339 consolationem.
2004 303 2081 338 Etsi
2097 316 2160 338 au-

1170 360 1238 385 tem
1260 353 1348 385 aliae
1369 354 1577 386 afflictiones
1603 356 1689 387 alias
1711 367 1830 388 causas
1856 353 2005 395 habent,
2043 363 2159 388 tamen

1169 414 1290 436 omnes
1307 404 1496 436 admouent
1513 417 1574 437 nos
1593 406 1634 437 de
1656 417 1756 438 causa
1780 407 1922 444 mortis,
1957 408 2000 438 de
2024 407 2073 439 ira
2090 406 2158 439 Dei

1168 454 1334 486 adversus
1351 461 1529 497 peccatum
1554 455 1738 488 nobiscum
1763 467 1927 494 nascens,
1964 459 2006 489 de
2031 458 2158 490 fiducia

1169 504 1278 537 nostri
1297 505 1523 547 corrigenda,
1557 507 1599 538 tle
1617 507 1818 550 quaerendo
1838 505 1903 539 Dei
1931 507 2079 546 auxilio,
2115 510 2158 540 de

1168 555 1356 600 tyrannide
1376 563 1409 589 et
1424 555 1563 589 insidiis
1581 556 1735 594 diaboli,
1752 557 1904 590 etmulti
1924 565 2067 601 propter
2083 570 2158 591 cer-

1168 613 1220 639 tos
1235 605 1353 650 lapsus
1373 606 1585 649 plectuntur.
1613 606 1717 640 Tunc
1733 607 1840 649 igitur
1856 619 2058 650 purgamur,
2075 621 2155 641 cum

1168 654 1251 689 haec
1270 657 1509 699 agnoscimus,
1546 669 1609 690 nec
1634 658 1817 691 sremimus
1840 659 2006 691 adversus
2033 657 2159 699 Deum,

1167 707 1224 741 sed
1243 707 1437 742 retinemus
1452 708 1565 741 lucem
1583 708 1685 748 fidei,
1714 715 1746 742 et
1766 715 2003 741 sustentamur
2020 709 2157 752 Spiritu

1166 765 1306 799 sancto,
1340 770 1385 792 ne
1414 758 1660 803 opprimamur
1691 759 1813 792 dolore
1839 765 1871 792 et
1900 760 2158 802 desperatione,

1166 816 1198 842 et
1214 809 1414 853 experimur
1432 809 1707 852 mitigationem,
1734 821 1795 843 seu
1815 810 2025 843 levationem
2052 810 2158 843 terri-

1165 860 1292 893 bilium
1323 861 1519 901 malorum,
1564 861 1695 905 quihus
1729 861 1983 895 excruciamur.
2052 860 2156 894 Hanc

1166 911 1454 955 propagationem
1475 912 1680 945 describunt
1691 910 1821 945 Psalmi
1841 911 1988 956 passim,
2005 918 2060 945 ut:
2079 910 2154 945 Do-

1166 962 1260 994 mine
1278 974 1322 994 ne
1339 962 1377 994 in
1393 962 1512 995 surore
1527 969 1588 995 tuo
1607 974 1732 1005 arguas
1757 974 1824 998 me,
1879 962 1983 996 Item:
2009 961 2155 996 Bonum

1165 1011 1253 1054 mihi
1269 1014 1363 1058 quod
1384 1009 1578 1046 humiliasti
1596 1025 1668 1054 me,
1694 1020 1733 1047 ut
1750 1013 1919 1046 discerem
1937 1013 2156 1046 iustificatio-

1165 1075 1225 1096 nes
1250 1070 1336 1097 tuas.
1389 1063 1434 1097 Et
1458 1062 1623 1097 Ieremias
1648 1064 1766 1109 inquit
1788 1064 1900 1107 capite
1924 1066 2004 1098 31.:
2038 1062 2155 1097 Casti-

1164 1114 1251 1156 gasti
1268 1127 1322 1146 me
1337 1113 1512 1156 Domine,
1547 1122 1580 1149 et
1598 1114 1757 1149 eruditus
1770 1126 1867 1155 sum,
1905 1114 2003 1158 quasi
2030 1114 2155 1148 iuven-

1164 1165 1263 1198 culus
1281 1164 1488 1200 indomitus.

1213 1248 1258 1283 Si
1273 1247 1487 1282 manseritis
1506 1249 1544 1282 in
1563 1260 1636 1292 me,
1664 1253 1695 1283 el
1713 1248 1819 1284 verba
1835 1260 1914 1283 mea
1934 1249 1971 1283 in
1991 1249 2102 1286 vobis.

1263 1316 1367 1350 Prior
1384 1316 1574 1360 descriptio
1592 1315 1738 1351 illustris
1759 1317 1895 1360 pictura
1921 1318 1986 1351 suit
2011 1319 2054 1351 de
2078 1318 2153 1351 effi-

1164 1367 1255 1400 cacia
1275 1374 1308 1401 et
1325 1368 1519 1411 praesentia
1537 1365 1672 1401 Christi
1695 1368 1732 1400 in
1749 1365 1918 1404 Ecclesia.
1972 1367 2074 1402 Nunc
2098 1381 2153 1402 se-

1164 1425 1322 1463 quuntur
1336 1420 1425 1452 duae
1442 1419 1635 1452 sententiae
1652 1419 1753 1452 valde
1771 1418 2035 1457 memorabiles,
2064 1432 2154 1464 quae

1164 1470 1289 1503 docent
1307 1480 1449 1507 rursuS,
1477 1469 1539 1503 ubi
1554 1476 1587 1503 et
1604 1481 1692 1514 quae
1709 1470 1752 1504 sit
1768 1468 1943 1510 Ecclesia,
1978 1476 2012 1503 et
2028 1471 2089 1515 qui
2106 1471 2151 1506 sit

1164 1521 1371 1565 praecipuus
1390 1520 1516 1556 cultus.
1563 1519 1837 1564 Coniungantur
1853 1528 1969 1554 autem
1988 1533 2066 1554 cum
2085 1519 2152 1555 hoc

1163 1572 1255 1605 dicto
1274 1572 1404 1605 multae
1419 1571 1613 1604 sententiae
1629 1583 1735 1615 supra
1752 1572 1916 1605 recitatae
1937 1584 2080 1615 prorsus
2104 1573 2152 1605 si-

1163 1623 1283 1661 miles,
1311 1633 1399 1667 quae
1418 1622 1511 1654 idem
1531 1623 1673 1660 docent,
1702 1620 1893 1655 Ecclesiam
1917 1634 1990 1655 esse
2013 1630 2152 1656 coetum

1163 1672 1447 1717 amplectentium
1463 1671 1717 1715 Evangelium,
1742 1684 1807 1706 nec
1832 1672 2011 1716 pingimus
2034 1673 2151 1707 ideam

1163 1724 1399 1761 Platonicam,
1441 1724 1500 1756 sed
1532 1723 1713 1768 loquimur
1742 1724 1785 1756 de
1816 1723 1949 1757 visibili
1982 1722 2151 1761 Ecclesia.

1165 1774 1260 1808 Nulli
1278 1782 1359 1808 sunt
1377 1774 1476 1809 electi
1492 1775 1536 1807 ad
1563 1775 1670 1808 vitam
1692 1780 1889 1814 aeternam,
1923 1774 1993 1807 nisi
2020 1775 2055 1807 in
2083 1772 2150 1809 hoc

1164 1825 1238 1868 ipso
1255 1825 1388 1859 visibili
1405 1831 1505 1859 coetu
1517 1852 1526 1864 ‚
1554 1825 1613 1870 qui
1633 1825 1816 1869 profitetur
1830 1823 2062 1868 Evangelium
2074 1824 2151 1867 Dei,

1162 1877 1250 1909 sicut
1266 1875 1398 1909 Paulus
1415 1875 1547 1921 inquit:
1577 1874 1678 1918 Quos
1700 1875 1820 1919 elegit,
1856 1873 1920 1909 hos
1945 1882 1977 1909 et
2002 1877 2151 1918 vocavit,

1163 1934 1193 1960 et
1211 1927 1247 1959 111
1267 1925 1407 1960 Psalmo
1424 1926 1570 1960 dicitur:
1600 1925 1639 1959 ln
1657 1938 1797 1960 omnem
1816 1933 1944 1959 terram
1962 1926 2069 1960 exivit
2094 1939 2150 1960 so-

1161 1990 1227 2011 nus
1246 1990 1379 2013 eorum.
1434 1977 1520 2011 Vult
1537 1976 1631 2011 Deus
1650 1984 1742 2010 recte
1762 1977 1902 2020 agnosci
1927 1985 1959 2011 et
1982 1977 2150 2018 invocari,

1163 2029 1239 2062 vult
1255 2040 1357 2062 suum
1373 2027 1606 2071 Evangetium
1625 2028 1781 2062 exaudiri
1809 2028 1845 2060 in
1872 2035 1945 2062 toto
1971 2028 2055 2061 orbe
2080 2035 2150 2061 ter-

1162 2091 1278 2112 rarum
1314 2086 1346 2112 et
1378 2079 1510 2124 ubique
1540 2079 1736 2124 propagari.
1801 2078 1920 2122 Quare
1952 2090 2024 2112 non
2051 2079 2150 2112 abdit

1163 2128 1352 2163 Ecclesiam
1372 2141 1470 2163 suam
1488 2130 1525 2162 in
1548 2130 1714 2170 latebras,
1749 2131 1807 2162 sed
1836 2130 1910 2163 vult
1931 2141 2005 2162 eam
2028 2137 2147 2163 notam

1162 2193 1253 2221 esse,
1280 2187 1312 2213 et
1331 2193 1451 2213 vocem
1475 2180 1549 2214 eius
1571 2181 1699 2216 audiri.
1751 2179 1839 2214 Cum
1866 2179 1974 2222 igitur
2001 2180 2150 2223 legimus

1163 2230 1223 2265 has
1268 2231 1488 2265 dulcissimas
1529 2232 1786 2265 consolationes
1827 2228 1932 2263 huius
1967 2231 2148 2264 concionis

1160 2280 1311 2321 Christi,
1340 2289 1372 2316 et
1389 2282 1579 2323 similium,
1601 2295 1672 2316 non
1693 2281 1891 2315 reiiciamus
1906 2292 1961 2314 eas
1981 2283 2024 2314 ad
2042 2281 2148 2315 aliam

1160 2331 1354 2367 Ecclesiam
1373 2333 1476 2366 nobis
1495 2333 1668 2376 ignotam,
1696 2333 1755 2366 sed
1773 2332 2077 2366 accommodemus
2103 2333 2148 2365 ad

1159 2382 1251 2418 hanc
1277 2384 1453 2417 visibilem
1471 2382 1682 2425 Ecclesiam,
1717 2390 1749 2416 et
1772 2382 1847 2416 eius
1871 2383 2047 2422 membra,
2080 2380 2148 2416 hoc

1160 2443 1230 2474 est,
1257 2436 1300 2468 ad
1317 2435 1505 2479 nosipsos.
1558 2434 1614 2468 Ad
1631 2446 1695 2467 nos
1721 2433 1827 2476 igitur
1849 2430 1935 2467 haec
1960 2433 2146 2478 promissio

1159 2486 1329 2530 pertinet:
1371 2485 1552 2532 Quicquid
1584 2484 1784 2524 volueritis,
1834 2484 1977 2529 petetis,
2027 2490 2061 2517 et
2092 2484 2149 2518 fiet

1158 2537 1270 2571 vobis.

1261 2587 1479 2622 Discrimina
1509 2587 1620 2622 multa
1645 2593 1728 2622 sunt
1757 2586 1850 2621 inter
1873 2583 2031 2621 ethnicas
2063 2585 2148 2619 reli-

1159 2639 1298 2683 giones,
1325 2645 1358 2672 et
1375 2650 1482 2672 unam
1499 2650 1618 2672 veram
1644 2637 1841 2673 doctrinam
1869 2638 1912 2671 de
1931 2636 2026 2678 Deo,
2061 2649 2150 2682 quae

1160 2690 1310 2725 sonatio
1327 2688 1483 2724 Ecclesia
1501 2687 1577 2726 Dei.
1630 2687 1762 2725 Errant
1778 2689 1873 2723 enim
1889 2686 2047 2723 ethnicae
2064 2687 2150 2732 opi-
