2415 2942
360 105 462 143 XIII.

201 193 269 228 Hic
291 191 509 226 severissime
535 193 685 226 taxanda
710 198 761 226 est
793 190 902 235 impia
924 190 1083 224 doctrina

94 108 168 146 937

514 106 548 141 3.
575 101 872 142 ENARRATIO
900 103 1053 140 EPIST.
1078 99 1226 140 PAULI
1253 100 1320 138 AD
1346 100 1609 143 ROMANOS.
1661 105 1764 145 CAP.
1793 107 1874 146 VII.

2055 111 2128 147 938

1238 189 1320 222 Alia
1346 196 1397 223 est
1420 191 1590 236 sapientia
1616 193 1759 237 politica
1776 195 1826 229 'de
1842 196 1933 240 lege,
1960 197 2002 231 de
2025 197 2128 233 iusti-

96 242 371 284 monachorum,
407 255 495 288 quae
527 243 595 281 ait,
629 241 885 276 dubitationem
912 253 986 273 non
1012 252 1083 274 esse
1137 239 1206 278 cia,
1234 247 1267 273 et
1293 241 1338 274 de
1361 241 1511 278 delictis.
1555 242 1598 276 ln
1625 244 1696 278 vita
1719 246 1861 289 politica
1884 248 1940 281 lex
1964 249 2051 293 regit
2065 262 2126 282 ex-

95 303 287 342 peccatum‚
305 302 340 328 et
359 307 432 327 non
451 294 604 328 ostendit
620 293 896 327 consolationem
914 292 951 324 in
963 289 1083 325 Evan-

1137 296 1237 323 terna
1259 290 1368 332 facta,
1395 303 1475 334 seu,
1508 300 1549 327 ut
1580 294 1732 329 dicimus
1770 297 1897 332 usitate
1922 297 2127 334 Locomoti-

95 347 186 391 geno
209 346 447 391 propositam,
483 357 571 390 quae
595 345 692 378 iubet
716 343 855 376 vincere
886 342 1083 376 dubitatio-
1136 351 1234 382 vam,
1262 347 1297 374 et
1314 341 1501 386 disciplina
1520 351 1661 379 externa
1677 347 1884 383 nominatur
1907 350 2044 384 iusticia
2061 363 2127 395 po-

94 410 175 431 nem
191 398 280 441 fide,
306 403 345 430 ut
362 396 493 430 dicitur
511 394 614 430 Rom.
632 393 685 428 4.:
715 394 796 427 Ideo
815 405 854 426 ex
871 393 957 433 fide,
985 399 1023 427 ut
1038 393 1082 426 sit

92 449 194 482 firma
217 447 414 492 promissio.
441 445 549 481 Rom.
565 444 600 481 5.
617 457 709 488 cap..·
732 444 913 478 Iustificati
930 444 999 477 fide
1018 455 1079 488 pa-

93 511 167 533 cem
186 497 368 532 habemus.
405 494 576 531 Iohannis
597 496 668 530 16.:
691 495 846 540 Spiritus
862 501 1001 528 sanctus
1022 506 1079 527 ar-

94 556 174 594 guet
199 550 372 582 mundum
396 549 439 582 de
465 553 625 592 peccato,
653 547 748 592 quod
774 557 848 578 non
874 547 1022 579 credunt
1040 545 1077 578 in

94 613 161 634 me.
215 600 311 633 Haec
327 606 359 633 et
376 598 505 632 similia
528 597 620 631 dicta
645 597 855 641 opponenda
873 603 956 630 sunt
972 597 1078 630 dubi-

94 651 238 691 tationi,
270 657 309 684 ut
332 650 511 693 agnitione
535 647 598 680 filii
623 647 687 681 Dei
711 648 922 681 accendatur
946 648 1029 680 fides
1046 654 1077 680 et

95 702 305 735 reviviscant
322 701 426 734 corda
443 707 475 734 et
493 700 666 733 laetentur
683 699 720 731 in
740 697 832 737 Deo,
856 698 945 732 sicut
962 698 1078 743 inquit

93 750 277 786 Ezechias:
307 751 364 785 Tu
390 750 511 784 eruisti
537 749 691 782 animam
709 761 843 790 meam,
871 756 909 783 ut
928 761 1000 782 non
1018 761 1076 793 pe-

93 804 219 841 rirem,
246 801 420 846 proiecisti
439 807 516 844 post
539 807 675 844 tergum
694 807 833 844 peccata
850 812 938 835 mea.

194 853 277 886 Post
297 850 385 885 hanc
402 851 690 894 consolationem]
701 848 808 884 homo
825 852 933 884 servit
957 851 993 884 in
1011 863 1075 883 no-

92 904 199 937 vitate
222 903 384 947 spiritu5‚
420 903 456 935 id
484 909 553 941 est,
587 903 624 935 in
652 902 743 935 vitae
767 909 929 936 aeternae
952 902 1076 943 initiis,

91 961 124 988 et
142 955 294 987 motibus
312 964 400 998 quos
416 953 574 987 accendit
591 952 745 997 Spiritus
761 960 920 994 sanctus,
945 953 1006 998 qui
1026 960 1075 986 est

90 1016 190 1038 amor
206 1012 238 1039 et
254 1004 384 1037 laetitia
402 1004 662 1045 substantialis,
693 1010 727 1037 et
742 1005 911 1048 copulant
928 1016 993 1037 nos
1008 1004 1075 1037 sibi

90 1062 252 1089 aeternus
270 1061 366 1099 paler
382 1062 413 1088 et
431 1055 523 1088 filius
543 1053 610 1088 hoc
635 1067 697 1088 suo
714 1055 859 1099 spiritu,
886 1055 946 1100 qui
969 1055 1074 1088 talem

88 1118 242 1140 amorem
261 1114 294 1139 et
310 1106 478 1139 laetitiam
497 1106 664 1139 exuscitat
688 1105 724 1138 in
748 1106 868 1146 nobis,
895 1106 1008 1151 qualis
1025 1112 1074 1139 est

90 1157 173 1200 ipse.
226 1156 407 1190 Praecedit
429 1163 545 1190 autem
573 1154 663 1189 hanc
691 1156 860 1190 laetitiam
885 1158 988 1190 dolor
1003 1157 1074 1196 ille,

1134 389 1252 434 litica,
1276 397 1310 425 et
1330 398 1467 426 tantum
1486 400 1627 428 externa
1652 397 1781 431 scelera
1808 400 2027 443 puniuntur,
2063 403 2125 435 sed

1133 440 1264 475 Paulus
1291 441 1427 487 inquit:
1465 443 1537 477 Lex
1562 446 1772 489 spiritualis,
1807 449 1841 481 id
1862 458 1930 493 est,
1958 464 2031 485 non
2057 465 2123 497 po-

1132 491 1226 525 litica
1253 499 1412 533 tantum,
1438 495 1498 527 sed
1525 497 1678 540 postulat
1701 506 1818 533 motus
1842 501 2056 545 spirituales,
2084 504 2121 536 id

1133 549 1202 581 est,
1225 551 1460 587 congruentes
1481 557 1560 578 curn
1582 545 1657 581 Deo
1675 547 1712 580 in
1733 557 1850 583 mente
1867 559 1899 586 et
1915 554 2032 593 corde,
2061 566 2123 587 ve-

1131 605 1205 626 ram
1230 594 1344 627 lucem
1368 596 1411 628 de
1434 594 1511 629 Deo
1537 603 1571 630 et
1596 599 1776 632 ardentem
1799 601 2024 637 dilectionem
2043 603 2121 638 Dei.

1130 642 1177 678 Et
1200 644 1439 679 ministerium
1473 653 1524 680 est
1555 647 1628 689 lex,
1669 661 1740 694 quo
1772 651 1871 685 Deus
1900 651 2122 689 horribiliter

1129 696 1284 729 ostendit
1299 695 1387 729 iram
1405 708 1502 730 suam
1520 705 1640 732 contra
1659 708 1798 744 peccata
1815 701 1850 735 in
1871 705 2036 738 omnibus
2054 704 2120 738 ho-

1129 746 1308 788 minibus,
1336 747 1397 792 qui
1416 760 1487 781 non
1507 758 1710 792 congruunt
1727 764 1806 785 cum
1823 751 1916 795 Deo,
1950 755 2044 790 iuxta
2062 758 2119 789 di-

1129 803 1223 830 ctum
1246 798 1289 831 de
1312 798 1488 842 spirituali
1513 799 1662 835 iudicio:
1701 800 1798 837 Deus
1831 812 1880 839 est
1909 806 2000 849 ignis
2031 819 2119 841 con-

1128 859 1281 883 sumens.

1229 898 1330 933 Hanc
1347 900 1545 935 doctrinam
1563 903 1605 936 de
1623 903 1696 947 lege
1715 911 1747 939 et
1763 906 1806 939 de
1825 915 1981 950 peccato,
2007 922 2115 955 quam

1128 946 1184 982 hic
1208 949 1339 984 Paulus
1363 953 1505 994 recitat,
1536 954 1612 987 vult
1637 954 1732 989 Deus
1758 959 1913 1003 conspici
1937 968 1970 994 et
1994 969 2115 996 notam

1127 1011 1198 1033 esse
1215 1001 1252 1034 in
1275 1000 1451 1044 Ecclesia,
1479 1004 1557 1038 vult
1572 1004 1723 1050 intelligi
1739 1008 1832 1053 ,quid
1857 1011 1902 1044 sit
1923 1019 2115 1055 peccatum,

1127 1051 1202 1084 vult
1233 1052 1315 1085 sciri
1345 1061 1522 1087 externam
1546 1055 1770 1100 disciplinam
1809 1071 1882 1094 non
1916 1062 2114 1096 satisfacere

1126 1102 1193 1145 legi
1219 1101 1305 1145 Dei,
1339 1111 1372 1137 et
1398 1117 1470 1139 non
1503 1117 1576 1139 esse
1600 1107 1774 1141 iusticiam
1803 1121 1917 1145 coram
1944 1111 2040 1152 Deo,
2075 1121 2116 1148 ut

1125 1154 1367 1197 confugiamus
1390 1157 1433 1189 ad
1453 1157 1564 1190 filium
1580 1156 1664 1199 Dei,
1692 1166 1725 1192 et
1746 1160 1919 1196 discamus
1939 1160 2029 1198 hanc
2048 1166 2114 1198 do-

90 1208 127 1240 in
152 1220 221 1252 quo
246 1206 467 1251 agnoscimus
489 1214 690 1251 peccatum,
734 1214 767 1241 et
794 1208 963 1241 sentimus
984 1208 1071 1240 iram
1096 1206 1101 1261 1
1125 1204 1295 1245 Urinam,
1321 1207 1364 1239 de
1389 1219 1458 1251 qua
1482 1207 1613 1241 dicitur
1638 1209 1675 1242 in
1700 1208 1824 1246 Esaia:
1857 1213 1996 1249 Noticia
2021 1215 2113 1250 servi

88 1256 155 1291 Dei
180 1259 345 1291 adversus
371 1264 560 1301 peccatum.
616 1256 668 1290 De
700 1254 767 1291 hoc
790 1258 913 1291 dolore
940 1258 1072 1303 inquit:

90 1307 227 1342 Mortui
244 1308 327 1352 legi,
356 1320 424 1354 qua
443 1309 572 1353 captivi
596 1309 813 1342 tenebamur.

119 1388 226 1437 Quid
238 1390 354 1437 igilur
373 1388 532 1425 dicemus
544 1418 552 1433 ,
575 1388 677 1425 qum
697 1389 759 1424 lex
771 1396 954 1438 peccatum
971 1391 1049 1426 est-'⁷

187 1455 271 1489 Post
293 1456 546 1499 digressionem
570 1456 662 1489 redit
695 1456 739 1489 ad
764 1456 988 1491 collationem
1015 1468 1074 1491 su-

91 1518 154 1552 pra
179 1507 396 1548 institutam,
432 1508 475 1539 de
506 1513 666 1551 peccato,
702 1507 777 1550 lege
809 1515 843 1542 et
867 1509 998 1551 gratia:
1036 1520 1074 1542 ac

87 1557 273 1602 praecipue
299 1555 356 1590 hic
380 1557 611 1590 concionatur
636 1559 687 1594 ,de
711 1569 778 1591 usu
807 1559 910 1602 legis,
948 1566 988 1593 ut
1010 1557 1072 1592 has

89 1609 177 1641 duas
198 1607 385 1651 opiniones
410 1619 483 1640 non
506 1615 642 1641 tantum
670 1608 707 1640 in
727 1607 886 1651 Iudaeis,
913 1611 972 1643 sed
990 1610 1070 1643 uni-

87 1658 270 1691 versaliter
287 1658 324 1689 in
341 1658 508 1690 omnibus
524 1658 653 1691 animis
670 1656 852 1692 haerentes
869 1661 1042 1694 emendet.

192 1706 328 1741 Omnes
344 1708 437 1740 enim
456 1708 698 1751 imaginantur
712 1709 946 1753 disciplinam,
965 1723 1069 1756 quam

87 1757 195 1793 homo
218 1766 398 1804 utcunque
423 1767 598 1803 praestare
620 1766 753 1802 potest,
780 1761 976 1794 satisfacere
1003 1762 1070 1804 legi

85 1809 173 1851 Dei,
200 1816 233 1843 et
250 1821 321 1842 esse
340 1810 514 1843 iusticiam
540 1822 657 1843 coram
683 1808 780 1852 Deo,
807 1823 871 1845 nec
897 1812 992 1846 videt
1014 1824 1070 1846 ra-

86 1862 137 1895 tio
155 1861 434 1903 magnitudinem
453 1861 583 1905 peccati
601 1861 637 1893 in
657 1868 781 1895 natura
802 1859 967 1899 humana.

189 1910 322 1945 Contra
346 1923 428 1944 vero
455 1911 584 1944 Paulus
610 1909 667 1944 hic
695 1912 864 1954 affirmat,
892 1914 1070 1947 neminem

87 1963 126 1996 in
153 1960 218 1996 hac
238 1970 383 1996 naturae
414 1962 664 2006 depravatione
688 1963 756 2006 legi
780 1963 844 1997 Dei
873 1965 1071 1998 satisfacere

88 2026 209 2058 posse,
242 2019 274 2046 et
299 2010 462 2046 homines
489 2025 711 2058 nequaqnam
746 2014 856 2048 iustos
882 2027 953 2049 esse
986 2016 1071 2060 lege,

88 2065 148 2098 sed
171 2065 215 2097 ab
240 2075 278 2096 ea
302 2064 440 2096 ostendi
465 2064 552 2096 iram
582 2064 646 2098 Dei
679 2066 846 2099 adversus
882 2074 1070 2110 peccatum.

88 2113 141 2148 Ac
159 2125 212 2147 res
230 2114 303 2157 ipsa
322 2114 474 2147 ostendit
493 2114 642 2147 Paulum
658 2112 715 2149 hic
732 2128 804 2149 non
821 2117 928 2150 rixari
952 2119 995 2151 de
1015 2130 1070 2151 ce-

88 2164 274 2204 remoniis,
307 2165 366 2197 sed
393 2165 594 2198 concionari
623 2167 666 2198 de
691 2168 875 2211 decalogo,
911 2169 954 2201 de
981 2170 1072 2202 in'e-

87 2216 242 2249 rioribus
262 2215 380 2255 malis,
403 2217 445 2248 de
463 2215 617 2248 tenebris
635 2216 671 2248 in
690 2225 805 2252 mente
826 2217 1001 2260 humana,
1027 2221 1070 2253 de

87 2266 330 2306 dubitatione,
372 2267 415 2299 de
444 2266 660 2309 neglectione
690 2266 773 2309 Dei,
813 2276 846 2304 et
879 2271 1070 2315 multipIIci

89 2317 306 2352 contumacia
332 2317 369 2349 in
392 2318 496 2350 corde
520 2315 676 2351 humano
693 2319 859 2353 adversus
874 2321 1014 2363 Deum,
1038 2328 1071 2356 et

90 2369 133 2401 de
148 2366 313 2401 horribili
339 2368 471 2401 iudicio
494 2376 526 2402 et
550 2368 600 2400 ira
624 2367 689 2402 Dei
712 2371 879 2404 adversus
905 2370 989 2406 haec
1012 2373 1068 2405 in-

90 2418 217 2452 teriora
234 2419 335 2453 mala.
391 2418 474 2452 Ideo
494 2419 575 2452 citat
593 2419 702 2462 legem
720 2432 759 2453 ex
776 2422 960 2465 decalogo:
989 2423 1069 2456 Non

90 2469 329 2511 concupisces,
356 2482 424 2515 qua
447 2470 683 2514 appellatione
709 2472 880 2514 significat
904 2472 993 2507 hanc
1017 2481 1069 2508 to-

90 2526 160 2553 tam
184 2517 355 2561 ἀταξίαν,
389 2522 432 2554 de
453 2533 521 2566 qua
553 2521 644 2554 infra
671 2522 771 2556 dicit:
799 2523 929 2558 Sensus
956 2525 1069 2558 carnis

90 2570 274 2604 inimicitia
299 2578 348 2605 est
372 2572 538 2605 adversus
562 2572 692 2606 Deum.
752 2571 799 2608 Et
826 2574 990 2609 Ieremias
1013 2576 1069 2609 in—

90 2621 182 2666 quit:
217 2620 423 2656 Perversum
448 2630 497 2657 est
527 2635 588 2657 cor
614 2620 770 2658 hominis
795 2637 873 2670 erga
893 2627 1010 2662 omnia
1036 2634 1070 2662 et

90 2683 350 2706 aerumnosum.

1127 1255 1196 1287 mei
1213 1256 1418 1291 iustificabit
1434 1259 1578 1292 multos.

1229 1306 1375 1340 Summa
1399 1315 1515 1342 autem
1538 1307 1644 1343 huius
1669 1312 1885 1348 narrationis
1908 1318 1999 1360 apud
2019 1317 2112 1352 Pau-

1126 1357 1199 1390 lum
1216 1364 1284 1398 est,
1311 1359 1405 1402 quod
1426 1371 1500 1392 non
1521 1359 1631 1394 simus
1649 1361 1722 1405 lege
1742 1363 1844 1407 iusti,
1870 1373 1908 1401 ut
1924 1379 2024 1412 saepe
2041 1370 2112 1402 iam

1126 1408 1257 1441 dictum
1275 1415 1342 1449 est,
1367 1416 1401 1443 et
1418 1409 1549 1443 Paulus
1567 1413 1763 1456 exemplum
1789 1417 1832 1449 de
1854 1429 1920 1451 usu
1947 1418 2032 1463 legis
2056 1432 2114 1453 re-

1125 1459 1226 1500 citat,
1251 1470 1286 1492 se
1305 1459 1418 1504 ipsum
1440 1473 1660 1505 proponens,
1687 1465 1900 1512 rt110quitur
1915 1469 1958 1503 de
1974 1482 2009 1503 se
2026 1483 2113 1505 con-

1125 1521 1224 1543 verso
1243 1510 1311 1543 iam
1327 1513 1369 1544 ad
1382 1510 1515 1552 Deum,
1541 1520 1573 1546 et
1588 1525 1648 1546 sua
1669 1527 1815 1558 persona
1835 1526 2002 1564 tanquam
2012 1522 2111 1566 Apo-

1127 1561 1228 1598 stoli,
1256 1561 1427 1604 significat
1443 1563 1562 1595 eadem
1587 1564 1661 1597 fieri
1687 1565 1723 1597 in
1741 1568 1819 1601 aliis
1840 1570 1929 1603 vivis
1945 1573 2113 1606 memhris

1126 1609 1303 1644 Ecclesiae
1315 1639 1324 1652 ‚
1351 1613 1438 1646 sicut
1456 1614 1611 1657 exempla
1627 1616 1811 1651 universae
1826 1617 2001 1656 Ecclesiae
2017 1631 2112 1663 sunt,

1125 1663 1310 1696 conversio
1337 1661 1504 1705 Davidis,
1530 1663 1703 1700 Ezechiae
1720 1676 1752 1702 et
1770 1670 1934 1708 aliorum.

1223 1712 1271 1747 Ut
1297 1720 1412 1747 autem
1437 1716 1633 1760 exemplum
1659 1717 1717 1752 fiat
1746 1720 1902 1764 illustre,
1938 1735 2110 1768 ponamus

1121 1771 1190 1798 tres
1208 1761 1394 1799 hominum
1413 1768 1554 1809 gradus.

1223 1814 1324 1849 Unus
1342 1823 1390 1849 est
1414 1818 1628 1860 carnalium,
1655 1820 1717 1865 qui
1741 1821 1866 1858 vivunt
1889 1827 2018 1868 securi,
2047 1839 2109 1862 seu

1121 1873 1159 1900 ut
1175 1865 1360 1911 Epicurei,
1389 1879 1448 1901 seu
1474 1875 1513 1902 ut
1536 1867 1735 1913 Pharisaei,
1762 1885 1826 1907 nec
1851 1873 1982 1912 habent
2007 1891 2108 1912 veros

1122 1929 1267 1961 pavores
1285 1918 1527 1953 conscientiae.
1586 1921 1673 1955 Tale
1702 1923 1793 1957 vitae
1819 1937 1927 1969 genus
1947 1929 2109 1964 nominat

1123 1967 1179 2002 hic
1203 1968 1320 2002 vivere
1353 1969 1430 2003 sine
1460 1971 1553 2013 lege,
1587 1973 1719 2007 scilicet
1752 1975 1931 2012 iudicante
1966 1992 2026 2014 seu
2051 1992 2109 2014 ac—

1122 2027 1282 2063 cusante,
1319 2021 1400 2065 quia
1425 2020 1479 2054 lex
1502 2022 1538 2054 in
1558 2022 1628 2056 illis
1654 2026 1814 2060 nondum
1842 2026 1946 2064 habet
1973 2030 2109 2074 princi-

1123 2071 1234 2115 palem
1260 2071 1441 2113 effectum,
1474 2079 1511 2106 ut
1535 2076 1695 2108 ostendat
1714 2084 1746 2111 et
1763 2087 1898 2114 accuset
1917 2090 2108 2124 peccatum.

1121 2122 1191 2155 Lex
1214 2123 1308 2155 enim
1331 2129 1415 2155 tunc
1440 2135 1521 2157 vere
1543 2124 1615 2158 Lex
1641 2127 1788 2167 dicitur,
1824 2142 1902 2163 cum
1928 2133 1964 2165 in
1989 2141 2107 2167 mente

1123 2185 1200 2206 vere
1218 2173 1448 2216 intelligitur,
1476 2182 1507 2208 et
1532 2176 1663 2211 iudicat
1681 2186 1713 2211 et
1729 2189 1864 2216 accusat
1881 2184 2005 2225 corda,
2032 2196 2107 2218 non

1122 2236 1199 2258 cum
1215 2225 1356 2258 tabulae
1374 2226 1525 2268 pendent
1543 2227 1578 2258 in
1598 2228 1798 2271 parietibus.

1220 2274 1403 2309 Secundus
1426 2278 1554 2319 gradus
1577 2285 1625 2311 est
1650 2290 1790 2321 eorum,
1817 2282 1878 2327 qui
1897 2285 2108 2328 opprimun-

1121 2333 1179 2359 tur
1201 2327 1394 2360 terroribus
1425 2334 1456 2360 et
1488 2329 1700 2362 cruciatibus
1730 2334 1983 2376 conscientiae,
2017 2337 2107 2372 sicut

1121 2376 1224 2410 Iudas
1240 2384 1273 2410 et
1289 2377 1387 2411 Saul.
1427 2377 1473 2411 Hi
1495 2380 1576 2423 quia
1594 2392 1666 2412 non
1684 2382 1833 2417 audiunt
1850 2397 1969 2419 vocem
1985 2386 2107 2421 Evan-

1120 2427 1219 2470 gelii,
1251 2429 1483 2462 succumbunt
1516 2429 1552 2462 in
1587 2428 1640 2463 his
1673 2434 1868 2468 terroribus
1890 2443 1922 2470 et
1947 2439 2106 2472 sentiunt

1121 2490 1155 2511 se
1175 2479 1355 2520 damnari,
1380 2480 1459 2513 ideo
1484 2477 1698 2526 hicjnquit:
1729 2482 1901 2520 Veniente
1925 2487 1998 2531 lege
2023 2501 2106 2533 pec-

1120 2536 1235 2563 catum
1259 2530 1404 2570 revixit,
1433 2531 1466 2563 id
1487 2538 1557 2571 est,
1583 2532 1697 2575 coepit
1716 2545 1788 2568 esse
1809 2537 1942 2579 efficax,
1970 2546 2002 2573 et
2020 2537 2104 2573 hor-

1121 2581 1217 2613 ribili
1237 2587 1371 2614 terrore
1390 2593 1445 2614 me
1469 2582 1659 2624 oppressit,
1687 2591 1721 2618 et
1742 2597 1804 2629 ego
1832 2596 1993 2622 mortuus
2015 2602 2105 2626 sum.

1120 2630 1195 2664 Nisi
1211 2631 1303 2664 enim
1321 2630 1452 2665 Paulus
1468 2632 1657 2668 audivisset
1676 2647 1794 2670 vocem
1812 2636 2014 2683 Evangelii,
2032 2641 2104 2685 ipse

1122 2694 1262 2728 quoque
1278 2682 1436 2726 periisset
1464 2682 1500 2716 in
1519 2680 1573 2718 his
1591 2687 1800 2725 terroribus.
