2415 2942
69 110 119 146 65
489 110 571 147 ΧΠ.

70 196 280 240 voluptateS.
331 192 420 228 Cum
444 194 552 237 igitur
574 193 632 229 hic
652 195 691 228 fit
706 195 838 228 mentio
854 195 960 228 unius
977 206 1064 228 one-

71 247 137 287 ris,
189 245 322 279 scilicet
349 245 509 289 inopiae,
557 253 689 279 caetera
722 246 825 278 etiam
859 245 1062 287 cogitemus,

69 304 103 330 et
117 296 224 330 simul
240 307 378 329 causam
399 298 681 335 consideremus,
709 297 803 339 quod
825 296 986 328 videlicet
1003 307 1062 338 ge-

69 359 135 381 nus
160 345 356 380 humanum
384 348 578 380 subiectum
597 347 640 379 sit
659 346 862 388 ingentibus
881 346 1060 378 aerumnis

71 404 215 441 propter
240 404 437 440 peccatum,
473 398 567 441 quod
591 397 691 429 Deus
715 397 799 429 velit
824 408 888 429 nos
914 398 1059 429 obedire

68 449 106 482 in
131 446 186 481 his
208 448 441 491 perferendis;
468 447 607 492 querela
633 447 740 489 igitur
763 444 820 485 bic
843 447 964 479 anxiae
984 460 1058 479 ma-

67 499 284 533 trisfamilias
318 498 548 538 describitur,
583 509 661 530 cum
691 498 807 542 inquit
830 505 957 530 mater:
996 498 1056 530 Yi-

70 562 156 584 num
173 561 246 582 non
264 546 404 580 habent.

171 598 312 632 Tertius
334 598 450 637 locus,
476 609 555 630 cum
573 595 736 632 Christus
759 599 861 631 sarcit
886 598 1056 645 inopiam,

69 656 213 683 testatur
228 647 343 682 Deum
361 650 480 682 adesse
497 648 685 691 coniugum
704 649 900 687 aerumnis,
929 661 1055 694 easque

66 700 192 734 lenire.
243 698 452 742 Exemplum
475 698 582 741 igitur
604 700 854 733 transferamus
871 701 914 733 ad
933 712 1055 733 omnes

67 751 300 785 difficultates.
360 749 443 783 Ideo
469 750 562 782 enim
591 748 645 783 his
670 751 817 784 subiecti
844 763 984 791 sumus,
1016 757 1055 784 ut

65 812 295 845 agnoscamus
318 808 516 844 peccatum,
545 813 710 834 vocemur
727 803 769 834 ad
788 802 1054 845 poenitentiam,

66 853 240 895 erigamus
269 864 334 885 nos
363 852 449 892 fide,
486 851 694 885 invocemus
716 852 851 893 Deum,
886 859 919 885 et
944 853 988 884 ab
1013 864 1053 885 eo

65 910 242 948 petamus,
290 914 487 946 speremus.
533 914 572 935 ac
612 910 831 946 expectemus
870 903 1054 941 auxilium,

65 965 217 998 eumque
254 953 469 986 celebremus
506 954 745 994 conditorem,
793 953 1054 997 opitulatorem,

66 1004 293 1043 salvatorem,
329 1010 367 1036 ut
398 1011 431 1037 et
461 1004 521 1036 alii
548 1016 626 1037 eum
649 1012 860 1047 agnoscant,
896 1005 1054 1043 timeant,

64 1062 98 1089 et
123 1055 287 1088 invocare
314 1055 461 1089 discant.
517 1053 567 1087 lta
594 1055 705 1098 prima
722 1054 875 1088 Ecclesia
900 1063 948 1088 est
969 1067 1052 1088 con-

65 1106 186 1148 iugum
219 1106 382 1142 societas,
414 1106 451 1137 in
478 1103 543 1138 hac
569 1106 643 1138 vult
667 1104 762 1138 Deus
786 1106 960 1149 conspici,
997 1106 1049 1137 in-

65 1156 185 1189 vocari
223 1163 256 1189 et
291 1156 475 1190 celebrari.
550 1154 618 1188 Hic
656 1156 764 1198 igitur
802 1157 1051 1200 promissiones

65 1207 356 1250 contemplemur.
415 1205 545 1240 Psalm.
568 1205 648 1240 34.:
682 1206 763 1239 Non
788 1214 838 1240 est
864 1207 983 1254 inopia
1007 1207 1052 1239 ti-

64 1257 242 1291 mentibus
266 1269 358 1291 eum.
426 1256 495 1290 Sed
520 1258 661 1300 proprie
685 1259 729 1289 ad
751 1258 915 1300 coniuges
944 1257 1048 1300 perti-

65 1315 125 1341 net
158 1308 286 1343 Psalm.
319 1308 402 1343 138.
456 1305 547 1340 Ecce
583 1309 630 1340 sic
667 1308 895 1341 benedicetur
932 1305 1051 1347 homo,

64 1359 124 1402 qui
140 1359 238 1391 timet
255 1359 450 1391 dominum.
504 1357 598 1390 Haec
615 1371 680 1391 vox
698 1365 842 1392 testatur
859 1357 971 1391 Deum
989 1360 1048 1391 ad-

65 1421 137 1442 esse
162 1409 228 1453 piis
254 1409 388 1442 maritis
414 1416 447 1441 et
470 1409 659 1449 matronis,
688 1417 721 1442 et
743 1410 885 1454 quidem
906 1410 1050 1442 benedi-

65 1472 141 1493 cere
172 1460 261 1499 iltis,
296 1459 332 1491 id
368 1466 435 1499 est,
469 1460 607 1500 favere,
640 1461 722 1492 dare
747 1460 923 1497 sobolem,
957 1460 1049 1493 tueri

62 1511 232 1551 familias,
258 1510 425 1543 adiuvare
441 1510 552 1543 officia
572 1510 779 1550 vocationis,
803 1519 876 1543 tum
896 1512 931 1543 in
948 1523 1049 1544 oeco-

64 1562 202 1602 nomia,
236 1568 310 1595 tum
341 1561 379 1593 in
410 1562 553 1609 politia,
591 1562 690 1595 uxori
721 1562 942 1594 foecunditas
967 1574 1051 1606 pro—

63 1613 232 1646 mittitur:
259 1610 356 1646 Uxor
373 1619 430 1645 tua
447 1612 535 1646 sicut
553 1613 633 1645 vitis
650 1614 846 1645 abundans.
896 1612 1051 1646 Promit—

65 1663 152 1696 titur
176 1669 209 1696 et
233 1663 369 1695 soboles
390 1663 520 1695 florens
540 1663 675 1696 viribus
695 1664 870 1707 corporis,
898 1671 930 1696 et
946 1664 1050 1706 spiri-

65 1721 123 1754 tu,
150 1713 240 1745 sicut
264 1714 424 1745 novellae
451 1714 637 1747 olivarum.
691 1714 916 1748 promittitur
940 1715 1050 1747 setici-

65 1771 118 1798 tas
145 1764 183 1797 in
206 1763 330 1795 officiis
353 1763 565 1796 vocationis:
604 1764 756 1796 Labores
778 1777 946 1797 manuum
972 1772 1050 1798 tua-

66 1827 144 1847 rum
171 1814 253 1859 quia
277 1814 525 1853 manducabis,
554 1814 675 1846 beatus
699 1826 750 1854 es,
778 1815 814 1846 id
833 1822 900 1855 est,
927 1816 1053 1848 efficiet

65 1864 179 1902 Deus,
214 1871 252 1897 ut
276 1864 404 1896 fruaris
429 1864 609 1896 laboribus
634 1864 720 1901 tuis,
757 1863 884 1898 babeas
909 1865 1052 1905 victum,

65 1926 242 1949 successus
271 1914 308 1946 in
341 1914 411 1947 vita
438 1915 572 1957 privata
599 1923 630 1948 et
657 1916 809 1957 publica.
870 1915 1050 1949 Postremo

66 1967 170 2009 longe
201 1965 350 2008 amplius
378 1977 508 1998 munus
540 1965 778 2012 promittitur,
814 1967 1052 2011 tranquillitas

65 2018 224 2064 publica,
260 2027 325 2059 pax
348 2022 382 2049 et
407 2016 621 2049 diuturnitas
644 2017 795 2060 imperii.
854 2016 950 2050 Haec
976 2029 1050 2050 ma-

65 2083 132 2115 gna
163 2081 217 2102 res
240 2079 305 2102 est:
341 2066 474 2101 Vident
500 2067 549 2111 pii
575 2067 758 2110 coniuges,
794 2068 899 2100 miras
923 2079 996 2100 esse
1019 2076 1053 2101 ct

66 2121 291 2168 quotidianas
320 2119 530 2152 mutationes
555 2130 764 2160 regnorum,
796 2119 896 2151 facile
921 2119 1052 2163 ubique

65 2173 152 2207 oriri
168 2171 258 2205 bella
270 2197 279 2211 ‚
309 2170 437 2214 quibus
454 2169 545 2201 cives
564 2169 788 2202 excutiuntur
805 2182 844 2202 ex
865 2171 1052 2213 possessio-

65 2224 189 2261 nibuS,
226 2219 473 2255 distrahuntur
502 2220 688 2261 coniuges,
717 2221 920 2253 avelluntur
949 2221 1052 2254 liberi

66 2287 85 2309 a
104 2273 288 2318 complexu
308 2278 512 2316 parentum,
540 2271 756 2314 dissipantur
774 2269 967 2311 Ecclesiae,
995 2284 1052 2304 ex-

65 2325 240 2368 tinguitur
263 2323 392 2356 noticia
412 2321 494 2362 Dei,
523 2333 562 2354 ac
586 2321 706 2355 vident
730 2322 902 2366 sapientes
920 2329 1051 2355 tantam

67 2388 137 2410 esse
170 2374 443 2408 inconstantiam
470 2369 588 2405 reruni
612 2370 868 2414 lmumuarum,
905 2380 942 2406 ut
969 2385 1053 2406 nus-

68 2439 172 2472 quam
197 2426 240 2459 sit
264 2426 432 2458 diuturna
454 2432 487 2458 et
501 2431 592 2457 certa
614 2424 862 2468 tranquillitas.
919 2423 1054 2458 Conso-

69 2479 161 2511 latur
192 2489 273 2520 ergo
304 2475 464 2509 Psalmus
493 2475 569 2519 pios
601 2475 785 2517 coniuges,
823 2482 855 2507 et
886 2482 1053 2520 tanquam

69 2540 190 2561 muros
211 2535 245 2561 et
269 2539 381 2560 arcem
402 2533 582 2566 extruens,
614 2526 800 2568 pollicetur
818 2526 974 2558 divinam
994 2527 1054 2559 de-

69 2579 282 2618 fensionem,
325 2578 372 2621 pii
412 2577 576 2619 coniuges
613 2584 714 2610 erunt
746 2577 829 2617 tuti,
873 2578 1056 2619 posteritas

69 2641 192 2663 eorum
211 2627 354 2661 habebit
378 2629 513 2672 aliquas
536 2629 652 2667 sedes,
687 2628 845 2672 politias,
872 2625 1056 2666 Ecclesias,

69 2688 107 2714 ut
136 2677 316 2713 leelionias
345 2680 593 2721 obtemperans
623 2677 810 2719 Ieremiae,
844 2678 971 2713 mansit
1000 2678 1055 2711 in-
1079 2695 1083 2702 ’

121 2734 301 2764 Mummi.
332 2732 432 2763 Oeen.
459 2732 539 2761 Vox„
571 2731 647 2761 XV.

625 107 924 146 ENARRATIO
953 108 1002 143 IN
1030 107 1213 146 EVANG.
1244 107 1456 146 IOANNIS.
1509 111 1613 147 CAP.
1645 113 1688 149 11.

1076 2400 1080 2448 Ι

2056 119 2104 152 66

1116 195 1284 235 columis,
1319 209 1521 241 quanquam
1556 198 1593 230 in
1626 198 1751 240 exilio,
1787 198 1910 235 habuit
1936 209 1969 236 et
1990 203 2099 236 filium

1114 257 1366 286 successorem,
1400 248 1454 280 cui
1480 249 1617 282 reddita
1642 256 1691 283 est
1716 252 1827 294 patria
1853 253 1961 286 sedes·
2017 252 2100 286 Ideo

1114 292 1171 327 hic
1195 296 1329 339 inquit:
1362 297 1489 331 Videas
1513 299 1604 332 filios
1628 301 1780 334 filiorum
1801 310 1962 343 tuorum,
1990 311 2021 336 et
2040 316 2099 347 pa-

1113 357 1186 377 cem
1212 357 1317 389 super
1342 346 1463 380 Israel.
1536 349 1601 382 l—tis
1624 353 1917 394 promissionibus
1942 354 1988 397 pii
2015 367 2098 387 con-

1113 395 1208 437 iuges
1225 407 1259 428 se
1277 398 1522 437 consolentur,
1551 407 1581 432 et
1599 404 1741 436 credant
1758 415 1792 436 se
1808 416 1911 437 curae
1929 417 1999 437 esse
2012 404 2098 444 Deo,

1112 447 1254 478 defendi
1279 455 1311 480 et
1336 448 1449 480 iuvari
1476 450 1518 480 ab
1543 462 1595 484 eo.
1648 451 1750 486 Certe
1771 462 1925 497 tempora
1944 468 2008 488 nos
2026 456 2096 498 ipsa

1110 497 1307 537 adiuvent,
1324 505 1363 532 ut
1386 495 1448 531 has
1474 501 1731 535 consolationes
1754 517 1974 548 quaeramus.
2030 507 2098 539 Yi-

1109 548 1232 580 demus
1257 549 1351 581 enim
1376 550 1496 581 omnia
1521 562 1626 593 regna
1645 553 1775 597 ubique
1796 556 1927 597 magnis
1945 558 2097 590 motibus

1110 599 1269 639 concuti,
1306 600 1398 633 inter
1427 597 1491 633 hos
1521 609 1636 635 motus
1668 610 1783 636 tamen
1814 603 1907 638 Deus
1931 604 2096 640 Ecclesiis

1108 649 1262 693 aliquam
1297 652 1412 683 sedem
1445 652 1608 685 servabit.

1108 700 1273 742 coniuges
1292 708 1324 734 et
1344 701 1476 746 aliquas
1495 703 1647 745 politiaS.

1687 653 1849 690 Servabit
1884 656 1991 699 igitur
2021 659 2095 701 pios

1209 774 1366 817 Quartus
1399 776 1496 809 locus
1527 784 1578 811 est
1609 778 1651 811 de
1684 777 1919 816 Invocatione.
1986 783 2093 818 Matri

1107 826 1349 869 interpellanti
1379 828 1514 860 duriter
1543 830 1733 872 respondet
1764 831 1876 872 filius,
1918 834 1988 867 imo
2018 848 2091 868 eam

1107 877 1205 921 quasi
1237 877 1385 910 alienam
1416 879 1568 911 aversari
1602 880 1749 916 videtur.
1817 881 1979 918 Primum
2012 884 2094 919 haec

1106 939 1208 960 causa
1227 935 1292 960 est:
1323 927 1412 970 Quia
1431 929 1511 967 illa,
1541 942 1628 974 quae
1646 933 1687 963 ad
1709 933 1926 967 vocationem
1945 935 2094 971 Messiae

1106 979 1348 1021 pertinebant,
1379 992 1448 1011 non
1474 981 1549 1012 vult
1575 982 1762 1023 gubernari
1780 981 1943 1018 humanis
1959 988 2094 1022 affccti—

1106 1031 1170 1062 bus
1196 1029 1315 1063 matris
1341 1036 1374 1063 et
1397 1030 1565 1071 aliorum,
1592 1033 1683 1066 sicut
1707 1034 1790 1066 alibi
1817 1035 1914 1070 dicit:
1952 1037 2092 1072 Nescie*

1106 1081 1195 1113 batis
1214 1093 1267 1113 me
1284 1088 1445 1124 oportere
1461 1081 1498 1113 in
1514 1083 1663 1128 negotiis
1680 1095 1751 1116 esse
1767 1085 1833 1117 mei
1851 1088 1968 1129 patris.
2022 1090 2092 1124 De-

1106 1132 1188 1163 iude
1213 1138 1245 1164 et
1264 1129 1331 1163 boc
1349 1133 1390 1163 de
1411 1132 1495 1174 ipsis
1515 1133 1702 1175 coniugum
1723 1137 1901 1169 aerumnis
1919 1139 2091 1181 significa-

1105 1189 1182 1222 tur,
1216 1193 1316 1224 saepe
1349 1181 1514 1223 coniuges
1546 1190 1648 1216 orant
1681 1184 1789 1217 levari
1821 1194 1952 1222 certum
1984 1202 2093 1234 genus

1105 1232 1283 1271 miseriae,
1312 1243 1374 1264 nec
1392 1238 1508 1264 tamen
1527 1233 1644 1266 subito
1663 1234 1853 1278 impetrant
1871 1238 2092 1284 levationem,

1106 1283 1177 1314 imo
1201 1282 1378 1315 interdum
1403 1290 1564 1317 crescunt
1585 1284 1817 1322 difficultates,
1870 1288 1958 1324 Cum
1976 1292 2092 1327 Abra-

1107 1331 1186 1365 ham
1211 1334 1395 1365 extrudere
1415 1334 1525 1366 filiuni
1546 1333 1668 1370 ismael
1687 1344 1718 1370 et
1739 1346 1882 1372 matrem
1900 1342 1972 1375 eius
1991 1356 2090 1387 coge-

1107 1391 1220 1421 retur,
1248 1384 1284 1415 in
1312 1391 1443 1428 quanto
1470 1386 1591 1418 dolore
1618 1387 1709 1420 suit‘?
1761 1388 1868 1430 Item,
1897 1401 2029 1437 quanto
2056 1397 2092 1429 in

1106 1436 1201 1467 luctu
1221 1435 1286 1467 suit
1307 1434 1408 1467 Iacob
1428 1436 1576 1469 extincta
1593 1436 1746 1479 Rachel,
1774 1441 1856 1474 item
1876 1444 2002 1477 amisso
2020 1446 2091 1480 filio

1110 1483 1258 1528 loseph?
1312 1484 1464 1520 Exaudit
1489 1488 1583 1521 Deus
1616 1496 1694 1522 vota
1725 1497 1757 1523 et
1780 1493 1927 1534 gemitus
1952 1496 2090 1538 piorum

1105 1536 1312 1578 coniugum,
1341 1549 1469 1582 eosque
1485 1538 1696 1572 mirabiliter
1712 1550 1841 1582 servat,
1867 1547 2002 1578 tametsi
2021 1561 2090 1581 non

1105 1587 1225 1620 omnia
1259 1588 1445 1627 eveniunt,
1479 1602 1567 1633 quae
1597 1591 1747 1633 petimus
1777 1600 1836 1626 aut
1867 1602 1905 1628 ut
1930 1598 2090 1639 petimus.

1106 1638 1189 1672 Seni
1214 1637 1317 1671 Iacob
1351 1639 1510 1672 redditur
1537 1639 1677 1684 loseph,
1712 1654 1804 1676 anno
1821 1645 1881 1680 25.
1908 1655 2089 1692 postquam

1105 1690 1218 1721 suerat
1235 1689 1392 1723 amissus.
1447 1689 1575 1723 Davidi
1592 1693 1737 1726 omnino
1756 1707 1826 1727 non
1846 1705 2004 1732 servatur
2018 1699 2094 1733 Ab„

1107 1740 1219 1774 solon.
1278 1738 1379 1772 Hanc
1413 1741 1614 1775 varietatem
1648 1744 1696 1786 pii
1728 1746 1966 1788 considerent,
2010 1755 2091 1796 quia

1106 1790 1200 1823 Deus
1216 1802 1279 1822 nos
1298 1803 1369 1823 non
1384 1786 1552 1825 humanis
1569 1794 1724 1827 consiliis
1743 1797 1845 1840 regit,
1873 1800 1930 1832 sed
1950 1812 2031 1843 suo,
2060 1811 2093 1837 et

1108 1841 1200 1878 vult,
1236 1847 1274 1874 ut
1304 1842 1371 1874 fide
1403 1854 1442 1875 ex
1469 1842 1544 1887 ipso
1571 1846 1795 1887 pendeamus.
1854 1848 1996 1892 Servat,
2032 1858 2090 1887 sed

1106 1891 1210 1933 longe
1240 1892 1360 1932 aliter,
1402 1905 1506 1937 quam
1538 1906 1602 1927 nos
1637 1897 1908 1933 somniabamuS.
1975 1903 2092 1937 Moses

1107 1942 1257 1974 educens
1290 1943 1460 1986 populum
1495 1956 1533 1977 ex
1559 1946 1738 1990 Aegypto,
1774 1961 1992 1996 nequaquam
2018 1955 2092 1988 fore

1107 1993 1291 2035 cogitavit,
1325 2000 1363 2026 ut
1395 2001 1489 2027 tanta
1517 1997 1706 2030 multitudo
1730 2000 1805 2032 sine
1830 2004 1930 2035 certis
1951 2006 2092 2039 sedibus

1107 2044 1143 2075 in
1167 2045 1303 2076 deserto
1329 2043 1378 2077 40
1405 2046 1508 2078 annis
1534 2056 1733 2091 vagaretur,
1763 2058 1794 2084 et
1818 2059 1933 2086 tamen
1952 2052 2009 2088 hic
2028 2058 2093 2089 mi-

1108 2095 1266 2127 rabiliter
1283 2103 1455 2132 servatur.

1207 2169 1303 2203 Haec
1326 2178 1376 2204 est
1399 2172 1498 2205 utilis
1524 2175 1683 2208 doctrina
1711 2177 1776 2220 piis
1800 2178 1835 2210 in
1853 2183 2094 2224 corporalibus

1107 2221 1296 2261 aerumnis,
1323 2229 1361 2255 ut
1377 2223 1487 2257 sciant
1504 2236 1538 2257 se
1555 2238 1625 2258 non
1643 2235 1824 2270 propterea
1841 2231 1994 2266 abiectos
2010 2247 2094 2276 esse,

1107 2272 1243 2306 etiamsi
1270 2285 1341 2304 non
1364 2275 1459 2308 venit
1481 2273 1564 2316 hoc,
1593 2279 1685 2319 quod
1706 2279 1850 2314 mallent
1868 2281 1946 2325 ipsi.
1999 2284 2094 2320 Deus

1107 2323 1201 2355 enim
1220 2323 1354 2356 etiamsi
1373 2325 1448 2358 vult
1465 2338 1528 2358 nos
1545 2327 1662 2370 aliquo
1680 2336 1773 2361 certo
1791 2342 1915 2373 genere
1933 2339 2094 2378 exerceri,

1108 2381 1225 2407 tamen
1251 2374 1391 2407 interim
1414 2388 1484 2408 non
1506 2377 1651 2415 deserit,
1680 2386 1712 2411 et
1729 2379 1798 2414 alio
1817 2384 1921 2416 modo
1940 2397 2004 2418 nos
2024 2400 2095 2421 ser-

1108 2433 1176 2459 vat.
1236 2423 1468 2459 permittebat
1498 2427 1606 2460 everti
1640 2426 1910 2476 lerosolymam,
1952 2439 2093 2479 perduci

1110 2476 1185 2520 pios
1201 2475 1419 2521 Babylonem
1431 2505 1439 2517 ,
1466 2484 1498 2510 et
1518 2478 1567 2510 ibi
1583 2490 1641 2511 eos
1658 2481 1790 2515 maiore
1807 2484 1917 2525 gloria
1938 2491 2096 2528 ornabat¹

1110 2539 1216 2571 quam
1248 2526 1387 2570 qualem
1419 2528 1516 2560 domi
1541 2526 1748 2565 habuerant.
1816 2533 1912 2568 Haec
1936 2539 2096 2573 doctrina

1112 2578 1240 2621 pariter
1264 2578 1307 2610 de
1325 2579 1545 2619 obedientia,
1571 2588 1604 2613 et
1622 2581 1663 2613 de
1682 2582 1749 2615 fide
1768 2586 2016 2628 concionatur,
2044 2592 2097 2623 iu-

1110 2630 1167 2661 bet
1193 2635 1344 2662 statuere
1364 2631 1458 2673 quod
1477 2628 1552 2663 Deo
1570 2643 1672 2664 curae
1690 2634 1818 2675 simus,
1846 2645 1878 2669 et
1897 2640 1941 2671 ab
1960 2652 1998 2672 eo
2016 2653 2098 2684 pro-

1112 2686 1291 2722 tegamur,
1321 2686 1353 2712 et
1377 2686 1492 2713 tamen
1509 2682 1664 2726 perferre
1681 2684 1843 2730 interim,
1870 2688 1897 2721 si
1915 2702 2003 2733 quae
2021 2701 2102 2727 sunt

1594 2731 1617 2768 5
