2415 2942
81 119 155 157 989
367 119 468 158 XIII.

84 207 255 242 suscitatis
278 207 356 240 aliis
368 234 376 248 ,
404 219 439 241 se
456 208 679 241 redditurum
696 219 768 241 esse
785 207 892 241 vitam
912 204 1068 240 homini-

86 260 170 300 bus,
198 265 229 292 et
247 258 484 292 iudicaturum
504 271 576 292 esse
594 270 714 292 omnes
732 256 904 293 homines.

184 316 280 350 Haec
296 318 443 361 simplex
461 318 635 351 enarratio
654 316 965 350 ostenditPaulum
983 327 1067 349 con-

81 368 184 401 cinne
209 369 489 402 accommodasse
511 368 670 412 generale
693 368 825 401 dictum
849 368 891 400 de
909 367 1015 399 verbo
1034 373 1067 399 et

82 419 149 452 fide
177 420 219 451 ad
254 417 319 452 hoc
345 420 514 458 verbum,
545 426 577 452 et
601 419 642 451 ad
668 418 770 450 fidem
796 419 839 450 de
863 417 1065 451 mediatore.

82 470 133 503 Ac
164 470 216 502 illi
247 470 389 514 quidem
403 497 412 511 ‚
454 470 515 515 qui
546 476 637 502 recte
670 468 915 511 intelligebant
944 468 1066 510 legem,

79 520 235 553 sciebant
254 521 288 553 in
309 521 382 564 lege
399 520 587 563 significari
615 519 862 559 mediatorem,
893 526 925 552 et
949 519 1063 551 statim

80 571 182 604 initio
200 571 325 604 editam
345 583 416 604 esse
434 570 702 614 promissionem
720 569 850 612 gratiae
871 571 913 602 de
931 570 1065 602 media—

82 629 175 661 tore,
194 634 256 654 nec
274 633 374 666 posse
392 621 524 654 incoari
542 621 796 660 obedientiam,
817 621 885 653 nisi
904 621 939 653 in
958 621 1062 652 corde

77 673 274 715 praeluceat
293 673 358 704 fide
374 672 545 715 accipiens
569 671 912 713 reconciliationem,
946 678 979 704 et
1006 682 1061 703 ac-

76 724 200 756 cedens
217 724 258 755 ad
278 723 390 756 Deum
409 722 535 755 fiducia
553 721 769 756 mediatoris.

275 819 392 868 Prope
409 824 458 854 est
476 818 618 854 verbum
641 819 679 853 in
698 832 757 854 ore
777 824 849 856 tuo.

175 898 287 931 Antea
322 895 505 941 prohibuit
538 896 797 930 dubitationes:
843 896 894 930 Ne
919 896 1060 937 dixeris,

76 948 165 991 Quis
190 949 350 981 ascendet
375 949 410 980 in
439 948 575 981 coelum
595 954 659 982 etc.
712 948 814 981 Nunc
837 948 936 981 addit
959 949 1059 980 adse-

76 999 289 1032 verationem
304 1026 312 1039 ‚
341 1006 373 1032 et
391 1010 548 1042 expresse
565 999 706 1032 deducit
724 1011 788 1032 nos
805 1000 847 1032 ad
868 999 1014 1032 verbum
1040 1010 1058 1031 a

74 1050 152 1083 Deo
178 1050 365 1090 traditum,
392 1057 423 1083 et
449 1049 547 1094 loqui
570 1061 648 1082 eum
674 1050 718 1082 de
742 1050 849 1083 verbo
874 1050 1056 1094 patefacto,

72 1101 166 1145 quod
185 1101 329 1134 auribus
346 1107 378 1133 et
403 1100 677 1142 cogitationibus
704 1101 911 1144 accipimus,
943 1101 1057 1133 mani—

72 1152 196 1184 festum
215 1159 282 1192 est,
311 1151 392 1196 quia
419 1151 552 1195 inquit:
584 1151 741 1184 Verbum
761 1153 854 1196 quod
875 1158 924 1185 est
942 1151 979 1185 in
996 1163 1056 1184 ore

71 1209 145 1236 tu0.
181 1201 304 1235 Postea
322 1202 454 1246 inquit:
482 1201 672 1244 Quomodo
691 1203 957 1245 praedicabunt,
985 1202 1054 1235 nisi

71 1253 167 1285 missi
191 1252 334 1286 fuerint.
397 1252 449 1285 Ac
474 1264 593 1285 verum
619 1260 667 1285 est
696 1250 778 1285 huic
803 1254 911 1286 verbo
941 1253 1054 1286 vocali

70 1305 188 1336 adesse
213 1304 326 1347 ipsum
352 1303 463 1335 filium
483 1302 547 1335 Dei
575 1299 704 1350 λόγον,
730 1310 761 1336 et
790 1315 851 1347 per
877 1316 995 1336 vocem
1016 1305 1053 1336 in

70 1354 234 1387 cordibus
259 1354 428 1386 efficacem
458 1365 547 1394 esse,
582 1361 615 1386 et
644 1364 788 1397 regnare
822 1355 859 1386 in
886 1353 1052 1394 Ecclesia,

70 1405 158 1438 sicut
186 1404 272 1437 alibi
294 1405 439 1437 dicitur:
474 1403 708 1446 Evangelium
732 1411 782 1438 est
808 1405 963 1447 potentia
986 1404 1053 1437 Dei

68 1457 110 1488 ad
138 1455 285 1488 salutem
310 1462 373 1488 etc.
433 1453 537 1488 Item:
566 1453 640 1497 Ego
668 1455 776 1488 vitam
802 1462 979 1488 aeternam
1007 1457 1051 1488 do

67 1507 116 1538 eis
132 1512 196 1539 etc.
258 1506 363 1539 Item:
396 1504 580 1539 Sanctifica
604 1517 661 1538 eos
687 1505 724 1538 in
746 1505 908 1547 veritate,
937 1518 1050 1539 sermo

66 1564 147 1591 tuus
164 1563 213 1591 est
231 1557 368 1590 veritas.

272 1651 390 1690 Corde
409 1655 566 1691 creditur
586 1656 641 1691 ad
653 1657 848 1692 iusticiam.

167 1733 269 1767 Nunc
305 1733 456 1766 absolvit
488 1731 679 1767 antithesin
723 1734 860 1767 iusticia
896 1734 981 1777 legis
1018 1741 1049 1768 et

66 1785 222 1820 iusticiae
249 1785 345 1824 fidei,
370 1784 430 1817 ubi
456 1785 678 1818 definitiones
703 1785 870 1830 utrinque
891 1786 1047 1829 pruden-

65 1845 119 1871 ter
135 1836 410 1870 considerandae
425 1842 517 1869 sunt.

166 1895 305 1929 Iusticia
324 1894 409 1937 legis
427 1901 477 1927 est
492 1895 603 1927 facere
622 1895 745 1937 legem,
771 1901 810 1928 ut
828 1907 931 1939 supra
949 1895 1049 1931 dixit.

64 1946 132 1980 Hic
148 1958 261 1980 sermo
287 1952 334 1978 est
353 1943 522 1989 νομικὸς,
550 1952 581 1978 et
600 1946 784 1979 imitantur
802 1944 895 1979 hunc
914 1957 1048 1979 sermo-

64 2010 143 2030 nem
164 1998 304 2041 politica
322 1998 538 2029 consuetudo
556 2003 588 2029 et
607 1994 831 2040 philosophia
849 1998 890 2030 de
910 1997 1047 2031 iusticia

63 2048 272 2087 universali,
299 2053 337 2080 ut
355 2045 535 2090 Theognis
553 2059 693 2092 quoque
711 2048 813 2080 dicit:

202 2103 323 2133 Iusticia
346 2102 375 2131 iu
398 2112 465 2132 sese
489 2103 614 2132 virtutes
638 2103 768 2133 continet
793 2113 906 2134 omnes.

166 2164 438 2207 Intelligendum
454 2172 504 2198 est
521 2171 635 2198 antem
654 2167 843 2199 discrimen
871 2167 963 2200 inter
989 2165 1044 2200 iu-

61 2217 194 2253 sticiam
212 2216 297 2259 legis
315 2222 346 2249 et
366 2215 539 2248 iusticiam
557 2216 646 2251 fidei.

161 2285 230 2319 Sed
255 2284 391 2317 iusticia
416 2282 496 2317 fidei
521 2290 569 2316 est
595 2286 734 2318 credere
759 2285 796 2318 in
824 2283 919 2319 hunc
939 2283 1043 2319 Chri-

63 2345 152 2371 stum
173 2336 283 2369 filium
301 2334 366 2368 Dei
392 2335 594 2368 crucifixum
619 2342 652 2368 et
676 2337 917 2370 resuscitatum
932 2363 939 2377 ‚
967 2349 1039 2369 non

62 2387 234 2428 otiosum,
269 2387 325 2419 sed
359 2393 581 2429 regnantem,
623 2394 766 2431 propter
796 2399 898 2432 quein
924 2394 957 2420 et
981 2400 1041 2431 per

62 2450 165 2483 quem
185 2449 262 2471 vere
278 2437 466 2481 accipimus
493 2438 672 2471 credentes
694 2438 934 2471 remissionem
960 2450 1038 2481 pec-

62 2496 236 2529 catorum,
259 2488 598 2529 reconciliationem,
614 2501 673 2522 seu
691 2489 962 2532 imputationem
982 2490 1037 2521 iu-

62 2540 199 2579 sticiae,
237 2539 527 2581 vivificationem,
569 2547 601 2573 et
628 2541 857 2574 donationem
882 2539 1036 2582 Spiritus

60 2590 171 2624 sancti
187 2596 220 2623 et
238 2590 327 2623 vitae
343 2597 512 2625 aeternae.
564 2589 660 2624 Haec
685 2591 778 2624 enim
803 2588 1034 2633 comprehen-

58 2642 110 2676 dit
128 2641 258 2674 Paulus
282 2652 360 2674 cum
379 2641 444 2674 ait:
477 2641 516 2675 Si
534 2642 710 2676 confessus
732 2642 840 2675 fueris
867 2640 960 2675 hunc
980 2640 1033 2675 Ie—

59 2705 135 2726 sum
165 2703 235 2726 esse
260 2689 472 2735 Dominum,
506 2693 542 2726 id
569 2700 621 2728 est.
671 2700 895 2738 regnantem,
930 2692 1029 2727 colli-

520 120 554 156 3.
580 118 877 158 ENARRATIO
904 119 1056 156 EPtST.
1081 114 1229 154 PAULI
1256 116 1322 153 AD
1348 115 1611 154 ROMANOS.
1663 114 1765 154 CAP.
1794 116 1838 154 X.

2037 117 2111 151 990

1120 212 1256 248 gentem
1281 203 1495 244 Ecclesiam,
1538 215 1576 236 ee
1601 203 1772 237 efficacem
1799 216 1861 248 per
1891 215 2010 237 vocem
2042 203 2106 235 filii

1120 256 1271 294 aeterni,
1300 256 1328 288 si
1345 256 1450 288 corde
1467 256 1603 295 credes,
1630 256 1724 299 quod
1744 255 1837 289 Deus
1861 267 1938 289 eum
1958 255 2106 287 resusci-

1118 306 1263 346 taverit,
1300 306 1462 340 videlicet
1485 305 1585 346 ideo,
1618 312 1657 338 ut
1683 306 1727 339 sit
1756 307 1868 339 victor
1891 306 2035 344 mortis,
2071 312 2105 338 et

1118 356 1221 389 nobis
1246 356 1406 389 restituat
1431 356 1602 389 iusticiam
1626 362 1658 389 et
1680 356 1787 389 vitam
1814 363 2006 391 aeternam.
2058 355 2105 389 Et

1117 403 1182 439 hac
1208 407 1276 439 fide
1299 407 1414 451 inquit
1439 404 1619 439 hominem
1643 418 1714 439 esse
1739 407 1887 447 iustum,
1924 420 2003 440 cum
2028 407 2095 440 ait:

1119 455 1235 490 Corde
1258 458 1414 490 creditur
1436 459 1478 489 ad
1505 457 1698 495 iusticiam,
1733 457 1768 489 id
1796 465 1866 498 est,
1896 459 1999 491 corde
2028 470 2103 490 cre-

1116 508 1202 540 dens
1226 514 1275 540 est
1299 507 1428 545 iustus,
1457 505 1590 540 habens
1608 507 1848 541 remissionem
1869 516 2103 551 peccatorum,

1116 564 1147 590 et
1166 559 1306 602 placens
1325 556 1398 591 Deo
1419 564 1561 602 propter
1579 557 1804 591 mediatorem
1825 559 1941 601 gratis.
1996 559 2101 592 Latro

1116 609 1151 641 in
1180 621 1280 643 cruce
1312 608 1486 652 accipiens
1517 608 1758 640 remissionem
1785 617 1816 643 et
1844 609 2102 643 reconciliatio-

1118 672 1197 692 nem
1216 667 1265 694 est
1281 659 1394 693 iustus
1407 686 1415 699 ,
1444 660 1556 702 placet
1575 657 1650 691 Deo
1675 665 1708 692 et
1725 659 1938 698 vivificatur,
1966 660 2102 692 etiamsi

1115 722 1178 743 nec
1203 717 1303 744 antea
1330 710 1412 743 fecit
1446 710 1576 753 legem,
1608 721 1724 754 neque
1750 716 1887 752 postea,
1928 711 2039 743 donec
2063 711 2101 743 in

1114 773 1260 804 corpore
1279 761 1382 801 vixit,
1410 758 1515 794 habet
1539 760 1708 803 integram
1735 760 1820 804 legis
1842 760 2101 804 impletionem:

1113 812 1247 845 etiamsi
1274 811 1341 845 fuit
1368 811 1521 844 incoatio
1541 810 1773 845 obedientiae.
1830 810 1879 845 Ita
1901 812 2009 855 posita
2038 823 2101 843 an-

1113 860 1230 896 tithesi
1266 863 1516 895 definitionum
1554 861 1718 895 lusticiae
1756 862 1841 905 legis
1873 869 1904 896 et
1941 861 2101 896 Iusticiae

1111 913 1211 956 fidei,
1238 913 1367 947 Paulus
1382 913 1570 947 discrimen
1588 912 1751 946 ostendit.

1150 1037 1285 1075 Omnis
1303 1040 1370 1089 qui
1384 1038 1494 1074 credit
1517 1039 1555 1074 ln
1573 1052 1651 1074 eum
1665 1068 1674 1082 ,
1702 1052 1775 1074 non
1796 1038 2052 1089 confundetur.

1208 1117 1320 1151 Addit
1338 1116 1468 1150 Paulus
1484 1116 1725 1150 testimonium
1745 1123 1901 1150 sumtum
1920 1129 1958 1149 ex
1972 1115 2097 1150 Esaiae

1109 1167 1230 1212 Capite
1257 1168 1337 1208 28„
1373 1168 1435 1201 ubi
1460 1168 1663 1201 dulcissima
1690 1167 1876 1211 promissio
1897 1169 1939 1201 de
1966 1167 2096 1200 Messia

1106 1231 1263 1263 expresse
1287 1219 1433 1262 repetita
1459 1225 1525 1252 est:
1564 1217 1672 1258 Ecce,
1698 1229 1760 1261 ego
1789 1231 1916 1262 ponam
1944 1219 1979 1250 in
2007 1218 2095 1252 Sion

1106 1271 1260 1313 lapidem
1292 1270 1504 1313 probatum,
1548 1269 1777 1311 angularem,
1822 1270 2013 1313 pretiosum
2058 1269 2096 1302 in

1105 1322 1358 1360 fundamento,
1386 1319 1447 1365 qut
1465 1321 1574 1353 credit
1594 1321 1632 1352 in
1653 1331 1713 1358 eo,
1742 1331 1814 1352 non
1836 1320 2034 1364 trepidabit.

1208 1394 1329 1429 Utitur
1356 1391 1561 1437 metaphora
1590 1393 1696 1426 simili
1726 1393 1761 1426 in
1785 1392 1952 1428 Psalmo:
1987 1394 2095 1440 Lapi-

1105 1448 1183 1479 dem
1209 1458 1312 1491 quem
1332 1446 1612 1489 reprobaverunt
1636 1445 1873 1486 aedificantes,
1904 1443 1960 1479 hic
1984 1447 2094 1480 factus

1104 1504 1154 1530 est
1183 1497 1218 1529 in
1244 1503 1348 1540 caput
1375 1495 1506 1538 anguli.
1560 1494 1661 1528 Hanc
1685 1493 1927 1539 metaphoram
1954 1504 2095 1531 enarrat

1104 1547 1237 1581 Paulus
1254 1548 1297 1580 ad
1316 1543 1447 1589 Ephes.
1495 1545 1600 1586 Item,
1628 1557 1706 1578 cum
1724 1546 1857 1590 inquit:
1884 1547 1994 1581 Aliud
2010 1548 2093 1581 fun-

1105 1600 1308 1631 damentum
1327 1597 1411 1641 poni
1430 1608 1500 1628 non
1518 1603 1648 1639 potest,
1677 1603 1813 1640 praeter
1830 1597 1864 1630 id
1883 1599 1976 1642 quod
1996 1599 2093 1642 posi-

1104 1656 1178 1682 tum
1196 1655 1264 1692 est,
1294 1648 1389 1693 quod
1410 1653 1460 1680 est
1477 1644 1638 1681 Christus
1656 1646 1762 1683 Iesus.
1811 1646 1879 1681 Hic
1898 1655 2005 1691 gestat
2021 1648 2092 1683 Ec-

1103 1700 1243 1732 clesiam
1272 1699 1395 1732 merito
1424 1704 1456 1731 et
1478 1697 1646 1739 efficacia,
1677 1696 1734 1731 hic
1760 1699 1909 1732 redemit
1927 1712 2001 1732 eam
2026 1712 2089 1734 sua

1103 1758 1236 1789 morte,
1271 1756 1303 1783 et
1328 1757 1378 1784 est
1402 1749 1574 1782 mediator
1597 1756 1629 1782 et
1655 1749 1864 1782 intercessor
1887 1762 1950 1793 pro
1973 1751 2090 1792 nobis,

1102 1802 1253 1835 offerens
1285 1812 1346 1834 sua
1378 1800 1523 1840 merita,
1566 1807 1598 1832 et
1628 1807 1678 1833 est
1709 1801 1828 1833 efficax
1859 1800 1895 1832 in
1920 1799 2088 1843 Ecclesia,

1101 1852 1174 1896 ipse
1199 1853 1294 1886 adest
1320 1852 1373 1892 ei,
1401 1858 1435 1885 et
1461 1851 1612 1884 vivificat
1638 1863 1713 1884 eam
1737 1863 1821 1885 voce
1846 1850 2028 1895 Evangelii
2054 1860 2087 1887 et

1102 1903 1237 1947 Spiritu
1257 1910 1388 1937 sancto.

1203 1980 1393 2024 Quomodo
1418 1986 1533 2013 autem
1551 1979 1718 2013 beneficia
1737 1978 1886 2013 Messiae
1904 1981 2006 2015 nobis
2023 1994 2084 2026 ap-

1100 2032 1292 2075 plicentur,
1319 2032 1420 2064 docet
1443 2044 1520 2064 cum
1547 2031 1679 2075 inquit:
1709 2029 1780 2072 Qui
1805 2032 1915 2065 credit
1940 2033 1976 2065 in
1994 2045 2085 2074 eum,

1098 2095 1171 2115 non
1187 2083 1388 2127 trepidabit.
1443 2081 1538 2115 Haec
1555 2088 1753 2124 congruunt
1770 2094 1848 2114 cum
1867 2083 1945 2115 aliis
1963 2084 2084 2117 multis

1098 2134 1274 2167 similibus
1294 2133 1407 2171 dinis,
1434 2132 1573 2165 Psalmo
1586 2133 1638 2167 Q:
1665 2131 1764 2166 Beati
1781 2145 1903 2166 omnes
1921 2134 1981 2178 qui
1997 2147 2083 2167 con-

1097 2185 1210 2218 fidunt
1236 2185 1271 2217 in
1288 2197 1341 2219 eo,
1401 2182 1449 2217 Et
1467 2183 1598 2216 Paulus
1625 2180 1681 2215 hic
1707 2183 1940 2216 universalem
1972 2186 2082 2227 parti—

1096 2236 1209 2269 culam
1225 2236 1339 2275 addit,
1367 2235 1454 2268 sicut
1473 2241 1503 2267 et
1521 2234 1556 2266 in
1576 2233 1714 2266 Psalmo
1732 2234 1841 2276 posita
1860 2241 1920 2267 est.
1969 2234 2081 2280 Saepe

1097 2293 1213 2320 antem
1249 2286 1345 2326 dixi,
1387 2285 1617 2317 necessariam
1655 2296 1726 2316 esse
1762 2284 2082 2320 considerationem

1095 2337 1287 2382 particulae
1302 2335 1520 2370 Universalis
1533 2363 1542 2375 ,
1569 2341 1606 2367 ut
1626 2334 1868 2379 unusquisque
1886 2347 1921 2368 se
1939 2336 1976 2368 in
1994 2350 2079 2381 pro-

1091 2388 1294 2421 missionem
1324 2386 1557 2420 universalem
1593 2385 1771 2424 includat,
1814 2397 1877 2418 nec
1903 2386 2009 2429 fingat
2040 2388 2077 2421 in

1091 2437 1164 2472 Deo
1200 2435 1542 2485 προσωποληψίαν,
1580 2443 1639 2469 aut
1680 2437 1971 2470 contradictorias
2015 2452 2076 2472 vo-

1088 2490 1257 2529 luntates,
1293 2502 1331 2523 ac
1355 2501 1435 2521 mox
1468 2487 1611 2531 repetita
1639 2492 1689 2519 est
1716 2487 1903 2531 aliquoties
1922 2487 2075 2522 Univer-

1087 2541 1188 2582 salis,
1221 2541 1331 2575 Dives
1357 2541 1394 2572 in
1425 2550 1546 2572 omnes
1580 2549 1649 2582 quo
1677 2536 1843 2571 invocant
1872 2550 1963 2572 eum.
2030 2538 2076 2573 Et

1085 2591 1260 2625 Dominus
1286 2591 1417 2636 inquit:
1447 2589 1574 2622 Venite
1598 2588 1640 2621 ad
1664 2600 1718 2621 me
1742 2600 1864 2621 omnes
1888 2596 1950 2624 etc.
2011 2588 2074 2623 Est

1084 2651 1199 2677 autem
1231 2643 1436 2677 mandatum
1469 2647 1675 2685 aeternum,
1709 2646 1747 2674 ut
1778 2651 1898 2673 omnes
1931 2641 2075 2675 credaut

1084 2693 1120 2727 in
1146 2705 1236 2729 eum.
