2415 2942
139 109 166 144 ⁵
1010 106 1312 144 PRAEFA'rio.
2155 115 2181 149 σ

134 194 366 235 bitationem,
398 193 549 239 ideoque
574 194 677 226 fidem
705 205 777 225 esse
803 192 969 225 fiduciam
991 192 1131 226 miseri-

134 254 296 294 cordiae,
324 260 533 288 statuentem
552 265 616 286 nos
633 265 650 286 a
669 253 747 286 Deo
765 251 892 295 recipi,
919 263 958 284 ac
976 251 1130 295 praecipi

132 311 226 346 hanc
244 312 408 346 fiduciam
433 312 470 345 in
496 312 551 345 his
575 312 692 346 dictis:
728 309 818 343 Fide
843 310 1039 351 iustificati,
1067 323 1128 354 pa-

131 385 207 406 cem
233 370 405 406 habemus
435 373 528 416 apud
551 371 681 407 Deum.
744 369 785 403 ln
809 367 866 403 his
891 377 925 404 et
953 370 1129 403 similibus

134 433 438 476 disputationibus
455 443 510 464 res
525 431 680 464 ostendit
704 443 825 463 vocem
851 430 900 473 pii
926 429 1128 472 interpretis

133 490 173 522 in
189 488 346 523 Ecclesia
364 501 436 522 non
455 489 617 521 inutilem
633 500 718 523 esse.
770 487 859 528 Sed,
887 495 926 522 ut
942 487 1025 527 dixi,
1054 499 1125 519 non

135 549 180 582 sit
201 549 442 592 interpretatio
467 548 573 581 ludus
597 548 843 590 ingeniorum,
878 559 1001 579 verum
1024 547 1068 579 sit
1087 559 1125 578 ex

133 607 292 641 fontibus
309 616 439 646 sumta,
469 615 501 641 et
518 615 687 650 congrunt
711 609 751 639 ad
772 606 950 653 symbola,
979 613 1012 639 et
1030 618 1127 639 mens

131 666 334 711 interpretis
364 667 435 711 pii,
484 667 671 711 diligenter
707 674 739 700 et
771 668 891 700 dextre
915 665 1126 699 conferentis

129 725 223 757 dicta
247 726 390 767 divina,
426 732 461 759 et
486 726 752 771 antiquitatem,
787 738 804 758 a
823 725 903 758 Deo
928 725 1127 758 adiuvatur.

131 782 315 817 Praeterea
337 785 457 818 sintin
474 784 631 819 Ecclesia
659 786 763 819 etiam
788 785 922 819 iudices
948 791 981 818 et
1005 796 1126 818 censo-

133 855 189 876 res
215 844 537 889 interpretationis,
572 853 611 879 ut
632 844 765 879 Paulus
789 845 921 890 inquit:
958 845 1126 878 Sedentes

129 901 298 938 iudicent.

232 960 330 995 Haec
347 963 521 1006 praefatus
539 975 615 996 sum
628 991 637 1004 ,
673 970 711 997 ut
727 963 795 996 mei
812 963 920 996 studii
937 970 969 996 et
984 964 1125 996 consilii

128 1021 303 1055 rationem
333 1023 501 1056 omnibus
532 1024 725 1056 ostendam.
787 1022 937 1056 Etiamsi
965 1023 1126 1056 ridemur

128 1081 173 1114 ab
197 1079 327 1122 atheis,

129 1140 326 1173 necessario
350 1142 613 1183 cognoscendos
643 1152 715 1174 esse
740 1139 868 1173 Libros
894 1138 1125 1184 Propheticos

371 1089 489 1115 tamen
519 1095 640 1116 omnes
673 1084 709 1115 in
738 1081 893 1116 Ecclesia
918 1083 988 1115 Dei
1014 1083 1125 1115 sciant

128 1205 161 1232 et
179 1196 416 1243 Apostolicos.
471 1199 609 1232 Deinde
633 1212 711 1233 cum
737 1212 832 1232 nunc
855 1200 998 1245 quidem
1026 1206 1124 1243 parte

125 1257 245 1303 aliqua
272 1259 460 1291 ministerii
477 1257 683 1302 Evangelici
707 1255 852 1302 su'ngar,
879 1271 934 1292 res
957 1259 1048 1302 cogit
1067 1259 1123 1291 in-

125 1318 265 1350 terdum
308 1318 657 1362 interpretationem,
700 1326 759 1352 aut
792 1326 884 1352 certe
919 1330 1123 1351 commone-

127 1377 315 1410 factionem
337 1378 492 1422 aliquam
510 1379 639 1411 addere
661 1378 829 1412 brevibus
849 1378 951 1411 dictis
976 1378 1014 1410 in
1039 1391 1122 1411 nar-

124 1436 262 1470 ratione
280 1437 410 1482 aliqua.

231 1495 405 1530 Profiteor
437 1504 554 1530 autem
595 1504 669 1532 toto
699 1504 840 1542 pectore
869 1510 924 1531 me
958 1498 1122 1542 amplecti

127 1557 323 1590 doctrinam
350 1556 603 1603 Symbolorum
627 1558 825 1602 Apostolici
851 1565 883 1592 et
907 1557 1052 1597 Niceni,
1089 1565 1121 1592 et

125 1627 335 1651 consensum
358 1615 562 1651 Catholicae
586 1618 761 1652 Ecclesiae
787 1616 871 1659 Dei,
907 1631 1010 1663 quem
1041 1619 1121 1663 qui-

124 1675 204 1707 dem
228 1684 262 1709 et
283 1675 461 1710 Ecclesiae
484 1675 609 1711 harum
634 1678 928 1719 Academiarum,
956 1677 1122 1712 Witem-

125 1735 306 1778 bergensis
325 1743 357 1768 et
372 1734 535 1780 Lipsicae
553 1745 769 1782 sequuntur,
798 1749 884 1782 quas
900 1738 1003 1771 etiam
1027 1738 1123 1771 iudi-

126 1804 181 1826 ces
197 1805 270 1826 esse
289 1806 449 1826 meorum
468 1794 680 1838 scriptorum
701 1796 793 1830 volo.

226 1851 333 1895 Quod
367 1860 483 1886 autem
517 1852 608 1886 hanc
641 1866 754 1886 meam
791 1856 1052 1889 enarrationem
1084 1856 1121 1888 in

127 1909 298 1944 Iohannis
316 1909 550 1955 Evangelium
576 1912 628 1945 tui
652 1913 808 1945 nominis
833 1915 990 1958 auspicio
1013 1915 1121 1954 edidi,

122 1968 209 2004 haec
224 1971 411 2018 praecipua
430 1983 532 2004 causa
549 1978 618 2012 est,
647 1979 685 2005 ut
712 1984 792 2005 cum
816 1974 981 2006 ostendas
1004 1981 1036 2007 te
1061 1986 1120 2006 ve-

123 2043 198 2064 ram
229 2030 296 2063 Dei
325 2031 587 2064 invocationem
619 2032 787 2065 omuibus
817 2033 924 2066 rebus
955 2031 1120 2066 humanis

124 2091 317 2131 anteferre,
354 2098 386 2124 et
411 2103 530 2123 amare
553 2089 748 2125 Ecclesiam
774 2093 857 2136 Dei,
894 2093 1048 2137 primum
1081 2094 1118 2126 in

125 2148 193 2183 hoc
215 2150 358 2194 publico
386 2151 516 2194 scripto
535 2151 608 2184 Deo
636 2153 764 2195 gratias
790 2164 907 2195 agam,
941 2154 1034 2197 quod
1054 2153 1120 2186 ali-

125 2222 278 2255 quorum
297 2209 503 2253 Principum
522 2218 661 2255 pectora
678 2213 721 2245 ad
740 2210 925 2255 Evangelii
945 2219 978 2245 et
996 2210 1117 2246 Eccle-

123 2270 195 2303 siae
210 2282 365 2303 amorem
386 2270 513 2311 flectit,
541 2271 669 2304 deinde
688 2279 726 2306 ut
751 2272 815 2305 tibi
840 2285 981 2317 quoque
1004 2285 1117 2306 meam

126 2329 380 2372 gratitudinem
400 2337 434 2364 et
449 2330 607 2363 studium
626 2333 836 2367 ostendam..

225 2387 303 2432 Ago
322 2390 438 2434 itaque
457 2391 584 2433 gratias
599 2390 674 2424 Deo
693 2399 836 2425 aeterno
854 2391 950 2425 Patri
968 2393 1117 2426 Domini

122 2449 236 2482 nostri
257 2448 332 2482 lesu
353 2447 507 2491 Christi,
535 2452 629 2496 quod
655 2452 768 2484 lucem
792 2452 978 2495 Evangelii
1002 2453 1057 2486 sui
1082 2454 1118 2486 in

122 2515 157 2543 te
174 2516 208 2542 ei.
226 2509 304 2542 aliis
330 2512 540 2555 quibusdam
559 2510 788 2556 Principibus
813 2513 991 2553 accendit,
1019 2520 1052 2546 et
1071 2514 1119 2546 ef·
1144 2523 1149 2532 ⁴

124 2568 215 2608 ficit,
251 2576 290 2603 ut
320 2570 459 2615 aliquae
490 2572 633 2615 politiae
665 2570 817 2618 hospitia
843 2572 913 2605 sint
936 2570 1121 2607 Ecclesiae.

1184 191 1275 225 Nam
1302 205 1392 237 opus
1420 200 1471 227 est
1497 191 1628 227 scholis
1652 196 1733 228 sede
1757 195 1875 240 aliqua
1908 196 2109 238 doctrinae,
2145 203 2180 231 et

1184 250 1343 285 Psalmus
1367 251 1427 286 46.
1452 253 1584 298 inquit:
1626 253 1741 287 Deum
1766 254 1868 288 valde
1900 256 2064 298 exaltari,
2097 268 2178 290 cum

1183 308 1367 354 Principes
1378 312 1593 355 populorum
1612 320 1872 357 congregantur
1887 326 1966 348 cum
1977 315 2050 349 Deo
2062 314 2178 350 Abra-

1182 367 1284 407 ham,
1314 370 1395 414 quia
1420 371 1523 403 multi
1548 373 1705 416 exemplo
1725 381 1929 416 moventur,
1961 381 1994 408 et
2016 375 2178 409 doctrina

1183 429 1368 471 propagari
1391 430 1529 462 facilius
1546 437 1676 474 potest,
1705 440 1736 464 et
1755 433 1887 466 maiore
1903 434 2087 468 severitate
2104 435 2177 478 regi

1183 487 1382 530 disciplina.
1447 487 1586 522 Deinde
1615 487 1710 523 hunc
1733 491 1892 525 animum
1917 493 1982 526 tibi
2005 494 2178 536 gratulor,

1182 547 1276 591 quod
1300 547 1449 589 gloriam
1468 548 1540 582 Dei
1565 561 1711 587 ornare,
1745 557 1778 582 et
1802 551 1993 584 multarum
2018 554 2177 596 gentium

1181 606 1286 639 saluti
1303 607 1488 641 consulere
1506 609 1635 648 studes,
1663 622 1701 641 ac
1720 621 1844 653 precor
1861 610 1975 644 Deum
1995 619 2176 647 aeternum

1179 665 1320 700 Patrem
1339 666 1489 701 Domini
1516 669 1630 701 nostri
1648 668 1725 702 Iesu
1736 667 1889 711 Christi,
1917 678 1955 704 ut
1975 678 2007 705 te
2024 680 2119 716 regat
2138 685 2177 706 ac

1180 733 1304 758 servet.
1347 724 1393 759 Et
1412 738 1491 759 cum
1510 726 1643 760 Paulus
1663 740 1741 761 vere
1761 729 1870 763 dicat:
1897 728 2012 764 Deum
2030 732 2178 770 efficere,

1180 791 1219 818 ut
1242 792 1274 818 et
1293 786 1443 819 velimus
1469 793 1503 820 et
1526 787 1746 831 perficiamus
1769 789 1922 823 salutare
1949 791 2178 833 curriculum,

1180 851 1219 877 ut
1235 844 1353 890 aliqua
1376 846 1443 890 ipsi
1469 853 1565 889 grata
1582 847 1686 888 fiant,
1716 855 1754 881 tu
1770 860 1931 894 quoque,
1959 862 2038 883 cum
2054 862 2178 884 accen-

1180 903 1271 937 derit
1287 903 1383 938 Deus
1402 905 1515 939 lucem
1535 906 1572 938 in
1594 914 1733 950 pectore
1753 914 1825 948 tuo,
1854 915 1948 952 petes
1967 916 2000 943 et
2018 918 2178 955 expecta-

1180 963 1235 995 bis
1260 964 1430 997 auxilium
1457 964 1640 1009 deinceps,
1682 973 1720 1000 ut
1744 973 1802 1000 tua
1831 968 2039 1010 gubernatio
2065 970 2178 1003 fausta

1181 1023 1242 1063 sit,
1279 1030 1312 1056 et
1333 1024 1416 1056 felix
1443 1024 1508 1057 tibi
1535 1031 1568 1058 et
1592 1023 1790 1067 Ecclesiae,
1826 1033 1859 1060 et
1883 1028 1926 1060 ad
1952 1025 2048 1061 hunc
2070 1029 2177 1062 finem

1181 1089 1258 1115 tuos
1276 1083 1414 1116 labores
1431 1084 1580 1126 dirigas,
1608 1086 1701 1129 quod
1722 1092 1756 1118 et
1773 1086 1875 1119 multi
1895 1087 1945 1130 pii
1970 1089 2178 1122 ardentibus

1180 1142 1270 1174 votis
1297 1154 1360 1185 pro
1389 1149 1423 1175 te
1446 1149 1582 1186 petunt.
1636 1141 1814 1177 Provehet
1839 1151 1957 1178 autem
1982 1145 2078 1180 Deus
2100 1149 2178 1191 pios

1924 1204 2040 1239 Nimis
2065 1208 2177 1240 multa

1179 1259 1217 1292 in
1255 1266 1327 1292 tota
1364 1271 1492 1303 genere
1538 1258 1694 1295 humano
1731 1263 1820 1297 fiunt
1856 1266 2111 1299 contumeliosa
2138 1267 2177 1299 in

1179 1207 1346 1240 conatus,
1373 1208 1411 1234 ut
1433 1202 1551 1246 aliqua
1568 1202 1635 1246 ipsi
1652 1210 1747 1246 grata
1772 1204 1870 1238 fiant.

1178 1317 1306 1352 Deum.
1366 1318 1552 1364 Epicurei,
1588 1320 1882 1365 Mahometistae,
1920 1332 1953 1358 et
1983 1326 2087 1359 multi
2114 1326 2177 1358 alii

1178 1385 1346 1424 tanquam
1372 1381 1469 1413 coelo
1493 1381 1627 1414 bellum
1651 1382 1859 1424 inserentes,
1887 1397 1960 1418 non
1985 1386 2100 1419 solum
2120 1386 2176 1419 in—

1177 1445 1273 1482 grata
1292 1439 1372 1472 Deo
1390 1440 1541 1482 faciunt,
1569 1443 1629 1475 sed
1647 1443 1751 1476 etiam
1768 1444 2000 1478 audacissime
2017 1446 2121 1479 falsas
2143 1453 2176 1479 et

1177 1505 1283 1532 tetras
1309 1499 1499 1542 opiniones
1524 1502 1567 1533 de
1589 1502 1668 1535 Deo
1693 1503 1909 1544 defendunt,
1937 1511 1969 1538 et
1993 1505 2174 1538 saevitiam

1178 1558 1215 1590 in
1232 1569 1290 1590 eos
1307 1566 1486 1598 exercent,
1515 1560 1576 1604 qui
1597 1559 1711 1594 Deum
1732 1574 1812 1595 vere
1830 1563 2019 1598 celebrant.
2062 1563 2175 1598 Dein-

1177 1617 1239 1657 de,
1275 1629 1380 1662 quam
1416 1618 1520 1651 multi
1551 1619 1800 1661 ambitionem,
1835 1621 2023 1662 libidines,
2057 1623 2174 1655 avari-

1176 1675 1260 1707 tiam
1287 1687 1386 1708 suam
1413 1676 1489 1709 Deo
1514 1678 1741 1711 anteferunt?
1792 1677 1840 1711 Hi
1861 1692 1939 1713 cum
1959 1692 2081 1714 omnes
2097 1681 2173 1715 Deo

1175 1734 1311 1777 ingrata
1331 1734 1480 1775 faciant,
1509 1736 1585 1768 vult
1602 1743 1719 1770 tamen
1738 1735 1834 1770 Deus
1859 1738 2013 1784 aliquam
2038 1746 2172 1783 partem

1175 1793 1313 1835 generis
1336 1790 1506 1835 humani,
1532 1794 1679 1836 scilicet,
1707 1794 1897 1829 Ecclesiam
1919 1805 2015 1840 grata
2040 1798 2107 1842 ipsi
2121 1802 2174 1832 fa-

1175 1863 1273 1892 cere,
1300 1865 1391 1897 quae
1408 1853 1572 1887 videlicet
1590 1867 1669 1888 eum
1688 1862 1780 1889 recte
1806 1856 1967 1898 invocat,
1995 1865 2093 1891 curat
2112 1871 2174 1891 ve-

1176 1923 1249 1944 ram
1272 1913 1470 1945 doctrinam
1496 1915 1701 1958 propagari,
1729 1923 1761 1949 et
1778 1913 1924 1949 honeste
1947 1917 2173 1961 disciplinam

1174 1972 1281 2015 regit,
1310 1985 1381 2017 quo
1399 1973 1436 2005 in
1454 1985 1623 2015 numero,
1650 1982 1689 2009 ut
1704 1987 1844 2020 semper
1860 1977 1926 2017 sis,
1954 1983 1986 2009 et
2007 1977 2173 2011 salutaria

1175 2038 1208 2065 et
1232 2039 1329 2075 grata
1358 2032 1434 2066 Deo
1460 2045 1599 2078 semper
1623 2047 1721 2079 agas,
1762 2036 1865 2070 faciat
1890 2043 2052 2070 aeternus
2069 2036 2174 2071 Pater

1174 2092 1321 2125 Domini
1346 2093 1460 2127 nostri
1491 2093 1568 2127 lesu
1592 2093 1738 2131 Christi.
1796 2095 1906 2129 Datae
1925 2095 2173 2141 Witebergae,

1172 2164 1268 2185 anno
1299 2151 1409 2186 1546.
1434 2153 1491 2186 die
1522 2154 1580 2189 13.
1607 2153 1811 2195 Februarii,
1853 2168 1922 2201 quo
1954 2163 2036 2190 ante
2058 2168 2171 2190 annos

1176 2213 1273 2249 1708
1309 2213 1487 2247 Nicanore
1527 2215 1736 2255 interfecto,

1173 2275 1291 2318 plum,
1330 2281 1364 2307 et
1387 2275 1549 2308 restituta
1578 2273 1697 2309 schola
1731 2276 1914 2309 doctrinae
1944 2277 2103 2311 coelestis
2133 2278 2172 2310 in

1796 2224 2040 2261 recuperatum
2081 2224 2172 2251 tem—

1174 2335 1262 2367 urbe
1280 2333 1513 2380 lerosolyma,
1542 2348 1611 2380 quo
1638 2335 1797 2379 exemplo
1824 2337 2093 2371 commonefacti
2110 2350 2170 2382 pe-

1174 2401 1289 2428 tamus
1315 2401 1349 2428 et
1370 2402 1590 2439 expectemus
1615 2407 1710 2428 nunc
1733 2408 1874 2441 quoque
1895 2408 1912 2429 a
1941 2397 2020 2431 Deo
2046 2395 2170 2432 Eccle-

1175 2455 1265 2496 siae,
1293 2462 1325 2489 et
1342 2455 1420 2500 piae
1436 2455 1616 2488 doctrinae
1637 2455 1892 2491 defensionem.

1594 2526 1746 2568 Finis.
