2415 2942
263 110 335 147 199

266 211 302 233 se
325 195 395 230 dici
420 204 555 234 servos,
587 189 669 236 quia
689 185 838 228 teneant}
863 185 1090 227 religionem,
1126 182 1252 222 cultus,

268 249 428 293 politiam
467 243 632 279 traditam
678 238 867 277 divinitus,
921 242 955 269 et
996 234 1254 268 ratiocinantur

269 299 384 334 Deum
400 295 467 329 boc
485 296 558 338 ipso
585 288 755 324 beneficio
781 287 943 320 defensae
971 292 1003 318 et
1029 290 1254 319 conservatae

272 347 443 382 libertatis
467 342 604 381 testari,
636 339 729 384 quod
756 336 814 370 liic
839 338 879 371 sit
899 337 1050 381 populus
1066 335 1154 376 Dei,
1181 333 1256 368 Deo

273 399 424 443 placens.
485 393 580 426 llaec
611 397 660 424 est
682 388 853 422 sententia
878 386 984 421 liuius
1008 385 1258 431 responsionis,

275 459 364 493 quae
389 444 560 488 gloriatur
585 443 626 475 de
654 440 855 485 posteritate
879 435 1062 478 Abrabae,
1097 444 1128 470 et
1151 437 1259 469 liber-

276 505 346 532 tate
358 524 366 537 ‚
393 503 530 529 ostensa
546 494 582 526 in
598 491 905 539 promissionibus,
933 500 1020 534 quae
1036 495 1135 521 erant
1151 488 1258 520 factae

276 548 455 593 patribus,
482 555 624 590 prorsus
647 549 685 575 ut
708 553 801 575 nune
824 547 941 573 coetus
965 539 1164 582 pontificius
1185 537 1261 580 glo—

277 600 391 632 riatur
417 598 459 630 de
481 593 755 640 praescriptione
781 591 875 625 tituli
893 590 1084 630 Ecclesiae,
1127 599 1262 632 semper

278 660 384 694 penes
402 648 494 691 ipsos
511 646 615 679 fuisse
632 643 884 688 professionem
913 641 1113 684 religionis,
1148 646 1181 672 et
1204 650 1262 670 or-

280 699 453 733 dinariam
472 702 676 741 potestatem
694 706 753 727 seu
770 692 1059 736 gubernationem
1076 689 1263 725 Ecclesiae,

280 751 361 783 ideo
379 761 450 782 non
467 759 538 780 esse
554 745 833 779 dissentiendum
848 743 891 776 ab
909 743 1065 786 ipsorum
1083 738 1264 774 sententiis

282 807 315 835 et
334 799 517 843 dogmatis.

307 881 442 918 Omnis
467 881 533 930 qui
548 880 649 929 facil
664 882 867 927 peccalum,
894 887 1016 910 servus
1033 879 1082 909 est
1096 872 1241 922 peccati.

385 949 602 983 Gravissima
619 945 782 980 refutatio
802 950 850 977 est
875 943 1024 976 carnalis
1047 941 1266 985 gloriationis

281 1003 324 1036 de
347 1001 525 1039 libertate,
566 1009 654 1043 quae
682 995 837 1029 continet
860 994 1033 1037 egregiam
1056 993 1267 1035 doctrinam,

282 1064 370 1098 quae
385 1051 428 1084 sit
444 1062 524 1083 vera
546 1049 689 1081 libertas
714 1045 835 1090 populi
853 1043 937 1085 Dei,
964 1056 1025 1077 seu
1048 1044 1207 1087 piorum,
1234 1049 1267 1075 et

281 1102 512 1136 concionatur
545 1100 587 1132 de
611 1099 736 1138 modo,
778 1096 956 1141 quomodo
994 1094 1194 1136 contingat,
1235 1100 1267 1126 et

281 1153 435 1187 ostendit
449 1150 636 1184 discrimen
653 1159 753 1181 verae
777 1154 809 1180 et
832 1146 937 1180 falsae
961 1143 1149 1178 Ecclesiae.
1200 1142 1268 1177 Di-

280 1204 505 1246 stinguantur
521 1201 627 1244 igitur
651 1198 852 1231 sententiae.
905 1196 1021 1229 Prima
1042 1202 1090 1228 est
1109 1195 1266 1227 definitio

281 1253 472 1293 libertatis,
500 1263 605 1296 quae,
639 1257 677 1283 ut
702 1250 743 1282 sit
766 1247 953 1287 illustrior,
988 1258 1050 1289 per
1074 1243 1267 1279 antithesin

281 1303 507 1349 proponitur.
560 1300 692 1345 Estque
712 1299 934 1345 syllogismus
953 1296 1145 1339 negativus.
1196 1295 1267 1329 Ne-

280 1367 340 1388 mo
371 1354 502 1388 faciens
539 1358 736 1397 peccatum,
784 1347 889 1382 habet
920 1348 1117 1380 libertatem
1150 1359 1266 1379 coram

281 1404 378 1444 Deo,
414 1415 475 1437 vos
497 1403 632 1436 servitis
658 1407 814 1445 peccato,
848 1410 928 1441 ergo
951 1410 1023 1431 non
1048 1398 1128 1430 estis
1153 1398 1266 1432 liberi.

281 1454 350 1489 Hic
367 1454 590 1501 syllogismus
609 1453 698 1485 clare
716 1451 844 1483 refutat
861 1449 1105 1492 gloriationem
1120 1447 1265 1481 Iudaeo-

281 1518 360 1540 rum
386 1507 429 1539 de
455 1505 594 1538 defensa
619 1510 652 1536 et
676 1507 877 1535 conservata
901 1500 1062 1532 libertate
1086 1499 1266 1532 doctrinae

280 1557 366 1599 legis
383 1568 420 1589 ac
437 1555 590 1599 politiae.
644 1551 861 1595 Simpliciter
883 1557 983 1593 negat
1007 1550 1098 1593 ipsos
1125 1557 1267 1593 propter

281 1607 392 1649 legem
417 1618 476 1639 seu
502 1604 752 1649 professionem
776 1601 954 1635 doctrinae
977 1607 1009 1633 et
1031 1600 1162 1634 rituum
1184 1599 1265 1632 Mo-

282 1657 459 1691 saicorum
476 1654 605 1689 habere
624 1655 822 1686 libertatem
847 1664 962 1685 coram
979 1650 1072 1691 Deo,
1106 1663 1165 1684 seu
1190 1651 1264 1692 glo-

281 1708 384 1748 riam,
414 1708 507 1752 quod
527 1707 595 1739 sint
613 1705 764 1752 populus
779 1702 862 1743 Dei,
891 1702 986 1747 quod
1004 1702 1160 1745 placeant
1177 1700 1263 1744 Deo,

282 1764 401 1802 estque
426 1757 598 1791 sententia
623 1766 817 1797 congruens
842 1765 921 1787 cum
944 1753 1036 1785 dicto
1055 1751 1196 1784 Ioannis
1218 1753 1264 1785 1.:

284 1809 357 1852 Qui
374 1821 445 1841 non
465 1821 504 1841 ex
520 1807 765 1850 sanguinibuS,
797 1815 911 1849 neque
927 1815 966 1835 ex
985 1803 1165 1835 voluntate
1189 1814 1264 1835 car-

281 1860 356 1900 nis,
392 1871 507 1902 neque
537 1871 577 1891 ex
602 1857 781 1889 voluntate
805 1855 890 1894 viri,
932 1854 990 1886 sed
1020 1865 1058 1885 ex
1081 1854 1158 1886 Deo
1189 1854 1263 1886 nati

283 1916 376 1944 sunt.
431 1909 529 1943 Sicut
548 1908 638 1940 enim
663 1907 735 1939 illie
760 1912 861 1949 negat
886 1905 974 1937 filios
1000 1903 1065 1936 Dei
1089 1915 1160 1936 esse
1182 1915 1264 1946 pro-

281 1967 359 2004 pter
377 1960 662 2006 propagationem
688 1956 922 2000 generationis
948 1955 1114 1993 carnalis,
1142 1962 1179 1987 ut
1206 1956 1264 1986 Iu-

283 2011 360 2043 daei
381 2010 679 2052 imaginabantur:
714 2008 759 2041 ita
786 2005 843 2039 liic
871 2013 970 2049 negat
996 2017 1067 2037 esse
1093 2006 1263 2048 populum

281 2060 347 2094 Dei
363 2068 506 2108 propter
528 2061 625 2092 illam
643 2058 937 2102 praerogativam,
971 2057 1064 2101 quod
1090 2057 1264 2090 retineant

282 2112 446 2152 titulum,
477 2123 515 2144 ac
539 2110 789 2154 professionem
815 2108 916 2149 legis,
951 2119 989 2139 ac
1012 2107 1144 2140 rituum
1168 2118 1264 2139 acce-

282 2169 423 2206 ptorum
447 2173 464 2194 a
484 2161 652 2205 patribus.
715 2158 808 2191 Haec
834 2164 882 2190 est
907 2169 1041 2190 summa
1067 2157 1265 2190 conclusio-

283 2213 359 2252 nis,
386 2224 473 2256 quae
493 2218 593 2254 negat
613 2222 669 2243 eos
686 2221 756 2242 esse
781 2209 925 2248 liberos,
959 2208 1120 2241 videlicet
1146 2219 1264 2240 coram

284 2261 375 2302 Deo,
404 2261 468 2295 hoc
485 2270 556 2303 est,
584 2261 754 2305 populum
770 2257 848 2299 Dei,
875 2265 1052 2302 acceptum
1068 2256 1154 2299 Deo,
1181 2256 1264 2291 hae-

284 2313 400 2345 redem
417 2313 507 2345 vitae
523 2320 694 2346 aeternae.

385 2362 451 2396 Sed
470 2363 685 2396 observanda
704 2368 752 2394 est
772 2359 884 2393 maior
899 2358 1111 2403 syllogismi,
1139 2370 1177 2390 ex
1194 2370 1262 2402 qua

284 2412 434 2446 sumitur
450 2414 605 2446 definitio
622 2412 809 2450 libertatis,
837 2410 1014 2449 videlicet,
1042 2410 1133 2453 quod
1155 2409 1261 2440 liber-

282 2469 331 2496 tas
348 2475 464 2496 coram
482 2464 555 2497 Deo
571 2464 632 2502 sit,
659 2475 731 2495 non
750 2461 878 2495 habere
896 2459 1035 2493 titulum
1056 2458 1262 2500 populiDei‚

280 2520 341 2546 aut
364 2514 614 2556 professionem
638 2513 817 2546 doctrinae
844 2511 926 2553 legis
950 2517 982 2544 et
1009 2510 1151 2553 politiae
1179 2508 1260 2541 Mo-

282 2563 410 2602 saicae,
444 2566 501 2596 sed
525 2565 674 2597 liberum
694 2575 764 2595 esse
788 2574 805 2595 a
823 2561 990 2605 peccatis,
1019 2558 1084 2593 hoc
1103 2567 1169 2597 est,
1199 2557 1262 2592 ha-

283 2615 365 2647 here
382 2615 622 2648 remissionem
646 2620 884 2658 peccatorum,
910 2619 942 2645 et
961 2612 1090 2644 iustum
1108 2610 1260 2654 reputari

277 2675 297 2697 a
312 2662 407 2706 Deo,
434 2676 494 2699 seu
512 2677 583 2700 esse
600 2671 777 2710 acceptum
794 2662 880 2700 Deo.
934 2662 1003 2696 Sed
1025 2669 1064 2696 ut
1090 2659 1176 2695 haec
1199 2662 1260 2694 de-

853 99 979 135 PIIIL.
1005 96 1123 134 MEL.
1149 94 1359 132 SCRIPTA
1385 93 1686 134 ExEGETICA.

2203 94 2279 132 200

1303 182 1416 217 finitio
1434 183 1648 224 declaretur,
1674 192 1812 215 necesse
1830 187 1879 215 est
1897 178 2066 215 adhibere
2084 178 2290 225 explicatio-

1304 245 1385 267 nem
1408 235 1451 267 de
1481 236 1600 270 modo.
1668 233 1750 267 Ideo
1782 232 1925 266 additur
1964 232 2072 266 altera
2105 231 2291 273 sententia,

1305 286 1483 328 quomodo
1509 283 1669 318 homines
1692 289 1953 327 consequantur
1971 280 2063 315 hanc
2081 282 2292 324 libertatem,

1306 337 1387 379 quia
1404 336 1536 369 dictum
1554 334 1703 369 Christi:
1741 333 1813 376 Qui
1829 333 1912 366 facit
1934 340 2111 377 peccatum
2126 359 2136 373 ,
2171 343 2291 366 servus

1308 394 1357 421 est
1385 387 1532 431 peccati,
1576 386 1740 420 omnibus
1763 382 1916 417 detrahit
1939 383 2087 426 gloriam
2119 382 2292 416 libertatis

1309 448 1369 470 seu
1386 437 1542 471 iusticiae
1560 449 1676 471 coram
1686 436 1779 476 Deo,
1806 434 1893 468 dicit
1908 434 2011 467 etiam
2028 431 2112 475 hos,
2139 433 2199 478 qui
2216 433 2293 476 glo-

1309 489 1455 527 riantur,
1472 489 1569 531 lege,
1596 499 1668 521 esse
1692 497 1810 520 servos
1834 484 1985 529 peccati,
2017 482 2085 517 hoc
2108 490 2179 522 est,
2212 494 2291 517 reos

1311 545 1342 572 et
1359 539 1531 572 subiectos
1548 540 1618 572 irae
1635 538 1723 578 Dei,
1749 544 1780 570 et
1796 535 2037 579 damnationi,
2064 546 2128 568 nec
2150 540 2294 579 propter

1310 590 1421 633 legem
1438 590 1512 622 fieri
1528 596 1684 633 acceptos
1700 589 1790 622 Deo.

1413 640 1524 673 Addit
1545 651 1626 682 ergo
1652 637 1879 671 necessariam
1901 636 2100 670 doctrinam
2126 636 2170 669 de
2191 646 2294 669 causa

1313 697 1346 723 et
1376 691 1480 723 modo
1512 688 1740 724 liberationis.
1809 687 1848 721 Si
1870 687 1962 721 filius
1987 698 2050 720 vos
2080 686 2294 727 liberaverit,

1314 752 1394 772 vere
1409 740 1513 773 liberi
1540 740 1654 782 eritis,
1695 739 1794 784 quasi
1826 737 1936 772 dicat:
1982 736 2073 771 Cum
2104 736 2197 769 servi
2220 736 2296 770 sitis

1314 791 1462 835 peccati,
1491 803 1554 824 nec
1578 791 1632 823 lex
1655 790 1756 824 tollat
1773 794 1949 833 peccatum
1966 794 1998 821 et
2015 788 2103 821 iram
2117 786 2202 828 Dei,
2231 799 2296 820 ne-

1316 853 1405 874 cesse
1422 848 1472 874 est
1490 853 1551 874 vos
1568 841 1682 874 alieno
1701 839 1870 873 beneficio
1893 838 2057 879 liberari,
2090 845 2124 872 et
2150 837 2294 883 quidem

1315 892 1378 924 filii
1395 891 1479 936 Dei,
1508 893 1569 937 qui
1589 899 1639 926 est
1659 892 1734 925 sine
1757 896 1916 934 peccato,
1949 889 2116 922 dominus
2140 894 2174 922 et
2196 889 2298 922 dator

1316 943 1472 976 iusticiae
1490 950 1523 976 et
1542 943 1632 976 vitae
1648 950 1826 981 aeternae,
1853 940 1980 973 missus
1998 952 2016 973 a
2033 938 2128 980 Deo,
2157 945 2196 973 ut
2211 938 2297 972 affe-

1317 999 1370 1025 rat
1387 1000 1419 1025 et
1432 993 1609 1037 impertiat
1633 991 1953 1026 reconciliationem
1973 990 2197 1024 credentibus
2215 988 2296 1023 voci

1317 1043 1444 1087 ipsius,
1487 1044 1576 1077 sicut
1600 1044 1705 1088 paulo
1728 1049 1808 1076 ante
1825 1041 1928 1075 dixit:
1970 1040 2009 1075 Si
2035 1040 2235 1074 manseritis
2258 1039 2298 1072 in

1318 1105 1478 1127 sermone
1494 1106 1582 1134 meo,
1608 1094 1735 1126 veritas
1752 1092 1916 1126 liberabit
1933 1103 2005 1127 VOS.
2044 1091 2096 1125 Ita
2113 1102 2194 1134 ergo
2211 1102 2298 1124 con-

1318 1145 1427 1187 tinget
1458 1145 1558 1177 vobis
1585 1145 1744 1184 libertas,
1786 1143 1815 1175 si
1846 1142 1965 1175 audita
2000 1154 2084 1175 voce
2110 1140 2297 1185 Evangelii

1317 1195 1464 1228 credetis
1490 1195 1590 1227 vobis
1612 1194 1743 1228 remitti
1772 1200 1927 1237 peccata,
1960 1204 2022 1225 vos
2046 1192 2154 1236 recipi
2178 1204 2197 1225 a
2222 1191 2296 1225 Deo

1317 1252 1461 1290 propter
1483 1243 1577 1278 hunc
1599 1245 1884 1289 propiciatorem.
1944 1241 2055 1276 Breve
2078 1243 2210 1277 dictum
2232 1249 2298 1276 est:

1318 1296 1355 1330 Si
1372 1296 1464 1329 filius
1482 1307 1543 1329 vos
1560 1295 1779 1336 liberaverit,
1805 1306 1887 1327 vere
1902 1293 2004 1326 liberi
2022 1293 2140 1335 eritis,
2165 1294 2226 1327 sed
2241 1293 2298 1326 di-

1317 1347 1464 1389 ligenter
1505 1347 1800 1380 considerandum
1840 1351 1890 1378 est
1927 1345 2066 1388 pondus
2094 1345 2297 1378 verborum.

1317 1396 1380 1431 Est
1396 1397 1490 1430 euim
1509 1397 1713 1440 gravissima
1731 1395 1923 1437 sententia,
1951 1395 2157 1439 simpliciter
2181 1407 2297 1428 remo—

1318 1459 1400 1481 vens
1426 1460 1444 1480 a
1467 1459 1566 1480 causa
1591 1459 1650 1480 seu
1678 1448 1801 1480 merito
1832 1445 2129 1479 reconciliationis
2157 1456 2299 1479 omnem

1318 1498 1479 1531 fiduciam
1497 1499 1592 1531 illius
1610 1498 1770 1541 propriae
1795 1496 1974 1540 dignitatis
1998 1502 2057 1529 aut
2082 1497 2300 1538 meritorum,

1317 1549 1414 1594 quasi
1433 1549 1541 1582 dicat:
1569 1549 1649 1582 Scio
1667 1561 1726 1581 vos
1742 1546 1869 1581 habere
1888 1546 2015 1579 multas
2032 1548 2301 1590 praerogativas,

1317 1600 1604 1643 propagationem
1632 1599 1768 1643 generis
1794 1599 1837 1631 ab
1863 1594 2043 1630 Abraham
2070 1603 2104 1630 et
2130 1599 2300 1642 patribus,

1318 1651 1426 1693 legem
1455 1657 1486 1683 et
1520 1650 1678 1694 politiam
1711 1649 1883 1682 divinitus
1913 1647 2095 1687 traditam,
2137 1650 2300 1682 sacerdo-

1316 1701 1423 1741 tium,
1451 1702 1584 1741 cultus,
1611 1707 1673 1733 etc.
1728 1699 1808 1733 Scio
1836 1709 1907 1731 esse
1931 1698 2067 1742 aliquos
2090 1697 2128 1729 in
2152 1696 2217 1732 hoc
2234 1711 2299 1743 po-

1315 1752 1398 1795 pulo
1416 1751 1509 1783 viros
1528 1751 1751 1788 exceltentes,
1779 1748 1955 1794 praeditos
1970 1748 2119 1786 virtute,
2146 1750 2205 1783 sed
2224 1761 2298 1783 non

1316 1802 1394 1834 ideo
1426 1802 1528 1836 liberi
1562 1801 1644 1834 estis
1675 1813 1693 1834 a
1719 1806 1876 1844 peccato,
1920 1805 2064 1832 manent
2086 1799 2137 1831 rei
2161 1800 2233 1834 irae
2263 1807 2298 1836 et

1316 1852 1439 1886 mortis
1471 1859 1631 1885 aeternae
1659 1862 1780 1884 omnes
1814 1847 1986 1883 homines,
2048 1848 2120 1882 Nec
2145 1851 2217 1884 ulla
2241 1863 2296 1885 res

1317 1910 1385 1942 est,
1411 1910 1553 1946 propter
1571 1915 1673 1947 quam
1693 1901 1865 1943 contingit
1882 1899 2042 1933 liberatio
2061 1911 2119 1933 seu
2138 1902 2297 1935 reconci-

1316 1954 1432 1993 liatio,
1462 1954 1529 1986 nisi
1551 1954 1623 1996 ipse
1651 1953 1742 1985 filius
1757 1950 1840 1992 Dei,
1872 1950 1997 1982 missus
2021 1962 2040 1983 a
2060 1951 2156 1992 Deo,
2181 1959 2219 1986 ut
2237 1953 2297 1987 fiat

1315 2004 1466 2038 victima.
1521 2002 1561 2036 In
1584 2001 1649 2036 boc
1666 2009 1845 2047 utrunque
1862 2000 1956 2034 Deus
1974 2001 2048 2034 vult
2064 2003 2237 2047 conspici,
2261 2010 2295 2037 et

1315 2053 1592 2097 magnitudinem
1631 2048 1702 2086 irae
1740 2054 1906 2085 adversus
1946 2059 2144 2095 peccatum,
2199 2054 2295 2099 quod

1315 2106 1413 2137 nulla
1432 2105 1498 2137 alia
1515 2102 1628 2138 hostia
1646 2103 1800 2148 potuerit
1825 2102 1974 2146 placari,
2002 2103 2070 2135 nisi
2090 2110 2200 2137 morte
2220 2105 2296 2146 filii,

1315 2163 1347 2189 et
1375 2167 1496 2189 rursus
1519 2156 1695 2198 ingentem
1724 2153 2022 2195 misericordiam,
2065 2155 2158 2199 qnod
2184 2155 2297 2189 voluit

1315 2207 1425 2239 filium
1444 2206 1515 2239 fieri
1532 2206 1726 2245 victimam,
1749 2217 1793 2238 ne
1817 2204 1945 2248 periret
1966 2215 2074 2247 genus
2091 2202 2296 2249 humanum,

1315 2258 1408 2301 quod
1429 2263 1572 2301 propter
1590 2257 1702 2300 ipsum
1721 2256 1795 2289 vult
1813 2255 1966 2298 recipere
1987 2257 2176 2290 eredentes.
2217 2256 2294 2292 Hoc

1315 2320 1480 2340 arcanum
1517 2308 1703 2340 consilium
1734 2307 1866 2339 aeterni
1898 2306 2006 2349 patris
2037 2307 2184 2350 protulit
2219 2308 2294 2351 ipse

1314 2358 1406 2390 filius
1430 2357 1507 2392 Dei.
1563 2358 1649 2391 Vult
1670 2358 1777 2401 igitur
1799 2356 1911 2396 Deus,
1946 2363 1985 2390 ut
2009 2359 2190 2391 credamus
2216 2360 2295 2393 voci

1315 2406 1437 2448 huius,
1468 2416 1502 2442 et
1528 2409 1573 2442 ita
1600 2415 1790 2442 statuamus
1815 2419 1894 2440 vere
1912 2408 2014 2441 nobis
2032 2408 2232 2451 contingere
2251 2411 2296 2443 li-

1314 2460 1530 2493 berationem
1547 2473 1564 2492 a
1581 2465 1739 2504 peccato,
1766 2464 1799 2491 et
1825 2470 1841 2490 a
1867 2464 1979 2491 morte
2002 2466 2144 2504 propter
2168 2460 2292 2496 filium.

1313 2510 1417 2542 Hanc
1437 2510 1542 2543 fidem
1567 2521 1703 2543 necesse
1727 2517 1776 2543 est
1801 2510 1971 2545 accedere,
2024 2509 2116 2552 Quia
2143 2508 2209 2543 hoc
2232 2512 2294 2545 be-

1313 2560 1494 2601 neficium,
1522 2572 1582 2594 sen
1610 2561 1770 2594 liberatio
1795 2572 1868 2593 non
1893 2567 2005 2604 potest
2033 2561 2135 2594 aliter
2165 2573 2292 2606 appre-

1312 2608 1422 2643 hendi
1438 2622 1497 2644 seu
1516 2611 1635 2657 accipi.
1689 2610 1772 2646 Ideo
1789 2612 1832 2645 de
1848 2623 1886 2646 ea
1904 2608 2068 2647 Christus
2083 2624 2186 2658 supra
2206 2625 2292 2648 con-

1313 2668 1471 2696 clonatus
1489 2669 1549 2699 est.
