2415 2942
82 128 153 165 601
272 125 371 162 XIII.

82 219 215 252 catum,
251 217 285 246 et
306 223 378 244 non
402 219 520 258 petere
543 220 604 248 aut
630 214 770 247 credere
794 213 981 256 gratuitam
1011 225 1066 246 re-

80 263 301 303 missionem,
328 265 387 297 sed
408 276 547 298 manere
563 265 599 298 in
623 265 683 298 illa
708 264 930 298 dubitatione
948 271 982 297 et
1005 277 1066 308 pa-

80 314 240 347 voribus:
268 314 343 349 Aut
366 327 533 359 quaerere
559 328 621 360 per
644 327 751 360 opera
775 315 1065 355 consolationem,

79 365 168 398 sicut
193 365 253 397 alii
285 376 346 409 per
378 365 628 407 monachatus,
676 366 735 399 alii
769 378 830 410 per
859 366 926 399 alia
957 376 1063 410 opera

79 422 266 461 quaerunt.
311 416 364 450 lta
381 418 479 451 dicit:
510 417 626 451 Mansi
643 417 679 450 in
700 417 901 460 pavoribus,
924 423 957 450 et
977 429 1063 460 pene

78 474 283 500 consumtus
306 478 426 501 essem.
478 468 615 502 Deinde
641 468 739 501 addit
763 469 806 501 de
830 468 1063 509 confessione,

77 517 116 550 in
142 529 209 562 qua
233 518 324 551 clare
347 519 462 553 docet:
491 519 596 562 Quod
616 518 710 553 Deus
733 519 886 553 remittat
911 526 1060 563 peccata,

77 568 272 613 etquidem
288 570 442 605 remittat
458 570 655 610 confitenti,
682 582 754 603 non
779 571 941 604 afferenti
960 570 1060 604 iusti-

80 619 168 653 ciam
186 619 291 662 tegis,
317 618 412 664 Ergo
430 622 534 665 gratis
557 621 716 655 remittit.

179 669 363 705 Transfert
379 673 574 716 exemplum
593 673 633 705 ad
651 673 756 706 alios:
782 671 852 706 Pro
864 669 930 705 hoc
947 672 1061 705 oravit

78 721 121 755 ad
133 727 166 755 te
181 722 296 755 omnis
311 730 461 761 sanctus,
481 724 515 756 id
536 730 597 764 est,
616 723 720 757 etiam
738 723 849 757 sancti
867 730 1061 766 agnoscunt

78 784 114 805 se
126 770 254 806 habere
264 781 411 817 peccata,
432 781 463 807 et
476 781 598 818 petunt
614 781 647 808 et
664 776 813 809 credunt
828 775 896 808 sibi
915 774 1060 818 ignosci,

75 821 170 866 Ergo
187 830 236 857 est
252 826 399 867 gratuita
415 826 586 861 remissio.
632 824 708 859 Hac
725 827 793 859 fide
810 826 1059 865 servabuntur,

74 881 108 907 et
125 886 197 907 uon
213 875 408 910 obruentur
423 876 606 918 fluctibus,
634 889 706 910 non
725 877 971 922 opprimentur
991 884 1058 910 ter·

74 925 229 958 roribus.
296 924 405 960 Vides
436 928 543 970 igitur
577 929 745 971 coniungi
782 929 979 962 doctrinam
1016 929 1058 960 de

74 975 289 1019 poenitentia
305 984 338 1010 et
362 979 403 1011 de
427 978 642 1012 remissione.
696 979 776 1012 Non
803 979 977 1024 promittit
1005 991 1059 1011 re—

72 1026 275 1060 missionem
292 1030 422 1062 securis
440 1037 472 1063 et
491 1042 563 1062 non
581 1031 796 1072 dolentibus,
823 1033 882 1064 sed
907 1031 968 1071 iis,
995 1030 1057 1063 ubi

74 1077 180 1111 simul
195 1079 311 1112 existit
329 1080 543 1123 poenitentia
560 1088 593 1115 et
615 1083 769 1115 existunt
784 1090 946 1115 terrores.

156 1128 238 1162 ldeo
254 1131 352 1164 addit
371 1132 577 1164 concionem
595 1133 638 1165 ad
656 1133 825 1177 populum
842 1133 937 1176 legis,
954 1143 1057 1177 quem

71 1177 235 1213 hortatur
248 1182 290 1214 ad
307 1183 578 1226 poenitentiam:
607 1182 725 1217 Nolite
744 1184 817 1216 fieri
841 1184 929 1217 sicut
948 1194 1058 1228 equus

70 1237 104 1265 et
131 1231 269 1276 mulus,
297 1233 332 1264 id
359 1241 429 1274 est,
462 1234 637 1276 agnoscite
661 1234 749 1268 iram
773 1233 857 1276 Dei,
891 1236 1058 1267 adversus

69 1288 259 1325 peccatum.
313 1282 355 1317 Et
373 1284 471 1318 addit
486 1286 528 1317 de
547 1285 668 1329 poenis
684 1286 833 1330 peccati:
863 1284 957 1318 Deus
974 1296 1057 1318 one—

69 1338 124 1365 rat
147 1335 320 1367 muudum
343 1335 599 1368 calamitatibus
624 1343 658 1369 et
682 1343 814 1377 morte,
842 1344 873 1370 et
901 1336 1056 1369 coerceat

70 1389 103 1416 et
119 1383 240 1426 puniat
257 1386 402 1428 impios,
430 1392 462 1418 ct
480 1392 518 1419 ut
536 1384 697 1421 humiliet
718 1398 802 1427 nos,
829 1394 866 1420 ut
889 1398 1054 1429 agnosca-

67 1444 145 1466 mus
163 1442 310 1477 peccata.
365 1435 415 1469 Ita
434 1448 556 1470 omnes
572 1438 692 1482 plagae
717 1438 842 1470 mundi
869 1445 951 1471 sunt
976 1449 1055 1481 pars

67 1483 151 1526 legis
173 1491 207 1517 et
228 1486 415 1520 conciones
438 1488 600 1531 divinae,
637 1500 726 1533 quae
754 1495 928 1522 testantur
949 1501 1053 1521 mnn-

66 1536 152 1569 dum
188 1547 261 1570 esse
290 1538 485 1572 subiectum
521 1546 659 1583 peccato
678 1566 688 1581 ,
729 1547 763 1574 et
798 1540 917 1573 Deum
951 1539 1053 1573 irasci

65 1592 218 1632 peccato.

167 1637 269 1673 Hanc
294 1640 501 1674 sententiam
531 1641 680 1685 opponit
711 1641 853 1675 iudiciis
875 1639 1052 1676 humanis.

63 1688 155 1723 Nam
178 1687 338 1724 homines
370 1691 523 1733 cogitant
554 1704 634 1725 casu
658 1692 815 1726 accidere
839 1693 1052 1726 calamitates

64 1747 97 1775 et
115 1739 190 1773 sine
206 1743 354 1775 consilio
371 1742 455 1782 Dei,
492 1750 552 1776 aut
575 1743 706 1777 iniusto
729 1745 860 1778 iudicio
877 1743 959 1777 Dei:
991 1745 1050 1777 sed

64 1789 242 1836 Propheta
259 1791 315 1827 hic
338 1795 569 1827 concionatur
585 1802 618 1828 et
637 1796 739 1830 docet
757 1795 966 1839 sapientiam
995 1796 1049 1828 di-

63 1841 196 1877 vinitus
213 1845 419 1885 revelatam,
447 1847 540 1890 quod
558 1845 688 1879 sciente
710 1854 744 1881 et
770 1848 959 1880 ordinante
977 1845 1050 1879 Deo

63 1894 246 1937 accidunt,
284 1903 323 1930 ut
346 1895 440 1929 Deus
463 1897 620 1931 co'e‘rceat
645 1897 772 1942 impios
789 1925 798 1939 ‚
841 1905 874 1932 et
897 1897 1050 1932 declarat

62 1946 153 1979 iram
177 1947 344 1981 adversus
376 1955 555 1992 peccatum
571 1974 580 1988 ‚
614 1955 654 1982 ut
678 1961 906 1994 agnoscamus
930 1960 1050 1992 pecca-

65 2004 159 2035 tum,
186 2006 220 2031 et
239 2011 446 2043 quaeramus
471 1999 506 2032 in
522 1996 664 2033 Christo
690 2001 837 2045 gratiam
862 2008 895 2034 et
919 2000 1050 2034 libera-

65 2048 210 2086 tionem.
267 2050 448 2084 Praeterea
472 2052 573 2084 docet
595 2059 751 2093 sanctos,
779 2052 916 2086 etiamsi
943 2052 1048 2085 simul

65 2099 289 2143 affliguntur,
326 2109 441 2135 tamen
466 2101 597 2135 servari
620 2109 653 2136 et
683 2105 825 2138 tandem
857 2103 1001 2137 libcrari
1030 2115 1048 2136 a

65 2158 177 2186 morte
197 2159 230 2186 et
246 2152 411 2186 omnibus
428 2153 539 2185 malis.

362 2241 511 2279 Quartum
533 2246 753 2281 argumentum.

167 2306 344 2350 Quartum
367 2312 612 2348 argumentum
639 2317 679 2338 ex
705 2304 831 2338 ordine
854 2318 1048 2343 causarum.

67 2356 246 2393 Abraham
279 2356 537 2401 pronunciatur
566 2356 678 2390 iustus
709 2363 788 2389 ante
812 2357 1048 2392 circumcisio—

65 2421 163 2448 nem,
190 2407 284 2451 Ergo
311 2419 398 2452 opus
422 2408 511 2440 illud
537 2419 610 2440 non
636 2414 790 2442 meretur
806 2409 1047 2443 remissionem

66 2467 303 2505 peccatorum,
329 2471 393 2493 nec
410 2458 706 2493 iustificationem.
761 2457 838 2492 Hoc
862 2471 1048 2503 argumen-

66 2519 141 2546 tum
159 2519 207 2545 est
227 2511 380 2551 illustre,
408 2511 489 2556 quia
507 2511 664 2544 continet
680 2510 904 2544 collationem
923 2512 1049 2545 iustifi-

66 2562 214 2596 cationis
234 2573 295 2595 seu
318 2561 633 2601 reconciliationis,
662 2569 695 2595 et
718 2562 939 2607 sequentium
964 2575 1048 2608 ope-

64 2626 157 2648 rum.
210 2612 390 2646 Praeterea
407 2615 508 2647 docet
523 2615 565 2646 de
582 2624 648 2647 usu
666 2612 986 2649 Sacramentorum.

166 2664 325 2698 Primum
341 2671 453 2698 autem
471 2665 639 2698 diluenda
656 2672 706 2699 est
724 2665 912 2698 cavillatio.
955 2664 1045 2700 Cum

64 2715 196 2750 Paulus
218 2715 455 2750 nominaverit
471 2716 722 2756 ceremoniam,
751 2717 891 2750 videtur
907 2722 1045 2752 tantum

423 128 457 162 2.
492 125 858 163 COMMENTARH
883 126 932 162 IN
960 125 1112 161 EPIST.
1140 122 1288 159 PAULI
1316 123 1382 160 AD
1409 122 1674 160 ROMANOS.
1729 123 1834 159 CAP.
1864 123 1926 158 lv.

2045 126 2120 162 602

1119 210 1329 244 ceremoniis
1351 211 1540 244 detraxisse
1566 210 1863 245 iustificationem.
1917 207 1973 244 Ad
1998 210 2032 243 id
2058 224 2114 245 re-

1118 263 1365 304 spondendum
1385 269 1453 297 est:
1491 262 1529 296 ln
1549 259 1748 303 Abraham,
1775 260 1931 302 Davide,
1957 269 1990 295 et
2007 263 2108 295 simi-

1120 312 1212 345 libus
1244 314 1466 346 ceremoniae
1496 321 1564 346 tam
1597 312 1775 347 habebant
1798 313 2004 346 mandatum
2031 312 2112 357 Dei,

1117 374 1222 406 quam
1248 363 1315 396 alia
1349 366 1440 396 bona
1477 377 1602 407 opera,
1644 363 1737 407 Ergo
1773 364 1862 397 ratio
1894 364 2111 398 diversitatis

1116 413 1213 445 nulla
1242 421 1291 448 est
1318 412 1386 449 hic.
1439 414 1476 447 Si
1504 422 1638 448 caetera
1661 427 1766 457 opera
1795 416 1959 448 mandata
1982 427 2000 448 a
2020 414 2108 459 Deo,

1116 465 1343 497 merebantur
1370 465 1611 498 remissionem
1642 473 1861 509 peccatorum
1885 472 1918 499 et
1942 466 2109 500 iustifica-

1115 515 1266 556 tionem‚
1297 516 1409 549 inulto
1433 516 1540 559 magis
1562 529 1641 549 cum
1666 517 1735 549 illis
1755 517 1980 550 merebantur
1995 518 2031 550 id
2049 529 2107 551 ce-

1116 566 1312 607 remoniae,
1355 567 1437 611 quia
1467 574 1566 600 erant
1601 567 1810 610 praestantia
1836 579 1941 611 opera
1970 568 2106 611 primae

1114 617 1264 652 tabulae.
1319 616 1439 662 ltaque
1464 630 1541 650 cnm
1568 617 1697 651 Paulus
1719 615 1872 651 detrahit
1899 619 2107 653 ceremoniis

1113 669 1296 707 meritum,
1324 666 1478 703 detrabit
1496 669 1598 703 etiam
1618 670 1760 702 caeteris
1777 668 1955 712 operibus,

1215 719 1399 760 Secundo,
1428 718 1485 754 hic
1509 721 1607 753 locus
1630 720 1788 754 continet
1804 720 1926 753 utilem
1946 719 2106 752 collatio-

1113 782 1193 804 nem
1211 771 1311 811 fidei,
1337 779 1369 805 et
1386 772 1608 817 sequentium
1626 783 1783 815 operum.
1838 767 2020 804 Abraham
2036 771 2103 803 fide

1113 829 1319 856 consecutus
1343 829 1394 856 est
1418 823 1660 856 remissionem
1681 829 1920 867 peccatorum,
1948 828 1980 855 et
2003 821 2106 855 iusti-

1113 872 1235 908 ficatns
1260 875 1306 907 ita
1332 875 1443 918 placet
1469 886 1627 918 persona.
1695 873 1818 907 Postea
1844 873 2006 918 sequitur
2032 872 2107 905 eius

1113 925 1326 960 obedientia.
1380 924 1530 958 Haecin
1550 926 1612 959 tali
1637 937 1786 969 persona
1808 925 1877 958 iam
1903 922 2008 958 habet
2032 935 2107 956 ma-

1112 987 1215 1018 guam
1236 977 1387 1012 laudem.

1213 1027 1272 1061 Sic
1297 1027 1410 1061 David
1441 1027 1594 1071 primum
1619 1026 1743 1069 accipit
1768 1027 1834 1059 fide
1860 1025 2105 1059 remissionem

1113 1084 1333 1121 peccatorum
1357 1086 1389 1112 et
1415 1079 1451 1112 fit
1475 1079 1585 1116 filius,
1613 1086 1730 1121 postea
1755 1078 1894 1121 placent
1914 1078 1987 1111 eius
2002 1077 2105 1111 forti-

1112 1136 1164 1162 ter
1182 1129 1270 1163 facta
1287 1130 1322 1162 in
1342 1130 1487 1170 militia,
1513 1129 1697 1171 diligentia
1716 1128 1750 1160 in
1769 1129 1936 1172 imperio,
1963 1128 2103 1172 patien-

1113 1181 1158 1213 tia
1177 1180 1214 1213 in
1238 1181 1509 1221 afflictionibus,
1537 1187 1569 1213 et
1591 1180 1680 1212 aliae
1704 1179 1862 1214 virtutes.
1915 1179 1960 1213 Et
1984 1186 2103 1213 tamen

1112 1229 1174 1264 lias
1193 1232 1334 1265 interim
1353 1244 1424 1264 non
1442 1230 1591 1275 opponit
1608 1229 1740 1263 iudicio
1759 1228 1844 1271 Dei,
1872 1231 1936 1264 scit
1956 1242 2012 1263 eas
2027 1242 2102 1263 non

1111 1283 1308 1316 satisfacere
1335 1283 1424 1325 legi,
1467 1295 1530 1315 nec
1563 1282 1700 1326 placere
1733 1288 1878 1325 propter
1899 1293 1996 1314 suam
2021 1293 2102 1325 per—

1110 1334 1317 1375 fectionem,
1345 1335 1403 1366 sed
1433 1333 1514 1378 qnia
1542 1332 1652 1366 credit
1677 1343 1711 1365 se
1736 1344 1797 1375 per
1821 1332 2101 1365 misericordiam

1111 1391 1254 1428 propter
1277 1385 1488 1428 promissum
1524 1395 1643 1417 semen
1678 1380 1807 1416 habere
1833 1381 1947 1416 Deum
1980 1383 2101 1427 propi-

1108 1435 1220 1474 cium,
1248 1436 1337 1469 sicut
1355 1436 1487 1481 inquit:
1516 1434 1613 1478 Quid
1633 1434 1824 1469 retribuam
1841 1433 2022 1467 Domino?
2039 1441 2101 1468 etc.

1109 1486 1158 1521 Ita
1186 1487 1222 1520 in
1247 1488 1410 1521 credente
1436 1487 1504 1520 iam
1529 1487 1621 1519 bona
1643 1497 1748 1530 opera
1773 1485 1863 1519 fiunt
1881 1485 2048 1519 sacrificia
2066 1492 2099 1520 et

1109 1536 1243 1572 hostiae
1261 1539 1393 1578 laudis,
1417 1546 1449 1572 et
1470 1536 1600 1571 habent
1614 1548 1738 1580 magna
1762 1537 1932 1584 praemia.

1210 1588 1334 1623 Tertio
1352 1589 1621 1634 diligentissime
1639 1585 1696 1620 hic
1717 1588 1815 1621 locus
1831 1589 1874 1621 de
1891 1599 1956 1622 usu
1973 1586 2099 1622 Sacra-

1107 1646 1307 1673 mentorum
1328 1641 1570 1673 observandus
1589 1645 1650 1679 est,
1680 1645 1717 1671 ut
1735 1639 1870 1672 muniat
1889 1650 1954 1672 nos
1973 1645 2097 1672 contra

1108 1688 1318 1735 pharisaicas
1351 1691 1536 1736 opiniones
1567 1691 1610 1723 de
1643 1701 1750 1734 opere
1782 1696 1939 1733 operato.
2007 1688 2095 1723 Item

1105 1751 1226 1777 contra
1250 1743 1523 1786 anabaptisticas
1546 1741 1826 1784 imaginationes,
1881 1739 1974 1784 Quia
1999 1741 2095 1773 enim

1106 1795 1235 1829 Paulus
1265 1794 1569 1827 circumcisionem
1609 1798 1709 1826 vocat
1742 1791 1897 1834 sigillum
1938 1791 2097 1825 iusticiae

1105 1845 1205 1887 fidei,
1237 1853 1384 1880 testatur
1406 1846 1632 1880 Sacramenta
1658 1854 1730 1876 esse
1757 1843 1854 1886 signa
1879 1842 2095 1888 requirentia

1103 1898 1220 1932 fidem.
1281 1897 1400 1941 Quare
1424 1908 1496 1930 non
1521 1895 1711 1929 iustificant
1734 1894 1810 1927 sine
1833 1894 1901 1927 fide
1923 1906 1963 1927 ex
1990 1905 2096 1939 opere

1103 1955 1266 1993 operato,
1292 1955 1329 1981 ut
1349 1945 1512 1982 monachi
1531 1946 1780 1992 loquebantur.

1208 1999 1305 2033 Idem
1324 2000 1424 2033 docet
1448 1997 1505 2032 hic
1523 1999 1639 2040 locus,
1668 1996 1891 2030 Sacramenta
1917 2008 1990 2029 non
2014 2002 2093 2029 tan-

1102 2057 1177 2084 tum
1203 2062 1275 2084 esse
1306 2050 1403 2094 signa
1435 2049 1664 2094 professionis
1694 2058 1773 2091 erga
1806 2045 1986 2090 homines,
2031 2054 2092 2081 aut

1101 2102 1259 2147 symbola
1302 2109 1508 2136 nostrorum
1552 2111 1690 2133 morum
1709 2125 1718 2139 ,
1766 2105 1807 2132 ut
1850 2099 2091 2142 imaginantur

1102 2153 1372 2197 Anabaptistae,
1399 2153 1459 2198 qui
1477 2158 1665 2186 extenuant
1683 2149 1918 2185 Sacramenta.
1957 2149 2092 2183 Verum

1102 2205 1162 2237 ille
1184 2216 1268 2238 usus
1294 2211 1326 2238 et
1349 2204 1428 2238 finis
1462 2203 1668 2248 principalis
1698 2207 1749 2234 est
1771 2199 2092 2242 sacramentorum,

1102 2256 1197 2301 qnod
1222 2263 1304 2290 sunt
1329 2256 1426 2298 signa
1452 2253 1713 2300 promissionis,
1741 2258 1774 2285 et
1799 2252 1999 2286 testimonia
2025 2264 2089 2285 vo-

1103 2307 1248 2340 luntatis
1272 2305 1337 2340 Dei
1363 2319 1443 2351 erga
1471 2318 1551 2348 nOS,
1580 2312 1612 2339 et
1636 2303 1820 2349 requirunt
1844 2302 1966 2345 fidem,
2002 2302 2092 2337 sicut

1103 2358 1300 2403 promissio.

1204 2408 1245 2442 In
1263 2406 1444 2443 Abraham
1460 2405 1679 2442 circumcisio
1697 2412 1746 2440 est
1763 2411 1859 2446 nota,
1889 2417 1978 2451 quae
1998 2416 2089 2439 sem-

1101 2472 1163 2505 per
1180 2461 1392 2494 admonebat
1410 2472 1490 2493 eum
1517 2457 1772 2503 promissionis.
1824 2455 1872 2491 Et
1895 2463 1968 2491 erat
1991 2456 2089 2490 testi-

1100 2512 1282 2553 monium,
1310 2513 1404 2558 quod
1423 2511 1518 2545 Deus
1542 2510 1571 2543 ei
1588 2508 1766 2554 propicius
1788 2514 1874 2542 esset
1890 2508 1985 2542 iuxta
2004 2520 2088 2552 pro-

1100 2563 1315 2599 missionem.
1370 2562 1420 2596 Ita
1437 2562 1630 2607 baptismus
1656 2560 1693 2593 in
1711 2565 1831 2593 nostro
1854 2570 2002 2604 corpore
2025 2559 2089 2591 ad-

1100 2622 1241 2648 moneat
1264 2626 1329 2648 nos
1348 2612 1611 2658 promissionis,
1639 2618 1671 2646 et
1696 2611 1813 2645 testari
1842 2611 1964 2651 dehet,
1990 2610 2086 2654 quod

1099 2678 1180 2699 vere
1206 2666 1291 2700 velit
1306 2665 1401 2700 Deus
1424 2664 1600 2710 impartiri
1624 2675 1684 2705 ea,
1719 2674 1808 2709 quae
1829 2662 1867 2696 in
1888 2660 2084 2705 Evangelio

1099 2717 1274 2763 promisit.
