2415 2942
121 105 190 143 861
376 99 475 136 XIII.

119 190 221 226 dictis
241 186 430 232 legalibus,
458 197 548 233 quae
571 186 700 231 passim
719 185 914 220 recitantur
930 195 949 217 a
964 181 1106 217 Christo

120 249 152 276 et
168 239 360 286 Apostolis.

221 288 298 333 Hae
328 296 597 341 imaginationes
624 306 770 340 prorsus
802 293 938 328 alienae
972 299 1056 327 sunt
1088 304 1105 325 a

118 351 250 391 Paulo,
283 350 345 394 qui
378 349 456 382 ideo
483 347 650 381 discernit
679 346 853 379 iusticiam
882 343 947 377 Dei
975 356 993 377 a
1021 345 1107 386 lege,

119 403 200 448 quia
234 401 319 444 legis
355 399 550 440 iusticiam,
586 399 621 431 id
647 404 714 438 est,
745 395 988 440 impletionem
1015 395 1106 428 inte·

120 465 216 497 gram
244 449 329 484 haec
346 457 472 484 natura
492 461 566 482 non
589 454 706 493 potest*
726 443 873 484 habere,
902 447 991 479 sicut
1015 446 1105 478 infra

121 504 268 537 dicitur:
301 500 392 535 Caro
419 500 486 544 legi
510 499 575 533 Dei
602 511 646 531 ne
667 504 780 542 potest
801 498 944 543 quidem
970 497 1107 530 subiici.

122 554 202 588 Alia
228 553 336 596 igitur
359 552 494 585 iusticia
518 551 555 583 in
582 549 815 594 promissione
839 549 969 591 gratiae
986 548 1102 581 mani-

120 606 242 638 festata
266 610 338 644 est,
371 602 503 635 scilicet
528 600 688 634 remissio
708 606 741 633 et
763 600 1017 639 reconciliatio,
1045 610 1105 631 seu

121 655 308 699 imputatio
335 652 493 687 iusticiae
517 658 549 685 et
570 650 758 684 vivificatio
774 657 919 694 propter
934 650 1104 683 mediato-

120 718 214 745 rem,
248 712 281 739 et
304 716 366 749 per
391 715 481 738 eum.
540 702 593 735 Ac
617 699 702 735 haec
726 702 818 735 bona
844 703 975 735 dantur
1000 702 1105 744 gratis

122 757 279 791 credenti
303 756 340 788 in
359 754 609 794 mediatorem,
635 764 708 785 non
736 759 881 797 propter
908 753 1037 795 legem:
1071 759 1104 785 et

122 809 196 841 sine
221 808 316 849 lege,
343 806 423 850 quia
442 803 526 838 haec
544 810 670 837 natura
688 801 874 837 hominum
900 804 936 836 in
955 802 1018 836 hac
1035 803 1104 836 vita

121 858 304 891 dissimilis
319 863 369 890 est
386 856 472 898 legi,
499 867 563 888 nec
577 855 707 901 pendet
726 855 966 888 reconciliatio
985 867 1024 887 ex
1041 852 1106 887 bac

121 909 339 942 conditione:
367 906 407 941 Si
430 918 494 939 nos
515 907 625 949 legem
651 906 878 949 impleamus:
906 906 996 939 sicut
1016 907 1103 949 tegar

120 960 169 992 les
186 958 436 1002 promissiones
459 958 614 1001 pendent
639 969 679 989 ex
705 957 912 990 conditione
943 957 1108 1001 impletae

121 1010 224 1053 legis,
252 1008 323 1052 Qui
342 1008 462 1042 fecerit
477 1019 538 1051 ea,
566 1007 659 1041 vivet
678 1008 716 1040 in
740 1008 800 1043 eis.

220 1066 375 1102 Ecclesia
405 1079 476 1100 non
502 1067 614 1109 gignit
637 1078 765 1100 novam
794 1067 1012 1108 doctrinam,
1048 1068 1106 1100 sed

121 1121 157 1153 in
174 1119 371 1152 ministerio
387 1118 610 1162 propagatrix
628 1124 678 1151 est
695 1118 791 1151 vocis
809 1125 969 1162 acceptae
988 1131 1004 1151 a
1023 1117 1109 1157 Deo,

121 1183 184 1204 nec
218 1171 346 1203 addere
380 1169 593 1214 quidquam,
629 1181 693 1201 nec
723 1170 888 1202 mutilare
912 1181 987 1202 eam
1015 1170 1108 1204 velit,

123 1221 214 1255 Cum
241 1228 356 1254 autem
383 1220 428 1253 sit
452 1220 623 1263 discipula
649 1220 744 1252 vocis
772 1220 931 1260 divinae,
957 1221 1109 1254 retinere

124 1273 227 1305 etiam
245 1272 348 1305 debet
373 1271 527 1303 nativam
550 1271 840 1313 significationem
868 1272 1056 1304 verborum
1077 1278 1108 1303 et

121 1321 267 1367 phrasis.
320 1321 455 1355 Usitata
487 1328 536 1354 est
563 1328 685 1355 'autem
717 1320 905 1364 sophistica
932 1322 968 1354 in
992 1322 1108 1354 omni-

121 1375 187 1407 bus
221 1373 450 1415 corruptelis,
490 1372 656 1414 affingere
688 1372 792 1405 dictis
824 1370 1039 1417 propheticis
1076 1379 1107 1406 et

123 1424 323 1468 apostolicis
340 1423 470 1456 alienas
487 1422 771 1465 significationes.

224 1481 272 1516 Ut
295 1481 544 1516 samosatenus
567 1478 678 1529 λόγον
695 1483 949 1526 interpretatur
977 1494 1108 1526 propo-

122 1534 228 1567 situm
247 1546 307 1567 εειι
331 1535 510 1567 decretum
537 1533 575 1566 in
601 1533 696 1573 Deo,
723 1535 766 1566 de
789 1534 969 1566 salvandis
992 1531 1108 1566 homi—

121 1585 245 1625 nibus,
276 1596 350 1617 non
373 1581 482 1631 λόγον
508 1581 783 1631 ὑφιστάμενον,
814 1585 874 1629 qui
900 1584 1108 1618 adsumserit

123 1633 314 1668 humanam
333 1641 506 1669 naturam.

223 1693 385 1737 Pelagius
414 1693 559 1736 gratiam
592 1693 891 1736 interpretabatur
914 1695 1023 1738 ipsam
1058 1693 1108 1726 le-

125 1757 199 1788 gem
213 1771 221 1785 ‚
250 1745 331 1789 quia
352 1744 455 1777 etiam
474 1744 684 1777 beneficium
704 1743 768 1777 Dei
788 1752 849 1779 est,

227 1801 422 1846 Origenes,
459 1810 490 1836 et
523 1803 581 1835 alii
618 1803 722 1836 multi
756 1804 792 1836 in
821 1804 932 1837 dicto:
969 1802 1108 1837 Iusticia

124 1855 191 1888 Dei
209 1855 359 1887 revelata
380 1861 428 1886 est
453 1854 528 1887 sine
548 1855 639 1897 lege,
666 1855 746 1888 fecit
774 1854 1006 1898 perniciosam
1032 1868 1109 1888 mu-

124 1905 338 1938 tilationem:
367 1904 453 1938 Sine
476 1905 569 1948 lege,
598 1905 731 1939 scilicet
748 1906 973 1939 ceremoniali
999 1913 1029 1939 et
1055 1907 1108 1939 iu-

123 1956 246 1993 ‹licali,
283 1967 347 1989 nec
380 1956 632 1998 interpretatur
665 1955 816 1989 Paulum
850 1958 893 1990 de
927 1963 997 1990 tota
1025 1958 1108 2001 lege,

124 2019 200 2039 cnm
218 2006 359 2051 quidem
377 2007 559 2040 manifeste
578 2008 744 2051 loquatur
769 2009 811 2040 de
835 2009 1001 2041 omnibus
1029 2021 1109 2053 par-

123 2058 214 2090 tibus
242 2058 341 2100 legis:
384 2056 522 2090 Iusticia
558 2057 622 2091 Dei
656 2058 730 2091 sine
762 2059 837 2102 lege
871 2060 1023 2094 revelata
1050 2067 1110 2101 est,

124 2108 254 2141 scilicet
270 2108 412 2147 morali,
436 2109 660 2142 ceremoniali
685 2116 717 2143 et
734 2110 904 2144 iudiciali.

224 2165 328 2198 Nunc
356 2163 535 2198 Osiander
560 2167 715 2200 offundit
744 2168 952 2211 caliginem,
999 2169 1108 2202 inter-

125 2222 265 2260 pretans
283 2216 454 2249 iusticiam
474 2216 558 2256 Dei,
576 2217 749 2251 iusticiam
768 2220 1002 2263 essentialem,
1021 2233 1109 2265 quae

123 2275 173 2301 est
196 2267 234 2300 in
256 2267 354 2307 Deo,
382 2278 441 2300 seu
464 2280 552 2312 quae
579 2274 629 2301 est
655 2268 728 2312 ipse
744 2269 850 2305 Deus.
902 2270 1034 2304 Notum
1059 2279 1107 2304 est

126 2325 238 2351 autem
258 2316 349 2351 hanc
366 2318 539 2351 iusticiam
557 2319 593 2351 in
612 2320 683 2362 lege
700 2321 888 2354 revelatam
907 2333 992 2364 esse,
1021 2335 1108 2367 quae

126 2370 203 2402 ideo
227 2369 353 2403 tradita
377 2376 444 2410 est,
489 2377 527 2403 ut
556 2370 600 2403 sit
633 2371 902 2413 testimoninm,v
937 2375 1031 2417 quod
1066 2374 1108 2407 sit

127 2418 240 2460 Deus,
266 2427 297 2453 et
315 2420 426 2465 qualis
442 2421 505 2465 sit,
534 2422 627 2466 quod
646 2422 732 2455 velit
761 2434 824 2455 nos
842 2423 907 2455 sibi
934 2436 1005 2456 esse
1024 2437 1108 2457 con-

126 2472 274 2508 formes,
301 2477 333 2504 et
356 2472 511 2505 destruat
535 2484 656 2505 ornnes
684 2486 756 2506 non
780 2475 986 2508 conformes.
1040 2474 1109 2508 Po-

128 2527 196 2553 stea
234 2521 368 2555 addunt
398 2520 602 2556 Osiandrici
631 2525 802 2568 amplius,
843 2532 982 2569 ponunt
1014 2527 1108 2559 enim

127 2571 299 2604 iusticiam
333 2571 418 2613 Dei,
459 2586 531 2607 esse
563 2575 736 2608 iusticiam
768 2577 950 2620 tropicam.
1004 2576 1105 2617 Item,

125 2620 305 2655 Christum
339 2623 523 2658 iustificare
556 2637 619 2670 per
641 2626 812 2661 accidens.
876 2626 951 2661 Hae
982 2628 1110 2673 impiae

128 2684 227 2706 voces
245 2676 456 2708 execrandae
474 2683 567 2713 sunt.

526 100 561 134 3.
589 95 887 135 ENARRATIO
914 96 1066 132 EPIST.
1094 93 1240 131 PAULI
1267 92 1334 129 AD
1360 90 1624 130 ROMANOS.
1678 91 1783 129 CAP.
1812 92 1880 127 III.

2076 94 2150 128 862

1310 178 1354 213 Et
1381 179 1531 213 tenenda
1547 185 1597 213 est
1613 179 1797 222 refutatio,
1824 186 1865 214 ut
1880 191 1958 213 cum
1975 177 2116 219 dicunt,

1313 230 1418 264 Solus
1438 230 1531 264 Deus
1549 237 1600 264 est
1620 231 1750 264 bonus:

1313 280 1406 324 Ergo
1423 282 1518 314 solus
1536 280 1632 314 Deus
1654 289 1703 315 est
1724 282 1871 316 iusticia.

1262 330 1478 374 Respondeo
1512 334 1554 364 ad
1578 334 1812 367 antecedens:
1848 333 1952 367 Solus
1974 330 2072 366 Dens
2097 339 2147 364 est

1160 382 1294 422 bonus,
1336 382 1467 415 scilicet
1504 383 1661 425 origine,
1705 385 1919 427 perfectione
1962 390 1994 417 et
2031 395 2144 422 cansa,

1159 433 1193 466 id
1219 440 1287 473 est,
1320 433 1399 466 fons
1423 433 1606 471 bonitatis,
1639 434 1793 477 perfecte
1814 436 1946 476 bonus,
1979 440 2011 467 et
2042 446 2144 466 causa

1159 484 1244 517 boni
1261 483 1299 516 in
1317 483 1497 517 creaturis.
1550 483 1689 518 Deinde
1705 497 1784 518 vera
1804 492 1852 518 est
1877 493 1992 518 tamen
2010 491 2042 518 et
2061 482 2145 517 haec

1159 535 1370 579 propositio:
1407 533 1507 568 Vidit
1537 533 1633 568 Deus
1661 536 1781 569 omnia
1815 548 1904 581 quae.
1929 537 2075 575 fecerat,
2111 542 2143 567 et

1158 593 1257 620 erant
1279 586 1380 618 valde
1404 585 1518 623 bona,
1555 586 1589 618 id
1624 594 1692 628 est,
1720 587 1917 620 conformia
1952 586 2143 630 sapientiae

1155 637 1239 678 Dei,
1281 636 1419 680 singula
1457 648 1520 670 suo
1559 638 1686 680 gradu,
1736 638 1825 671 sicut
1866 638 2007 670 condita
2045 643 2145 669 erant

1156 701 1175 722 a
1195 688 1281 722 Deo.

1259 739 1311 772 Ac
1334 749 1556 783 nequaquam
1579 738 1769 772 dicendum
1795 744 1863 779 est,
1891 734 2144 771 Obedientiam

1155 788 1289 825 Christi
1314 797 1452 823 tantum
1479 790 1612 833 tropice
1643 790 1820 823 iusticiam
1852 800 1943 829 esse,
1975 795 2025 822 est
2049 789 2143 821 enim

1156 841 1383 876 conformitas
1413 852 1549 874 summa
1576 841 1613 873 in
1646 848 1763 874 mente
1795 847 1828 874 et
1853 840 2036 873 voluntate
2064 851 2143 872 cum

1157 901 1298 927 aeterno
1331 898 1449 936 patre,
1489 892 1578 925 sicut
1601 891 1730 926 Psalm.
1756 891 1815 925 39.
1856 891 2002 925 dicitur:
2046 889 2141 924 Dens

1159 956 1256 978 meus
1275 943 1393 984 volui,
1420 951 1453 977 et
1469 943 1523 976 lex
1540 950 1598 976 tua
1614 943 1650 976 in
1669 943 1787 976 medio
1814 942 1930 975 cordis
1948 942 2027 976 mei.
2068 940 2144 974 Hoc

1158 996 1247 1029 velle
1264 995 1301 1028 in
1320 994 1408 1035 filio,
1437 1007 1506 1039 qno
1521 1006 1556 1027 se
1574 995 1717 1028 subiicit
1735 1000 1879 1028 aeterno
1897 993 2007 1037 patri,
2030 990 2143 1025 hono-

1159 1058 1241 1080 rans
1256 1057 1335 1080 eum
1354 1046 1486 1078 maiore
1503 1043 1702 1079 humilitate
1715 1072 1724 1086 ‚
1752 1056 1856 1090 quam
1882 1044 1954 1077 ulla
1975 1050 2145 1081 creatura,

1159 1106 1191 1132 et
1221 1096 1472 1142 perfectissime
1509 1097 1659 1139 diligens
1688 1109 1788 1135 enm,
1829 1095 2035 1128 nominatur
2065 1106 2144 1125 vere

1159 1149 1316 1191 iusticia,
1344 1146 1448 1183 Rom.
1465 1146 1519 1189 5.,
1543 1159 1616 1181 non
1642 1148 1758 1193 aliqua
1779 1147 1910 1190 figura,
1939 1157 1998 1179 seu
2027 1146 2143 1178 nomi-

1159 1201 1214 1233 nis
1230 1201 1353 1233 abusu.

1260 1249 1306 1282 Et
1335 1247 1506 1282 horribile
1537 1249 1760 1282 mendacium
1791 1254 1842 1282 est
1872 1248 2005 1287 dicere,
2038 1244 2143 1280 Chri-

1159 1309 1249 1335 stum
1269 1312 1331 1343 per
1349 1300 1510 1333 accidens
1534 1300 1740 1340 iustificare,
1768 1311 1847 1332 cum
1871 1299 1914 1332 sit
1929 1298 2142 1343 praedicatio

1159 1352 1293 1397 proprii
1319 1351 1461 1384 effectus
1486 1352 1529 1384 de
1555 1351 1698 1395 propria
1719 1361 1840 1394 causa,
1869 1357 1908 1384 ut
1938 1361 2017 1382 cum
2047 1349 2143 1381 dico:

1160 1403 1254 1447 Ignis
1270 1402 1447 1443 calefacit,
1472 1414 1532 1435 seu
1549 1403 1645 1434 calor
1669 1401 1838 1435 calefacit.

1262 1453 1360 1487 Alibi
1386 1454 1516 1486 dicitur
1541 1453 1577 1485 in
1601 1452 1729 1486 Paulo:
1759 1451 1854 1485 Deus
1881 1458 1930 1484 est
1955 1451 2084 1487 iustus,
2111 1457 2144 1482 et

1160 1505 1352 1539 iustificans
1370 1517 1446 1537 eum
1459 1532 1466 1544 ‚
1486 1505 1546 1548 qui
1564 1511 1613 1538 est
1631 1516 1670 1536 ex
1687 1504 1755 1536 fide
1775 1502 1849 1535 lesu
1864 1530 1872 1543 ‚
1900 1503 1935 1534 id
1960 1509 2028 1540 est,
2066 1513 2144 1533 vere

1161 1558 1332 1590 damnans
1359 1562 1537 1598 peccatum
1564 1555 1600 1587 in
1632 1555 1798 1588 omnibus
1829 1551 2053 1591 hominibus,
2090 1553 2144 1584 iu-

1161 1607 1313 1641 stificans
1330 1618 1427 1646 enm,
1455 1606 1515 1651 qui
1540 1613 1590 1639 est
1614 1617 1652 1638 ex
1676 1606 1742 1637 fide
1774 1604 1869 1644 lesu,
1897 1604 1932 1636 id
1956 1610 2027 1644 est,
2056 1604 2144 1635 reci-

1162 1659 1261 1701 piens
1293 1659 1472 1690 credentes
1502 1657 1539 1689 in
1567 1657 1678 1689 filium
1704 1662 1847 1700 propter
1870 1655 1945 1687 eius
1976 1654 2145 1688 obedien-

1161 1710 1256 1743 tiam.
1309 1707 1379 1741 Hic
1402 1715 1551 1753 utraque
1578 1719 1638 1750 per
1670 1719 1705 1740 se
1730 1719 1832 1740 causa
1857 1713 1890 1739 ct
1913 1705 2146 1738 immutabilis

1160 1760 1380 1799 nominatur,
1428 1757 1522 1791 Deus
1553 1758 1732 1796 iustificat,
1779 1764 1818 1791 ut
1853 1768 1954 1790 causa
1981 1756 2146 1790 efficiens.

1159 1810 1205 1844 Et
1226 1810 1426 1843 obedientia
1444 1810 1506 1842 filii
1525 1817 1574 1843 est
1593 1809 1778 1852 impulsiva
1799 1820 1860 1851 per
1882 1820 1916 1840 se
1933 1819 2044 1840 causa.
2099 1805 2143 1839 Et

1160 1869 1297 1906 possent
1314 1859 1398 1894 haec
1416 1861 1484 1894 dici
1504 1861 1669 1894 subtilius
1682 1888 1689 1900 ,
1707 1861 1765 1892 sed
1785 1859 1881 1902 fugio
1897 1859 2044 1891 nimiam
2061 1858 2146 1891 suh-

1159 1914 1340 1953 tilitatem,
1376 1919 1409 1946 et
1441 1924 1570 1945 moneo
1602 1912 1776 1951 iuniores,
1816 1918 1854 1944 ut
1878 1916 2078 1943 reverenter
2103 1911 2145 1941 de

1159 1965 1264 1999 tantis
1280 1965 1385 1997 rebus
1402 1964 1606 2008 loquantur.

1259 2014 1372 2048 Causa
1403 2027 1464 2059 per
1496 2015 1656 2047 accidens
1687 2013 1766 2046 talis
1792 2019 1857 2053 est,
1893 2012 1969 2045 sine
1995 2023 2061 2056 qua
2091 2023 2144 2044 res

1159 2067 1232 2099 fieri
1252 2073 1406 2111 poterat,
1428 2074 1465 2100 ut
1483 2078 1560 2099 cum
1578 2065 1685 2102 dicis,
1706 2065 1834 2097 febrim
1859 2075 1994 2096 causam
2011 2075 2072 2106 per
2091 2075 2146 2095 ac-

1160 2119 1277 2151 cidens
1295 2130 1366 2151 esse
1385 2118 1634 2161 temperantiae
1648 2143 1655 2156 ,
1685 2122 1848 2159 poterant
1871 2115 1975 2147 etiam
2000 2120 2078 2146 ante
2095 2115 2146 2146 fe-

1160 2170 1251 2202 brim
1268 2170 1342 2202 sine
1365 2181 1402 2201 ea
1420 2169 1557 2201 frenare
1585 2179 1707 2199 manns
1726 2166 1887 2208 cogitatio
1905 2172 1938 2198 et
1963 2165 2142 2198 voluntas:

1160 2228 1193 2253 at
1211 2218 1342 2254 Christi
1372 2219 1573 2253 obedientia
1596 2219 1644 2251 sic
1673 2218 1832 2250 ordinata
1856 2223 1903 2249 est
1930 2215 2145 2249 immutabili

1161 2273 1298 2305 decreto
1316 2270 1401 2311 Dei,
1429 2278 1466 2304 ut
1485 2268 1558 2311 ,hoc
1581 2270 1708 2308 modo,
1735 2274 1767 2300 et
1792 2279 1864 2299 non
1889 2267 1989 2300 aliter
2015 2266 2073 2299 fiat
2089 2278 2145 2299 re—

1158 2323 1372 2357 conciliatio.
1426 2322 1507 2355 Non
1526 2327 1575 2354 est
1594 2321 1701 2363 igitur
1717 2330 1817 2352 causa
1838 2330 1897 2362 per
1912 2318 2086 2351 accidens.

1575 2406 1722 2437 Aliud.

1314 2470 1560 2506 Misericordia
1580 2469 1759 2507 iustificat,

1315 2521 1560 2556 Misericordia
1586 2527 1634 2552 est
1664 2518 1810 2551 essentia
1838 2516 1921 2549 Dei:

1314 2573 1408 2617 Ergo
1434 2572 1580 2605 essentia
1598 2569 1663 2603 Dei
1681 2569 1853 2603 iustificat.

1264 2625 1476 2670 Respondeo
1489 2650 1496 2663 ‚
1515 2621 1679 2655 Concedo
1698 2627 1808 2654 totum
1831 2618 1911 2663 napi
1927 2620 2075 2663 πρώτου
2095 2618 2148 2649 εἰ-

1162 2676 1265 2719 τίου,
1289 2684 1327 2712 ut
1345 2688 1424 2710 cum
1441 2673 1575 2708 Paulus
1591 2673 1693 2707 dicit:
1721 2672 1815 2706 Deus
1831 2671 1955 2715 estqui
1975 2670 2149 2702 iustificat.
