2415 2942
235 119 308 155 607

238 217 293 240 res
309 213 506 239 aerumnae.
559 199 617 234 Sic
635 211 700 233 nos
721 198 824 234 etiam
850 199 1018 233 debemus
1035 198 1072 232 in
1094 197 1223 234 nostris

238 255 403 302 periculis
422 253 523 285 fidem
542 262 709 285 exercere.

338 304 420 337 Dixi
458 303 501 336 de
542 302 697 335 obiecto:
739 312 834 334 nune
868 300 911 334 de
952 300 1094 334 formali
1129 300 1222 335 fidei.

238 355 352 399 Atque
372 352 427 387 hic
447 353 544 387 loeus
567 354 658 386 clare
683 352 837 385 ostendit
862 352 966 385 fidem
988 363 1006 384 a
1026 351 1137 385 Paulo
1160 364 1222 384 vo-

237 407 307 440 cari
332 404 514 442 fiduciam,
541 415 629 449 quae
653 403 840 436 assentitur
857 402 1084 447 promissioni
1101 402 1220 435 Evan-

237 457 339 500 gelii,
375 462 408 488 et
431 462 561 498 pugnat
587 466 665 487 cum
696 454 930 488 dubitatione.
1006 453 1085 486 Non
1116 453 1222 497 igitur

236 507 408 550 significat
432 506 516 538 fides
541 506 706 538 noticiam
734 505 837 547 legis,
880 511 938 538 aut
965 511 1102 538 tantum
1128 504 1221 538 noti—

237 560 325 592 ciam
351 555 543 590 historiae:
591 557 648 588 sed
679 556 851 598 significat
881 555 1040 588 assentiri
1070 555 1221 599 promis—

236 609 345 648 sioni,
383 619 458 640 non
485 607 666 648 dubitare,
700 607 786 652 quin
812 605 907 640 Deus
932 604 1154 640 exhibiturus
1178 606 1223 639 sit

238 659 461 705 promissum.

339 708 470 753 Estque
489 705 545 741 hic
562 708 660 741 locus
675 708 915 741 observandus
928 733 936 746 ,
964 714 1003 741 ut
1019 713 1222 750 opponatur

237 761 327 801 illis,
357 761 416 805 qui
443 760 545 792 fidem
570 765 698 801 negant
723 769 795 791 esse
821 758 984 790 fiduciam
1008 765 1221 801 pugnantem

236 824 316 846 cum
347 811 578 844 dubitatione.
638 809 727 842 Nam
760 806 817 841 hic
849 819 1007 851 expresse
1042 816 1223 851 ponuntur

237 869 387 908 quatuor
411 860 673 903 descriptiones.
727 858 779 892 De
803 859 1036 903 promissione
1059 871 1131 891 non
1155 860 1218 892 du-

238 913 362 947 l›itavit
395 911 602 944 diffidentia.
671 909 778 948 Item,
823 916 936 942 certus
968 910 1047 944 suit.
1126 909 1223 949 ltem,

236 965 323 996 dans
347 962 493 1005 gloriam
520 961 593 993 Deo
614 968 679 994 etc.
735 960 785 994 lta
812 972 915 1002 supra
936 959 1067 1007 Paulus
1088 961 1222 994 confert

235 1015 336 1047 fidem
361 1019 395 1046 et
424 1012 713 1056 promissionem,
756 1018 790 1045 et
822 1011 977 1044 ostendit
1005 1024 1041 1043 ea
1070 1011 1161 1045 inter
1183 1023 1218 1044 se

235 1075 392 1098 connexa
411 1074 482 1095 esse
506 1070 672 1107 tanquam
695 1062 910 1095 correlativa.
967 1059 1061 1104 Ergo
1085 1069 1217 1095 certum

235 1122 302 1155 est,
328 1114 395 1146 fide
419 1114 511 1158 apud
531 1112 679 1146 Paulum
705 1112 894 1155 significari
919 1112 1102 1152 fiduciam,
1131 1124 1218 1157 quae

233 1165 421 1200 assentitur
451 1164 676 1207 promissioni
696 1162 901 1207 Evangelii,
937 1170 969 1197 et
990 1163 1115 1207 accipit
1138 1175 1218 1206 pro-

232 1218 374 1250 missam
393 1215 634 1248 remissionem
660 1221 878 1258 peccatorum
903 1220 936 1247 et
960 1214 1220 1247 reconciliatio-

233 1280 325 1301 nem.
389 1265 477 1299 ltem
503 1278 575 1298 non
603 1265 751 1298 dubium
777 1272 844 1305 est,
879 1264 1029 1298 Paulum
1055 1265 1152 1309 loqui
1175 1264 1218 1298 de

233 1320 301 1352 fide
325 1323 448 1360 agente
472 1317 605 1361 aliquid
625 1317 661 1348 in
687 1317 882 1350 terroribus
903 1315 1157 1357 conscientiae,
1185 1322 1218 1349 et

233 1369 437 1403 consolante
453 1367 693 1400 conscientias.
728 1365 825 1400 Sicut
843 1366 932 1399 infra
953 1366 1083 1410 inquit:
1113 1365 1219 1400 lusti-

236 1419 327 1454 ficati
352 1419 420 1451 fide
448 1430 566 1462 pacem
593 1415 772 1451 habemus.
836 1415 948 1450 Porro
975 1417 1033 1449 illa
1059 1417 1218 1450 consola-

234 1471 283 1505 tio
303 1481 374 1503 non
400 1469 436 1501 fit
456 1468 584 1502 noticia
611 1468 713 1510 legis,
741 1475 800 1502 aut
824 1468 952 1500 noticia
977 1468 1085 1501 solius
1110 1466 1219 1501 histo-

234 1522 324 1561 riae,
352 1520 411 1553 sed
429 1519 553 1553 fiducia
571 1519 817 1563 promissionis
842 1525 1020 1563 pugnante
1048 1531 1127 1552 cum
1152 1520 1219 1553 du-

234 1572 417 1606 bitatione.

336 1620 471 1655 Omnia
502 1626 583 1653 sunt
614 1620 716 1663 plena
750 1620 976 1653 tenebrarum
1002 1625 1036 1652 et
1060 1619 1219 1661 caliginis

235 1674 272 1706 in
290 1672 450 1706 doctrina
472 1668 691 1710 Christiana,
719 1670 842 1704 amissa
863 1669 925 1703 hac
953 1669 1092 1713 propria
1111 1670 1219 1713 signi-

235 1724 396 1758 ficatione
422 1721 584 1755 vocabuli
607 1722 701 1754 fidei.
755 1720 838 1754 Ideo
863 1718 900 1753 hi
931 1721 995 1753 loci
1014 1719 1114 1753 Pauli
1141 1721 1222 1753 dili-

236 1782 356 1819 genter
380 1780 462 1806 sunt
490 1772 721 1812 observandi,
749 1779 808 1811 ut,
842 1772 926 1817 quid
965 1771 1107 1815 proprie
1137 1771 1222 1804 fides

237 1825 423 1868 significet,
465 1830 557 1857 certo
586 1823 734 1856 iudicari
761 1830 794 1857 et
824 1823 988 1856 constitui
1015 1823 1140 1866 possit,
1183 1829 1221 1855 ut

235 1876 347 1910 refelli
380 1875 610 1908 deliramenta
637 1874 779 1906 illorum
806 1874 968 1916 possint,
1005 1873 1063 1917 qui
1094 1880 1222 1915 negant

236 1928 340 1960 fidem
364 1937 436 1958 esse
461 1924 623 1958 fiduciam
651 1931 863 1968 pugnantem
889 1937 967 1957 cum
992 1925 1222 1965 dubitatione,

236 1978 295 2011 sed
313 1976 550 2019 imaginantur
566 1982 698 2008 tantum
718 1986 790 2008 esse
807 1975 972 2008 noticiam
993 1972 1171 2008 historiae.

339 2026 476 2061 Deinde
510 2038 575 2059 nos
610 2026 712 2059 etiam
747 2027 790 2058 ad
834 2038 935 2058 usum
970 2026 1223 2059 transferamus

237 2078 329 2113 hanc
345 2077 616 2121 descriptionem
644 2074 700 2109 hic
726 2077 960 2120 propositam,
988 2084 1019 2109 et
1047 2076 1221 2109 discamus

238 2129 306 2164 hoc
323 2141 393 2162 esse
410 2139 531 2161 verum
551 2127 629 2160 fidei
650 2128 872 2166 exercitium,
901 2138 1096 2170 repugnare
1114 2134 1220 2159 natu—

237 2181 303 2215 rali
328 2178 542 2213 dubitationi
568 2185 599 2210 et
627 2178 862 2218 diffidentiae,
907 2184 939 2210 et
964 2178 1015 2209 illi
1044 2190 1221 2221 opponere

238 2232 384 2264 verbum
403 2242 462 2263 seu
478 2229 747 2273 promissionem
763 2253 771 2266 ,
799 2235 830 2261 et
851 2234 964 2271 petere
985 2234 1015 2260 et
1033 2235 1221 2271 expectare,

238 2289 276 2315 nt
293 2281 541 2314 confirmemur
560 2291 577 2312 a
595 2278 682 2313 Deo.
719 2278 817 2313 Sicut
836 2280 893 2311 ille
910 2279 955 2312 ait
976 2278 1087 2311 Marci
1107 2291 1219 2313 nono:

239 2332 353 2365 Credo
370 2331 540 2371 Domine,
566 2330 692 2363 adiuva
711 2330 989 2363 incredulitatem
1010 2342 1136 2363 meam.

339 2381 462 2415 Tertio
495 2388 597 2415 ornat
626 2380 757 2414 Paulus
789 2381 891 2414 fidem
927 2392 945 2413 a
977 2392 1076 2413 causa
1110 2381 1219 2416 finali.

238 2431 428 2477 Postquam
445 2433 537 2464 enim
557 2432 739 2477 descripsit
755 2444 829 2465 eam
847 2431 960 2477 qualis
985 2432 1047 2472 sit,
1075 2438 1107 2464 et
1133 2445 1220 2476 quae

239 2484 284 2517 sit
300 2483 372 2516 eius
394 2489 537 2520 natura,
561 2483 659 2516 addit
682 2483 851 2525 egregiam
869 2483 1220 2523 commendationem,

240 2535 333 2578 qnod
360 2533 403 2566 sit
425 2533 536 2565 cultus
558 2534 707 2566 reddens
724 2533 798 2567 Deo
823 2533 989 2577 gloriam,
1015 2533 1050 2565 id
1075 2540 1141 2573 est,
1168 2534 1218 2566 af-

239 2585 400 2621 firmans,
441 2584 533 2627 quod
558 2582 652 2615 Deus
685 2585 727 2618 sit
757 2592 881 2628 potens
914 2590 945 2617 et
978 2596 1096 2617 verax:
1136 2585 1217 2629 quia

239 2647 310 2668 non
335 2634 527 2667 assentiens
551 2634 795 2676 promissioni,
827 2635 964 2669 dubitat
989 2647 1031 2668 an
1057 2635 1102 2668 sit
1126 2647 1217 2675 vera,

237 2687 309 2719 imo
326 2692 427 2729 negat
444 2695 515 2719 esse
533 2695 662 2719 veram.
702 2683 851 2720 Accusat
868 2686 973 2729 igitur
989 2684 1101 2719 Deum
1121 2698 1217 2719 men-

841 111 966 147 PHIL.
993 110 1109 147 MEL.
1137 111 1344 148 SCRIPTA
1372 109 1673 150 EXEGETICA·

2183 118 2258 156 608

1275 198 1384 240 dacii,
1412 197 1502 233 sicut
1519 196 1669 233 loannes
1695 199 1827 247 inquit:
1862 203 1935 247 Qui
1953 216 2024 238 non
2042 205 2151 240 credit
2170 203 2259 248 Deo,

1276 251 1478 283 mendacem
1494 250 1577 284 facit
1593 263 1684 285 eum.
1726 250 1880 288 Econtra
1899 257 2089 291 assentiens
2107 257 2259 301 promis-

1274 301 1385 342 sioni,
1410 301 1529 335 statuit
1546 300 1659 336 Deum
1677 315 1748 337 esse
1766 316 1942 346 veracem,
1969 315 2144 351 potentem
2163 315 2225 342 etc.

1376 364 1422 401 Et
1445 374 1483 401 ut
1507 369 1617 412 magis
1640 369 1790 413 intelligi
1814 370 1941 415 possit,
1975 374 2068 417 quod
2093 375 2169 408 sine
2192 372 2257 408 hac

1275 417 1341 450 fide
1361 430 1432 451 non
1451 418 1627 453 tribuatur
1643 418 1717 454 Deo
1732 421 1803 454 ulla
1820 421 1942 465 gloria,
1967 421 2150 458 antithesis
2166 437 2257 459 con—

1275 469 1459 503 sideranda
1475 476 1536 505 est.
1587 469 1694 505 Ratio
1717 478 1776 506 aut
1797 469 1901 507 habet
1923 473 2109 516 opiniones
2126 473 2257 520 Epicu-

1276 530 1352 552 reas
1378 521 1421 552 de
1447 520 1540 561 Deo,
1575 523 1669 566 quod
1693 522 1736 556 sit
1760 523 1911 568 otiosus,
1936 536 2000 557 nee
2023 524 2174 568 puniens
2194 537 2258 560 nec

1277 571 1425 603 salvans.
1478 569 1573 605 Haec
1593 580 1641 606 est
1660 574 1770 617 prima
1787 575 1999 608 contumelia
2025 575 2196 620 descripta
2221 577 2259 610 in

1279 620 1438 655 Psalmo:
1481 619 1579 656 Dixit
1604 624 1773 668 insipiens
1798 625 1834 657 in
1866 626 1970 659 corde
1994 637 2079 667 suo,
2113 638 2185 660 non
2207 633 2259 662 est

1276 670 1382 705 Dens.
1436 670 1510 706 Aut
1533 671 1637 708 babet
1660 675 1845 718 opiniones
1869 676 1954 719 legis
1976 677 2019 710 dc
2039 675 2136 721 Deo,
2162 679 2257 724 quod

1276 722 1407 756 scilicet
1431 720 1525 756 Deus
1551 723 1658 758 salvet
1682 726 1808 767 iustos,
1841 734 1892 767 et,
1926 727 2007 773 quia
2033 739 2105 761 non
2136 739 2257 762 sumus

1277 773 1378 812 insti,
1404 773 1560 808 reiecerit
1584 787 1657 810 nos.
1720 776 1815 810 Haec
1838 778 1941 812 etiam
1967 785 2017 813 est
2039 778 2146 813 altera
2171 791 2258 813 con·

1275 823 1439 863 tumelia,
1467 825 1548 869 quia
1575 827 1623 859 sic
1648 828 1800 860 sentiens
1827 829 1870 861 de
1893 829 1990 867 Deo,
2017 829 2105 873 fugit
2131 829 2258 872 Deum,

1276 881 1308 907 et
1335 875 1451 908 fremit
1475 877 1640 910 adversus
1660 879 1787 913 Deum.
1841 879 1911 922 Qui
1932 880 1981 912 sic
2004 881 2046 913 de
2068 880 2142 914 Deo
2161 881 2257 915 iudi-

1277 932 1377 965 cant,
1409 937 1481 958 nou
1509 927 1673 962 invocant
1697 928 1825 963 Deum.
1885 928 1983 963 Nihil
2012 943 2030 963 a
2053 929 2128 965 Deo
2154 943 2257 977 expe-

1276 982 1381 1010 ctant.
1434 977 1554 1021 Itaque
1572 991 1643 1011 non
1661 987 1851 1023 agnoscunt
1868 992 1947 1014 eum
1964 993 2036 1014 esse
2054 982 2184 1018 Deum.

1379 1025 1447 1058 Sed
1466 1035 1605 1061 econtra
1622 1032 1764 1063 credens
1782 1031 2005 1074 promissioni
2026 1033 2166 1076 gratiae,
2193 1034 2256 1066 ab-

1272 1076 1345 1110 iicit
1369 1077 1555 1120 opiniones
1581 1077 1771 1123 Epicureas
1803 1089 1836 1115 et
1869 1082 2056 1126 opiniones
2084 1083 2186 1127 legis,
2221 1091 2254 1118 et

1272 1127 1395 1160 tribuit
1425 1126 1499 1161 Deo
1525 1130 1693 1172 gloriam,
1728 1133 1822 1176 quod
1849 1144 1928 1166 vere
1950 1141 2046 1167 curet
2074 1141 2107 1168 ct
2132 1135 2255 1177 diligat

1272 1190 1356 1219 nos,
1391 1180 1485 1223 quod
1519 1192 1591 1213 non
1622 1182 1706 1215 velit
1737 1183 1900 1226 perdere,
1935 1184 1992 1216 sed
2029 1186 2192 1219 exaudire
2221 1192 2255 1220 et

1272 1229 1424 1270 salvare,
1466 1230 1560 1264 iuxta
1592 1233 1887 1276 promissionem,
1929 1245 2131 1279 quanquam
2161 1235 2257 1269 indi-

1271 1291 1367 1323 gnos,
1424 1279 1544 1326 Itaque
1567 1280 1630 1316 hac
1654 1284 1722 1318 fide
1745 1284 1885 1318 invocat
1907 1292 1940 1318 et
1963 1292 2118 1329 expectat
2143 1298 2160 1319 a
2182 1285 2257 1320 Deo

1272 1331 1443 1363 auxilium
1469 1339 1501 1365 et
1527 1334 1685 1370 salutem.
1753 1333 1898 1369 Tribuit
1920 1335 2027 1379 igitur
2059 1333 2142 1370 haec
2172 1337 2257 1372 fides

1272 1381 1419 1423 gloriam
1449 1382 1522 1416 Deo
1540 1409 1550 1423 ,
1583 1386 1677 1429 quod
1709 1385 1754 1418 sit
1780 1385 1888 1427 Deus,
1923 1387 2018 1431 quod
2052 1387 2096 1420 sit
2122 1395 2256 1431 potens,

1272 1432 1307 1464 id
1334 1438 1402 1472 est,
1429 1433 1568 1474 efficax,
1595 1447 1700 1478 agens
1722 1436 1856 1481 aliquid
1876 1437 2077 1479 nobiscum,
2102 1439 2195 1482 quod
2212 1439 2258 1473 sit

1273 1494 1395 1523 verax,
1420 1485 1512 1528 quod
1533 1485 1576 1518 sit
1601 1486 1816 1527 misericors,
1844 1489 1936 1532 quod
1955 1489 2133 1527 exaudiat,
2160 1491 2255 1533 qnod

1272 1533 1391 1568 salvet.

1274 1584 1362 1627 parit
1379 1584 1635 1619 invocationem
1654 1594 1686 1620 et
1706 1600 1804 1621 veros
1820 1589 1933 1622 cultus
1950 1589 2160 1636 spirituales.

1374 1650 1442 1684 Hic
1469 1665 1605 1687 necesse
1628 1662 1678 1688 est
1698 1656 1881 1688 admoneri
1905 1657 2082 1689 auditores
2107 1658 2150 1690 de
2174 1658 2258 1699 illis,

1276 1702 1335 1746 qui
1354 1703 1584 1737 adversantur
1600 1705 1779 1739 doctrinae
1798 1706 1890 1747 fidei,
1906 1713 1940 1740 et
1957 1707 2115 1741 iactitant
2131 1720 2167 1741 se
2183 1721 2256 1743 esse

1275 1755 1435 1785 doctores
1468 1755 1643 1789 bonorum
1676 1769 1835 1800 operum.
1904 1756 2005 1791 Hane
2032 1758 2171 1792 laudern
2196 1760 2256 1794 isti

1275 1804 1363 1836 salso
1384 1804 1451 1836 sihi
1476 1814 1657 1849 arrogant,
1699 1808 1780 1852 quia
1803 1815 1938 1842 tantum
1965 1810 2092 1843 docent
2116 1817 2257 1846 externa

1277 1861 1308 1887 et
1323 1855 1438 1888 civilia
1455 1868 1576 1900 opera,
1606 1857 1744 1891 interim
1763 1871 1835 1891 non
1853 1861 1979 1892 docent
2000 1871 2099 1893 veros
2117 1868 2149 1895 et
2165 1861 2256 1895 inte-

1276 1906 1385 1938 riores
1407 1907 1540 1948 cnltus‚
1563 1908 1693 1942 scilicet
1717 1910 1877 1943 exercitia
1904 1910 1982 1943 fidei
2008 1917 2040 1943 et
2062 1910 2256 1945 invocatio-

1275 1968 1366 1988 nem.
1431 1956 1525 1991 Haec
1548 1971 1653 2002 opera
1683 1967 1764 1993 sunt
1793 1960 1932 2004 propria
1964 1958 2256 1997 Christianorum.

1275 2006 1327 2040 De
1344 2004 1397 2039 his
1414 2009 1598 2053 praecipue
1616 2011 1794 2043 docendae
1809 2019 1890 2044 sunt
1907 2010 2094 2045 Ecclesiae.

1378 2067 1560 2110 Secundo,
1603 2068 1743 2104 Omissa
1768 2071 1927 2104 doctrina
1949 2072 2049 2113 fidei,
2089 2084 2151 2105 nec
2181 2073 2258 2116 pla-

1276 2125 1353 2151 cent
1370 2117 1443 2152 Deo
1462 2120 1528 2152 alia
1553 2132 1676 2165 opera,
1705 2134 1768 2154 nec
1786 2122 2019 2155 conscientiae
2036 2130 2180 2166 possunt
2198 2125 2256 2157 in-

1277 2169 1446 2212 telligere,
1482 2174 1660 2215 quomodo
1686 2173 1855 2216 placeant.
1920 2172 2003 2206 Ideo
2026 2174 2111 2208 tales
2133 2175 2255 2208 docto-

1275 2232 1348 2258 res,
1375 2221 1434 2265 qui
1454 2223 1622 2256 omittunt
1645 2224 1840 2256 doctrinam
1868 2224 1910 2256 de
1930 2222 1993 2257 hac
2008 2224 2094 2264 fide,
2120 2236 2254 2269 nequa-

1275 2282 1378 2315 quam
1398 2274 1523 2306 docent
1541 2274 1700 2307 debonis
1720 2275 1903 2319 operibus,
1929 2276 1986 2307 sed
2012 2275 2054 2306 de
2077 2274 2149 2307 suis
2173 2275 2253 2319 qui-

1275 2323 1420 2354 busdam
1444 2325 1608 2366 operibus
1632 2325 1766 2358 reiectis
1786 2338 1803 2358 a
1828 2324 1923 2364 Deo,
1950 2336 2039 2369 quae
2064 2336 2143 2358 cum
2167 2337 2252 2370 pro-

1275 2380 1410 2416 ponunt
1428 2380 1595 2419 tanquam
1613 2376 1743 2416 cultus,
1772 2382 1803 2408 et
1821 2375 2035 2409 transferunt
2052 2375 2089 2408 in
2106 2387 2165 2409 eos
2185 2374 2252 2410 ho-

1273 2435 1395 2456 norem
1416 2426 1573 2458 debitum
1589 2424 1750 2467 Christo,
1777 2427 1903 2460 docent
1925 2426 2119 2461 idolatrica.
2172 2425 2252 2462 Huc

1274 2475 1450 2515 pertinent
1485 2477 1563 2509 illae
1606 2477 1791 2510 conciones
1826 2479 1916 2520 apud
1953 2474 2174 2521 ProphetaS,
2211 2486 2252 2513 ut

1272 2523 1396 2559 Esaiae
1420 2526 1504 2569 41.;
1544 2525 1633 2560 Ecce
1663 2539 1784 2560 omnes
1814 2527 1936 2561 iniusti
1963 2534 1996 2561 et
2020 2540 2110 2561 nova
2144 2540 2251 2573 opera

1272 2587 1391 2610 eorum
1404 2602 1412 2616 ‚
1440 2585 1563 2612 ventus
1580 2585 1613 2611 et
1631 2578 1737 2611 inane
1754 2578 1939 2611 simulacra
1959 2590 2091 2612 eorum.

1372 2634 1454 2669 Ideo
1472 2637 1506 2669 in
1525 2648 1602 2670 vera
1618 2637 1778 2670 doctrina
1800 2637 1974 2670 bonorum
2001 2649 2165 2679 operum,
2192 2650 2252 2672 co-

1270 2685 1418 2728 gitemus
1443 2688 1594 2731 primum
1618 2688 1722 2721 fidem
1751 2694 1784 2722 et
1807 2688 1969 2723 exercitia
1997 2688 2077 2721 fidei
2105 2689 2250 2733 requiri,

1672 2736 1685 2751 θ

1444 1533 1538 1567 Haec
1556 1543 1605 1569 est
1622 1537 1732 1579 gloria
1750 1539 1890 1581 propria
1908 1537 1991 1578 Dei,
2017 1545 2049 1572 et
2074 1536 2154 1571 haec
2173 1540 2256 1574 fides
2287 1563 2290 1565 Δ
