2415 2942
77 93 151 132 777
252 91 353 128 XIII.
407 93 440 126 2.
470 88 832 126 COMMENTARH
860 90 912 127 IN
939 90 1094 128 EPIST.

79 180 240 213 conferre
261 177 472 211 industriam
491 185 594 221 atque
612 175 846 210 autoritatem.

78 242 141 274 pus
168 229 368 273 propositus
393 240 465 262 esse
489 229 593 261 debet
620 227 803 267 omnibus,
827 232 865 258 ut
882 237 943 258 suo
972 229 1067 271 quis-

78 281 254 326 queloco,
282 286 453 324 quantum
481 286 611 323 potest,
639 278 796 311 conferat
823 277 957 320 aliquid
982 290 1065 320 ope-

76 343 134 365 rae
161 333 203 365 ad
230 331 532 365 conservationem
564 329 722 362 coelestis
749 327 941 361 doctrinae.
1012 327 1064 361 De

74 383 152 416 aliis
171 381 403 426 parasitastris
422 380 588 425 parvuliS‚
612 379 673 424 qui
690 377 848 411 scribunt
866 375 1063 423 sycophan-

73 435 160 467 ticos
189 433 348 476 libellos,
376 430 442 465 hoc
465 432 542 464 loco
568 441 639 463 non
668 429 801 469 dicam,
829 429 888 473 qui
917 436 997 462 sunt
1023 442 1061 462 ex

76 485 138 517 illo
157 496 282 527 genere
297 479 486 522 κολάκων,
519 481 638 526 quales
659 479 775 513 alebat
793 478 987 524 Dionysius
1005 480 1060 513 Si-

75 535 191 575 culus,
227 535 286 580 qui
309 542 450 578 sputum
474 531 615 577 tyranni
638 529 856 574 excipiebant
883 543 921 563 ac
946 531 1057 574 linge-

74 587 176 626 bant,
205 586 443 630 praedicantes
459 590 596 615 nectare
613 581 753 614 dulcius
769 592 851 613 esse.

175 635 298 670 Redeo
315 637 357 668 ad
379 635 551 678 sapientes
579 632 674 670 illos,
705 643 856 676 quorum
882 631 993 676 aliqui
1012 633 1058 665 si-

73 687 248 720 mulantes
270 686 496 729 religionem,
528 690 713 727 postquam
740 682 862 716 vident
886 683 1055 716 absurdas

73 738 337 781 superstitiones
354 735 575 780 superiorum
594 741 795 777 temporum
812 734 968 766 excusari
984 747 1055 766 non

71 800 190 832 posse,
219 788 401 831 adfingunt
425 786 551 819 ritibus
578 791 610 818 et
636 784 783 817 decretis
803 785 981 817 molliores
1001 786 1054 817 in-

71 839 354 883 terpretationes,
396 844 436 870 ut
477 843 563 870 tecte
605 835 788 869 stabiliant
828 835 1054 879 impietatem,

70 890 282 922 conservatis
300 889 426 922 ritibus
448 900 487 921 ac
509 887 644 920 vitiosis
668 886 826 920 decretis,
882 886 982 919 Talis
1006 895 1056 920 est

69 939 158 972 liber
174 940 288 973 editus
303 938 484 979 Coloniae,
502 939 606 971 titulo
625 937 898 971 reformationis.
934 938 1054 970 Audio

71 997 101 1023 et
116 988 356 1023 Contarenum
378 989 604 1023 Cordinalem
623 989 658 1021 iu
681 988 780 1021 ltalia
798 989 912 1021 dicere
932 989 1054 1030 solere,

70 1039 290 1074 Lutheranos
314 1041 480 1073 iniuriam
505 1041 617 1073 facere
641 1039 814 1073 Romanis
839 1040 1054 1083 proceribus,

69 1103 146 1125 cum
184 1092 386 1125 adscribant
418 1091 489 1124 illis
512 1098 624 1124 errata
657 1090 875 1134 plebeiorum
904 1091 1053 1134 scripto-

67 1153 164 1183 rum,
198 1150 237 1176 ut
259 1142 524 1185 Legendarum,
565 1142 689 1175 Dormi
721 1153 861 1181 secure,
895 1149 927 1175 et
954 1142 1052 1174 simi-

901 174 969 209 Hic
992 188 1066 209 sco-

67 1193 174 1231 lium,
203 1206 388 1238 nunquam
419 1194 468 1226 sic
499 1193 646 1226 sensisse
671 1191 853 1225 Romanos
882 1205 1052 1236 proceres,

65 1250 124 1276 aut
144 1244 293 1288 ineptias
309 1244 386 1277 illas
405 1245 585 1288 probasse:
621 1244 667 1277 ita
685 1255 780 1276 nunc
799 1256 816 1276 a
835 1255 869 1275 se
889 1244 1051 1277 derivant

67 1302 192 1330 errata.
254 1292 307 1328 Ac
332 1295 403 1328 scio
428 1296 561 1340 ubique
587 1295 743 1337 gentium
770 1294 943 1336 plurimos
971 1307 1053 1335 esse,

66 1345 125 1389 qui
151 1343 219 1378 hoc
239 1358 331 1378 novo
356 1346 504 1380 artificio
532 1345 672 1378 laudem
701 1345 889 1387 singularis
912 1346 1049 1388 sapien-

64 1396 131 1429 tiae
155 1403 396 1441 aucupantur,
439 1397 500 1442 qui
536 1397 690 1440 primum
715 1407 754 1428 eo
781 1396 933 1429 instituti
957 1405 1050 1435 sunt,

64 1448 158 1491 quod
185 1460 265 1481 cum
296 1448 463 1493 pleraque
489 1460 507 1480 a
542 1447 643 1480 nobis
676 1453 829 1480 correcta
856 1459 894 1480 ex
921 1448 1050 1481 nostris

62 1498 163 1531 libris
189 1505 412 1537 mutuentur,
439 1505 472 1532 et
494 1498 623 1532 nostris
647 1510 681 1530 se.
700 1498 823 1540 pennis
841 1506 985 1539 ornent,
1013 1507 1051 1533 ut

61 1549 180 1581 fucum
204 1549 355 1591 incautis
371 1550 519 1590 faciant,
546 1555 662 1581 tamen
680 1550 782 1581 nobis
800 1549 920 1594 iniqua
943 1547 1051 1584 δίδα-

63 1611 155 1643 κτρα
173 1601 336 1632 reddunt.
389 1599 469 1632 Non
487 1599 581 1631 enim
609 1599 776 1632 desinunt
801 1600 838 1632 in
863 1612 926 1633 nos
953 1613 1051 1634 exer-

62 1661 138 1681 cere
154 1650 395 1682 crudelitatem
410 1677 418 1690 ‚
447 1650 575 1682 deinde
594 1661 666 1681 non
688 1651 842 1693 cogitant
869 1647 959 1683 hane
985 1664 1048 1684 no-

61 1711 138 1731 vam
162 1698 390 1743 sophisticam
415 1700 491 1733 fore
517 1706 707 1733 extremam
732 1701 922 1744 perniciem
948 1715 1049 1735 verae

61 1750 253 1792 religionis.

162 1801 200 1835 Si
227 1802 377 1845 ingeniis
404 1802 698 1845 petulantioribus
727 1801 806 1835 licet
831 1804 1048 1836 comminisci
1075 1823 1077 1833 1

59 1852 188 1893 glossas
205 1864 267 1886 suo
284 1853 451 1893 arbitrio,
479 1853 564 1897 quid
582 1853 738 1886 futurum
757 1853 831 1885 est?
860 1853 1048 1888 Manifesta

60 1909 108 1936 est
126 1903 327 1937 idololatria
354 1905 389 1936 in
417 1904 514 1936 cultu
531 1911 752 1943 sanctorum,
782 1904 817 1936 in
843 1904 963 1937 Missis
986 1918 1047 1949 pro

61 1955 228 1993 mortuis,
257 1962 291 1989 et
306 1961 422 1988 tamen
440 1955 573 1997 glossae
592 1955 809 1997 affinguntur
828 1957 870 1988 ad
891 1956 1047 1989 retinen-

62 2005 125 2037 dos
149 2006 238 2039 ritus
254 2018 316 2049 per
330 2017 403 2039 sese
423 2005 578 2042 vitiosos.
634 2005 683 2039 lta
702 2006 807 2048 paulo
825 2014 903 2050 post
921 2007 1047 2041 fortas—

61 2055 108 2087 sis
132 2053 322 2101 Aegyptias
347 2057 614 2100 superstitiones
648 2058 874 2092 excusabunt.
943 2057 1047 2092 Absit

62 2106 106 2138 ab
130 2104 286 2139 Ecclesia
311 2104 397 2140 haec
429 2107 536 2150 impia
561 2114 593 2140 et
617 2108 810 2151 perniciosa
842 2106 1045 2152 sophistica,

60 2168 148 2200 quae
170 2165 220 2191 est
243 2157 447 2201 protestatio
471 2159 646 2191 contraria
666 2159 770 2194 facto.
823 2158 948 2193 Cultus
972 2173 1043 2193 non

60 2207 241 2242 institutus
267 2221 426 2253 expresso
451 2207 515 2241 Dei
546 2209 673 2247 verbo,
708 2222 771 2253 per
795 2221 868 2244 sese
896 2211 1044 2245 vitiosus

60 2265 129 2295 est,
167 2260 305 2293 etiamsi
331 2260 475 2303 affingas
497 2272 744 2305 quamcunque
769 2262 863 2294 voles
881 2263 1042 2305 glossam,

59 2315 98 2342 ut
120 2309 295 2344 invocatio
317 2318 520 2345 sanctorum
552 2323 614 2355 per
646 2323 681 2344 se
706 2311 828 2345 vitiosa
857 2321 924 2353 est,
961 2314 1041 2358 quia
1068 2343 1069 2348 ,

59 2371 130 2392 non
153 2369 204 2395 est
233 2362 394 2396 instituta
431 2362 622 2402 divinitus,
665 2362 793 2395 deinde
816 2370 847 2396 et
876 2365 923 2397 ob
951 2363 1042 2397 banc

58 2421 194 2444 causam
225 2425 287 2455 per
315 2425 351 2446 se
382 2413 507 2447 vitiosa
543 2420 608 2454 est,
650 2414 730 2458 quia
764 2411 821 2446 hic
851 2414 924 2457 ipse
956 2427 1041 2456 mos,

58 2461 191 2495 etiamsi
209 2464 384 2497 diversum
402 2465 530 2507 cogites
543 2492 551 2505 ‚
579 2464 706 2497 tribuis
721 2465 848 2499 sanctis
864 2463 1037 2499 honorem

55 2509 130 2545 Deo
148 2514 347 2557 proprium,
375 2517 468 2560 quod
485 2527 608 2548 omnes
625 2516 782 2550 audiant.

154 2562 293 2597 Possem
313 2566 466 2608 exempla
490 2567 599 2600 multa
624 2567 789 2607 recitare,
817 2568 875 2600 sed
903 2568 1036 2607 desino,

51 2624 90 2646 ac
107 2613 183 2660 pios
203 2612 340 2655 hortor,
357 2624 393 2650 ut
411 2617 511 2651 istam
530 2617 701 2651 nefariam
719 2615 944 2661 sophisticam
957 2632 1036 2653 exe·
1061 2644 1063 2667 ,⁸

49 2672 202 2701 crentur.
248 2664 413 2702 Ezechias
436 2680 508 2702 non
533 2669 646 2703 solum
672 2670 930 2714 superstitiosas
953 2673 1028 2715 opi-

1122 93 1269 128 PAULI
1301 93 1366 127 AD
1394 92 1656 131 ROMANOS.
1709 95 1812 135 CAP.
1839 99 1939 138 XIV.
2045 104 2116 138 778

1124 179 1248 212 niones
1267 180 1310 212 de
1328 192 1435 213 aeneo
1452 188 1612 224 serpente
1629 185 1796 226 correxit,
1824 187 1882 219 sed
1909 187 2018 232 ipsam
2042 197 2110 224 sta-

1123 237 1218 262 tuam
1242 230 1382 263 delevit.
1439 230 1489 264 lta
1512 232 1620 274 pietas
1645 242 1694 268 est
1720 248 1798 270 cum
1825 238 1943 280 impiis
1968 241 2108 284 opiniu-

1120 281 1226 312 nibus
1253 281 1341 313 ritus
1367 283 1460 324 ipsos
1485 283 1654 323 abiicere,
1684 287 1743 330 qui
1769 300 1839 320 non
1866 296 1948 323 sunt
1966 293 2106 334 proprie

1119 342 1232 363 mores
1258 331 1404 374 politici.
1479 332 1578 366 Sicut
1602 336 1774 379 scriptura
1808 340 1976 383 praecipit
2008 342 2104 375 idola

1117 381 1270 418 destrui,
1297 382 1343 414 sic
1370 382 1434 425 ipsi
1460 383 1549 415 ritus
1576 385 1792 427 privatarum
1811 389 2018 431 Missarum,
2048 393 2103 425 in-

1117 432 1255 464 vocatio
1282 440 1503 471 sanctorum‚
1538 441 1702 468 votorum
1727 438 1945 479 observatio,
1981 455 2103 476 mona-

1114 483 1220 515 sticus
1256 483 1426 523 vestitus,
1467 484 1629 517 sodalitia
1663 489 1876 534 monastica,
1920 493 2102 527 vinculum

1113 534 1306 567 coelibatus
1322 560 1330 574 ,
1372 534 1577 568 discrimina
1607 536 1766 571 ciborum
1785 564 1794 577 ,
1837 548 1868 573 et
1893 542 2023 577 similes
2047 545 2101 577 in-

1113 585 1181 627 epti
1198 584 1284 618 ritus
1305 596 1322 617 a
1340 586 1650 629 superstitionibus
1670 589 1749 627 orti,
1776 591 1948 626 tollantur
1965 601 1994 626 et
2014 596 2099 628 abo-

1111 635 1260 669 leantur.

1213 685 1281 720 Sed
1311 685 1396 730 quid
1430 687 1595 730 disputo?
1638 689 1695 727 Illi
1722 693 1782 736 qui
1816 691 1880 727 bac
1911 694 2100 739 sophistica

1110 736 1262 780 pingunt
1286 736 1431 770 vitiosos
1454 738 1562 778 ritus,
1598 750 1670 773 non
1698 739 1765 775 hoe
1793 756 1874 777 vere
1907 753 2032 787 agunt,
2060 755 2099 780 ut

1110 788 1237 822 tollant
1270 799 1407 821 errores
1432 800 1472 821 ex
1496 787 1672 835 Ecclesia,
1713 794 1772 826 sed
1795 801 1834 828 ut
1860 797 2099 842 qualicunque

1110 845 1290 882 praetextu
1320 840 1513 874 defendant
1544 852 1641 874 suam
1676 845 1921 886 autoritatem,
1959 855 1992 881 et
2023 855 2097 882 arte

1109 890 1292 923 stabiliant
1317 890 1544 933 impietatem.
1606 892 1725 927 Facile
1758 897 1852 930 enim
1880 899 2098 942 repullulant

1108 952 1235 985 pravae
1253 940 1458 985 opiniones,
1488 942 1515 975 si
1532 943 1620 977 ritus
1636 944 1702 988 ipsi
1720 955 1897 984 maneant.
1950 949 2096 984 Necesse

1108 999 1156 1026 est
1174 992 1251 1036 pios
1274 992 1458 1035 vigilantes
1483 1005 1564 1028 csse.
1618 993 1706 1028 Nam
1732 997 1894 1032 diabolus
1917 1009 2097 1044 oppugnat

1107 1041 1362 1086 Evangelium,
1385 1055 1457 1076 non
1474 1050 1609 1077 tantum
1628 1047 1741 1089 palam
1760 1048 1910 1083 incitans
1927 1057 2097 1096 tyrannos

1107 1096 1150 1127 ad
1178 1094 1357 1127 saevitiam
1374 1119 1381 1132 ‚
1421 1095 1478 1127 sed
1506 1095 1608 1128 etiam
1634 1098 1760 1131 callide
1785 1099 1934 1134 insidias
1958 1110 2097 1136 struens

1108 1152 1286 1189 praetextu
1311 1145 1522 1188 sapientiae,
1550 1153 1581 1179 et
1602 1147 1791 1182 offundens
1819 1152 1927 1185 bellas
1953 1165 2096 1196 persua-

1107 1196 1235 1233 siones,
1253 1196 1435 1240 dequibus
1454 1197 1618 1230 cavendis
1636 1199 1737 1232 toties
1756 1202 1923 1244 praecipit
1939 1203 2094 1247 Spiritus

1107 1254 1265 1286 sanctuS,
1295 1253 1335 1279 ut
1352 1248 1393 1279 ad
1413 1245 1643 1281 Timotheum
1662 1250 1778 1294 inquit
1796 1251 1944 1295 Paulus,
1968 1263 2093 1289 ventu-

1105 1309 1162 1330 ros
1180 1297 1324 1340 spiritus
1343 1298 1562 1341 impostores,
1584 1306 1617 1332 et
1634 1301 1677 1332 ad
1693 1299 1919 1338 Colossenses
1936 1306 1996 1345 ait,
2021 1313 2092 1339 tra-

1105 1348 1258 1381 ditiones
1292 1345 1463 1381 humanas
1495 1349 1646 1392 speciem
1681 1352 1872 1396 sapientiae
1910 1352 2095 1390 habituras

1105 1410 1188 1431 esse.
1244 1397 1324 1431 Non
1357 1405 1493 1432 tantum
1525 1401 1708 1435 manifesta
1742 1404 1972 1440 deliramenta
1996 1419 2094 1451 spar—

1104 1456 1250 1493 gentur,
1277 1449 1395 1494 qualia
1415 1450 1558 1484 fuerunt
1584 1452 1750 1498 pleraque
1774 1462 1890 1490 vetera
1915 1464 1947 1491 et
1969 1470 2092 1492 recen-

1105 1501 1172 1538 tia,
1199 1507 1236 1533 ut
1256 1500 1360 1544 paulo
1379 1507 1458 1533 ante
1480 1502 1684 1536 manifestae
1710 1505 1853 1540 fuerunt
1876 1508 2092 1552 imposturae

1104 1551 1426 1594 indulgentiarum:
1471 1553 1530 1583 sed
1559 1554 1662 1586 etiam
1689 1552 1850 1590 homines
1875 1560 1979 1592 astuti
2005 1561 2091 1593 falsa

1105 1603 1286 1644 dogmata,
1317 1608 1349 1634 et
1375 1602 1502 1645 impios
1528 1603 1616 1636 ritus
1640 1606 1825 1640 artificiose
1851 1609 2016 1652 pingent,
2053 1619 2091 1645 ut

1103 1664 1231 1693 niagno
1258 1664 1336 1685 cum
1367 1653 1538 1695 applausu
1566 1655 1804 1698 excipiantur,
1840 1668 2018 1699 amentur,
2054 1674 2093 1694 ac

1104 1704 1338 1736 retineantur.
1401 1702 1458 1736 An
1482 1716 1556 1736 non
1583 1702 1686 1740 habet
1714 1709 1905 1752 sapientiae
1928 1713 2092 1755 speciem,

1105 1754 1267 1798 impietas
1288 1753 1534 1787 Samosateni?
1569 1755 1626 1788 An
1644 1769 1714 1790 non
1742 1767 1791 1793 est
1812 1761 2010 1804 plausibilis
2036 1776 2091 1796 er-

1103 1817 1163 1837 ror
1186 1804 1319 1848 Pelagii
1341 1803 1535 1848 prophanis
1559 1807 1734 1849 ingeniis?
1777 1810 1825 1844 Ita
1852 1809 1983 1847 babent
2007 1812 2090 1847 liaec

1103 1855 1252 1898 speciem
1277 1856 1477 1898 sapientiae.
1544 1856 1692 1893 Prodest
1716 1862 1757 1893 ad
1791 1874 1907 1906 pacem
1933 1871 1965 1897 et
1993 1871 2091 1898 tran-

1102 1906 1311 1950 quillitatem
1340 1907 1493 1940 retinere
1515 1908 1661 1942 usitatos
1685 1923 1818 1953 mores,
1860 1915 2092 1959 decerpantur

1101 1957 1208 1998 igitur
1224 1955 1441 1991 horridiores
1459 1958 1665 2001 opiniones,
1694 1969 1725 1995 et
1749 1963 1962 2007 affingantur
1981 1966 2090 2000 inter-

1102 2008 1314 2052 pretationes
1339 2007 1608 2055 et'stpiqgcou'pon,
1654 2012 1743 2045 ritus
1770 2014 1835 2057 ipsi
1861 2016 2088 2050 retineantur.

1100 2058 1295 2101 Splendide
1334 2056 1400 2093 hoc
1434 2060 1503 2093 dici
1540 2061 1699 2102 videtur,
1743 2076 1821 2097 cum
1855 2066 1958 2110 longe
1991 2069 2088 2102 aliud

1099 2117 1232 2153 agatur.

1200 2160 1275 2193 Hae
1293 2158 1543 2206 sycophantiae
1561 2163 1773 2206 significatae
1789 2173 1870 2200 sunt
1888 2167 1924 2201 in
1940 2166 2087 2205 historia

1098 2212 1141 2244 de
1157 2209 1319 2251 Christo,
1347 2224 1453 2258 quem
1482 2225 1560 2246 cum
1584 2216 1705 2249 oculos
1731 2218 1804 2250 eius
1822 2218 2008 2262 velassent,
2037 2223 2088 2254 ei-

1097 2275 1164 2306 que
1180 2260 1347 2306 colaphos
1365 2263 1591 2307 impegissent
1617 2267 1757 2300 lictores
1782 2268 1987 2311 irridentes,
2014 2271 2087 2305 ius-

1097 2320 1219 2347 serunt
1237 2313 1442 2352 vaticinari,
1473 2327 1489 2347 a
1508 2328 1576 2360 quo
1598 2329 1780 2360 percussus
1799 2327 1898 2354 esset.
1952 2321 2010 2356 Sic
2028 2336 2086 2356 ex-

1095 2372 1270 2397 cusatores
1297 2364 1357 2397 isti
1392 2365 1585 2409 impiorum
1614 2368 1745 2400 rituum
1774 2370 1930 2405 ludibrio
1954 2370 2085 2408 habent

1093 2412 1274 2450 Christum
1299 2422 1332 2449 et
1352 2414 1558 2452 Ecclesiam.
1622 2417 1813 2464 Postquam
1830 2422 2002 2456 insulsum
2021 2425 2078 2457 ali-

1093 2467 1185 2511 quod
1206 2468 1376 2510 glossema
1395 2468 1654 2510 excogitarunt,
1685 2478 1808 2513 putant
1832 2484 1867 2505 se
1892 2473 1959 2505 iam
1985 2487 2084 2518 prae-

1091 2517 1272 2551 strinxisse
1289 2514 1430 2550 Christo
1449 2518 1580 2558 oculos,
1611 2520 1739 2554 deinde
1757 2523 1892 2557 addunt
1908 2523 2084 2569 colaphos,

1091 2565 1156 2600 hoc
1179 2577 1248 2609 est,
1286 2568 1499 2610 impietatem
1537 2570 1741 2613 stabiliunt,
1773 2573 1965 2609 incendunt
1990 2588 2083 2618 reges

1092 2621 1133 2652 ad
1153 2620 1418 2657 crudelitatem,
1446 2631 1484 2652 ac
1505 2619 1706 2665 triumphos
1734 2632 1861 2666 agunt,
1890 2627 1987 2670 quasi
2014 2628 2080 2659 iam

1097 2681 1242 2715 prorsus
1268 2669 1462 2704 deleverint
1492 2671 1685 2710 veritatem.
1762 2673 1832 2720 Ipsi
1859 2677 2018 2721 plausum
2048 2679 2083 2711 iu
