2415 2942
273 96 368 133 1¹67

273 183 415 218 etesiae,
453 188 579 213 uxores
601 173 759 210 ethnicae
782 186 859 207 cum
885 174 1019 207 maritis
1042 173 1112 206 iam
1135 171 1255 206 Evan-

276 234 403 277 gelium
432 228 696 274 profitentibus,
738 232 797 258 aut
821 225 943 257 fratres
971 236 1048 258 cum
1076 224 1257 263 fratribus,

276 284 338 316 filii
365 293 444 314 cum
471 278 687 322 parentibus.
739 274 877 309 Horum
903 275 1012 320 aliqui
1039 286 1117 308 cum
1137 274 1259 307 audie-

278 335 362 366 bant
385 330 493 364 taxari
520 328 697 362 idolorum
723 326 854 365 cultus,
882 332 915 359 et
939 336 1080 368 magnas
1099 325 1261 358 tenebras

278 381 534 417 Ethuicorum,
563 385 653 411 certe
670 377 912 410 flectebantur.
966 373 1011 409 Et
1026 376 1073 408 sic
1092 375 1261 419 paulatim

280 433 460 466 collectam
491 441 561 462 esse
581 427 772 461 Ecclesiam
801 427 1023 459 manifestum
1047 433 1107 459 est.
1162 424 1263 458 Tali-

280 485 346 516 bus
383 479 474 514 nihil
511 478 696 523 profuisset
731 475 885 522 hymnus
926 476 1107 521 peregrina
1143 475 1263 517 lingua

282 532 508 575 compositus.
563 528 602 562 ln
627 526 717 560 hanc
739 527 946 560 sententiam
971 525 1026 559 hic
1051 525 1183 559 Paulus
1210 525 1262 557 in-

282 583 375 627 quit:
422 582 460 615 Si
492 579 710 623 ingrediatur
736 577 910 617 infidelis,
942 584 981 610 ut
999 588 1077 609 cum
1112 575 1266 608 ministri

281 633 438 667 Cornelii
467 628 692 665 Centurionis
709 628 856 660 andiunt
884 627 1025 660 Petrum
1053 626 1267 658 concionan-

281 688 363 718 te‘m.
419 681 489 715 Aut
509 680 640 719 ldiota,
666 679 702 711 id
721 685 788 716 est,
823 678 938 714 rudis,
966 677 1025 720 qui
1044 676 1196 719 primum
1214 687 1268 708 ce—

284 735 335 778 pit
347 730 558 766 Catechismi
579 729 774 763 doctrinam
796 728 932 759 audire:
962 726 1077 764 Tales,
1094 726 1151 766 ait,
1172 725 1271 768 argui

284 793 315 817 et
337 782 500 816 convinci
519 782 562 814 ab
580 779 766 817 omnibus,
793 786 824 811 et
843 777 974 810 occulta
996 777 1154 809 cordium
1174 782 1271 819 pate-

284 835 376 871 fieri,
418 834 450 865 id
480 838 548 871 est,
587 830 704 863 audita
737 829 916 867 doctrina,
961 834 1100 860 taxante
1132 824 1270 858 ethnica

285 885 388 921 vitia,
426 881 616 926 Epicureas
640 879 845 922 opiniones,
873 885 930 910 aut
948 877 1063 910 cultus
1082 877 1273 915 idolorum,

286 935 452 967 libidines
480 939 509 964 et
536 931 602 963 alia
629 929 777 968 scelera,
804 935 834 961 et
863 934 1080 960 monstrante
1108 927 1180 959 veri
1207 925 1272 958 Dei

286 983 578 1029 patefactionem,
612 979 769 1013 converti
794 991 850 1011 eos
875 979 916 1011 ad
943 978 1073 1018 Deum,
1109 985 1141 1011 et
1166 988 1274 1019 agno-

287 1046 380 1068 scere
403 1032 596 1066 Ecclesiam
623 1041 704 1062 vere
735 1040 806 1061 esse
835 1036 970 1061 coetum
996 1027 1084 1067 Dei,
1127 1034 1159 1060 et
1185 1025 1276 1060 hanc

287 1084 482 1118 doctrinam
516 1094 588 1114 non
621 1092 691 1113 esse
724 1079 1015 1113 commentitiam.
1069 1076 1115 1111 Et
1141 1089 1275 1109 summa

286 1137 361 1168 laus
379 1133 558 1167 Ecclesiae
583 1130 638 1164 his
664 1129 880 1163 brevissimis
909 1130 1026 1161 verbis
1049 1128 1276 1161 describitur:

287 1185 455 1228 Agnoscit
493 1191 526 1216 et
561 1183 690 1215 fatetur
715 1192 795 1212 vere
830 1180 943 1213 Deum
977 1180 1068 1212 inter
1095 1190 1155 1211 vos
1189 1189 1278 1216 esse,

289 1233 553 1282 ἀπαγγέλλων,
592 1231 643 1266 ὅτι
673 1229 691 1265 ὃ
718 1228 806 1268 θεὸς
841 1229 956 1268 ὄντως
990 1229 1029 1264 ἐν
1065 1227 1156 1271 ὑμῖν
1187 1225 1276 1263 ἐστὶ.

289 1287 357 1320 llic
380 1292 471 1318 retro
500 1284 700 1324 cogitentur
725 1279 891 1313 historiae
915 1281 957 1313 de
983 1280 1188 1313 collectione
1210 1277 1278 1311 Ec-

288 1337 422 1371 clesiae.
479 1333 609 1366 Ilostes
642 1330 828 1373 Evangelii
855 1331 944 1363 male
973 1330 1210 1374 loquebantur
1239 1329 1281 1360 de

288 1385 533 1429 congressibus
551 1381 838 1416 Christianorum
852 1408 860 1420 ,
888 1387 928 1414 ut
947 1381 1068 1413 scribit
1089 1379 1281 1411 Tertullia-

289 1449 377 1478 nus,
421 1442 452 1468 et
481 1434 551 1467 alii.
610 1431 763 1466 Adducti
799 1438 881 1463 sunt
914 1431 1017 1463 amici
1052 1429 1281 1468 credentium,

289 1495 327 1521 ut
353 1492 564 1531 spectatores
591 1489 723 1520 essent,
751 1487 781 1513 et
803 1487 1004 1518 narrarent,
1032 1481 1116 1524 quid
1134 1479 1183 1511 ibi
1204 1490 1283 1520 age-

290 1545 399 1571 retur.
455 1536 597 1569 llorum
627 1532 727 1565 multi
763 1543 840 1563 cum
867 1537 900 1563 et
927 1531 1089 1563 audirent
1114 1529 1283 1572 optimam

290 1588 512 1625 doctrinam,

289 1639 544 1675 movebantur,

290 1696 428 1723 rentur.

396 1738 441 1772 Et
460 1737 588 1770 usitata
607 1741 690 1767 sunt
709 1734 744 1766 in
764 1731 896 1765 lustina
914 1731 1088 1777 Martyre‚
1115 1730 1174 1775 qui
1199 1729 1287 1762 scri-

290 1791 345 1823 bit
370 1790 412 1822 ad
440 1787 601 1821 Marcum
638 1784 861 1818 Antoninum
888 1783 1152 1825 imperatorem,
1190 1787 1223 1813 et
1249 1780 1287 1812 in

597 1640 635 1667 ut
668 1640 699 1666 et
733 1633 798 1675 ipsi
832 1630 1064 1674 Evangelium
1098 1630 1286 1674 amplecte-

291 1841 373 1873 aliis
399 1843 608 1881 argumenta
641 1842 809 1880 quatuor,
854 1833 982 1878 quibus
1014 1833 1165 1865 refutant
1199 1828 1288 1863 Eth-
1314 1833 1315 1836 ’

291 1892 412 1927 nicos,
443 1900 531 1932 quae
559 1888 596 1919 in
623 1892 810 1929 conspectu
839 1882 965 1917 habere
990 1883 1148 1926 singulos
1173 1881 1289 1915 utilis-

292 1942 423 1974 simum
457 1946 520 1972 est.

401 1990 585 2023 Primum:
615 1986 802 2019 Manifesta
822 1985 1018 2018 absurditas
1033 1991 1066 2017 et
1086 1982 1291 2015 manifestus
1317 1991 1318 1994 ’

297 2043 398 2076 furor
425 2047 475 2074 est
499 2036 757 2079 Ethnicorum,
786 2035 992 2078 Episcureas
1015 2034 1200 2080 opiniones
1218 2043 1292 2064 am-

294 2092 402 2137 plecti
425 2118 434 2132 ,
469 2096 527 2123 aut
551 2089 698 2132 probare
723 2088 836 2119 cultus
866 2087 1062 2125 idolorum,
1104 2091 1136 2116 et
1164 2083 1292 2116 multos

294 2143 393 2178 Deos
409 2167 419 2182 ,
449 2147 508 2174 aut
525 2140 672 2182 probare
693 2138 841 2169 nefarias
866 2136 1041 2169 libidines.
1094 2133 1189 2166 Haec
1208 2133 1292 2166 vitia

304 2190 672 2226 demonstrationibus
701 2187 920 2220 naturalibus
956 2185 1098 2219 refutari
1137 2189 1294 2228 possunt,

309 2254 399 2288 quae
434 2253 534 2282 saepe
557 2252 573 2272 a
598 2240 664 2283 piis
699 2239 901 2281 cogitandae
930 2243 1029 2279 sunt,
1077 2242 1107 2268 et
1132 2233 1294 2267 refutatio

312 2294 443 2326 multos
464 2289 634 2325 Ethnicos
650 2289 769 2329 movit,
799 2298 835 2321 ut
854 2288 955 2321 aliam
976 2287 1170 2319 doctrinam
1191 2296 1295 2329 quae-

312 2351 441 2376 rerem.

419 2393 619 2426 Secundum
646 2396 909 2431 argumentum:
946 2386 1050 2429 Quod
1071 2387 1180 2418 bonas
1196 2397 1297 2418 men·
1324 2405 1326 2430 ¹.

316 2452 364 2477 tes
390 2443 490 2475 valde
508 2442 707 2480 confirmat,
736 2448 766 2473 et
784 2440 876 2483 quod
899 2438 1052 2471 lustinus
1071 2438 1219 2469 maxime
1237 2448 1297 2468 ur-

317 2502 391 2537 get,
435 2499 588 2525 sumtum
615 2498 664 2524 est
692 2491 734 2522 ah
761 2490 979 2534 antiquitate.
1038 2487 1132 2530 Quia
1153 2486 1300 2519 manife-

317 2553 408 2578 stum
439 2550 485 2575 est
501 2567 509 2579 ‚

317 2594 477 2627 omnium
497 2590 729 2625 Ethuicorum
755 2589 920 2623 historiis.
971 2590 1084 2623 Series
1103 2596 1301 2632 temporum

319 2654 352 2679 et
372 2645 597 2688 imperiorum
615 2642 784 2681 ostendit,
814 2641 985 2674 lsra'e'litas
1004 2648 1035 2674 et
1053 2647 1165 2683 patres
1183 2650 1303 2671 eorum

873 86 999 122 PtltL.
1026 87 1141 123 MEL.
1171 85 1378 122 SCRIPTA
1409 85 1707 124 EXEGETICA.

563 1591 593 1617 et
621 1581 867 1616 honestissima
903 1581 1058 1623 exempla
1089 1585 1282 1618 cernerent,
1310 1603 1312 1609 .

556 2540 738 2574 historiam
766 2539 942 2573 Ecclesiae
963 2539 1198 2582 antiquiorem
1230 2548 1301 2569 esse
1326 2533 1329 2544 '

2194 86 2290 123 1168

1311 181 1391 207 ante
1415 170 1637 206 monarchias
1671 172 1797 213 fuisse,
1837 179 1917 206 ante
1945 170 2143 218 Assyriam,
2181 170 2299 205 Persi-

1312 236 1406 263 cam‚
1434 223 1606 257 Graecam
1630 229 1661 256 et
1680 222 1892 257 Romanam.
1946 221 1993 256 Et
2019 223 2128 256 multa
2156 222 2299 265 vestigia

1312 275 1404 318 apud
1422 281 1539 317 gentes
1559 273 1758 306 testimonia
1777 274 1944 317 praebent
1962 273 2162 317 antiquitati
2178 271 2298 306 Eccle-

1314 326 1397 358 siae.
1451 323 1575 358 Graeci
1612 324 1765 357 fatentur
1796 335 1832 356 se
1863 330 1958 356 ortos
1990 334 2061 355 esse
2092 323 2136 356 ab
2169 323 2300 368 lapeto,

1315 375 1440 408 Persae
1465 376 1509 408 ab
1535 372 1650 410 Elam.
1703 372 1749 407 Et
1779 374 1906 406 similia
1941 373 2049 406 multa
2084 379 2175 406 sunt.
2227 372 2299 407 Nec

1316 426 1388 458 ulla
1407 426 1442 457 in
1460 431 1533 458 toto
1552 436 1677 467 genere
1697 422 1852 457 humano
1871 430 1988 457 extant
2002 423 2150 466 scripta,
2177 434 2264 467 quae
2281 434 2300 456 a

1319 488 1434 509 rerum
1469 475 1580 508 initiis
1606 475 1810 507 continuam
1843 474 1966 507 seriem
1996 485 2171 506 annorum
2201 484 2304 506 mon—

1319 532 1449 565 strent,
1493 526 1559 558 nisi
1580 526 1650 558 sola
1678 523 1825 558 historia
1850 523 2036 558 Ecclesiae.
2103 522 2303 556 Teneamus

1321 577 1427 619 igitur
1458 576 1614 618 regulam
1651 575 1865 609 Tertulliani
1907 574 2093 618 optimam:
2146 572 2303 606 Primum

1322 627 1486 672 quodque
1513 626 1731 659 verissimum
1758 632 1819 659 est.

1424 676 1584 710 Tertium
1624 682 1888 717 argumentum:
1939 674 2109 707 Miracula
2146 674 2304 715 assidua,

1297 728 1300 772 1
1323 727 1540 760 resuscitatio
1569 734 1788 759 mortuorum
1809 734 1839 759 et
1859 726 1945 763 alia,
1974 737 2061 769 quae
2085 736 2306 769 nequaquam

1297 778 1301 802 Ι
1325 784 1438 820 potest
1463 777 1591 809 inuitari
1611 777 1784 810 diabolus.
1839 775 1890 808 Ac
1910 787 2070 808 recenseo
2089 775 2181 808 inter
2200 775 2307 807 mira-

1299 816 1400 887 {cula
1438 827 1692 871 praedictiones
1723 828 1765 858 de
1800 824 2041 865 monarchiis,
2084 826 2120 858 in
2167 824 2307 870 Moyse,

1300 876 1448 937 'Esaiam
1497 875 1643 909 Ieremia
1670 883 1702 909 et
1729 875 1886 909 Daniele.
1948 875 1985 909 Id
2015 875 2223 909 miraculum
2260 883 2310 909 est

1327 928 1463 960 illustre
1504 927 1743 960 testimonium
1782 938 1993 971 quocunque
2034 933 2190 969 tempore
2233 933 2310 968 post

1327 985 1503 1011 eventum.
1558 977 1647 1010 Cum
1669 977 1825 1009 viderent
1850 977 1950 1009 multi
1972 983 2128 1019 tempore
2155 976 2310 1009 Romani

1328 1029 1466 1070 imperii
1485 1028 1588 1061 talem
1614 1028 1718 1061 fuisse
1742 1027 1995 1060 successionem
2014 1024 2311 1064 monarchiarum,

1303 1079 1466 1123 [qualem
1506 1075 1703 1120 Prophetae
1737 1077 2000 1120 praedixerant,
2043 1076 2244 1110 fatebantur
2276 1081 2310 1109 et

1303 1133 1305 1155 ἱ
1330 1127 1419 1161 hanc
1445 1129 1640 1161 doctrinam
1667 1140 1684 1160 a
1711 1126 1784 1160 Deo
1812 1127 1976 1160 traditam
2004 1138 2095 1167 esse,
2139 1134 2171 1159 et
2199 1126 2312 1160 Deum

1304 1175 1306 1189 '¹
1330 1190 1446 1222 regere
1472 1179 1557 1212 tales
1581 1178 1812 1221 imperiorum
1832 1178 2063 1218 imitationes,
2090 1184 2122 1210 et
2142 1176 2313 1210 divinitus

1331 1229 1530 1262 conservari
1560 1240 1668 1271 genus
1694 1226 1901 1262 humanum.

1434 1279 1529 1312 ldem
1561 1285 1806 1321 argumentum
1834 1277 1937 1310 nobis
1967 1289 2107 1322 quoque
2138 1287 2314 1321 propona-

1308 1364 1309 1369 ,
1332 1342 1428 1369 mus,
1464 1336 1502 1362 ut
1527 1329 1723 1362 firmissima
1749 1328 1950 1362 assensione
1973 1328 2167 1361 doctrinam
2192 1326 2314 1361 Eccle-

1308 1393 1309 1398 ’
1332 1382 1403 1414 siae
1424 1380 1684 1422 amplectamur.

1307 1404 1311 1468 l
1437 1430 1497 1464 Est
1521 1436 1553 1462 et
1580 1427 1645 1461 hoc
1663 1429 1870 1462 miraculum
1897 1429 2096 1468 assiduum,
2125 1428 2217 1472 quod
2243 1439 2315 1460 non

1309 1484 1310 1487 ’
1337 1481 1444 1514 deleri
1467 1486 1578 1523 potest
1595 1479 1770 1521 Ecclesia,
1799 1491 1876 1512 cum
1896 1479 2060 1511 omnibus
2077 1478 2200 1510 seculis
2217 1489 2314 1509 sum-

1310 1563 1311 1567 ,
1334 1532 1380 1563 mi
1400 1542 1513 1572 reges,
1541 1536 1573 1562 et
1591 1529 1838 1562 antecellentes
1857 1529 1967 1571 gloria
1993 1536 2025 1562 et
2051 1528 2222 1572 potentia,
2251 1539 2316 1569 op-

1310 1571 1313 1590 *
1338 1581 1487 1625 primere
1516 1591 1589 1612 eam
1614 1579 1729 1612 conati
1753 1579 1841 1619 siut,
1875 1586 1912 1611 ut
1936 1576 2094 1618 Pharao,
2122 1578 2315 1620 Nahugdo·

1338 1642 1465 1671 nosor‚
1500 1627 1718 1666 Antiochus,
1760 1628 1914 1663 Romani
1949 1629 2176 1672 imperatores
2201 1627 2318 1666 multi,

1338 1688 1456 1726 postea
1482 1680 1592 1713 anci
1617 1687 1647 1713 et
1675 1679 1746 1714 alii.
1799 1678 1861 1712 Est
1884 1679 1989 1721 igitur
2014 1678 2225 1722 perpetuitas
2251 1676 2318 1711 Ec-

1340 1732 1462 1765 clesiae
1491 1732 1582 1763 inter
1606 1736 1719 1763 tantos
1742 1729 1868 1762 fluctus
1900 1729 2035 1762 illustre
2065 1728 2317 1767 testimonium,

1340 1783 1433 1828 qnod
1463 1781 1634 1821 ostendit,
1661 1781 1859 1813 conservari
1883 1792 1956 1812 eam
1975 1791 1993 1812 a
2010 1778 2095 1812 Deo.

1445 1831 1619 1874 Quartum
1644 1837 1886 1874 argumentum
1918 1830 2068 1864 sumitur
2094 1830 2137 1862 ab
2163 1829 2238 1875 ipso
2261 1840 2321 1872 ge—

1343 1895 1425 1916 nere
1454 1882 1643 1916 doctrinae.
1703 1881 1808 1914 Nulla
1835 1892 1917 1923 gens
1942 1878 2047 1913 habet
2070 1881 2179 1922 legem
2210 1877 2319 1911 hone—

1342 1935 1482 1967 stiorem
1510 1939 1542 1965 et
1564 1932 1692 1965 rectius
1716 1933 1979 1964 convenientem
2005 1931 2134 1963 iudicio
2160 1929 2322 1963 naturali.

1343 1984 1434 2017 Tota
1474 1981 1697 2026 philosophia
1732 1982 1859 2015 fatetur
1886 1982 2182 2025 imperfectionem
2212 1992 2322 2021 suam,

1344 2035 1436 2079 quod
1469 2034 1562 2066 xidet
1592 2033 1629 2065 in
1654 2032 1790 2065 ratione
1815 2033 1932 2065 lucere
1963 2043 2061 2064 veras
2094 2031 2262 2071 noticias,
2290 2038 2323 2065 et

1343 2093 1462 2119 tamen
1480 2084 1664 2117 dissidium
1689 2094 1760 2115 esse
1782 2083 1973 2115 maximum
1997 2082 2124 2116 virium
2153 2079 2323 2115 humana-

1345 2147 1442 2175 rum,
1469 2135 1504 2167 id
1525 2134 1618 2168 unde
1637 2135 1680 2167 sit
1702 2134 1856 2176 ignorat,
1884 2145 1947 2165 nec
1973 2133 2124 2166 remedia
2142 2133 2324 2166 ostendere

1320 2218 1322 2229 ‚
1346 2192 1469 2230 potest.

1448 2234 1553 2267 Videt
1579 2234 1729 2267 absurda
1754 2235 1863 2268 multa
1889 2234 2003 2278 sequi,
2043 2234 2069 2266 si
2089 2233 2228 2266 animae
2253 2244 2324 2265 non

1349 2287 1419 2320 sint
1442 2285 1675 2318 immortales:
1720 2291 1754 2318 et
1778 2291 1895 2318 tamen
1920 2284 2056 2318 dubitat
2078 2285 2121 2316 de
2145 2284 2326 2316 immorta-

1322 2351 1325 2378 ¹,
1348 2338 1454 2371 litate.

1323 2388 1325 2397 '
1451 2385 1680 2430 Nequaquam
1718 2391 1831 2429 potest
1873 2385 2045 2417 affirmare
2086 2381 2328 2428 philosophia,

1324 2474 1327 2487 ἲ
1351 2437 1509 2471 exaudiri
1532 2437 1633 2469 etiam
1658 2436 1788 2474 bonos,
1821 2442 1860 2469 ut
1881 2434 2100 2469 Palamedem
2126 2441 2185 2468 aut
2203 2434 2327 2468 Socra-

1325 2488 1328 2532 1
1352 2497 1441 2528 tem,
1469 2488 1505 2520 in
1524 2487 1793 2520 calamitatibus.

1457 2537 1562 2572 Nulla
1588 2548 1672 2580 gens
1697 2544 1790 2570 extra
1806 2535 1996 2569 Ecclesiam
2021 2533 2125 2570 habet
2146 2543 2274 2569 certam
2296 2541 2330 2567 et

1358 2599 1552 2632 expressam
1579 2588 1774 2621 doctrinam
1801 2587 1844 2620 de
1867 2587 2070 2620 remissione
2096 2592 2329 2631 peccatorum,

1359 2641 1401 2672 de
1423 2639 1617 2683 praesentia
1648 2637 1712 2670 Dei
1743 2639 1834 2682 apud
1860 2649 1938 2670 vere
1969 2638 2188 2678 invocantes,
2229 2642 2262 2669 et
2289 2636 2331 2668 de
