2415 2942
119 91 193 128 829
389 88 489 125 XIII.

118 175 301 212 turientis:
327 182 445 209 tamen
465 175 550 208 fides
576 173 703 207 similis
729 180 790 208 est.
841 170 889 206 Et
911 171 1105 216 principale

117 229 294 262 obiectum
316 226 398 259 fidei
423 237 561 273 semper
585 233 636 259 est
656 224 773 265 Deus,
807 223 867 269 qui
891 223 928 255 in
953 222 1105 266 promis-

118 279 216 312 sione
237 278 401 322 patefecit
424 277 644 310 voluntatem
667 286 777 309 suam.
830 272 988 318 Uterque
1009 285 1105 306 acce-

117 330 168 363 dit
194 330 236 362 ad
262 327 376 362 Deum
405 327 581 372 accipiens
613 324 937 361 reconciliationem
962 330 1106 368 propter

117 380 330 425 promissum
356 379 600 413 mediatorem.
672 376 809 410 Deinde
838 387 920 408 vero
953 375 1040 419 petit
1073 381 1106 408 et

118 438 274 476 expectat
298 430 468 464 auxilium
495 430 533 462 in
560 440 623 462 suo
645 426 821 471 corporali
845 426 981 461 dolore.
1045 425 1104 459 Sic

118 483 156 515 in
182 481 340 525 Epistola
372 482 415 514 ad
443 478 599 513 Ebraeos
633 478 743 511 multa
778 477 934 520 exempla
968 478 1010 509 de
1036 477 1104 509 fide

118 538 390 571 coacervantur,
417 531 477 564 ubi
496 530 560 564 etsi
579 528 764 561 dissimilia
784 534 865 561 sunt
885 534 1025 561 externa
1043 540 1103 560 ne-

118 583 230 627 gotia,
265 583 349 616 fides
376 589 494 615 tamen
519 580 664 614 eandem
696 578 926 623 principalem
953 578 1104 622 promis-

118 635 272 675 sionem,
312 640 351 667 ut
376 633 509 666 dictum
542 636 609 670 est,
645 630 816 663 intuetur.
887 628 1006 671 Quare
1031 641 1103 662 non

117 685 384 727 imaginandum
417 689 491 722 est,
533 680 684 714 Paulum
716 681 831 714 aliena
863 680 954 713 dicta
988 680 1104 720 citare,

117 736 217 780 quasi
253 734 368 768 David
402 745 474 767 non
505 731 695 766 crediderit
728 732 770 764 de
805 731 1104 772 reconciliatione,

115 788 174 820 sed
201 793 336 819 tantum
362 786 405 818 de
431 783 589 818 victoria.
643 781 739 815 Haec
763 782 960 815 admonitio
984 794 1103 815 neces-

112 837 202 870 saria
235 836 342 879 magis
375 835 556 879 perspicua
588 833 672 874 erit,
706 834 735 866 si
767 845 843 866 eam
870 833 1103 876 cogitabimus

113 888 150 920 in
169 887 374 932 quotidiana
393 884 629 918 invocatione.

214 936 398 971 Caeterum
415 942 445 968 et
466 933 531 968 boc
549 947 670 968 verum
690 942 757 975 est,
783 936 875 968 dicta
904 947 993 979 quae
1021 935 1102 967 citat

113 987 263 1028 Paulus,
304 987 514 1020 nominatim
543 987 586 1019 de
609 985 739 1019 Messia
773 986 884 1031 loqui.
961 984 1103 1019 Abacuc

112 1039 298 1072 manifeste
321 1038 554 1071 concionatur
577 1038 620 1070 (le
649 1044 800 1070 venturo
824 1037 1033 1075 liberatore,
1069 1043 1102 1070 et

113 1088 295 1123 Abraham
314 1096 415 1122 norat
436 1088 706 1131 promissionem
725 1095 825 1121 antea
851 1088 967 1120 datam
993 1088 1102 1130 patri-

114 1144 201 1181 hus,
227 1148 260 1174 et
282 1140 377 1173 audit
405 1137 489 1172 haec
512 1139 622 1177 dicta,
660 1151 748 1184 quae
777 1139 1102 1172 reconciliationem

115 1192 327 1236 significant:
362 1190 576 1223 Benedicam
599 1190 676 1222 tibi.
746 1188 848 1222 Item:
886 1187 958 1223 Ero
986 1197 1103 1233 prote-

115 1252 190 1278 ctor
213 1249 314 1280 tuns,
348 1241 479 1274 scilicet
510 1248 652 1283 propter
676 1241 921 1280 mediatorem,
964 1241 1007 1273 de
1033 1252 1102 1284 quo

114 1300 234 1339 postea
255 1304 411 1336 expresse
432 1292 563 1325 dictum
587 1298 654 1326 est:
684 1290 726 1324 ln
749 1292 881 1324 semine
909 1299 967 1325 tuo
996 1291 1104 1324 bene-

114 1345 278 1379 dicentur
291 1355 414 1376 omnes
431 1349 562 1386 gentes.

149 1422 352 1459 Revelalur
370 1423 428 1458 ira
447 1423 526 1458 Dei
541 1435 650 1472 super
665 1436 804 1458 omnem
821 1424 1055 1471 impietatem.

214 1490 293 1526 Una
324 1499 357 1526 et
380 1493 501 1525 eadem
536 1505 602 1525 vox
636 1499 685 1525 est
713 1490 900 1535 Evangelii
933 1493 1101 1525 omnibus

111 1545 340 1587 temporibus,
358 1544 441 1577 inde
457 1555 566 1588 usque
582 1555 600 1576 a
620 1544 732 1587 prima
752 1544 921 1577 concione
939 1544 974 1576 in
995 1543 1102 1576 Para-

114 1596 190 1629 diso
207 1596 315 1635 facta,
345 1607 424 1627 cum
441 1602 672 1637 arguerentur
689 1603 721 1627 et
739 1595 979 1637 reciperentur
997 1594 1102 1637 primi

113 1652 285 1690 parentes.
331 1645 477 1688 Semper
494 1657 560 1677 vox
577 1643 762 1687 Evangelii
778 1645 891 1687 arguit
910 1652 1103 1688 peccatum,

114 1703 146 1730 et
172 1703 290 1740 postea
316 1696 414 1729 addit
439 1695 738 1738 consolationem,
767 1696 929 1728 videlicet
954 1696 1104 1738 promis-

113 1748 248 1781 sionem
266 1746 565 1779 reconciliationis
579 1746 747 1786 gratuitae
771 1754 915 1789 propter
931 1746 1102 1779 mediato-

113 1809 201 1833 rem.
255 1797 314 1832 Sic
332 1798 367 1830 in
387 1796 554 1830 paradiso
572 1797 645 1840 ipse
664 1797 755 1829 filius
774 1795 840 1830 Dei
857 1797 1100 1831 concionatur.

114 1848 173 1883 Sic
194 1846 408 1891 Prophetae,
436 1848 484 1880 sic
505 1846 682 1890 Baptista,
711 1848 759 1880 sic
778 1848 869 1880 filius
891 1848 954 1881 Dei
980 1847 1101 1880 clami-

113 1906 183 1934 tat:
227 1897 331 1942 Agite
363 1898 637 1941 poenitentiam,
680 1905 712 1931 et
741 1899 872 1931 credite
896 1897 1102 1941 Evangelio.

113 1950 173 1985 Sic
192 1949 373 1994 Apostolis
389 1947 564 1982 Dominus
588 1949 756 1992 praecipit
775 1950 915 1982 docere:
957 1948 1101 1982 Praedi-

114 2008 187 2035 cate
216 1999 469 2049 poenitentiam
494 2000 531 2032 in
557 2000 701 2033 nomine
723 2012 821 2041 meo,
866 2007 898 2034 et
923 2000 1102 2033 remissio-

115 2065 195 2085 nem
221 2058 455 2095 peccatorum.
531 2049 583 2084 Ac
607 2051 823 2084 discentibus
850 2052 991 2094 prodest
1016 2049 1102 2085 haec

116 2102 361 2136 consideratio.
415 2100 530 2145 Magis
549 2101 641 2134 enim
659 2103 697 2136 fit
718 2102 901 2146 perspicua
927 2103 1102 2143 doctrina,

115 2166 195 2187 cum
220 2152 469 2196 intelligimus,
510 2163 645 2196 semper
679 2154 827 2186 eandem
855 2165 974 2187 vocem
1009 2160 1102 2187 recte

113 2206 279 2238 docentes
298 2204 334 2236 in
357 2202 512 2236 Ecclesia
530 2214 667 2239 sonare.

216 2253 263 2289 Ut
288 2255 396 2298 igitur
417 2253 454 2286 in
470 2252 637 2287 Paradiso
663 2254 818 2298 primum
844 2255 1006 2298 arguitur
1020 2268 1102 2299 pec-

115 2313 247 2347 catum,
274 2313 307 2339 et
325 2312 364 2339 ut
385 2302 507 2338 Esaias
529 2305 669 2339 orditur
695 2317 712 2338 a
738 2306 862 2349 grandi
890 2314 922 2340 et
949 2307 1101 2341 terribili
1127 2320 1128 2323 ยน

115 2357 275 2390 exordio:
303 2354 435 2390 Audite
461 2356 596 2389 coelum
614 2363 646 2390 et
664 2363 778 2396 terra,
809 2356 881 2390 Vae
900 2358 996 2400 genti
1021 2370 1102 2402 pec-

116 2407 252 2448 catrici,
280 2407 546 2452 dereliquerunt
569 2407 781 2448 Dominum,
809 2406 1102 2452 blasphemarunt

117 2464 274 2492 sanctum
298 2457 405 2493 Israel
428 2464 491 2492 etc.
552 2457 602 2492 Ita
632 2456 689 2492 hic
711 2458 867 2493 narratio
894 2459 1057 2493 incoatur
1081 2472 1101 2494 a

118 2508 314 2542 tristissima
333 2509 645 2544 condemnatione:
679 2509 875 2544 Revelatur
897 2511 948 2543 ira
968 2510 1038 2544 Dei
1057 2512 1100 2544 de

117 2559 215 2594 coelo
246 2571 350 2604 super
373 2572 514 2594 omnem
544 2561 773 2605 impietatem.
848 2560 956 2595 Initio
992 2562 1101 2605 igitur

114 2610 231 2655 arguit
247 2616 423 2654 peccatum
432 2635 444 2652 ,
466 2618 506 2646 ut
519 2611 556 2646 fit
574 2611 612 2645 in
631 2612 894 2657 praedicatione
912 2614 1099 2659 poeniten-

115 2662 195 2699 tiae.
246 2660 371 2697 Postea
386 2661 484 2698 addit
499 2663 787 2700 consolationem.

544 88 580 126 3.
607 84 904 123 ENARRATIO
932 84 1089 122 EPIST.
1116 84 1264 122 PAULI
1291 86 1358 122 AD
1386 86 1646 125 ROMANOS.
1702 89 1806 126 CAP.
1833 91 1860 129 1.

2072 96 2145 130 830

1260 171 1307 208 Et
1330 173 1410 218 quia
1431 173 1563 208 Paulus
1585 175 1859 220 disputationem
1876 178 2046 221 instituit,
2073 187 2145 214 tra-

1157 225 1215 258 det
1237 225 1323 258 duas
1346 226 1603 269 propositiones
1628 226 1665 260 in
1690 225 1755 261 hac
1780 230 1984 264 narratione
2008 232 2143 275 praeci-

1157 287 1261 318 puas,
1288 288 1436 320 quarum
1453 276 1550 320 prior
1567 274 1651 311 haec
1670 285 1737 313 est:
1766 278 1863 313 Deus
1884 281 1921 314 in
1945 281 2142 316 ministerio

1154 324 1340 368 Evangelii
1364 326 1531 359 omnibus
1556 330 1774 372 temporibus
1798 332 1913 374 arguit
1939 344 2059 366 omnes
2077 330 2142 366 ho-

1156 376 1283 417 mines,
1299 376 1336 409 in
1354 374 1417 409 hac
1435 384 1580 411 naturae
1598 379 1821 421 infirmitate,
1850 389 1881 415 et
1899 383 2048 417 affirmat
2065 396 2141 417 omโ

1155 439 1216 461 nes
1234 428 1299 460 sub
1319 434 1459 471 peccato
1477 439 1566 468 esse,
1594 429 1627 462 id
1647 436 1708 468 est,
1736 443 1812 464 reos
1831 435 1959 476 peccati
1978 441 2010 467 et
2029 441 2141 468 aeter-

1156 491 1222 511 nae
1246 489 1395 521 poenaeโ
1431 490 1494 511 nec
1519 491 1617 523 posse
1641 480 1786 514 liberari
1813 494 1830 515 a
1857 491 2017 527 peccato,
2041 492 2073 518 et
2096 486 2140 519 ab

1155 537 1294 564 aeterna
1314 529 1362 561 ira
1388 540 1449 572 per
1469 530 1648 572 propriam
1666 531 1839 565 iusticiam
1858 545 1918 567 seu
1936 535 2057 578 legem.

1258 579 1298 612 In
1317 577 1382 612 hac
1399 580 1641 622 propositione
1658 591 1896 617 commoratur
1915 597 1975 627 per
1993 587 2063 619 duo
2083 598 2140 619 caฮ

1155 631 1248 675 pita,
1276 642 1365 675 quae
1387 631 1491 663 nobis
1518 631 1563 663 ita
1583 632 1692 674 magis
1712 634 1893 677 perspicua
1912 636 1994 674 erit,
2023 636 2051 669 si
2074 648 2141 670 no-

1155 683 1209 714 bis
1226 681 1309 725 ipsis
1328 681 1525 714 doctrinam
1543 683 1585 714 de
1599 683 1814 725 poenitentia
1833 697 1893 718 seu
1911 687 2140 720 conversione

1156 743 1393 777 proponemus
1408 758 1416 772 โ
1445 732 1473 764 si
1490 732 1577 765 iram
1598 731 1663 766 Dei
1681 736 1848 769 adversus
1865 743 1983 770 nostra
2001 745 2139 780 peccata

1155 784 1404 827 cogitabimus,
1440 783 1467 815 si
1494 795 1633 816 excussa
1658 791 1743 818 tetra
1767 787 1951 820 securitate
1976 800 2056 821 vere
2081 800 2140 821 ex-

1154 845 1379 880 pavescemus
1397 834 1608 876 cogitatione
1626 835 1748 869 iudicii
1774 844 1806 871 et
1832 837 1902 871 irae
1920 837 2007 880 Dei,
2034 851 2139 884 quam

1155 886 1298 931 quidem
1324 885 1476 918 declarat
1500 882 1733 920 horribilibus
1755 889 1897 932 poenis,
1930 890 2140 933 vagantibus

1155 948 1215 980 per
1245 943 1357 969 totum
1392 948 1500 979 genus
1534 934 1740 973 humanum.
1802 937 1965 974 Declarat
1992 947 2025 974 et
2057 953 2140 974 voce

1155 987 1361 1028 ministerii,
1390 994 1427 1020 ut
1453 994 1485 1020 et
1508 986 1684 1021 Dominus
1706 989 1839 1034 inquit:
1881 989 2035 1033 Spiritus
2057 1003 2139 1025 san-

1155 1046 1230 1072 ctus
1256 1045 1377 1080 arguet
1401 1039 1575 1071 mundum
1603 1040 1646 1072 de
1676 1048 1826 1082 peccato,
1895 1041 1963 1075 Sed
1991 1043 2140 1077 maxima

1156 1101 1233 1134 pars
1250 1087 1436 1122 hominum
1456 1101 1575 1122 secura
1596 1097 1628 1123 et
1648 1090 1770 1124 furens
1794 1092 1954 1135 indulget
1971 1093 2055 1135 sibi,
2081 1106 2141 1126 ex-

1155 1152 1255 1173 cusso
1273 1147 1367 1173 metu
1387 1139 1508 1173 iudicii
1533 1148 1565 1174 et
1591 1141 1663 1174 irae
1692 1142 1851 1175 divinae:
1882 1143 1962 1177 ideo
1987 1142 2052 1177 hae
2076 1145 2142 1177 tri-

1153 1198 1221 1224 stes
1254 1191 1441 1223 conciones
1476 1191 1618 1224 divinae
1654 1193 1913 1236 praetervolant
1943 1207 2064 1236 aures,
2108 1203 2142 1229 et

1154 1253 1357 1285 quanquam
1376 1253 1447 1274 non
1466 1249 1548 1275 sunt
1565 1243 1753 1282 obscurae,
1782 1250 1900 1277 tamen
1917 1257 1956 1278 eo
1976 1246 2141 1279 videntur

1153 1292 1372 1335 frigidiores,
1403 1292 1485 1336 quia
1516 1300 1655 1334 pectora
1681 1301 1799 1327 nostra
1827 1307 1899 1328 non
1928 1296 2141 1330 adficiuntur

1155 1354 1258 1375 sensu
1277 1343 1348 1375 irae
1367 1341 1444 1377 Dei.
1499 1342 1652 1377 Possunt
1674 1351 1788 1377 autem
1814 1346 1890 1379 sine
1913 1346 2016 1389 longa
2040 1359 2142 1380 enar-

1155 1394 1292 1427 ratione
1312 1393 1454 1436 proprie
1476 1400 1507 1427 et
1531 1401 1624 1428 recte
1642 1395 1793 1438 intelligi
1811 1397 1854 1430 ab
1873 1398 2039 1432 omnibus
2061 1398 2142 1444 piis,

1155 1445 1215 1490 qui
1233 1451 1366 1478 norunt
1385 1445 1545 1478 exercitia
1563 1446 1810 1488 poenitentiae.

1258 1495 1353 1528 Haec
1389 1495 1467 1528 ideo
1506 1496 1578 1528 dixi
1597 1520 1606 1535 โ
1644 1504 1684 1530 ut
1715 1498 1872 1531 iuniores
1908 1499 2143 1541 considerent,

1154 1558 1262 1590 quare
1278 1546 1326 1579 sic
1343 1547 1479 1579 incoata
1499 1547 1544 1580 sit
1560 1548 1715 1580 narratio
1733 1559 1751 1580 a
1771 1549 2032 1591 praedicatione
2055 1562 2141 1594 poeโ

1153 1597 1342 1637 nitentiae,
1378 1603 1410 1630 et
1436 1609 1505 1641 quo
1532 1599 1653 1631 tendat
1678 1597 1820 1634 Paulus.
1898 1599 2022 1634 Postea
2046 1601 2141 1634 enim

1154 1648 1252 1680 addit
1278 1648 1422 1681 alteram
1451 1649 1729 1691 propositionem
1756 1662 1816 1683 seu
1841 1652 2139 1685 consolationem:

1153 1697 1258 1731 Certo
1283 1698 1475 1741 accipimus
1504 1700 1747 1733 remissionem
1783 1709 2003 1744 peccatorum
2028 1710 2061 1736 et
2086 1715 2142 1736 re-

1153 1749 1449 1789 conciliationem,
1478 1756 1510 1783 et
1528 1758 1734 1793 reputamur
1752 1751 1845 1791 iusti,
1868 1759 2012 1796 propter
2029 1754 2141 1787 filium

1152 1799 1236 1839 Dei,
1264 1800 1389 1843 grati5โ
1424 1801 1502 1834 fide.
1565 1800 1621 1834 Ad
1650 1799 1742 1835 hanc
1762 1805 1951 1836 secundam
1978 1805 2141 1848 proposiโ

1152 1851 1285 1884 tionem
1305 1850 1342 1883 in
1366 1851 1469 1884 tertio
1487 1851 1608 1895 Capite
1633 1853 1833 1896 perveniet,
1857 1866 1946 1899 quae
1962 1855 2141 1900 principa-

1152 1901 1196 1934 lis
1231 1908 1340 1935 status
1374 1909 1427 1936 est
1459 1904 1710 1946 disputationis
1736 1904 1773 1937 in
1799 1903 1862 1938 hac
1886 1903 2069 1950 Epistola,
2103 1913 2142 1941 ut

1153 1964 1216 1986 suo
1234 1952 1311 1986 loco
1329 1953 1504 1998 copiosius
1523 1954 1691 1988 dicemus.

1153 2034 1272 2083 Super
1288 2048 1427 2071 omnem
1449 2036 1690 2085 impietatem,
1721 2039 1906 2074 veritatem
1932 2040 1970 2074 in
1995 2039 2144 2074 iniusti-

1481 2090 1537 2123 cia
1557 2087 1808 2128 detinentium.

1254 2154 1293 2188 Id
1320 2162 1391 2195 est,
1427 2170 1550 2192 omnes
1585 2155 1748 2192 homines
1778 2166 1976 2201 arguuntur
2005 2160 2042 2192 in
2076 2157 2143 2194 hac

1153 2207 1383 2250 corruptione
1407 2214 1568 2242 naturae.
1634 2207 1712 2242 Etsi
1743 2210 1837 2243 enim
1866 2218 1999 2244 norunt
2032 2211 2142 2254 legem

1152 2255 1238 2297 Dei,
1265 2264 1384 2292 tamen
1402 2260 1569 2293 noticiam
1589 2260 1626 2292 in
1653 2260 1831 2294 iniusticia
1857 2261 2028 2302 captivam
2052 2263 2144 2295 deti-

1153 2314 1258 2347 nent,
1287 2309 1325 2341 id
1343 2317 1412 2351 est,
1438 2323 1509 2343 non
1528 2312 1772 2354 obtemperant
1789 2312 1831 2346 ei.
1881 2310 1992 2345 Breve
2009 2313 2144 2346 dictum

1153 2366 1223 2400 est,
1257 2361 1318 2393 sed
1346 2362 1599 2395 atrocissimam
1625 2363 1882 2396 accusationem
1909 2363 2085 2405 continet,
2112 2371 2145 2398 et

1153 2410 1242 2443 duas
1274 2418 1389 2454 partes
1422 2413 1458 2445 in
1487 2410 1631 2445 homine
1662 2413 1801 2456 pingit:
1843 2412 2002 2447 Noticias
2032 2427 2144 2453 veras,

1152 2472 1242 2506 quae
1257 2469 1340 2497 sunt
1355 2463 1524 2505 sapientia
1536 2490 1543 2503 โ
1571 2474 1767 2506 congruens
1783 2476 1861 2497 cum
1878 2465 2048 2508 sapientia
2065 2464 2143 2503 Dei,

1150 2512 1314 2547 videlicet
1340 2514 1425 2557 legis
1451 2514 1591 2548 noticia.
1658 2513 1797 2548 Deinde
1820 2527 1903 2548 vero
1923 2514 2013 2549 hanc
2031 2516 2141 2560 ipsam

1152 2563 1311 2597 divinam
1339 2565 1546 2609 sapientiam
1575 2565 1691 2610 inquit
1709 2578 1910 2611 oppressam
1934 2578 2006 2600 esse
2027 2565 2143 2601 horri-

1150 2614 1216 2648 bili
1235 2616 1453 2649 contumacia
1472 2623 1618 2649 naturae
1637 2614 1831 2658 humanae,
1857 2618 1894 2652 id
1914 2625 1982 2658 est,
2010 2618 2143 2651 etiamsi

1151 2665 1273 2702 lucent
1292 2666 1329 2699 in
1347 2674 1445 2711 parte
1459 2674 1690 2711 cognoscente
1712 2669 1863 2704 noticiae
1881 2670 1986 2714 legis,
2017 2676 2049 2703 et
2068 2669 2146 2715 qui-
