2415 2942
3 2391 10 2426 t

0 2473 9 2942 ——.->-
6 2457 9 2463 .

103 90 151 126 81
497 88 579 125 XII.

103 175 340 211 mortalitatis,
373 173 471 209 Dum
486 174 545 216 ait,
564 186 600 209 se
618 186 690 209 esse
704 175 742 208 in
765 174 873 215 coelo,
898 173 980 207 facit
1001 185 1100 206 men-

104 227 240 262 tionem
264 234 426 261 aeternae
452 227 629 261 societatis
654 239 734 260 cum
753 226 852 265 Deo,
879 236 948 269 qua
966 230 1098 267 patrem

104 279 221 318 videt,
255 284 289 312 et
313 290 393 312 cum
419 289 459 311 eo
484 285 535 312 est
559 278 696 318 efficax,
728 275 884 318 tametsi,
919 281 958 308 ut
981 274 1099 320 inquit

103 328 291 373 Irenaeus,
318 328 513 374 potentiam
536 327 714 366 cohibuit,
750 340 829 360 cum
855 338 936 359 caro
960 332 1098 373 patere-

102 388 180 423 tur,
211 381 317 414 verba
344 380 481 414 Irenaei
506 378 589 413 haec
613 385 711 413 sunt:
752 376 934 412 Christum
958 388 1096 419 passum

104 444 178 466 esse
216 432 458 478 requiescente
497 430 623 472 verbo,
671 436 711 463 ut
741 429 896 472 crucifigi
932 440 970 462 ac
1005 427 1097 461 mori

103 489 230 529 posset.

254 548 357 584 Sicut
379 544 511 582 stIoses
535 546 718 582 exaltavit
741 551 949 594 serpentem.

206 617 312 651 Prior
333 616 529 661 propositio
553 616 661 651 dixit:
698 615 767 649 Per
789 616 904 649 solum
929 614 1096 649 Messiam

102 668 234 715 placari
260 668 349 701 iram
373 666 459 709 Dei,
504 667 619 701 solnm
643 667 811 701 Messiam
846 668 1034 700 ascendere
1059 667 1096 699 in

102 720 239 754 coelum
254 747 263 760 ,
290 716 357 752 hoc
376 726 444 758 est,
479 731 551 752 esse
577 719 807 752 mediatorem
830 726 862 752 et
883 718 1096 762 placatorcm

102 771 176 805 irae
207 769 285 804 Dei.
350 769 520 816 Sequitur
557 771 710 804 secunda
748 770 965 814 propositio,
1009 781 1097 815 quae

102 822 336 856 concionatur
359 822 402 855 de
421 828 533 855 morte
555 820 725 862 Messiae,
759 827 793 854 et
813 822 856 854 de
872 822 998 864 modo,
1027 833 1096 865 quo

101 873 313 907 beneficium
353 873 427 906 eius
467 870 780 917 apprehendimus.
846 871 945 906 Sicut
978 871 1097 905 Moses

102 925 268 958 exaltavit
283 930 479 968 serpentem
503 924 540 956 in
563 925 717 965 deserto,
746 924 794 956 sic
820 923 965 957 exaltari
991 935 1097 967 opor-

101 982 152 1010 tet
167 975 280 1008 filium
305 973 480 1014 hominis,
509 975 545 1008 id
567 982 636 1013 est,
663 982 701 1008 ut
719 981 879 1007 mortuus
897 986 1041 1019 serpens
1059 974 1097 1006 in

103 1027 243 1061 deserto
262 1026 528 1070 proponebatur
544 1027 645 1059 vobis
671 1026 960 1069 conspiciendus,
991 1033 1022 1059 et
1043 1038 1097 1058 sa-

103 1078 283 1111 nabantur
310 1077 386 1118 illi,
429 1078 489 1122 qui
515 1090 594 1110 eum
626 1077 860 1121 aspiciebant:
910 1077 956 1109 ita
985 1084 1098 1110 vester

102 1128 252 1163 Messias
266 1129 435 1172 pendebit
452 1136 632 1169 mortuus,
660 1130 718 1160 sed
736 1125 822 1160 baec
837 1140 931 1161 mors
954 1127 1018 1161 erit
1034 1141 1097 1160 vo-

101 1180 158 1214 bis
176 1180 356 1219 salutaris,
384 1179 411 1211 si
438 1180 633 1223 aspicietis,
669 1179 704 1212 id,
728 1185 794 1219 est,
830 1179 858 1212 si
881 1179 1097 1219 cognoscetis

103 1230 293 1269 Bhssiam,
331 1237 364 1264 et
390 1230 518 1263 fiducia
554 1230 665 1277 ipsius
689 1230 837 1263 credetis
862 1241 924 1262 vos
944 1230 1054 1273 recipi
1078 1241 1096 1261 a

102 1280 199 1322 Deo,
225 1293 265 1315 ac
284 1281 411 1316 sanari.
447 1280 549 1314 Hanc
566 1281 774 1314 concionem
794 1279 1004 1313 Pharisaeus
1022 1291 1096 1312 ma-

102 1333 155 1376 gis
177 1333 326 1366 miratus
348 1338 409 1366 est.
464 1331 496 1366 Is
523 1332 618 1364 enim
643 1332 795 1365 somniat
819 1343 965 1364 aureum
996 1343 1096 1364 secu-

102 1383 197 1422 lum,
235 1394 310 1416 non
349 1382 477 1426 cogitat
502 1381 652 1416 Blessiae
682 1382 925 1416 foedissimum
959 1383 1097 1426 suppli-

103 1435 219 1475 cium,
245 1446 310 1467 nec
327 1434 391 1467 scit
408 1433 500 1468 mitti
517 1446 617 1472 eum,
653 1441 692 1468 ut
712 1435 772 1468 fiat
796 1434 937 1468 victima
961 1435 1003 1467 ad
1024 1434 1098 1478 pla-

103 1486 251 1519 candam
267 1485 356 1518 iram
373 1484 452 1520 Dei.
505 1484 611 1518 Nulla
639 1492 795 1519 creatura
815 1486 1097 1528 magnitudinem

102 1537 175 1570 irae
207 1536 349 1569 divinae
384 1537 551 1570 adversus
584 1544 764 1581 peccatum
798 1534 1127 1580 comprehendere*

293 1586 377 1621 Ideo
410 1585 588 1620 humanae
622 1588 756 1621 mentes
797 1599 917 1621 secure
944 1589 985 1620 de
1013 1587 1100 1627 Deo,
1125 1603 1127 1608 ⁴

102 1594 228 1632 potest.

103 1645 273 1684 tanquam
299 1639 342 1671 de
369 1638 543 1672 oblivioso
568 1651 648 1682 rege
673 1640 847 1683 cogitant,
891 1640 951 1672 sed
982 1651 1098 1671 veram

106 1695 141 1723 et
162 1687 372 1722 horribilem
398 1689 488 1722 iram
519 1701 591 1722 esse
620 1691 829 1734 magnitudo
861 1690 1099 1724 calamitatum

106 1737 345 1773 humanarum
371 1739 558 1782 significat,
585 1753 707 1774 verum
730 1742 841 1774 multo
860 1742 969 1784 magis
986 1741 1021 1774 id
1039 1742 1099 1774 de-

105 1898 219 1925 morte
242 1891 324 1930 filii,
359 1891 451 1926 flecti
470 1889 565 1926 Deus
591 1905 663 1926 non
691 1893 855 1928 voluerit.

105 2045 244 2079 sticiam
261 2045 451 2078 immodice
468 2046 657 2080 admirans,

105 2094 308 2136 Christum,
338 2097 398 2141 qui
418 2095 646 2141 reprehendit
664 2095 729 2130 has
746 2099 907 2131 tenebras
928 2096 1103 2130 hnmanae

105 2145 323 2193 hypocrisis,
351 2159 387 2181 ac
405 2155 552 2182 testatur
570 2161 642 2181 non
661 2149 794 2196 placari
813 2149 901 2182 iram
921 2149 1005 2190 Dei,
1034 2149 1102 2182 nisi

105 2210 169 2243 per
186 2198 298 2231 filium
319 2199 565 2243 deprecantem
594 2213 657 2244 pro
684 2201 806 2239 nobis,
835 2207 865 2234 et
884 2200 1104 2235 derivantem

107 2250 196 2284 iram
218 2250 253 2282 in
273 2261 357 2284 sese.

209 2317 306 2352 Haec
332 2319 506 2363 significat
532 2328 563 2354 et
589 2327 711 2368 typus,
739 2332 843 2365 quem
862 2317 1024 2355 Christus
1040 2318 1108 2353 huc
1133 2318 1136 2325 '

107 2371 370 2412 accommodat,
395 2384 434 2404 ex
451 2374 510 2407 21.
529 2385 602 2416 cap.
620 2371 725 2405 Num.
770 2371 833 2404 [cti
850 2384 866 2403 a
886 2371 1108 2415 serpentibus

107 2421 238 2464 igneis,
279 2434 359 2455 cum
388 2424 605 2471 aspiciebant
637 2435 786 2456 aeneum
812 2429 1030 2466 serpentem,
1064 2424 1107 2456 ad

109 2469 178 2505 hoc
192 2471 398 2507 ordinatum
418 2476 584 2509 mandato
601 2473 686 2515 Dei,
725 2474 954 2509 sanabantur.
1008 2473 1109 2507 Faci-

111 2522 155 2557 lis
172 2530 221 2557 est
238 2525 435 2566 enarratio,
463 2534 589 2560 natura
616 2523 771 2559 humana
797 2523 1018 2560 horribiliter
1043 2526 1109 2559 icta

111 2580 163 2607 est
185 2586 204 2607 a
221 2583 381 2619 serpente
405 2577 440 2609 in
465 2579 566 2622 lapsu
590 2584 788 2621 parentum.
833 2575 937 2618 Ignea
958 2584 990 2610 et
1014 2589 1109 2610 acer-

111 2624 202 2658 rima
217 2625 285 2659 fuit
301 2627 354 2660 vis
369 2630 517 2670 veneni,
547 2629 643 2675 quod
662 2628 796 2662 afflavit
813 2628 874 2661 ille
891 2639 1046 2673 serpens,
1073 2629 1109 2661 id

112 2682 180 2716 est,
217 2679 457 2720 persuasionis
486 2693 546 2714 sen
572 2679 812 2724 deceptionis,
848 2691 937 2725 quae
967 2679 1110 2725 impulit

169 2729 345 2761 Mummii.
379 2732 480 2765 Ormi.
511 2734 592 2764 Vnt„
614 2733 691 2764 XV.

1137 2669 1138 2673 Ἰ
1165 2630 1310 2674 spiritns
1341 2628 1554 2670 accipiamus
1584 2622 1645 2672 pier
1671 2629 1786 2661 fidem.

635 85 936 125 ENARRATIO
972 86 1022 121 IN
1058 85 1243 124 EVANG.
1281 84 1496 123 IOANNIS.
1552 85 1656 122 CAP.
1690 86 1753 121 Ill.
2100 91 2149 125 82

1153 179 1287 207 mentes
1305 173 1348 206 ad
1367 172 1666 213 inobedientiam,
1695 185 1801 218 quam
1825 181 1940 208 secuta
1964 181 2014 208 est
2033 175 2148 209 hono-

1153 236 1232 257 rum
1275 225 1478 258 coelestium
1511 224 1676 268 spoliatio
1711 231 1744 258 et
1781 237 1888 260 mors,
1956 225 2027 259 Sed
2061 224 2146 261 haec

1153 275 1235 318 quia
1260 275 1463 309 communia
1487 282 1570 309 sunt
1592 275 1771 317 omnium,
1812 276 1944 309 leviora
1970 278 2144 313 ducimus.

1151 324 1232 358 Non
1251 326 1397 370 quiescit
1416 324 1472 359 hic
1490 337 1651 370 serpenS,
1679 328 1737 360 sed
1762 328 1864 361 novis
1887 329 2064 362 morsibus
2087 342 2145 362 ac-

1152 376 1270 409 cendit
1289 384 1387 411 vetus
1411 389 1587 410 venenum
1613 378 1650 409 in
1676 379 1843 421 singulis,
1871 391 1934 412 nec
1957 380 2143 424 quisquam

1151 434 1219 469 est,
1248 427 1307 472 qui
1325 440 1398 460 non
1415 427 1590 461 saucietur
1606 428 1726 473 aliquo
1750 430 1786 461 in
1804 431 1894 472 signi
1914 431 2079 472 vulnere,
2106 439 2145 465 ut

1149 486 1287 522 raperet
1319 479 1423 512 amici
1461 478 1670 522 coniugem,
1719 480 1932 515 interficeret
1966 483 2145 518 maritum.

1150 528 1228 562 Hoc
1245 530 1376 563 vulnus
1393 542 1471 562 cum
1491 529 1627 563 fecisset
1651 541 1792 573 serpens
1811 531 1848 563 in
1865 533 1968 565 corde
1985 531 2145 573 Davidis,

1151 593 1239 626 quae
1258 588 1376 624 postea
1396 587 1532 614 secutae
1557 587 1639 614 sunt
1662 582 1783 613 caedes
1802 582 1957 615 filiorum
1971 607 1978 620 ‚
2008 585 2145 625 seditio,

1151 638 1326 675 stupratae
1351 632 1542 675 coniuges?
1584 630 1649 664 His
1673 633 1780 666 tantis
1805 633 1907 666 malis
1924 634 2054 668 vulnus
2070 636 2145 668 Da-

1151 683 1243 716 vidis
1268 683 1509 716 crudelissime
1541 683 1733 716 laceratum
1764 691 1826 718 est.
1880 683 1949 717 Hic
1975 685 2083 718 sensit
2111 699 2145 719 se

1151 747 1223 767 non
1241 745 1313 768 esse
1331 735 1463 768 iustum
1491 745 1552 767 sua
1576 735 1770 775 munditie,
1800 733 1856 768 hic
1883 736 1991 769 sensit
2009 738 2146 779 magni-

1151 786 1312 820 tudinem
1330 786 1490 820 miseriae
1512 783 1707 829 humanae,
1736 793 1769 819 et
1786 786 1857 818 vim
1874 787 2146 829 maledictionis,

1152 844 1183 870 et
1201 838 1364 881 opposuit
1382 836 1651 882 promissionem
1671 849 1709 869 ac
1730 837 1854 871 didicit
1873 838 2070 882 intelligere
2086 840 2147 873 he-

1151 889 1389 922 nedictionem
1416 888 1624 933 promissam
1653 895 1797 933 propter
1822 888 2008 930 blessianu
2052 892 2144 935 quod

1153 952 1170 973 a
1195 940 1338 973 saevitia
1366 939 1502 973 diaboli
1531 945 1564 973 et
1588 951 1695 982 regno
1728 940 1860 984 pcccati
1885 952 1949 973 nos
1975 941 2145 974 liberatu-

1152 1003 1210 1024 rus
1228 991 1282 1026 sit.
1337 990 1435 1024 Sicut
1453 997 1569 1035 postea
1586 990 1623 1022 in
1643 989 1774 1023 loanne
1791 992 1961 1035 scriptum
1985 998 2053 1025 est:
2083 991 2145 1025 Fi-

1150 1043 1218 1075 lius
1236 1041 1300 1076 Dei
1319 1042 1504 1085 apparuit,
1533 1048 1570 1074 ut
1587 1042 1745 1075 destruat
1761 1054 1867 1086 opera
1885 1042 2030 1075 diaboli.
2073 1042 2148 1077 Hac

1150 1094 1217 1126 fide
1237 1093 1499 1126 misericordiae
1516 1091 1581 1125 Dei
1600 1093 1792 1135 promissae
1818 1100 1962 1136 propter
1978 1093 2148 1127 'Messiam

1150 1146 1413 1187 deprecatorem
1447 1151 1479 1176 et
1512 1143 1757 1184 liberatorem,
1800 1142 1915 1177 David
1947 1155 1982 1177 se
2011 1152 2149 1179 susten-

1151 1196 1257 1230 tabat.

1255 1243 1303 1279 Ut
1318 1251 1436 1279 autem
1461 1245 1498 1278 in
1523 1246 1660 1279 deserto
1685 1257 1814 1278 aeneus
1839 1257 1980 1289 serpens
2003 1248 2151 1291 erigitur

1153 1297 1319 1330 mandato
1337 1296 1480 1335 divino,
1509 1297 1557 1330 ita
1585 1304 1617 1330 et
1646 1296 1793 1330 Messias
1820 1298 1987 1331 mandato
2015 1300 2148 1332 aeterni

1153 1348 1262 1392 patris
1279 1347 1449 1388 mittitur,
1478 1356 1509 1381 et
1529 1349 1565 1381 fit
1586 1348 1739 1384 victima.
1795 1347 1842 1382 Ut
1865 1348 1973 1391 igitur
1991 1358 2149 1384 mortuns

1154 1410 1323 1443 serpens,
1350 1401 1480 1443 pendet
1504 1399 1541 1433 in
1568 1412 1668 1434 cruce
1686 1398 1848 1433 Christus
1876 1407 2054 1442 mortuus,
2089 1402 2151 1447 qui

1155 1458 1187 1484 et
1206 1451 1279 1495 ipse
1298 1450 1445 1493 figuram
1469 1452 1559 1493 gerit
1579 1451 1771 1496 serpentis,
1799 1451 1881 1496 quia
1908 1452 2025 1485 induit
2052 1454 2152 1487 simi-

1155 1503 1223 1534 lem
1241 1508 1405 1535 naturam
1421 1503 1535 1535 carnis
1559 1503 1710 1547 peccati,
1743 1515 1781 1536 ac
1808 1502 2040 1536 sustinentem
2065 1517 2152 1548 poe-

1156 1565 1218 1587 nas
1236 1553 1386 1597 peccati,
1415 1565 1556 1586 sensum
1578 1555 1650 1587 irae
1667 1554 1733 1588 Dei
1759 1561 1791 1587 et
1820 1561 1985 1587 mortem:
2028 1557 2086 1589 sed
2116 1564 2152 1589 ut

1155 1605 1373 1638 sanabantur
1406 1605 1616 1648 aspicientes
1647 1604 1797 1649 figuram
1829 1606 1946 1646 illam,
1994 1607 2042 1640 ita
2077 1608 2154 1640 vult

1124 1669 1127 1683 τ
1155 1655 1251 1689 Deus
1284 1656 1392 1699 aspici
1425 1655 1613 1695 Messiam,
1657 1657 1692 1689 id
1727 1663 1793 1697 est,
1831 1657 1973 1699 agnosci
1997 1665 2030 1691 et
2047 1659 2154 1697 credi,

2059 1708 2154 1743 Ilaec

1156 1708 1249 1752 quod
1271 1707 1346 1750 ipso
1362 1708 1571 1750 deprecante
1588 1715 1619 1741 et
1638 1708 1811 1741 liberante
1828 1719 2004 1742 sanemur.

1125 1781 1126 1785 η
1302 1772 1306 1776 ’
1419 1775 1423 1785 ι
1564 1770 1574 1782 ζ’
1672 1773 1676 1777 ⁷
1982 1774 1986 1780 ι

107 1791 215 1824 clarat
231 1789 295 1822 filii
311 1790 464 1833 oblatio,
493 1802 582 1835 quae
607 1798 754 1826 testatur
771 1798 904 1825 tantam
931 1792 1002 1824 vim
1028 1792 1099 1825 irae
1156 1766 1202 1792 lta
1219 1758 1445 1792 deeldrfflm'r
1465 1771 1502 1790 m
1524 1771 1599 1803 ¹9⁶⁰
1625 1766 1739 1800 tmm’
1767 1766 1928 1804 seqfflmr
1946 1772 2052 1793 ‘imm'

105 1839 173 1875 Dei
204 1852 294 1879 esse,
337 1848 375 1874 ut
408 1842 477 1874 nisi
513 1842 780 1890 deprecatione,
830 1843 1032 1876 obedientia
1071 1849 1127 1882 et¹

908 1892 1004 1925 Haec
1028 1905 1100 1925 non
1126 1891 1127 1907 ³

105 1942 280 1976 intellexit
296 1939 527 1983 Pharisaeus,
554 1956 627 1976 non
653 1956 800 1977 cernens
825 1945 956 1988 peccati
984 1945 1101 1977 desor-
1126 1956 1127 1959 ¹

105 1994 283 2034 mitatem,
311 2000 344 2027 et
361 1994 403 2027 de
420 1995 471 2027 ira
498 1994 627 2037 frigide
651 1996 829 2038 cogitans,
865 2002 898 2028 et
923 2007 1020 2027 suam
1047 1996 1103 2028 iu-
1126 2009 1127 2012 ¹

724 2046 735 2051 ,
795 2047 802 2053 ,
832 2046 838 2052 ,
993 2047 998 2052 ,
1126 2031 1127 2034 =
1158 2025 1237 2046 cum
1263 2013 1305 2045 de
1337 2012 1535 2045 ministerio
1566 2013 1758 2047 diceretur:

703 2046 777 2080 Nos
794 2053 901 2089 igitur
918 2048 1103 2079 audiamus
1127 2057 1128 2062 ¹

1201 1842 1270 1878 Sic
1287 1847 1422 1890 oportet
1431 1841 1561 1887 fillum
1582 1841 1745 1877 hominis
1768 1843 1952 1887 exaltari,
1982 1850 2018 1878 ut
2038 1846 2157 1879 omnis·

1259 1896 1325 1942 qui
1343 1892 1454 1927 credil
1470 1894 1507 1927 in
1529 1907 1628 1936 eum,
1658 1907 1731 1929 non
1749 1900 1882 1942 pereat,

1235 1960 1307 1994 Iam
1342 1958 1428 1993 haec
1460 1973 1539 2005 pars
1574 1963 1757 1995 concionis
1797 1963 1972 2006 superiori
2002 1964 2157 2003 additur,

1804 2014 1879 2048 Nisi
1907 2015 1985 2059 quis
2015 2022 2158 2048 renatus

1157 2064 1263 2098 fuerit
1288 2076 1328 2096 ex
1355 2075 1446 2108 aqua
1478 2070 1511 2097 et
1533 2064 1670 2107 spiritu.
1729 2065 1918 2108 Quomodo
1945 2066 1981 2098 sit
2000 2063 2083 2099 haec
2103 2079 2158 2099 re—

1159 2114 1366 2159 generatio?
1401 2116 1580 2159 quomodo
1609 2124 1657 2149 est
1681 2117 1799 2149 efficax
1816 2115 1969 2159 Spiritus
1995 2118 2159 2150 sanctus?

1129 2174 1131 2203 J,
1160 2167 1339 2212 quomodo
1359 2165 1530 2199 illucescit
1556 2167 1593 2199 in
1619 2165 1762 2200 homine
1787 2179 1875 2199 nova
1895 2174 1927 2200 et
1945 2174 2085 2201 aeterna
2105 2170 2158 2201 iu—

1161 2219 1259 2252 sticia
1286 2224 1318 2250 et
1342 2217 1440 2250 vita?
1493 2216 1699 2262 Respondet
1723 2220 1894 2251 intuendo
1918 2218 1954 2251 in
1977 2217 2158 2252 Christum

1162 2269 1386 2309 crucifixum,
1429 2266 1494 2302 hoc
1519 2276 1587 2310 est,
1632 2270 1698 2302 fide
1722 2282 1784 2303 seu
1806 2269 1932 2302 fiducia
1959 2268 2158 2314 apprehen-

1162 2322 1266 2354 denie
1294 2320 1584 2353 iniseric‹·1rtliam.
1639 2320 1726 2354 Cum
1749 2321 1784 2352 in
1811 2321 2026 2364 poenitentia
2049 2330 2080 2355 et
2100 2334 2159 2354 ve³

1162 2373 1211 2407 ris
1235 2372 1432 2406 terroribus
1456 2372 1521 2404 fide
1543 2378 1782 2404 sustentamur
1806 2379 1839 2405 et
1863 2372 2050 2415 erigimur,
2085 2386 2160 2407 cer-

1162 2431 1236 2458 tum
1259 2431 1308 2456 est
1326 2423 1400 2455 fieri
1418 2422 1763 2462 reconciliationem,
1791 2424 1923 2457 remitti
1943 2431 2100 2468 peccata,
2127 2433 2157 2458 et
2187 2438 2190 2440 ·

1164 2475 1288 2508 donari
1309 2473 1482 2519 Spiritum
1502 2480 1672 2509 sanctum.
1726 2474 1842 2508 Simul
1861 2476 1967 2513 enim,
1997 2488 2075 2508 cum
2097 2474 2159 2509 liac

1164 2528 1238 2571 ipsa
1275 2526 1342 2559 side
1374 2532 1631 2566 sustentamur,
1675 2526 1847 2569 accipitur
1886 2526 2041 2570 Spiritus
2080 2539 2160 2560 san-

1164 2586 1258 2617 ctus,
1301 2584 1339 2610 ut
1372 2577 1414 2610 ad
1439 2575 1520 2611 Gal.
1547 2578 1581 2611 3.
1619 2577 1767 2610 dicitur:
1817 2576 1864 2611 Ut
1891 2578 2159 2620 promissionem

1841 2627 1924 2661 Ideo
1953 2636 1984 2662 et
2009 2628 2103 2662 Hah.
2125 2629 2159 2662 Ξ.

1167 2681 1234 2715 ait:
1265 2679 1381 2714 Iustus
1400 2679 1468 2711 fide
1495 2690 1556 2714 sua
1582 2680 1693 2721 vivet,
1728 2680 1763 2713 id
1789 2686 1857 2721 est,
1891 2680 1958 2713 fide.
1984 2687 2162 2726 utrunque

1434 2730 1457 2764 6
