2415 2942
97 126 169 164 169
486 126 569 163 XII.

93 224 161 246 nae
178 211 383 247 assentitur:
412 212 461 247 ita
480 225 574 247 nunc
589 212 734 257 plurimi
750 211 938 255 repudiant
952 210 1086 244 doctri-

90 275 176 297 nam
194 261 400 308 Evangelii,
429 264 516 298 moti
536 264 712 297 similibus
728 262 961 305 argumentis,
988 262 1083 306 quod

91 326 166 347 non
185 314 229 347 sit
245 314 524 349 dissentiendum
549 327 568 348 a
585 314 727 359 publico
751 323 943 352 consensu,
972 319 1006 345 et
1029 311 1083 344 iu-

90 364 186 398 dicio
202 371 253 398 tot
271 372 438 402 aetatum.
491 365 577 399 Item
604 365 698 410 quod
725 361 808 396 haec
831 363 991 396 doctrina
1008 374 1082 394 non

90 415 265 463 prodierit
283 417 327 449 ab
344 414 418 457 his,
445 416 505 461 qui
521 422 640 449 tenent
658 413 948 457 gubernationem
967 411 1081 446 inEc-

91 466 215 505 clesia‚
242 473 275 500 et
302 475 384 502 sunt
408 467 445 500 in
470 472 641 511 potestate
667 465 866 506 ordinaria,
899 465 979 498 ideo
1006 475 1080 497 non

92 527 165 551 esse
183 517 436 562 recipiendam.

196 591 264 626 Sed
280 603 345 625 nos
360 592 508 626 sciamus
523 592 565 625 de
584 591 744 626 doctrina
761 591 900 626 coelesti
920 603 991 625 non
1008 602 1080 624 esse

91 642 320 675 iudicandum
347 654 386 676 ex
410 640 574 676 humanis
596 642 912 686 imaginationibus
937 650 997 676 aut
1026 654 1079 675 sa-

89 692 223 737 pientia
240 692 401 736 politica,
428 694 472 726 de
495 693 674 727 ordinaria
702 700 890 737 potestate,
915 700 976 727 aut
994 705 1078 726 con-

89 754 193 777 sensu
218 743 362 777 maioris
388 744 496 788 partis
521 744 642 777 multis
676 744 802 777 seculis
826 750 983 787 recepto,
1017 745 1076 777 sed

88 795 289 839 quaerenda
321 805 393 828 esse
424 807 507 828 vera
536 795 737 828 testimonia
772 795 871 828 verbi
906 794 1078 828 divinitus

87 844 221 879 traditi.
276 844 475 879 Teneamus
499 843 590 879 hanc
611 845 830 886 doctrinam,
860 858 965 891 quam
991 857 1077 878 con-

89 901 157 929 stat
182 902 275 929 certo
302 896 465 930 traditam
492 908 564 930 esse
589 908 607 929 a
631 894 836 940 Prophetis,
877 895 1019 930 Christo
1044 903 1077 930 et

87 946 285 990 Apostolis,
319 953 351 980 et
376 947 616 980 confirmatam
649 947 860 980 testimoniis
886 947 1076 980 miraculo-

86 1008 188 1037 rum,
215 1009 279 1030 nec
299 1009 503 1032 moveamur
531 998 678 1031 diversis
699 998 839 1030 iudiciis
859 1005 916 1032 aut
934 998 1075 1041 conspi-

86 1048 223 1081 ratione
237 1055 420 1092 potentum
444 1056 477 1082 et
493 1049 690 1092 sapientum
705 1075 714 1089 ,
742 1049 970 1093 quantumvis
994 1049 1075 1081 diu-

86 1104 204 1131 turna.
262 1097 434 1132 Videmus
464 1111 601 1143 semper
628 1099 664 1131 in
699 1101 832 1132 mundo
862 1099 968 1132 fuisse
1003 1099 1075 1131 exi-

86 1159 195 1191 guum
212 1156 349 1182 coetum
375 1162 477 1182 verae
495 1149 690 1189 Ecclesiae,
719 1150 755 1182 in
776 1163 844 1194 quo
862 1150 988 1183 mansit
1006 1162 1074 1197 pu—

85 1199 170 1232 ritas
187 1199 379 1232 doctrinae.
431 1200 503 1233 Nec
519 1212 650 1233 novum
671 1207 720 1233 est
744 1202 912 1233 maiorem
940 1208 1072 1243 partem

86 1261 215 1288 errare,
243 1256 275 1282 et
291 1251 434 1282 defendi
454 1248 722 1295 εἷδωλο,ιιαιίἀς
738 1258 769 1284 et
787 1251 930 1294 impiam
943 1251 1073 1283 doctri-

86 1311 167 1333 nam
184 1301 228 1333 ab
245 1297 312 1343 his,
341 1301 401 1345 qui
419 1308 500 1334 sunt
519 1302 554 1333 in
575 1302 752 1334 ordinaria
770 1309 957 1345 potestate,
985 1301 1073 1334 sicut

85 1350 122 1383 in
150 1351 279 1394 populo
307 1350 413 1384 Israel
438 1349 658 1394 Prophetae,
688 1350 804 1392 Elias,
834 1350 1012 1391 Elisaeus,
1041 1359 1073 1384 et

85 1401 146 1433 alii
162 1401 272 1434 coacti
291 1409 371 1434 sunt
389 1413 460 1434 sese
479 1403 592 1445 palam
610 1414 788 1446 opponere
811 1402 950 1445 regibus
968 1409 999 1435 et
1019 1414 1072 1435 sa-

86 1452 286 1485 cerdotibus
312 1453 583 1486 defendentibus
611 1453 859 1488 idololatriam.
916 1451 959 1486 Et
982 1452 1072 1485 lere-

85 1503 173 1536 mias
197 1503 291 1536 solus
309 1503 445 1536 obstitit
468 1505 582 1537 coetui
598 1503 808 1538 Pontificum
828 1511 860 1538 et
877 1501 1072 1549 Propheta-

86 1565 164 1587 rum
184 1552 221 1586 in
242 1553 338 1588 trIbu
354 1553 439 1588 Iuda
459 1561 522 1588 etc.

436 1710 575 1764 Caput
611 1712 729 1752 Vm.

138 1798 244 1834 Iesus
260 1804 381 1833 aulem
398 1799 560 1846 perrexit
577 1798 615 1832 in
634 1804 789 1833 montem
810 1796 1021 1838 olivarum.

186 1877 304 1920 Pergit
320 1875 483 1910 Christus
500 1877 624 1909 docere
647 1876 683 1908 in
708 1877 858 1920 templo:
890 1878 951 1911 etsi
978 1879 1072 1912 enim

88 1930 214 1963 festum
241 1929 310 1961 iam
329 1927 573 1971 praeterierat,
609 1933 640 1960 et
664 1927 829 1970 intelligit
845 1940 879 1961 se
899 1929 967 1973 peti
986 1929 1073 1963 insi-

86 1981 153 2014 diis
178 1977 465 2019 Pharisaeorum,
500 1985 617 2011 tamen
640 1985 758 2011 manet
782 1980 1008 2024 aliquandiu,
1034 1988 1073 2014 ut

87 2039 117 2065 et
136 2031 253 2074 plures
272 2032 412 2068 doceat,
440 2036 470 2062 et
488 2029 670 2062 confirmet
693 2041 769 2070 eos,
796 2030 857 2074 qui
875 2031 988 2074 ipsum
1008 2043 1071 2063 au—

85 2083 242 2119 dierant,
270 2081 366 2113 videt
389 2080 580 2124 populum,
614 2080 710 2112 velut
734 2092 870 2123 gregem
895 2089 1069 2114 errantem

86 2133 161 2166 sine
177 2138 330 2175 pastore,
357 2143 444 2174 opus
463 2128 590 2163 habere
609 2131 787 2169 doctrina,
815 2144 923 2176 quare
943 2134 1071 2176 postri-

85 2184 142 2216 die
161 2194 262 2215 mane
282 2181 371 2214 redit
394 2182 431 2214 in
454 2181 644 2225 templum,
672 2194 743 2214 non
768 2183 954 2216 deterritus
977 2185 1070 2227 peri-

85 2234 164 2267 culo
181 2245 219 2266 ac
237 2233 386 2266 insidiis.
441 2231 510 2266 Sed
530 2232 731 2276 priusquam
755 2234 911 2278 reliquae
928 2235 1070 2268 concio-

85 2297 146 2318 nes
162 2291 193 2317 et
212 2295 323 2316 novae
341 2283 584 2316 altercationes
601 2282 809 2316 ludaeorum
829 2297 907 2317 cum
927 2284 1068 2319 Christo

86 2336 356 2375 describuntur,
384 2334 486 2367 initio
506 2333 672 2367 recitatur
689 2331 834 2368 historia
853 2337 894 2368 de
922 2336 1069 2370 muliere

82 2387 240 2420 adultera
258 2387 405 2418 adducta
423 2387 465 2417 ad
482 2382 661 2418 Christum
674 2412 682 2424 ,
710 2397 814 2429 quam
837 2387 898 2420 etsi
924 2395 1069 2429 veteres,

82 2437 284 2482 praesertim
310 2435 457 2479 Graeci,
483 2448 556 2469 non
581 2443 662 2469 sunt
687 2435 925 2480 interpretati,
950 2444 1067 2472 tamen

85 2495 225 2532 apparet
243 2500 378 2531 semper
396 2486 549 2520 habitam
577 2498 648 2519 esse
671 2487 764 2520 inter
787 2495 940 2531 receptas
959 2495 990 2522 et
1006 2501 1068 2534 ap-

85 2540 259 2583 probatas.
318 2537 406 2571 Nam
439 2545 471 2571 et
494 2537 669 2570 Eusebius
695 2538 768 2570 eius
793 2539 974 2580 meminit,
1008 2542 1066 2573 sed

84 2591 193 2623 citans
225 2602 264 2622 ex
286 2588 478 2632 Evangelio
511 2589 703 2622 secundum
735 2588 899 2625 lihraeos.
966 2589 1068 2625 Certe

85 2639 166 2674 huic
186 2641 261 2673 loco
284 2652 346 2673 nec
368 2648 496 2673 temere
519 2641 646 2673 inserta
674 2640 830 2680 videtur,
864 2653 927 2674 nec
950 2642 1066 2687 aliqua

622 124 922 163 ENARRATIO
950 124 1002 161 IN
1026 123 1207 161 EVANG.
1237 122 1454 162 IOANNIS.

1504 125 1608 164 CAP.
1637 125 1737 163 VIII.
2054 130 2127 163 170

1140 210 1256 244 monis
1295 208 1386 244 nihil
1424 211 1610 256 diScrepat.
1676 212 1800 259 Itaque
1831 224 1850 246 a
1875 214 2130 258 posterioribus

1137 261 1213 294 sine
1235 262 1457 296 dubitatione
1473 271 1610 308 recepta
1628 270 1689 299 est.

1238 327 1395 372 Exponit
1410 337 1527 363 autem
1552 344 1662 365 novas
1686 333 1828 365 fraudes
1844 329 2128 374 Pharisaeorum,

1137 378 1198 423 qui
1223 390 1302 411 cum
1328 380 1449 413 vident
1469 393 1541 413 non
1567 384 1770 416 successisse
1794 383 1958 424 insidias,
1986 396 2049 417 nec
2071 383 2127 416 in-

1136 428 1292 471 veniunt}
1310 441 1466 470 causam,
1502 439 1541 464 ut
1568 430 1746 466 Christum
1770 434 1882 477 palam
1908 435 2126 475 adoriantur,

1135 490 1231 512 nunc
1250 479 1344 512 aliud
1367 487 1527 524 captant,
1563 489 1595 515 et
1618 484 1744 526 cupide
1771 485 1947 528 arripiunt
1972 485 2126 518 occasio-

1135 541 1215 562 nem
1246 529 1336 563 sorte
1361 532 1534 572 oblatam,
1566 533 1763 566 adulteram
1791 535 1975 569 manifesto
2000 537 2126 580 depre-

1135 578 1299 621 hensam,
1335 588 1368 614 et
1393 583 1597 616 convictam‘
1622 586 1843 627 producunt,
1879 583 1969 618 hanc
1995 587 2125 620 sistunt

1133 628 1292 672 Christo,
1328 631 1444 676 ipsum
1475 633 1601 667 facturi
1634 635 1805 676 iudicem,
1839 644 2016 682 quaerunt
2037 637 2121 681 quid

1133 683 1359 725 respondeat,
1387 684 1553 717 damnare
1573 697 1615 718 ne
1634 686 1736 725 velit,
1763 692 1796 719 et
1822 686 1943 719 iubere
1967 694 2006 720 ut
2032 687 2122 730 lapi-

1133 733 1250 773 detur,
1285 735 1379 778 quod
1403 746 1447 766 ne
1474 734 1540 778 ipsi
1567 736 1710 780 quidem
1738 733 1805 769 hoc
1829 737 1925 775 loco,
1953 737 2040 771 etin
2059 735 2124 770 hac

1133 783 1363 817 multitudine
1381 785 1455 817 ausi
1476 793 1589 819 essent
1605 787 1725 825 facere,
1754 799 1798 819 an
1814 788 2007 829 absolvere,
2035 800 2122 821 con-

1132 840 1184 867 tra
1201 834 1310 877 legem
1325 862 1333 874 ‚
1359 848 1447 879 quae
1463 836 1605 870 iubebat
1624 837 1773 871 interfici
1791 837 1955 871 moechos
1971 846 2003 872 et
2019 839 2122 872 adul-

1131 891 1232 918 teras.
1285 885 1354 919 Sed
1371 886 1425 919 isti
1446 899 1518 919 non
1536 885 1601 921 hoc
1626 895 1754 931 agunt,
1781 896 1819 922 ut
1846 889 2001 932 legitimo
2028 890 2122 922 iudi-

1131 936 1204 976 cio,
1231 936 1322 970 sicut
1348 937 1519 978 debebat,
1554 940 1740 982 puniretur
1764 940 1988 976 adulterium.
2041 940 2121 973 Non

1132 987 1225 1019 enim
1245 988 1447 1030 producunt
1461 989 1505 1021 ad
1524 989 1666 1030 iudices,
1695 990 1823 1034 quibus
1839 998 1937 1024 erant
1956 992 2120 1025 mandata

1131 1037 1260 1070 iudicia
1289 1038 1469 1082 capitalia,
1512 1041 1571 1072 sed
1604 1053 1644 1073 ex
1675 1042 1870 1084 composito
1904 1042 2120 1074 insidiantur

1131 1086 1296 1128 Christo,
1331 1095 1370 1122 ut
1397 1090 1566 1135 quicquid
1600 1094 1826 1134 respondeat,
1870 1093 1907 1124 in
1935 1099 2119 1137 utramque

1131 1146 1263 1182 partem
1292 1137 1444 1173 habeant
1469 1142 1565 1184 quod
1598 1149 1770 1174 accusent.
1823 1141 2020 1176 Audieram
2046 1145 2120 1176 eius

1129 1189 1353 1229 concionem,
1381 1203 1468 1234 quae
1488 1203 1559 1223 non
1579 1204 1675 1224 more
1699 1192 1784 1235 legis
1807 1194 1996 1227 damnabat
2014 1202 2047 1227 et
2063 1206 2118 1227 re-

1130 1240 1281 1282 pellebat
1305 1247 1503 1283 peccatores
1532 1249 1565 1274 et
1593 1242 1777 1284 indiguos,
1825 1246 1883 1276 sed
1910 1245 2117 1277 consolaba-

1129 1297 1186 1322 tur
1203 1292 1466 1333 perterrefactos
1494 1300 1526 1326 et
1551 1293 1713 1334 miseros,
1741 1301 1773 1327 et
1791 1296 2017 1338 promittebat
2034 1309 2119 1328 con—

1128 1341 1378 1381 donationem,
1418 1355 1526 1387 quare
1553 1344 1579 1375 si
1610 1342 1699 1377 hanc
1726 1346 1921 1378 adulteram
1948 1347 2119 1389 absolvat,

1128 1398 1159 1424 et
1190 1392 1399 1434 pronunciet
1426 1406 1498 1426 non
1525 1406 1595 1427 esse
1621 1396 1856 1439 puniendam,
1902 1397 2060 1431 iudicant
2083 1410 2118 1430 se

1128 1440 1256 1475 habere
1274 1442 1499 1476 iustissimam
1517 1457 1653 1477 causam
1680 1447 1805 1479 atrocis
1820 1448 2036 1486 calumniae,
2066 1448 2114 1480 vi-

1127 1493 1252 1526 delicet
1270 1490 1364 1526 hunc
1390 1496 1501 1527 multo
1528 1496 1723 1538 digniorem
1749 1510 1819 1530 esse
1845 1499 1905 1543 qui
1931 1499 2117 1540 lapidetur,

1128 1555 1231 1589 quarn
1250 1544 1375 1577 misera
1401 1546 1628 1587 muliercula,
1663 1549 1743 1591 quia
1771 1549 1883 1591 palam
1909 1551 2047 1583 aboleat
2066 1551 2116 1583 le-

1127 1606 1202 1637 gem
1227 1594 1443 1639 Mosaicam,
1475 1599 1642 1631 concedat
1666 1599 1842 1632 licentiam
1868 1600 2012 1644 impune
2036 1613 2115 1645 pec-

1128 1645 1242 1678 candi.
1301 1645 1341 1679 Si
1364 1659 1447 1679 vero
1473 1648 1653 1681 mulierem
1687 1651 1917 1690 condemnet,
1956 1652 2114 1684 futurum

1128 1708 1199 1729 esse
1229 1703 1268 1729 nt
1295 1697 1560 1731 multitudinem
1598 1712 1615 1731 a
1649 1712 1720 1733 sese
1751 1713 1893 1744 prorsus
1926 1703 2113 1737 abalienet.

1128 1746 1220 1789 Quia
1240 1745 1305 1779 hoc
1322 1747 1396 1791 ipso
1415 1749 1504 1782 facto
1523 1757 1642 1782 contra
1663 1759 1715 1784 eat
1733 1763 1813 1784 suae
1829 1753 2021 1793 doctrinae,
2050 1765 2113 1787 nec

1128 1798 1326 1832 existimant
1343 1810 1384 1831 ex
1403 1797 1456 1831 his
1473 1802 1641 1842 angustiis
1661 1813 1843 1835 evasurum
1864 1816 1947 1840 esse.

1227 1862 1304 1896 Hae
1321 1872 1402 1898 sunt
1420 1866 1567 1899 usitatae
1590 1868 1738 1901 insidiae
1765 1867 1996 1912 pharisaicae,
2023 1872 2114 1906 sicut

1127 1920 1159 1947 et
1183 1913 1270 1947 alibi
1297 1916 1428 1949 similes
1452 1918 1710 1953 describuntur.
1766 1920 1832 1953 Sed
1857 1920 2017 1955 Christus
2040 1930 2114 1958 arte

1126 1964 1263 2007 repellit
1288 1965 1453 2007 insidias,
1487 1975 1520 2001 et
1543 1981 1684 2012 prorsus
1713 1972 1855 2004 mirifica
1882 1979 1931 2006 est
1956 1971 2113 2016 historia,

1126 2027 1213 2059 quae
1238 2022 1272 2050 et
1289 2018 1484 2050 doctrinam
1509 2020 1630 2053 utilem
1659 2023 1764 2055 tradit
1793 2030 1823 2056 et
1848 2023 1974 2067 pingit:
2016 2031 2047 2057 et
2075 2025 2111 2058 in

1125 2073 1242 2108 gestu,
1271 2074 1304 2100 et
1329 2068 1365 2100 in
1385 2081 1551 2113 responso
1572 2069 1704 2104 Christi
1731 2074 1951 2112 mirandum,
1981 2082 2013 2108 et
2037 2076 2112 2109 sin-

1125 2117 1242 2159 gulare
1260 2120 1467 2159 consilium,
1502 2121 1590 2155 sicut
1615 2124 1742 2169 passim
1769 2124 1804 2156 in
1832 2123 1977 2158 historia
2004 2138 2111 2159 evan-

1123 2168 1254 2210 gelica,
1288 2169 1325 2201 in
1352 2170 1451 2203 factis
1474 2178 1507 2205 et
1528 2175 1688 2206 oratione
1717 2173 1865 2217 Christi,
1906 2178 2110 2220 praesertim

1124 2231 1202 2251 cum
1234 2216 1499 2265 hypocritarum
1538 2224 1677 2257 insidiis
1718 2227 1865 2267 petitur,
1915 2227 2110 2270 singulares

1123 2270 1266 2314 quidam
1280 2278 1311 2305 et
1327 2283 1420 2306 acres
1438 2281 1553 2308 motus
1570 2282 1603 2309 et
1619 2275 1762 2309 mirifice
1778 2278 1926 2321 cogitata
1944 2290 2109 2324 responsa

1122 2328 1328 2357 cernuntur.

1225 2388 1292 2423 Sed
1320 2390 1516 2424 doctrinam
1547 2389 1651 2426 huius
1676 2392 1742 2426 loci
1766 2393 1838 2438 ipsa
1862 2393 2030 2431 historiae
2054 2410 2109 2431 se-

1121 2439 1190 2472 ries
1214 2440 1335 2484 aperit.
1395 2441 1501 2475 Initio
1526 2455 1604 2476 cum
1631 2452 1813 2479 accusatur
1835 2448 1982 2488 mulier,
2017 2448 2109 2482 nihil

1121 2492 1309 2534 respondet
1328 2490 1509 2532 Christus,
1533 2500 1700 2538 tanquam
1718 2496 1754 2528 in
1775 2497 1878 2530 aliam
1899 2510 1970 2531 rem
1990 2499 2106 2533 inten-

1121 2548 1197 2582 tus,
1212 2542 1385 2588 ‘videlicet
1413 2554 1554 2586 prorsus
1571 2557 1587 2576 a
1605 2557 1678 2578 sese
1702 2547 1864 2580 reiiciens
1887 2546 1976 2582 hanc
2000 2562 2105 2596 quae-

1120 2593 1289 2634 stionem,
1316 2593 1549 2636 pertinentem
1569 2596 1611 2628 ad
1632 2598 1868 2640 coguitionem
1887 2601 2107 2642 magistratus

1120 2644 1266 2687 politici.
1329 2643 1451 2677 Postea
1476 2657 1553 2677 cum
1578 2655 1743 2692 urgetur,
1786 2652 1989 2693 respondet,
2033 2664 2105 2685 non

83 2697 263 2726 contextus
287 2691 503 2736 perturbatio
529 2698 692 2736 apparet,
728 2698 759 2725 et
788 2690 823 2724 in
848 2703 973 2735 genere
996 2705 1066 2726 ser-
1090 2700 1096 2733 ι
1120 2694 1163 2727 de
1180 2694 1346 2735 muliere,
1381 2696 1440 2729 sed
1467 2696 1509 2729 de
1532 2697 1674 2732 illorum
1700 2701 1866 2743 peccatis,
1901 2702 1960 2746 qui
1994 2702 2104 2746 ipsam
