2415 2942
65 84 138 121 453
282 85 363 123 ΧΠ.

29 211 32 216 ⁷
66 179 224 211 sanctus,
271 173 331 218 qui
360 185 471 208 novos
506 180 621 208 motus
653 174 690 207 in
730 174 859 207 animis
902 181 934 208 et
966 187 1058 209 nova
1084 175 1088 204 l
1112 182 1207 204 scere
1233 171 1436 205 ὃῦΧῗῙῘῑΠῐῑὸ
1456 173 1547 208 Deo·

66 227 169 268 opera
188 224 290 268 parit.

637 331 739 384 Cap.
762 331 838 372 IV.

169 424 210 458 In
228 425 325 458 omni
337 424 573 469 disputatione
589 423 865 468 propositionem
883 424 980 469 sequi
993 425 1053 458 de-

65 477 123 509 het
151 476 388 515 confirmatio,
422 477 460 508 in
486 486 552 520 qua
580 482 806 518 exponuntur
836 482 1052 517 argumenta,

65 539 154 572 quae
173 527 404 570 propositioni
422 526 524 559 fidem
542 525 686 558 faciunt.
739 524 786 558 Et
814 523 903 558 hanc
919 527 1051 559 docen-

65 579 152 610 tium
173 577 460 610 consuetudinem
478 575 607 609 Paulus
627 582 763 608 secutus
790 583 849 609 est.
903 575 961 610 Sic
984 577 1052 620 igi-

64 635 121 661 tur
138 626 203 661 hoc
219 634 322 675 caput
349 627 414 670 legi
431 627 551 666 debet,
579 633 617 659 ut
637 638 708 659 non
727 626 917 660 divellatur
934 639 951 660 a
967 639 1050 672 pro-

63 679 252 723 positione:
280 690 414 722 semper
438 677 531 710 enim
549 684 688 724 oportet
705 678 984 720 propositionem
1003 679 1049 712 ob

62 731 182 762 oculos
199 729 341 768 versari,
368 736 406 762 ut
424 728 602 762 dialectica
620 728 875 761 consuetudine
894 741 971 762 cum
991 741 1049 762 ar-

61 781 235 823 gumentis
251 780 501 822 coniungatur,
528 790 636 823 eaque
653 779 803 813 claudat.
846 778 935 812 Nam
953 778 1046 813 Pau-

60 832 115 863 lus
131 830 229 863 brevi
247 841 372 872 genere
389 829 559 863 orationis
575 841 659 862 usus
676 836 748 870 est,
772 842 879 875 quare
897 831 954 863 vix
973 843 1041 864 un-

60 892 164 925 quam
188 881 339 924 reperias
361 881 453 924 apud
478 892 557 913 eum
577 880 753 924 integrum
788 881 1043 926 syllogismum,

59 929 166 964 habet
184 932 304 964 crebra
322 939 353 965 et
371 932 478 964 densa
495 929 768 977 enthymemata,
786 944 902 976 quaea
916 932 1045 966 lectore

57 993 180 1025 parum
198 988 331 1015 attento
350 994 421 1015 non
437 982 552 1015 statim
571 982 665 1015 cerni
690 990 854 1026 possunt,
883 983 949 1016 nisi
967 983 1044 1017 dia-

59 1033 180 1080 lectigo
198 1044 294 1065 more
313 1033 577 1076 distinguantur
593 1040 626 1066 et
645 1033 873 1077 explicentur.

157 1082 218 1116 Est
232 1090 347 1116 autem
366 1095 507 1117 exorsus
531 1083 832 1117 confirmationem
852 1096 869 1117 a
890 1085 1041 1128 quadam

57 1133 304 1178 occupatione,
345 1140 383 1167 ut
408 1134 499 1166 viam
525 1134 592 1167 sibi
615 1141 783 1167 sterneret
808 1135 850 1167 ad
877 1133 1042 1168 Abrahae

55 1185 263 1228 exemplum.
308 1184 428 1218 Iudaei
447 1185 540 1217 enim
558 1185 754 1218 sentiebant
773 1183 952 1218 Abrabam
972 1186 1041 1218 cir-

54 1235 265 1268 cumsisione
289 1242 319 1268 et
342 1236 418 1268 aliis
444 1235 546 1268 bonis
577 1236 742 1279 operibus
775 1236 939 1268 meritum
968 1248 1040 1270 esse

54 1286 239 1319 iusticiam.
292 1285 381 1318 Nam
402 1298 480 1318 cum
499 1286 714 1319 circumsisio
731 1287 952 1326 nominatur,
983 1294 1037 1320 to-

53 1344 107 1370 tus
125 1336 239 1369 cultus
258 1336 407 1378 intelligi
438 1337 563 1379 debet,
598 1343 631 1369 et
656 1337 693 1368 in
722 1334 776 1368 bis
803 1337 905 1369 etiam
931 1349 1037 1380 opera

51 1387 211 1419 moralia.
266 1386 385 1431 ltaque
402 1387 606 1431 neutiquam
631 1387 789 1420 obscuris
808 1387 922 1419 verbis
940 1388 1036 1420 affir-

52 1444 143 1477 mat,
170 1434 352 1470 Abraham
370 1449 442 1469 non
462 1434 625 1471 habuisse
650 1438 790 1470 laudem
816 1449 931 1470 coram
959 1438 1035 1472 Deo

51 1494 194 1532 propter
211 1488 385 1521 iusticiam
405 1488 539 1529 carnis,
567 1488 601 1520 id
627 1495 692 1528 est,
721 1495 863 1532 propter
888 1486 1034 1523 honesta

51 1550 176 1583 opera,
210 1551 298 1583 quae
324 1545 450 1571 natura
475 1540 546 1571 suis
575 1539 709 1572 viribus
733 1539 848 1572 efficit.
907 1539 1033 1572 Coram

51 1587 270 1628 hominibus,
290 1590 452 1623 iustificat
481 1590 594 1623 civilis
623 1590 777 1631 iusticia,
818 1601 890 1623 non
916 1602 1033 1624 coram

51 1639 137 1674 Deo.

154 1688 311 1722 Primum
347 1696 590 1732 argumentum
624 1690 667 1722 ab
701 1691 857 1734 exemplo
887 1692 1032 1725 (luctum

54 1746 123 1781 est,
150 1738 329 1773 Abraham
354 1747 450 1784 pater
469 1747 517 1773 est
536 1741 656 1784 populi
671 1739 754 1781 Dei,
782 1742 816 1773 in
835 1754 903 1785 quo
922 1742 1032 1774 forma

53 1791 310 1824 iustificationis
329 1791 504 1835 proposita
530 1797 592 1825 est.
635 1791 744 1823 Porro
762 1790 940 1824 Abraham
966 1793 1032 1825 fide

51 1842 254 1875 iustificatos
273 1849 340 1882 est,
374 1842 481 1883 igitur
498 1848 530 1875 et
548 1842 672 1875 caeteri
696 1842 763 1874 fide
787 1843 1033 1883 iustificantur,

50 1904 121 1925 non
141 1892 316 1936 operibns,
369 1890 415 1925 Et
439 1893 569 1925 accedit
586 1892 826 1925 testimonium
843 1906 882 1926 ex
899 1894 1031 1936 genesi:

47 1942 206 1977 Credidit
224 1941 403 1975 Abraham
418 1941 510 1983 Deo,
534 1951 564 1975 et
582 1949 778 1986 reputatum
799 1951 847 1977 est
866 1945 894 1976 ei
914 1945 955 1976 ad
976 1945 1031 1977 iu-

49 1994 194 2028 sticiam.
247 1992 496 2027 Definitionem
522 1994 656 2035 colligit
680 2006 719 2026 ex
743 1995 858 2026 verbis
881 1995 1030 2037 scriptu-

49 2056 118 2078 rae.
171 2044 260 2077 Nam
278 2045 314 2076 in
333 2044 436 2077 sacris
453 2045 563 2078 literis
582 2044 770 2089 plurimum
789 2046 905 2078 valent
933 2046 1028 2078 testi-

51 2094 170 2128 monia
196 2095 397 2137 scripturae.
451 2094 521 2128 Nec
541 2096 582 2128 de
601 2096 780 2129 voluntate
797 2094 863 2129 Dei
881 2096 1028 2129 iudicari

50 2152 180 2189 potest,
209 2146 276 2178 nisi
294 2158 332 2178 ex
350 2145 455 2178 verbo
474 2144 551 2178 Dei.
604 2145 686 2179 Ideo
703 2147 867 2180 convenit
884 2148 1028 2190 allegari

47 2196 254 2240 scripturam
281 2203 314 2229 et
336 2208 397 2240 per
419 2207 493 2229 eam
515 2198 673 2240 ostendi,
708 2198 801 2242 quod
825 2197 921 2231 Deus
946 2210 1029 2242 pro-

48 2247 191 2280 nunciet
216 2248 318 2280 fidem
343 2258 414 2280 esse
438 2247 612 2280 iusticiam
642 2255 816 2288 nostram,
849 2261 938 2294 quae
960 2249 1028 2293 ipsi

48 2298 191 2341 placeat.
226 2297 379 2341 Quidam
396 2296 547 2344 βέβηλοι
563 2299 771 2332 cavillantur
789 2296 883 2332 hunc
900 2300 1029 2341 locum,

49 2355 81 2381 et
111 2349 289 2392 disputant
320 2348 469 2382 Paulum
508 2350 604 2383 abuti
638 2348 785 2382 Genesis
815 2350 1027 2391 testimonio,

49 2399 128 2443 quia
147 2401 351 2444 detorqueat
368 2401 411 2433 ad
434 2401 545 2440 fidem⁴
562 2401 599 2432 in
615 2399 793 2435 Christum
806 2427 814 2440 ,
850 2413 927 2434 cum
953 2402 1027 2435 illic

50 2461 122 2482 non
137 2449 194 2484 fiat
211 2448 342 2484 Christi
360 2451 513 2492 mentio,
546 2452 606 2484 sed
626 2451 848 2495 posteritatis.
885 2453 951 2485 Sed
973 2453 1025 2486 illi

50 2500 317 2534 calumniatores
344 2500 436 2534 nihil
460 2502 664 2546 intelligunt
686 2502 789 2535 fidem
823 2514 914 2543 esse,
956 2504 1023 2536 nisi

48 2549 214 2584 historiae
248 2553 424 2588 noticiam.
492 2552 541 2587 At
571 2553 743 2597 scriptura
777 2561 878 2587 vocat
909 2554 1025 2596 fidem,

47 2614 136 2647 qnae
151 2603 382 2637 creditDeum
399 2615 470 2637 esse
486 2605 674 2649 placatum,
700 2604 912 2648 propicium,
935 2617 1024 2651 quae

47 2653 190 2688 confidit
208 2654 338 2688 auxilio
353 2653 436 2698 Dei,
471 2667 559 2701 quae
583 2656 686 2690 audet
712 2661 892 2701 expectare
910 2663 941 2690 et
958 2669 1022 2702 po—

272 331 579 388 Confirmatio.

421 87 451 124 1.
481 85 882 125 ANNOTATIONES
911 87 960 124 IN
994 81 1242 124 EPISTOLA
1269 81 1337 119 AD
1363 81 1623 124 ROMANOS.
1676 88 1781 127 CAP.
1809 91 1874 127 111.

1075 597 1079 694 l

1075 696 1077 701 ·
1102 688 1136 709 se
1154 674 1283 710 habere
1299 675 1413 710 Deum
1431 680 1626 722 propicium
1645 694 1682 714 ac
1707 684 1892 726 placatum.

2020 96 2094 132 454

1601 174 1698 209 Talis
1721 184 1793 211 erat
1809 177 1973 214 Abrahae
1999 182 2094 219 fides.

1111 220 1156 255 Et
1171 233 1308 265 semper
1324 223 1387 255 ista
1404 222 1488 256 fides
1506 227 1750 269 complectitur
1765 227 1897 264 Christi
1916 233 2094 273 noticiam,

1109 273 1202 316 quod
1221 281 1319 316 pater
1345 285 1408 305 nos
1430 276 1573 319 recipiat
1601 277 1637 309 iu
1664 280 1827 321 gratiam,
1856 294 1927 316 non
1951 291 2094 327 propter

1109 329 1226 354 nostra
1242 323 1385 363 merita,
1420 326 1479 356 sed
1505 335 1647 370 propter
1672 327 1864 368 Christum.
1921 332 1966 368 Et
1991 343 2092 369 norat

1107 370 1289 405 Abraham
1307 374 1517 416 promissum
1538 388 1656 410 semen
1675 391 1763 419 esse,
1790 383 1827 414 in
1851 396 1920 428 quo
1944 386 2091 418 benedi-

1106 429 1243 456 ceretur
1263 424 1435 465 gentibus,
1491 425 1611 470 Itaque
1635 441 1711 462 cum
1731 431 1893 466 laudatur
1917 436 2001 469 fides
2022 436 2090 470 Pa-

1106 480 1199 507 trum
1218 486 1322 518 quam
1341 475 1376 506 in
1394 478 1634 519 corporalibus
1652 480 1751 513 bonis
1768 493 2007 526 exercuerunt,
2037 494 2089 521 ta—

1104 536 1185 557 men
1204 535 1344 568 semper
1361 526 1529 569 coniungi
1547 529 1649 562 debet
1667 531 1791 565 fiducia
1816 535 1946 576 gratiae
1963 550 2001 569 ac
2021 539 2088 570 mi-

1103 575 1314 608 sericordiae
1331 575 1408 611 Dei.
1462 577 1652 619 Quomodo
1678 582 1771 614 euim
1793 593 1939 627 possunt
1963 600 2088 631 corpo-

1102 626 1189 659 ralia
1207 626 1298 659 bona
1316 638 1333 658 a
1352 625 1427 659 Deo
1455 636 1634 672 expectare
1653 632 1726 672 isti,
1765 635 1824 678 qni
1844 647 1915 668 non
1931 639 2087 673 sentiunt

1951 687 2087 723 Norant

1101 734 1216 761 autem
1250 735 1366 775 patres
1399 740 1520 762 omnes
1546 743 1581 763 se
1603 733 1708 776 recipi
1742 735 1778 766 in
1804 738 1951 778 gratiam
1976 751 1993 771 a
2012 739 2085 773 Deo

1101 785 1245 823 propter
1268 779 1479 823 promissum
1498 780 1696 824 Christum,
1728 786 1883 821 sciebant
1909 800 1979 822 non
2007 791 2082 833 pla-

1099 830 1168 862 cari
1189 830 1276 862 iram
1292 829 1359 862 Dei
1377 832 1506 864 nostris
1524 835 1656 866 meritis
1677 844 1734 869 aut
1752 838 1929 880 operibus.
1984 840 2086 884 Quo-

1099 880 1162 913 ties
1178 881 1285 924 igitur
1303 878 1359 914 hic
1376 881 1455 914 fidei
1475 894 1604 916 nomen
1624 894 1829 929 usurpatur,
1856 889 2004 934 intelligi
2023 894 2084 924 ‹le-

1097 931 1175 971 bet,
1205 944 1278 964 non
1303 938 1439 964 tantum
1467 931 1633 968 historiae
1654 938 1782 970 noticia
1806 941 1900 984 quod
1921 940 2083 976 Christus

1097 993 1217 1025 passus
1233 983 1294 1022 sit,
1321 985 1379 1015 sed
1405 983 1508 1016 etiam
1529 997 1650 1019 causae
1666 989 1837 1031 cognitiO,
1866 1004 1928 1024 cur
1944 993 1987 1026 sit
2004 1006 2080 1037 pas-

1097 1044 1155 1065 sus
1174 1030 1345 1068 Christus,
1398 1033 1487 1066 Nam
1514 1036 1547 1068 id
1575 1050 1714 1082 quoque
1738 1041 1781 1072 ad
1805 1039 1986 1075 historiam
2002 1056 2082 1087 per-

1095 1083 1194 1117 tinet.
1247 1083 1390 1117 Norunt
1416 1085 1603 1120 daemones
1628 1089 1730 1121 etiam
1750 1097 1783 1122 et
1801 1091 1900 1134 impii
1922 1091 2081 1128 homines

1094 1132 1273 1168 Christum
1292 1146 1429 1178 passum
1449 1148 1538 1177 esse,
1573 1140 1630 1170 sed
1660 1152 1731 1171 non
1757 1143 1903 1176 creduut
1927 1145 1992 1176 sibi
2018 1158 2080 1192 pa-

1094 1191 1180 1217 trem
1198 1192 1341 1229 propter
1357 1183 1537 1219 Christum
1555 1190 1728 1232 placatum
1754 1203 1846 1233 esse,
1873 1206 1907 1225 se
1924 1196 2022 1238 diligi
2041 1209 2080 1230 ac

1093 1236 1234 1268 defendi
1252 1247 1270 1268 a
1288 1234 1376 1271 Deo.
1436 1236 1506 1271 Sed
1535 1241 1638 1273 redeo
1665 1242 1706 1273 ad
1730 1240 1833 1276 Pauli
1857 1255 2080 1287 argumenta-

1092 1292 1235 1321 nonem.

1193 1344 1382 1390 Postquam
1416 1349 1592 1382 recensuit
1618 1351 1722 1385 verba
1749 1354 1915 1395 Genesis,
1954 1355 2078 1401 incipit

1089 1406 1212 1438 urgere
1239 1395 1423 1440 emphasin
1451 1399 1564 1439 vocis,
1592 1401 1782 1444 imputare,
1810 1412 1842 1437 et
1862 1407 1984 1439 delinit
2011 1408 2078 1440 im-

1089 1447 1307 1489 putationem
1325 1459 1396 1481 esse
1414 1450 1613 1491 gratuitam.
1666 1455 1717 1486 Ita
1733 1467 1772 1487 ex
1791 1456 1852 1488 illo
1870 1456 1946 1490 loco
1958 1456 2076 1492 Gene-

1088 1498 1136 1530 sis
1153 1510 1243 1530 nova
1271 1507 1476 1541 argumenta
1503 1510 1715 1545 nascuntur,
1749 1507 1833 1539 dum
1862 1519 1941 1540 eurn
1966 1509 2075 1542 inter-

1088 1555 1264 1592 pretatur,
1299 1557 1331 1582 et
1354 1551 1552 1593 amplificat.
1614 1553 1719 1596 Quod
1743 1564 1858 1590 autem
1888 1559 2073 1603 imputatio

1087 1599 1131 1631 sit
1148 1599 1316 1641 gratuita,
1348 1601 1503 1635 ostendit
1522 1613 1560 1634 ex
1578 1602 1728 1640 Psalmo.
1791 1606 1869 1641 Erit
1891 1610 1997 1652 igitur
2021 1624 2074 1645 se-

1087 1651 1241 1683 cundum
1259 1658 1504 1693 argumentum
1523 1666 1561 1685 ex
1577 1653 1715 1689 Psalmo
1735 1658 1898 1692 ductum:

1187 1708 1389 1743 [ustificatio
1406 1718 1455 1744 est
1474 1714 1632 1747 remissio
1652 1724 1898 1758 peccatorum:

1239 1767 1333 1811 Ergo
1361 1770 1562 1805 iustificatio
1583 1785 1655 1806 nou
1683 1777 1857 1820 contingit
1881 1790 1920 1810 ex
1943 1780 2071 1813 nostris

1290 1821 1468 1864 operibus-

1189 1877 1294 1922 ltem,
1319 1880 1517 1914 iustificatio
1534 1890 1601 1923 est,
1637 1896 1708 1917 non
1729 1885 1894 1930 imputari
1913 1895 2068 1932 peccata:

1083 1927 1177 1971 Ergo
1194 1930 1391 1964 iustificatio
1408 1944 1480 1965 non
1496 1940 1601 1966 estex
1619 1937 1748 1969 nostris
1768 1939 1943 1982 operibus.

1185 1996 1465 2043 Consequentiae
1496 2001 1584 2034 ratio
1620 2009 1688 2043 est,
1727 2005 1807 2049 quia
1848 2019 1984 2040 necesse
2017 2015 2066 2042 est

1083 2048 1200 2080 omnia
1219 2061 1323 2092 opera
1339 2050 1511 2084 eiusmodi
1532 2063 1621 2093 esse,
1649 2066 1737 2098 quae
1752 2068 1816 2100 pro
1836 2058 1982 2100 peccatis
1999 2059 2065 2091 im-

1082 2100 1199 2145 putari
1219 2107 1378 2143 possent,
1404 2101 1577 2146 siquidem
1600 2102 1691 2137 nihil
1710 2113 1758 2140 est
1782 2108 1876 2140 aliud
1897 2109 2063 2142 iustifica-

1082 2149 1152 2190 tio,
1187 2163 1291 2194 quam
1316 2163 1388 2184 non
1412 2152 1579 2196 imputari
1603 2163 1749 2198 peccata.
1805 2156 1951 2192 Etiamsi
1971 2160 2063 2194 bona

1081 2212 1186 2244 opera
1205 2199 1329 2235 habeat
1347 2203 1539 2247 quispiam,
1574 2212 1689 2239 tamen
1716 2208 1761 2240 ita
1785 2208 1895 2242 iustus
1921 2211 2005 2251 erit,
2033 2212 2062 2244 si

1081 2263 1154 2284 non
1174 2252 1368 2295 imputetur
1384 2261 1582 2298 peccatum,
1609 2257 1701 2290 iuxta
1719 2258 1865 2292 Davidis
1884 2261 2061 2295 definitio-

1080 2314 1171 2337 nem.
1230 2301 1324 2347 Ergo
1350 2305 1409 2337 illa
1430 2305 1501 2349 ipsa
1526 2306 1618 2340 bona
1641 2320 1745 2351 opera
1770 2318 1851 2344 sunt
1876 2312 2060 2354 eiusmodi,

1080 2360 1117 2386 ut
1135 2365 1197 2396 pro
1214 2354 1362 2397 peccatis
1379 2355 1545 2399 imputari
1564 2358 1708 2400 possint.
1761 2359 1854 2394 Mira
1882 2360 1987 2396 huius
2003 2375 2058 2397 ar-

1079 2405 1237 2447 gumenti
1256 2406 1430 2439 subtilitas
1449 2414 1517 2447 est,
1555 2415 1585 2440 et
1612 2409 1654 2440 ad
1680 2411 1909 2446 consolandas
1934 2420 1967 2446 et
1991 2415 2059 2447 eri-

1078 2456 1208 2497 gendas
1223 2457 1360 2490 territas
1377 2464 1506 2489 mentes
1526 2470 1735 2504 magnopere
1751 2463 1926 2504 conducit,
1953 2465 2057 2498 intel-

1078 2506 1186 2548 ligere
1204 2504 1295 2540 hanc
1313 2507 1570 2541 iustificationis
1595 2511 1853 2554 definitionem,
1890 2517 1982 2560 quod
2001 2515 2056 2549 iu—

1077 2557 1236 2590 stificatio
1268 2557 1408 2601 proprie
1437 2558 1480 2591 sit
1511 2561 1668 2595 remissio
1696 2571 1929 2607 peccatorum.
1986 2565 2057 2599 Nec

1076 2607 1227 2651 intelligi
1252 2608 1315 2641 ista
1341 2615 1504 2651 possunt,
1540 2610 1606 2643 nisi
1632 2613 1669 2645 in
1693 2614 1784 2647 veris
1810 2617 1998 2659 pavoribus
2024 2623 2057 2651 et

1076 2669 1156 2692 vera
1173 2658 1408 2703 poenitentia,
1434 2660 1494 2694 nbi
1518 2660 1618 2697 facile
1637 2670 1687 2698 est
1703 2666 1852 2708 sentire,
1878 2669 2056 2710 quomodo

1349 2709 1403 2744 ⁷29
1418 2707 1438 2726 '⁵
