2415 2942
101 82 171 118 641
279 79 377 117 XllI.

430 81 463 114 2.
493 77 859 115 COMMENTARH
884 78 933 114 IN
960 78 1113 116 EPIST.
1142 78 1289 117 PAULI
1317 81 1383 118 AD
1412 79 1674 118 ROMANOS.
1730 83 1834 119 CAP.
1863 83 1942 118 Vll.

2049 88 2123 122 642

201 166 273 201 Iam
299 164 357 200 hic
386 166 634 211 amplificanda
665 172 715 199 est
749 164 1010 206 misericordia,
1044 172 1084 200 ut
1137 174 1233 211 gata,
1262 170 1355 213 quod
1382 169 1507 203 attinet
1532 170 1573 202 ad
1602 169 1902 211 insufflationem,
1930 183 2000 204 non
2028 176 2122 217 quod

103 217 187 252 haec
204 219 275 261 ipsa
291 230 355 250 nos
373 217 539 251 exuscitet
557 219 600 250 ad
626 218 715 249 bene
738 217 968 260 operandum.
1022 215 1082 248 ln-

102 282 184 313 geus
203 276 233 302 et
251 268 443 301 ineffabilis
466 268 606 301 bouitas
630 266 694 301 Dei
718 274 784 306 est,
812 267 905 311 quod
923 265 1018 299 Deus
1043 267 1080 299 in
1135 272 1257 303 standa
1276 278 1344 311 est,
1372 278 1403 304 et
1424 272 1566 314 quidem
1586 271 1757 306 incoatur.

1137 221 1178 251 ad
1200 220 1438 253 obedientiam
1465 221 1607 260 attinet,
1636 221 1670 253 id
1699 228 1766 262 est,
1795 222 1994 255 obedientia
2021 236 2121 266 prae-

1810 271 1859 306 Et
1876 279 1991 306 tamen
2008 275 2120 307 scien-

101 320 327 353 credentibus
345 320 515 363 approbat
534 317 625 352 hane
642 317 896 355 obedientiam,
925 329 1012 361 quae
1030 325 1082 350 ta-
1135 321 1217 352 dum
1236 328 1286 354 est
1303 333 1367 354 nos
1389 322 1528 353 interim
1550 329 1693 365 propter
1711 320 1890 356 Christum
1911 324 2020 357 iustos
2036 337 2120 367 esse,

97 383 179 404 men
197 371 379 403 mirificam
408 369 510 403 habet
535 369 772 402 infirmitatem
798 374 830 400 et
855 368 1078 401 dissimilitu-

100 423 240 461 dinem,
268 428 301 454 et
319 421 438 454 multis
456 421 620 453 sordibus
643 426 677 453 et
692 418 865 451 scandalis
890 427 939 452 est
958 426 1078 451 conta-

99 474 243 505 minata.
296 470 392 514 Ergo
412 483 483 504 non
499 471 658 504 debilitet
679 476 736 502 aut
751 470 925 502 deterreat
943 470 1080 502 animos

100 523 286 561 dubitatio,
311 523 369 555 sed
390 523 462 564 ipsa
479 521 686 564 magnitudo
700 520 972 558 misericordiae,
990 532 1079 565 quae

100 574 272 618 approbat
304 573 495 617 quamlibet
522 572 697 611 infirmos,
731 571 757 603 si
792 578 907 604 tamen
934 574 1079 604 credant

99 625 136 657 in
148 623 327 658 Christum
346 630 407 658 etc.
450 622 580 655 Invitet
599 633 662 655 nos
678 623 719 654 ad
740 623 827 654 bene
843 623 1079 665 operandum.

98 674 201 709 Hanc
224 674 420 708 doctrinam
445 679 477 706 et
500 673 777 706 consolationem
808 679 923 706 extare
948 673 985 705 in
1010 671 1079 706 Ec-

99 727 201 760 clesia
225 735 362 758 necesse
386 730 454 764 est,
494 731 534 757 ut
564 724 715 757 sciamus
746 730 921 768 quatenus
952 730 986 757 et
1015 724 1079 757 ubi

98 779 190 811 bona
208 787 310 820 opera
331 775 518 807 reiicienda
535 775 624 812 sint,
653 781 685 808 et
702 781 875 819 quatenus
894 775 1079 820 requiren-

97 831 159 869 da,
176 834 220 871 >et
236 827 412 873 quomodo
437 826 596 870 placeant
619 824 706 858 Deo.

306 906 413 956 Quid
433 907 549 955 igitur
557 908 575 940 P
600 905 835 943 Peccabimus
845 908 863 940 P

195 975 433 1010 Necessariam
466 977 733 1020 occupationem
778 976 901 1010 inserit
933 975 1077 1012 Paulus.

94 1027 183 1062 Nam
213 1028 271 1060 illa
289 1028 387 1070 prior
411 1040 492 1060 vox:
517 1027 597 1060 Non
622 1028 703 1061 estis
729 1028 794 1061 sub
819 1027 911 1070 lege,
938 1028 1078 1062 videtur

94 1079 344 1112 absurdissima
357 1105 366 1119 ‚
394 1076 486 1110 nihil
510 1079 603 1110 enim
621 1079 730 1121 magis
746 1086 864 1111 amant
883 1079 996 1111 bonae
1012 1091 1076 1112 na-

92 1137 210 1170 turae,
239 1141 343 1174 quam
366 1129 488 1171 legem.
543 1127 624 1162 Ideo
650 1141 721 1162 non
739 1135 851 1173 potest
869 1129 962 1169 fieri,
989 1130 1076 1174 quin

93 1178 318 1213 vehementer
333 1179 563 1212 offendantur
587 1179 657 1212 illis
680 1180 773 1213 velut
797 1180 994 1213 tribunitiis
1011 1193 1075 1214 vo-

92 1231 209 1270 cibus,
236 1231 275 1263 in
299 1231 425 1275 quibus
453 1236 577 1274 putant
609 1230 656 1263 ita
684 1230 845 1273 abrogari
870 1230 1002 1273 legem,
1036 1238 1074 1265 ut

92 1282 304 1314 concedatur
320 1281 460 1314 licentia
479 1281 657 1323 peccandi.
711 1281 822 1325 Saepe
845 1288 961 1314 autem
988 1281 1073 1315 alias

92 1333 225 1364 dietum
257 1337 325 1370 est,
365 1328 455 1363 hanc
485 1331 758 1373 disputationem
792 1330 894 1364 Pauli
929 1343 1071 1374 prorsus

91 1380 183 1414 nihil
215 1381 390 1424 pertinere
420 1382 461 1414 ad
489 1381 666 1424 politicam
697 1382 826 1422 vitam,
859 1393 923 1414 nec
948 1382 1070 1415 tollere

90 1432 311 1476 disciplinam
329 1438 387 1465 aut
409 1443 523 1464 mores
547 1431 685 1473 civiles,
711 1433 770 1465 sed
793 1443 936 1476 prorsus
963 1433 1069 1465 aliam

89 1494 163 1516 rem
180 1480 237 1515 hic
260 1482 327 1525 agi.
382 1480 456 1516 Alii
480 1482 580 1515 facile
603 1480 661 1516 hic
687 1485 859 1523 evadunt,
881 1483 941 1528 qui
961 1483 1069 1516 liber-

88 1541 193 1567 tatem
219 1533 377 1566 referunt
400 1540 535 1567 tautum
558 1534 599 1566 ad
625 1534 888 1576 abrogationem
914 1546 1070 1567 ceremo-

89 1585 229 1617 niarum
247 1590 279 1616 et
291 1584 450 1626 politicae
464 1583 650 1624 Mosaicae,
667 1596 739 1617 non
758 1586 799 1617 ad
819 1591 926 1618 totam
946 1585 1069 1627 legem.

191 1634 301 1677 Saepe
327 1635 394 1666 iam
420 1634 553 1666 dictum
576 1641 646 1672 est,
674 1633 824 1668 Paulum
847 1632 905 1668 hic
928 1635 1069 1669 concio—

90 1685 167 1719 nari
187 1684 371 1728 praecipue
389 1685 431 1716 de
447 1684 572 1716 morali
598 1684 690 1727 lege,
718 1692 750 1718 et
774 1685 810 1717 in
838 1697 974 1718 summa
994 1687 1069 1720 vult

89 1747 156 1769 nos
173 1735 337 1767 liberatos
355 1746 427 1767 esse
444 1747 461 1767 a
478 1741 549 1767 tota
568 1735 662 1777 lege,
690 1736 783 1780 quod
810 1735 934 1769 attinet
949 1737 991 1768 ad
1013 1737 1068 1769 iu-

90 1786 333 1822 stificationem
348 1812 356 1825 ‚
384 1785 417 1817 id
443 1791 509 1823 est,
527 1783 608 1818 Alia
624 1797 678 1818 res
696 1786 874 1830 proposita
893 1794 959 1826 est,
987 1799 1068 1830 pro-

89 1845 167 1882 pter
188 1848 293 1881 quam
313 1833 484 1869 habemus
506 1836 748 1869 remissionem
771 1844 1012 1880 peccatorum,
1036 1845 1069 1872 et

87 1894 293 1932 reputamur
318 1887 399 1919 iusti
431 1898 546 1919 coram
571 1885 667 1928 Deo,
707 1887 871 1921 videlicet
901 1889 1067 1922 meritum

86 1937 230 1974 Christi.
286 1936 335 1970 lta
360 1938 453 1969 enim
476 1937 615 1970 liberati
643 1949 763 1971 sumus
783 1951 801 1972 a
826 1939 920 1981 lege,
946 1939 975 1971 si
999 1947 1068 1973 sta—

87 1997 226 2024 tuamus
251 2000 315 2021 nos
339 1995 481 2032 propter
517 1988 631 2031 ipsum
665 1985 796 2022 habere
823 1990 1065 2023 remissionem

87 2045 329 2084 peccatorum,
365 2046 396 2071 et
417 2039 571 2082 reputari
595 2040 705 2073 iustos
729 2052 846 2073 coram
871 2040 964 2084 Deo,
993 2053 1066 2074 non

87 2098 230 2135 propter
247 2089 375 2132 legem,
401 2088 448 2122 Et
474 2101 551 2122 cum
569 2087 634 2123 hac
659 2091 891 2134 imputatione
916 2093 1066 2125 coniun-

88 2149 140 2175 cta
155 2147 204 2173 est
222 2140 403 2172 renovatio
423 2147 587 2179 naturae,
615 2143 830 2185 poenitentia
849 2154 910 2176 seu
928 2143 1065 2177 incoata

83 2191 294 2226 obedientia.

185 2240 264 2274 Non
295 2240 402 2284 igitur
432 2240 593 2274 concedit
625 2238 857 2285 Evangelium
883 2245 1062 2279 licentiam

85 2293 271 2338 peccandi,
295 2304 373 2324 cum
399 2303 471 2323 non
494 2291 608 2324 solum
632 2293 859 2327 concionetur
882 2296 925 2329 de
944 2297 1061 2340 impu-

86 2344 236 2383 tatione,
263 2343 321 2375 sed
347 2342 450 2375 etiam
476 2343 518 2375 de
540 2343 775 2386 poenitentia,
800 2351 833 2378 et
856 2345 972 2380 incoet
995 2359 1061 2380 no-

85 2406 164 2427 vam
188 2393 442 2433 obedientiam,
476 2399 508 2426 et
532 2394 692 2427 ostendat
715 2397 893 2439 quomodo
917 2398 1060 2441 placeat.

86 2444 221 2479 Interea
246 2451 361 2477 tamen
387 2450 504 2477 manet
524 2444 597 2486 lex,
623 2446 718 2488 quod
741 2446 867 2480 attinet
887 2450 930 2480 ad
953 2449 1059 2482 disci-

85 2495 220 2542 plinam
243 2495 280 2526 in
304 2495 373 2527 vita
398 2502 551 2529 externa.
611 2494 716 2537 Item,
746 2498 840 2541 quod
866 2499 991 2533 attinet
1014 2501 1058 2533 ad

85 2546 297 2589 arguendam
317 2551 348 2578 et
363 2546 641 2579 mortificandam
660 2553 886 2587 vetustatem,
914 2551 973 2583 sed
998 2551 1058 2591 ita,

82 2605 122 2639 ut
139 2608 216 2629 cum
232 2595 316 2628 fides
333 2595 453 2636 vincit,
475 2608 547 2630 non
564 2594 688 2631 habeat
702 2597 757 2631 lex
781 2598 835 2633 ius
852 2600 1057 2636 damnandi.

82 2654 177 2691 Ergo
206 2646 412 2689 simpliciter
440 2647 487 2680 ita
516 2648 731 2691 respondeo:
785 2648 856 2685 Lex
880 2657 929 2685 est
953 2652 1058 2687 abro-

134 2697 318 2731 ΜιιΑκτιι.
348 2699 448 2730 Orza.
474 2699 554 2731 Vox..
584 2700 662 2732 XV.

1134 379 1171 402 ut
1201 379 1338 404 maneat
1366 372 1575 404 beneficium
1606 381 1750 406 certum.
1803 373 1898 406 Haec
1926 377 2118 419 responsio,

1134 433 1211 453 meo
1236 422 1388 460 iudicio,
1422 421 1512 454 nihil
1539 420 1643 456 habet
1675 423 1830 466 perplexi
1864 432 1922 457 aut
1949 426 2118 468 intricati,

1104 506 1106 522 4
1133 474 1175 504 de
1192 485 1258 517 qua
1283 480 1398 505 tamen
1420 474 1654 516 prudentibus
1681 474 1847 516 permitto
1864 475 2048 512 iudicium.

1411 546 1529 582 Absit.
1585 545 1643 580 An
1670 547 1843 581 nescitis?

1235 615 1367 650 Paulus
1386 617 1493 649 diluit
1516 616 1750 649 obiectionem
1767 617 1906 649 duobus
1928 629 2116 661 argumen-

1132 664 1195 707 tis,
1223 679 1312 711 quae
1326 668 1429 699 ambo
1448 674 1529 700 sunt
1547 679 1564 699 a
1582 678 1682 700 causa
1707 666 1803 698 finali
1830 676 1963 709 sumta,
1993 670 2045 702 vel
2071 672 2115 703 ab

1132 717 1271 751 effectu.
1321 716 1484 752 Christus
1499 718 1680 761 apparuit,
1709 724 1744 750 ut
1766 718 1918 751 aboleret
1937 727 2112 761 peccatum

1133 775 1165 801 et
1182 774 1351 810 mortem,
1373 776 1405 802 et
1429 770 1625 802 restitueret
1649 774 1830 809 naturam,
1859 776 1895 802 ut
1921 770 2114 804 instaurata

1132 816 1260 852 habeat
1278 820 1384 853 vitam
1402 827 1599 860 aeternam,
1625 831 1716 866 quae
1741 826 1789 852 est
1810 831 1900 852 nova
1921 827 1954 853 et
1973 829 2113 855 aeterua

1132 871 1331 904 obedientia
1350 878 1381 904 et
1399 871 1579 914 sapientia.
1640 869 1728 903 Cum
1754 870 1861 913 igitur
1884 871 1962 903 finis
1984 872 2026 905 sit
2052 873 2112 906 illa

1131 922 1270 954 novitas
1296 922 1351 954 vel
1375 922 1584 955 instauratio
1611 928 1774 960 naturae,
1817 933 1956 955 necesse
1981 930 2032 956 est
2056 923 2112 955 in-

1131 973 1224 1005 coari
1248 979 1281 1005 et
1304 973 1471 1016 praestari
1499 985 1625 1005 novam
1652 972 1909 1013 obedientiam,
1945 974 2025 1017 quia
2050 975 2111 1007 illa

1131 1022 1204 1066 ipsa
1229 1024 1367 1056 novitas
1390 1024 1583 1067 spiritualis
1611 1029 1660 1056 est
1683 1023 1742 1055 illa
1765 1023 1985 1064 obedientia,
2005 1022 2052 1058 Et
2074 1026 2110 1057 in

1130 1085 1264 1107 summa
1292 1073 1524 1117 Evangelium
1550 1086 1628 1107 cum
1655 1075 1762 1106 donat
1785 1074 2111 1108 reconciliationem

1130 1132 1272 1168 propter
1290 1123 1492 1162 Christum,
1519 1125 1623 1158 simul
1643 1124 1785 1157 subiicit
1807 1136 1871 1157 nos
1889 1125 2110 1160 obedientiae

1129 1187 1208 1218 erga
1234 1176 1371 1218 Deum,
1409 1184 1440 1208 et
1478 1176 1593 1208 incoat
1629 1175 1884 1215 obedientiam,
1920 1174 2015 1219 Ergo
2048 1189 2109 1210 ne-

1127 1238 1219 1259 cesse
1236 1219 1284 1260 est
1305 1227 1460 1259 obedire.
1504 1226 1617 1259 Nemo
1634 1237 1705 1258 non
1724 1226 1820 1258 videt
1836 1226 1904 1258 hoc
1921 1238 2109 1269 argumen-

1126 1283 1200 1309 tum
1218 1289 1289 1310 esse
1308 1285 1449 1321 aptum,
1477 1284 1509 1309 et
1528 1277 1710 1320 proprium
1728 1277 1867 1319 negotio
1891 1284 1923 1310 et
1949 1291 1987 1310 ex
2006 1291 2108 1312 causa

1125 1327 1222 1360 finali
1249 1336 1417 1362 sumtum.
1480 1327 1581 1360 Hanc
1606 1328 1717 1371 ipsam
1741 1327 1950 1361 sententiam
1977 1327 2107 1363 Paulus

1125 1379 1240 1411 reddit
1258 1379 1473 1424 syllogismo.

1179 1428 1432 1475 Unusquisque
1478 1429 1598 1463 obedit
1640 1429 1715 1469 illi,

1123 1486 1178 1513 tus
1203 1487 1268 1513 est:

1175 1530 1248 1563 Vos
1279 1543 1352 1564 non
1384 1531 1464 1564 estis
1497 1530 1629 1564 subditi
1668 1536 1827 1573 peccato,
1871 1532 1929 1564 sed
1965 1532 2105 1567 liberati

1123 1592 1140 1613 a
1163 1588 1321 1625 peccato,
1349 1589 1381 1615 et
1400 1582 1480 1615 estis
1498 1581 1648 1615 traducti
1669 1581 1705 1613 in
1722 1592 1868 1624 regnum
1887 1580 1953 1614 Dei
1973 1590 2004 1616 et
2021 1584 2105 1617 sub-

1123 1632 1186 1664 diti
1215 1631 1303 1665 Deo:

1173 1680 1267 1725 Ergo
1286 1694 1356 1714 non
1381 1681 1514 1715 debetis
1539 1682 1683 1715 obedire
1708 1689 1866 1726 peccato,
1891 1683 1949 1716 scd
1966 1681 2053 1719 Deo.

1223 1733 1344 1767 Potest
1359 1734 1614 1766 accommodari
1635 1740 1666 1766 et
1684 1735 1726 1766 ad
1746 1745 1884 1766 causam
1908 1735 2105 1777 formalem,

1121 1790 1161 1818 ut
1178 1783 1205 1817 si
1224 1785 1334 1817 dicas:
1365 1783 1498 1817 Sanum
1517 1796 1644 1828 corpus
1663 1781 1769 1817 habet
1785 1796 1886 1817 sanas
1904 1785 2068 1820 actiones.

1223 1834 1387 1868 Calidum
1404 1847 1528 1878 corpus
1546 1835 1718 1875 calefacit,
1747 1835 1794 1868 ita
1824 1836 1860 1867 in
1887 1833 1952 1868 hoc
1970 1848 2099 1879 propo-

1122 1886 1207 1919 sito:
1238 1886 1323 1920 Iusti
1342 1883 1473 1919 habent
1489 1886 1644 1919 actiones
1660 1886 1788 1926 iustas,
1815 1885 1888 1919 Vos
1909 1887 1989 1919 estis
2007 1887 2101 1927 iusti,

1121 1936 1216 1979 Ergo
1243 1949 1304 1970 vos
1328 1949 1468 1981 quoque
1491 1937 1626 1970 debetis
1651 1935 1779 1970 habere
1804 1937 1958 1970 actiones
1982 1937 2100 1972 iustas.

1121 1987 1300 2021 Minorem
1318 1988 1476 2020 declaro:
1512 1986 1586 2021 Etsi
1613 1988 1706 2020 enim
1722 1999 1842 2021 sumus
1858 1988 1959 2029 iusti,
1986 1988 2021 2020 id
2042 1997 2100 2029 est,

1120 2040 1250 2083 accepti
1293 2039 1527 2082 imputatione
1563 2046 1706 2083 propter
1735 2035 1938 2079 Christum,
1980 2045 2099 2073 tamen

1119 2102 1258 2123 necesse
1273 2097 1322 2123 est
1340 2090 1377 2122 in
1395 2090 1497 2122 nobis
1515 2089 1619 2123 etiam
1639 2089 1773 2123 incoari
1792 2090 1901 2133 ipsam
1921 2089 2099 2132 virtutem,

1118 2141 1293 2174 iusticiam
1310 2167 1319 2181 ‚
1353 2141 1389 2173 id
1415 2147 1481 2181 est,
1508 2141 1760 2174 obedientiam.
1815 2139 1955 2173 iusticia
1980 2147 2096 2174 autem

1118 2192 1229 2225 virtus
1254 2191 1347 2235 parit
1378 2191 1483 2225 iustas
1508 2192 1673 2225 actiones.
1739 2189 1787 2224 Et
1819 2197 1936 2223 tamen
1961 2190 2096 2225 interea

1115 2243 1296 2276 sciendum
1321 2249 1390 2282 est,
1424 2253 1488 2275 nos
1520 2250 1664 2286 propter
1685 2239 1867 2275 Christum
1894 2242 2095 2284 pontificem

1114 2305 1187 2326 esse
1208 2295 1336 2334 iustos,
1371 2294 1406 2326 id
1431 2299 1502 2333 est,
1536 2301 1694 2337 acceptos
1723 2290 1819 2333 Deo,
1854 2303 1927 2324 non
1952 2300 2096 2336 propter

1113 2345 1320 2388 dignitatem
1343 2343 1565 2378 obedientiae
1585 2351 1743 2382 nostrae,
1770 2354 1831 2376 seu
1849 2342 2042 2388 qualitatis.

1464 2443 1601 2497 Caput
1642 2443 1741 2485 VII.

1373 2534 1432 2571 An
1458 2534 1644 2583 ignoratis
1668 2534 1840 2583 fratres?

1211 2603 1333 2637 Altera
1358 2603 1553 2637 similitudo
1579 2609 1649 2644 est,
1682 2613 1771 2647 quae
1799 2600 1901 2636 etiam
1932 2598 2090 2634 continet

1108 2660 1356 2698 argumentum
1373 2666 1392 2688 a
1413 2665 1514 2689 causa
1531 2653 1641 2689 finali.
1696 2653 1780 2687 ldeo
1801 2650 2016 2686 reconciliati
2032 2662 2092 2685 su·

1569 2703 1613 2738 41

1771 1428 1826 1461 cui
1873 1429 1943 1462 iam
1983 1431 2108 1465 subdi-
