2415 2942
72 93 151 138 637³·
267 96 365 133 XIII.

79 182 210 220 Christi
234 181 370 218 habetis
393 183 657 222 remissionem,
685 194 774 227 qnae
797 181 844 215 ita
871 180 923 220 fit,
951 185 989 212 ut
1011 180 1058 212 si-

77 235 153 269 mul
170 240 312 279 propter
326 241 475 269 mortem
491 232 624 268 Christi
641 233 773 267 aboleri
790 237 982 276 peccatum,
999 241 1059 263 seu

78 285 282 320 mortificari
312 285 438 319 vitiosa
469 292 595 319 natura
632 284 795 327 incipiat:
839 281 920 326 quia
952 281 1058 314 simul

76 337 182 371 datur
197 336 352 381 Spiritus
371 343 529 377 sanctus,
556 343 593 370 ut
611 335 795 368 mortificet
820 339 971 366 veterem
995 343 1059 364 na-

75 394 210 425 turam,
239 394 271 421 et
299 387 417 421 incoe‘t
431 398 570 422 novam.
622 385 823 429 Sepelimur
848 389 964 416 autem
987 394 1058 414 una

73 449 153 473 cum
170 436 334 479 Christo,
359 438 440 484 quia
457 444 640 482 postquam
658 443 782 470 natura
800 441 918 467 nostra
935 433 1060 466 morti-

77 489 173 522 ficari
204 490 338 534 coepit,
374 497 550 534 peccatum
584 487 759 532 sepultum
784 492 832 519 est
858 484 1058 529 dupliciter.

77 539 238 573 Primum
257 540 506 584 imputatione,
532 537 744 583 Quanquam
771 536 864 570 enim
889 535 1059 580 reliquiae

78 598 240 632 manent,
264 597 378 624 tamen
399 597 480 625 sunt
495 590 725 622 condonatae.
768 587 944 624 Secundo,
963 586 1059 630 quod

78 643 123 674 ad
145 642 306 675 effectum
329 640 470 681 attinet,
506 639 589 685 quia
619 646 746 673 natura
776 638 901 672 vitiosa
929 637 1059 670 desinit

78 703 150 726 esse
167 693 304 734 efficax,
329 703 390 725 seu
412 691 535 735 incipit
558 689 775 724 mortificari.
827 688 950 734 Itaque
968 687 1059 720 ‘reli-

79 755 190 789 quum
206 743 296 777 vitae
313 748 390 786 post
409 742 582 776 incoatam
600 740 908 776 mortificationem
931 745 983 772 est
1005 749 1059 771 se-

77 795 232 839 pultura.
285 792 470 827 Peccatum
487 792 628 838 quidem
645 791 880 836 imputatione
905 790 1058 823 deletum

79 852 148 886 est,
183 845 243 878 sed
266 845 426 878 nondum
448 855 570 878 sumus
592 843 790 887 glorificati.
850 841 970 885 Quare
996 840 1059 874 etsi

78 906 198 929 sumus
217 895 317 934 iusti,
345 902 461 929 tamen
486 894 640 928 iacemus
665 893 812 938 sepulti,
839 898 1060 937 expectantes

77 945 378 990 glorificationem.
437 945 538 980 Sicut
560 945 692 979 Paulus
716 944 849 990 inquit:
892 942 974 977 Vita
999 955 1059 976 ve-

78 1003 147 1031 stra
161 996 366 1030 abscondita
391 1004 441 1032 est
464 1009 543 1030 cum
563 994 721 1039 Christo,
748 996 783 1029 id
809 1001 880 1035 est,
907 994 971 1027 etsi
996 991 1058 1026 ha-

77 1048 201 1081 bemus
230 1047 401 1090 gloriam,
437 1048 629 1088 iusticiam,
668 1047 793 1085 vitam,
829 1052 946 1080 tamen
972 1042 1059 1078 haec

76 1098 188 1142 gloria
218 1098 303 1132 latet
332 1096 449 1133 adhuc
476 1104 562 1133 tecta
586 1110 664 1132 cum
681 1095 843 1139 Christo,
869 1096 981 1130 donec
1004 1107 1059 1128 re-

77 1149 336 1185 suscitabimus.

178 1199 363 1234 Secundo:
399 1199 506 1243 Quod
531 1199 577 1232 ad
601 1198 762 1233 effectum
788 1198 932 1238 attinet,
966 1197 1058 1231 iace-

78 1261 158 1284 mus
174 1250 210 1283 in
229 1250 407 1294 sepulcro,
438 1251 471 1283 id
491 1256 562 1291 est,
591 1249 627 1282 in
648 1261 768 1290 cruce,
794 1250 830 1282 in
855 1248 1057 1282 afflictioni-

78 1301 144 1335 bus
170 1301 284 1334 omnis
307 1301 466 1344 generis:
496 1301 658 1334 diabolus
684 1298 916 1333 horribilibus
944 1299 1058 1331 modis

78 1352 260 1395 perturbat
285 1358 317 1384 et
344 1352 567 1397 persequitur
597 1350 686 1395 pios.
742 1349 817 1383 Hae
845 1350 1058 1382 calamitates

74 1413 214 1443 omnes,
243 1401 395 1447 denique
418 1409 450 1436 et
476 1403 549 1446 ipsa
573 1413 686 1442 mors,
713 1408 795 1435 sunt
820 1400 916 1433 velut
940 1400 1058 1444 sepul-

77 1464 193 1494 crum,
221 1452 257 1485 in
282 1464 352 1497 quo
376 1453 462 1486 iacet
486 1459 583 1486 vetus
608 1459 735 1486 natura
761 1458 919 1491 mortua,
944 1463 988 1484 ne
1014 1451 1056 1484 sit

76 1503 208 1538 efficax.
281 1502 376 1536 Haec
415 1504 555 1538 collatio
588 1504 788 1547 sepulturae
827 1510 877 1536 est
909 1502 1058 1535 illustris

75 1555 210 1599 pictura
236 1554 368 1587 mortui
399 1555 547 1598 peccati,
581 1556 676 1599 quod
709 1555 751 1587 ad
785 1554 1056 1597 imputationem

74 1605 200 1639 attinet
216 1611 249 1639 et
265 1604 446 1647 effectum,
473 1612 506 1639 et
524 1611 645 1639 monet
661 1605 774 1650 qualis
798 1605 842 1638 sit
863 1604 933 1637 vita
951 1602 1057 1638 Chri-

74 1656 198 1691 stiana.

177 1704 315 1739 Deinde
338 1705 438 1739 addit
462 1705 606 1739 tertium
632 1706 848 1739 membrum:
886 1704 967 1738 Non
1001 1716 1057 1738 so-

75 1756 149 1790 lum
170 1756 208 1790 fit
230 1756 470 1796 mortificatio,
505 1757 564 1789 sed
588 1756 692 1789 etiam
717 1756 879 1789 incoatur
901 1755 1057 1789 vivifica-

75 1807 137 1843 tio.
190 1806 302 1840 Porro
320 1819 410 1840 nova
429 1813 553 1840 natura
580 1813 629 1840 est
644 1807 780 1847 efficax,
809 1807 887 1840 ideo
919 1817 1057 1839 necesse

76 1865 125 1892 est
150 1858 294 1891 existere
317 1870 443 1891 novam
473 1857 720 1892 obedientiam.
775 1857 875 1891 Hanc
897 1857 1056 1890 collatio-

75 1920 156 1942 nem
187 1909 329 1952 repetit:
371 1908 409 1942 Si
441 1920 561 1942 sumus
592 1908 714 1942 inserti
752 1909 897 1951 imagini
931 1908 1055 1942 mortis

75 1959 168 2001 eius,
183 1959 286 1992 etiam
306 1959 502 1993 inseremur
519 1959 664 2003 imagini
682 1959 960 2000 resurrectionis,
989 1958 1055 1993 hoc

75 2017 143 2052 est,
176 2009 274 2044 Sicut
300 2018 397 2044 vetus
419 2017 539 2044 noster
560 2008 668 2044 homo
690 2023 761 2044 una
784 2011 968 2044 crucifixus
992 2017 1053 2051 est,

75 2062 122 2095 ita
147 2061 306 2094 renovati
330 2073 399 2094 una
417 2061 586 2095 vivemus.
639 2061 728 2096 Cum
756 2069 871 2096 autem
898 2062 941 2096 sit
961 2074 1052 2096 nova

75 2113 167 2153 vita,
194 2123 254 2144 seu
278 2124 367 2145 nova
394 2118 537 2151 natura,
565 2125 655 2146 nova
680 2114 741 2147 lux
767 2121 799 2148 et
821 2113 952 2148 noticia
976 2113 1053 2156 Dei,

74 2163 189 2198 existit
206 2163 310 2196 etiam
328 2175 417 2196 nova
436 2163 649 2198 obedientia.

176 2212 250 2257 Qui
268 2221 427 2247 mortuus
449 2220 518 2253 est,
547 2214 751 2249 iustificatns
774 2222 823 2249 est
848 2227 867 2249 a
899 2223 1051 2260 peccato.

74 2264 167 2299 Nero
183 2271 233 2299 est
248 2272 426 2306 mortuus,
450 2263 544 2308 Ergo
565 2273 614 2299 est
632 2265 848 2300 iustificatus.
886 2266 1050 2311 Respon-

75 2316 141 2349 deo
162 2316 205 2349 ad
231 2316 418 2348 maiorem:
460 2315 638 2361 Loquitur
670 2318 712 2350 de
742 2324 878 2360 peccato
911 2319 1051 2355 actuali.

77 2364 142 2399 Vel
160 2366 362 2400 iustificatus
379 2373 447 2405 est,
476 2367 510 2400 id
536 2375 604 2406 est,
633 2368 797 2401 satisfecit
817 2380 879 2411 pro
899 2376 1050 2413 peccato.

77 2413 140 2450 Est
171 2417 279 2460 figura
316 2425 426 2451 sumta
459 2429 498 2450 ex
537 2420 717 2453 communi
748 2429 928 2460 sermone,
961 2421 1051 2454 sicut

78 2467 226 2500 dicimus
259 2471 400 2513 quando
431 2470 659 2514 suspenditur
692 2471 765 2504 fur:
794 2470 897 2503 Nunc
921 2471 1050 2506 desinit

78 2529 231 2563 peccare.

177 2566 219 2601 In
248 2566 392 2603 homine
425 2578 506 2605 sunt
541 2573 712 2617 quaedam
745 2571 858 2605 bonae
886 2573 1050 2616 noticiae,

75 2616 151 2652 Deo
169 2625 219 2653 est
241 2620 477 2654 obediendum
498 2629 580 2662 etc.‚
613 2622 708 2666 Ergo
735 2635 807 2656 non
835 2630 928 2657 totus
952 2631 1049 2659 vetus

71 2667 178 2705 homo
201 2676 251 2705 est
270 2671 500 2710 damnandus.
551 2673 781 2720 Respondeo:
809 2673 902 2710 Sunt
921 2675 959 2709 in
984 2673 1050 2710 ho-

415 98 451 132 2.
483 93 849 133 COMMENTARH
879 93 927 129 IN
955 92 1108 129 EPIST.
1137 91 1284 128 PAULI
1310 88 1377 126 AD
1404 86 1666 127 ROMANOS.
1717 86 1824 123 CAP.
1860 87 1921 123 Vl.

2022 88 2095 122 638

1111 177 1206 210 mine
1229 177 1378 211 noticiae
1408 176 1508 216 illae,
1542 175 1600 208 sed
1627 175 1771 208 affectus
1801 186 1872 206 non
1908 172 2091 212 obediunt,

1109 227 1204 271 Ergo
1226 229 1414 271 diligenter
1437 228 1633 260 notandum
1661 233 1709 259 est
1734 225 1923 258 discrimen
1955 224 2092 267 appeti-

1109 279 1247 312 tionum
1264 278 1533 313 etnoticiarum:
1563 274 1717 325 στοργαὶ
1732 283 1813 310 sunt
1831 277 1941 308 bonae
1952 287 2011 308 sua
2030 285 2093 308 na-

1111 336 1208 369 tura,
1234 331 1293 362 sed
1318 330 1408 362 fiunt
1424 329 1589 370 vitiosae,
1619 329 1700 373 quia
1727 335 1806 361 sunt
1832 327 1868 359 in
1895 333 2020 360 natura
2040 325 2094 358 vi-

1110 380 1217 420 tiosa,
1243 390 1274 413 et
1294 391 1367 412 non
1391 379 1595 421 diriguntur
1619 381 1660 411 ad
1681 379 1827 420 gloriam
1851 377 1929 411 Dei.

1212 429 1323 463 Vetus
1354 427 1459 462 homo
1485 441 1557 461 nou
1590 429 1761 473 significat
1795 435 1931 461 tantum
1958 433 2091 471 partem

1110 478 1283 522 hominis,
1309 480 1443 513 scilicet
1459 491 1581 513 sensus
1597 488 1630 514 et
1653 479 1886 523 appetitiones
1914 489 2093 517 sensuum,

1110 533 1168 565 sed
1198 533 1301 565 etiam
1328 531 1500 564 rationem
1528 537 1560 563 et
1587 531 1815 563 voluntatem.
1881 529 1952 562 Nec
1978 529 2093 561 solum

1109 583 1344 628 appetitiones
1362 588 1521 626 pugnant
1549 594 1627 615 cum
1646 582 1719 624 lege
1734 579 1818 620 Dei,
1845 581 1903 612 sed
1929 579 2032 612 etiam
2054 579 2092 611 in

1110 635 1246 667 ratione
1271 633 1446 676 ignoratio
1474 631 1559 674 Dei,
1589 632 1763 665 dubitatio
1790 642 1833 662 an
1853 630 2093 669 exaudiamur,

1110 682 1357 729 blasphemiae.
1411 683 1549 717 Deinde
1574 685 1679 716 etiam
1704 681 1956 729 appetitiones,
1994 691 2092 712 secu-

1111 736 1213 777 ritas,
1239 742 1435 769 contemtus
1454 735 1538 779 Dei,
1567 733 1760 767 diffidentia
1774 758 1782 771 ‚
1802 743 1901 764 amor
1918 737 1949 764 et
1968 730 2095 763 fiducia

1109 799 1227 820 rerum
1245 786 1480 831 praesentium
1504 793 1625 819 contra
1645 785 1848 817 mandatum
1868 782 1954 823 Dei,
1972 782 2096 825 despe-

1109 838 1199 871 ratio
1224 845 1288 873 etc.
1341 836 1443 881 1Haec
1477 838 1561 871 vitia
1594 848 1666 869 non
1699 836 1741 868 ad
1770 846 1931 877 sensum,
1966 833 2025 866 sed
2050 833 2094 865 ad

1110 889 1326 933 superiorem
1352 896 1484 932 partem
1511 888 1703 933 pertinent.
1765 884 1847 918 ldeo
1873 884 2004 918 Paulus
2033 883 2096 916 de-

1109 941 1265 973 scribens
1293 938 1474 973 hominem
1499 940 1574 972 sine
1606 938 1741 982 Spiritu
1767 943 1888 970 sancto
1918 933 2095 971 1.Cor.2.

1109 991 1243 1036 inquit:
1281 989 1457 1024 Animalis
1484 989 1591 1024 homo
1626 1001 1698 1022 uon
1731 987 1880 1033 percipit
1913 999 1971 1027 ea,
2006 996 2095 1031 quae

1108 1050 1191 1076 sunt
1216 1042 1361 1085 spiritus
1377 1040 1455 1076 Dei.

1213 1092 1367 1127 Econtra
1386 1105 1497 1126 novus
1522 1089 1629 1125 homo
1656 1090 1807 1133 dicitur,
1836 1095 2008 1134 quatenus
2031 1084 2095 1120 ha-

1110 1146 1164 1178 bet
1188 1156 1316 1177 novam
1334 1144 1446 1176 lucem
1471 1150 1504 1177 et
1522 1153 1632 1175 novos
1653 1148 1767 1174 motus
1786 1141 1951 1173 excitatos
1976 1150 1993 1171 a
2012 1137 2096 1181 Spi-

1110 1195 1179 1228 ritu
1205 1202 1344 1234 szmcto,
1373 1195 1536 1227 videlicet
1567 1193 1784 1236 agnitionem
1815 1189 1966 1229 Christi,
2001 1189 2093 1221 fidu-

1110 1247 1198 1279 ciam
1234 1257 1313 1288 erga
1339 1244 1472 1283 Deum,
1508 1245 1670 1277 timorem
1697 1242 1782 1283 Dei,
1822 1241 2096 1279 invocationem,

1109 1297 1351 1336 dilectionem,
1377 1302 1412 1329 et
1435 1295 1574 1338 similes]
1592 1301 1716 1328 motus.
1772 1293 1824 1327 De
1842 1290 1915 1338 ,hac
1940 1291 2095 1325 novitate

1109 1348 1268 1392 loquitur
1291 1345 1423 1379 Paulus
1449 1349 1484 1381 2.
1504 1346 1584 1380 Cor.
1610 1346 1645 1379 3.
1719 1344 1823 1378 Nunc
1848 1349 1975 1376 retecta
2008 1341 2095 1375 facie

1109 1399 1256 1442 gloriam
1274 1397 1420 1431 Domini
1449 1398 1645 1438 intuentes,
1673 1396 1710 1429 in
1735 1396 1880 1429 eandem
1907 1393 2095 1437 imaginem

1111 1450 1406 1482 transformamur
1432 1461 1450 1483 a
1476 1448 1586 1491 gloria
1611 1449 1648 1481 in
1678 1448 1846 1491 gloriam,
1881 1452 2048 1490 tanquam
2076 1455 2095 1476 a

1109 1499 1252 1534 Domini
1270 1500 1407 1544 spiritu.
1450 1499 1488 1533 ld
1508 1506 1575 1537 est,
1603 1512 1682 1533 cum
1708 1499 1744 1531 in
1760 1496 1952 1540 Evangelio
1976 1502 2095 1529 osten-

1109 1552 1206 1585 ditur
1239 1551 1344 1584 nobis
1370 1551 1630 1588 misericordia,
1662 1550 1832 1593 erigimur
1857 1547 2038 1589 agnitione
2055 1557 2095 1578 ac

1110 1603 1235 1635 fiducia
1254 1601 1337 1643 Dei,
1365 1608 1396 1634 et
1413 1601 1584 1634 sentimus
1608 1612 1674 1634 nos
1692 1602 1770 1634 Deo
1797 1610 1900 1632 curae
1918 1609 2009 1638 esse,
2035 1597 2093 1629 in-

1110 1664 1286 1687 vocamus,
1342 1652 1382 1685 In
1401 1650 1464 1685 hac
1482 1652 1610 1685 noticia
1634 1659 1668 1686 et
1690 1650 1745 1685 his
1763 1650 1915 1683 motibus
1931 1647 2093 1690 agnosci-

1109 1711 1167 1738 tur
1184 1710 1216 1737 et
1232 1703 1379 1747 refulget
1397 1703 1511 1744 Deus,
1535 1709 1566 1735 et
1593 1715 1656 1736 nos
1680 1703 1832 1749 quadam
1850 1700 2021 1742 imagine,
2055 1698 2092 1732 id

1109 1762 1178 1796 est,
1207 1755 1337 1788 noticia
1363 1754 1429 1788 Dei
1454 1766 1678 1788 renovamur.
1732 1752 1801 1786 Nec
1825 1750 1998 1795 significat
2025 1762 2092 1782 no-

1111 1807 1198 1841 vitas
1235 1806 1465 1849 cogitationes
1499 1812 1533 1839 et
1563 1813 1678 1840 motus
1716 1803 1863 1838 rationis
1899 1802 1975 1836 sine
2007 1800 2091 1846 Spi-

1107 1858 1178 1892 ritu
1202 1865 1332 1892 sancto.

1420 1938 1479 1976 Ne
1505 1939 1621 1987 igilur
1646 1943 1781 1986 regnet.

1206 2009 1397 2045 Conclusio
1436 2018 1486 2045 est
1525 2010 1704 2043 institutae
1735 2007 1964 2047 obiectionis,
1999 2017 2088 2051 quae

1104 2063 1264 2109 sequitur
1297 2075 1336 2095 ex
1362 2062 1542 2106 superiore
1573 2067 1797 2105 argumento,
1829 2058 1921 2101 Quia
1944 2064 2088 2103 propter

1103 2113 1237 2149 Christi
1269 2120 1417 2147 mortem
1450 2119 1629 2157 peccatum
1664 2112 1776 2156 coepit
1808 2109 1959 2150 aboleri,
1992 2108 2086 2152 Ergo

1104 2179 1176 2200 non
1194 2172 1333 2207 regnet,
1361 2176 1423 2198 nec
1445 2165 1489 2198 sit
1516 2163 1648 2199 efficax,

1205 2216 1347 2249 Mortua
1368 2222 1493 2249 natura
1520 2227 1592 2247 non
1616 2215 1720 2248 debet
1734 2225 1805 2247 esse
1831 2211 1968 2255 efficax,
1995 2209 2086 2244 Pro-

1102 2275 1179 2312 pter
1196 2265 1328 2300 Christi
1354 2273 1502 2300 mortem
1523 2271 1700 2309 peccatum
1726 2265 1910 2298 remissum
1929 2268 1996 2303 est,
2025 2261 2085 2302 ita,

1102 2326 1140 2352 ut
1158 2318 1263 2352 simul
1279 2318 1424 2361 incipiat
1440 2324 1584 2361 propter
1603 2314 1736 2349 Christi
1760 2321 1908 2348 mortem
1938 2312 2085 2351 aboleri,

1103 2368 1196 2413 Ergo
1214 2381 1292 2402 cum
1310 2369 1509 2408 aboleatur,
1535 2379 1607 2400 non
1625 2369 1729 2400 debet
1746 2377 1818 2399 esse
1835 2364 1964 2399 efficax.

1204 2419 1299 2454 Dicit
1323 2427 1439 2454 autem
1465 2419 1610 2452 diserte:
1646 2417 1727 2451 Non
1750 2422 1888 2460 regnet,
1914 2422 1954 2450 ut
1973 2413 2084 2458 signi-

1101 2472 1178 2506 ficet
1200 2484 1272 2505 non
1298 2482 1443 2516 prorsus
1471 2469 1658 2503 extinctam
1688 2480 1760 2502 esse
1792 2467 1954 2501 vitiosam
1979 2471 2085 2500 natu-

1102 2535 1187 2558 ram.
1247 2522 1440 2567 Reliquum
1468 2527 1517 2554 est
1548 2520 1657 2563 igitur
1680 2526 1858 2564 peecatum
1882 2518 1920 2551 in
1946 2524 2083 2558 natura,

1101 2575 1160 2608 sed
1179 2574 1214 2607 id
1232 2572 1435 2606 mortificari
1458 2571 1590 2615 coepit,
1616 2571 1696 2604 ideo
1713 2583 1786 2604 non
1806 2575 1936 2613 regnet.
1985 2567 2081 2601 Haec

1101 2626 1207 2658 verba
1228 2624 1358 2657 Paulus
1383 2624 1456 2667 ipse
1483 2623 1750 2667 interpretatur:
1778 2620 1859 2655 Non
1881 2626 2002 2662 regnet
2023 2618 2081 2660 ita,

1100 2682 1139 2711 ut
1160 2676 1190 2710 ei
1207 2674 1398 2718 obediatis,
1423 2674 1459 2709 id
1484 2679 1553 2716 est,
1582 2685 1655 2708 non
1680 2674 1918 2718 obtemperate
1946 2669 2082 2705 vitiosis
