2415 2942
297 103 392 140 1159

393 186 594 222 Secundum
612 183 764 217 officium
785 181 1042 217 concionatoris
1061 188 1110 215 est
1124 179 1270 215 Docere.

294 239 355 274 Est
381 246 497 271 autem
520 246 590 269 una
613 234 760 278 simplex
783 234 838 267 via
864 232 1031 272 docendi,
1059 232 1096 264 in
1122 231 1271 265 lectione

293 300 402 334 genus
419 286 589 321 sermonis
608 296 781 325 enarrare,
807 291 840 318 et
855 283 983 316 deinde
998 289 1194 316 monstrare
1211 294 1269 316 or-

294 342 411 373 dinem
432 349 570 376 rerum,
595 347 682 380 quae
698 340 963 379 proponuntur,
990 340 1023 366 et
1040 334 1194 367 membra
1215 333 1270 366 di—

292 391 468 432 stinguere
485 415 493 428 ,
527 394 559 420 et
585 387 640 419 via
665 387 815 431 quadam
838 385 965 418 artium
995 384 1122 417 addere
1146 383 1271 417 defini-

294 442 407 474 tiones
425 446 458 472 et
476 437 690 471 collationes.
739 436 785 470 [t
803 436 839 468 in
860 435 1034 479 principio
1053 434 1134 467 libri
1153 433 1270 479 Bloysi

295 502 431 524 necesse
456 495 505 521 est
532 499 674 520 monere
701 487 888 526 lectorem,
921 486 982 517 ubi
1007 486 1049 518 de
1074 483 1272 523 Creafione,

295 542 356 575 ubi
375 542 416 573 de
436 539 549 583 Lapsu
567 538 760 582 primorum
779 542 959 580 parentum
978 536 1125 569 dicatur.

397 598 519 631 Postea
542 596 693 629 discerni
726 602 863 639 oportet
895 594 1067 627 iusticiam
1094 601 1126 626 et
1154 603 1273 636 pecca-

297 658 390 689 tum,
419 648 547 680 deinde
574 648 682 688 legem
709 654 741 679 et
767 645 1046 689 promissionem.
1112 642 1273 687 Denique

297 701 370 733 sani
387 710 507 732 omnes
524 697 735 739 intelligunt,
763 697 799 728 in
818 696 976 727 docendo
993 692 1153 726 adhiberi
1170 704 1274 737 opor-

297 759 368 785 tere
387 749 627 786 Gramaticen,
657 746 964 785 Numer-ationem,
989 743 1215 782 Dialecticen,
1243 749 1275 776 et

297 802 443 834 aliarum
469 799 595 831 artium
623 797 848 829 adminicula.
912 794 1056 828 Necesse
1081 801 1129 826 est
1146 794 1276 827 articu-

299 853 350 884 los
374 850 452 882 fidei
479 849 600 881 ordine
625 847 755 891 populo
779 845 947 890 proponi,
976 845 1127 878 discerni
1150 844 1275 886 Legem

299 910 331 935 et
354 899 608 939 Evangelium,
634 904 809 941 peccatum
837 903 869 930 et
896 897 1147 935 redemtorem,
1175 894 1276 928 iusti-

299 953 385 985 ciam
411 947 688 993 philosophicam
709 955 741 981 et
765 947 867 979 aliam
893 946 1085 986 iusticiam,
1113 957 1201 990 quae
1218 952 1275 978 ant

298 1009 441 1045 propter
474 1001 583 1032 filium
618 998 721 1031 nobis
754 998 968 1042 imputatur,
1012 1003 1072 1030 aut
1106 997 1142 1028 in
1175 996 1277 1028 nobis

299 1052 507 1086 restituitur.

399 1109 559 1143 Discerni
585 1114 722 1151 oportet
739 1105 930 1140 Ecclesiam
955 1113 987 1140 et
1010 1105 1179 1149 Imperia,
1208 1103 1278 1137 Ve-

301 1170 354 1195 tus
371 1169 403 1194 et
421 1160 559 1193 Novum
579 1158 863 1198 Testamentum,
884 1158 974 1200 leges
992 1157 1130 1189 divinas
1155 1164 1186 1189 et
1212 1153 1279 1188 hu-

301 1223 437 1251 wanaS,
464 1219 620 1243 aeternas
639 1221 766 1252 poenas
783 1215 813 1241 et
833 1215 973 1241 aeterna
994 1208 1157 1251 praemia.

402 1270 536 1303 Harum
573 1281 688 1302 rerum
723 1268 980 1300 enarrationem
1016 1267 1051 1298 in
1082 1263 1280 1299 Corinthiis

303 1321 459 1354 nominat
493 1321 620 1352 l'aulus
652 1318 953 1352 Aedificationem.
1027 1316 1072 1350 Et
1110 1317 1280 1358 intelligat

303 1372 546 1410 concionator,
568 1381 656 1414 quae
671 1368 835 1401 materiae
851 1369 920 1400 sint
939 1367 1147 1410 principales
1163 1379 1200 1398 ac
1221 1378 1280 1398 ne-

304 1422 468 1454 cessariae
485 1422 525 1452 ad
546 1419 839 1458 aedificationem,
866 1418 899 1449 id
919 1425 986 1458 est,
1010 1418 1050 1450 ad
1070 1417 1280 1449 confirman-

304 1474 383 1516 dam
411 1472 512 1504 fidem
544 1471 581 1502 in
610 1469 775 1502 omnibus
809 1468 977 1501 articulis.
1044 1466 1116 1499 Has
1141 1473 1282 1509 repetat,

303 1522 439 1556 omissis
458 1520 650 1564 peregrinis
666 1518 982 1561 disputationibus,
1017 1518 1105 1550 sicut
1127 1517 1222 1549 iubet
1240 1517 1280 1548 ad

304 1569 534 1606 Timotheum
552 1571 631 1612 eligi
651 1569 751 1602 utilia
767 1569 808 1601 ad
828 1568 1115 1601 aedificationem.
1169 1564 1283 1599 Perti-

304 1630 389 1656 nent
412 1629 526 1655 autem
552 1619 635 1654 haec
659 1621 729 1653 dno
762 1630 886 1662 genera
918 1618 1020 1651 lectio
1046 1625 1077 1651 et
1102 1617 1283 1651 doctrinae

306 1673 488 1718 explicatio
504 1672 547 1705 ad
565 1682 672 1714 genus
689 1670 937 1704 didascalicon.

408 1731 567 1765 Tertium
585 1741 693 1772 genus
711 1736 760 1762 est
774 1727 987 1762 Consolatio.
1037 1726 1117 1760 Non
1136 1734 1183 1760 est
1205 1727 1283 1759 finis

308 1783 488 1816 doctrinae
512 1782 548 1813 in
574 1780 728 1814 Ecclesia
758 1786 894 1812 tantum
923 1779 1085 1816 scientia,
1121 1790 1184 1810 nec
1208 1784 1284 1810 tan-

308 1841 382 1867 tum
413 1833 566 1866 actiones
598 1838 757 1871 nostrae,
798 1831 857 1862 sed
882 1830 981 1862 Deus
1011 1840 1045 1861 se
1068 1829 1227 1872 patefecit
1252 1834 1284 1861 et

307 1882 539 1925 Evangelium
566 1881 726 1920 tradidit,
762 1887 800 1914 ut
824 1880 948 1913 liberet
967 1891 1030 1911 nos
1053 1892 1071 1911 a
1096 1886 1232 1922 peccato
1253 1885 1285 1911 et

309 1941 446 1967 aeterna
469 1939 602 1972 morte,
636 1939 666 1964 et
692 1931 770 1963 finis
796 1937 862 1971 est,
889 1937 926 1963 nt
949 1930 1081 1963 abolito
1100 1936 1237 1971 peccato
1254 1935 1285 1962 et

309 1990 432 2024 morte,
456 1984 610 2015 fruentes
625 1981 941 2014 communicatione
957 1980 1157 2024 sapientiae,
1186 1980 1285 2012 iusti-

310 2035 382 2067 ciae
409 2042 442 2066 et
474 2033 626 2065 laetitiae
651 2032 738 2068 Dei,
784 2032 820 2064 in
845 2031 943 2064 omni
966 2031 1168 2064 aeternitate
1193 2031 1285 2074 apud

311 2097 388 2117 eum
411 2085 587 2122 vivamus,
613 2090 645 2115 et
667 2081 818 2114 vicissim
844 2094 921 2114 eum
947 2082 1173 2115 celebremus.
1226 2079 1286 2113 Est

311 2135 418 2178 igitur
435 2146 544 2177 genus
561 2140 753 2166 extremum
770 2131 975 2165 consolatio.

410 2192 599 2237 Postquam
617 2192 725 2234 igitur
735 2191 960 2224 concionator
971 2190 1148 2233 proposuit
1168 2190 1288 2223 lectio-

311 2255 391 2277 nem
408 2250 439 2276 et
458 2243 673 2283 doctrinam,
696 2242 855 2275 ostendat
879 2241 1055 2282 quomodo
1080 2241 1286 2283 applicanda

312 2294 355 2327 sit
372 2295 414 2327 ad
432 2293 726 2332 consolationem,
753 2299 785 2325 et
804 2293 845 2325 ad
865 2289 958 2324 hunc
976 2291 1135 2323 effectum
1153 2300 1287 2335 postre-

311 2356 371 2377 mo
394 2344 589 2379 orationem
611 2344 749 2377 referat.
824 2340 871 2376 Et
895 2342 1023 2385 gradus
1048 2339 1103 2374 hic
1127 2341 1286 2374 conside-

311 2400 445 2428 rentur.

412 2453 571 2486 Primum
594 2452 757 2496 erigenda
784 2458 834 2485 est
856 2451 958 2491 fides,
998 2450 1032 2483 id
1059 2457 1127 2488 est,
1161 2450 1286 2484 fiducia

311 2504 590 2544 misericordiae,
616 2515 683 2546 qua
700 2515 778 2535 cum
798 2503 832 2535 in
852 2500 925 2534 Deo
944 2501 1206 2546 acquiescimus,
1234 2513 1287 2533 se-

312 2555 434 2599 quitur
457 2566 520 2598 pax
539 2561 570 2586 et
596 2554 782 2595 gaudium,
808 2560 845 2586 ut
873 2552 1041 2594 scriptum
1064 2558 1130 2584 est:
1159 2550 1286 2584 Iustiti-

311 2606 375 2638 cati
393 2606 460 2638 fide
476 2615 592 2648 pacem
609 2601 788 2637 habemus,
829 2602 874 2636 Et
892 2602 1042 2646 proximi
1060 2604 1187 2645 gradus
1204 2609 1288 2634 sunt

309 2654 486 2689 Invocatio
498 2682 506 2695 ,
523 2654 610 2699 Spes
627 2661 659 2688 et
678 2654 884 2688 Gratiarum
901 2653 1002 2688 actio.
1035 2652 1172 2686 Scimus
1190 2652 1286 2686 enim

876 95 998 131 PHIL.
1028 93 1143 132 MEL.
1171 93 1379 131 SCRIPTA
1408 93 1707 133 EXEGETICA.

2208 98 2305 135 1160

1322 181 1580 216 invocationem
1608 193 1829 228 nequaquam
1854 182 1989 217 irritam
2009 196 2092 219 esse.
2143 184 2303 219 Leniun-

1323 239 1380 267 tur
1397 244 1478 276 ergo
1495 233 1634 266 dolores
1652 243 1712 277 spe
1728 233 1958 277 mitigationis
1975 236 2225 278 calamitatum,
2244 242 2305 270 aut

1325 283 1563 324 liberationis,
1598 295 1704 327 quam
1728 284 1878 327 petimus
1901 292 1934 318 et
1963 293 2194 329 expectamus.
2256 284 2305 320 Et

1323 334 1513 377 gratiarum
1535 333 1626 367 actio
1650 334 1871 374 accenditur,
1899 347 1978 368 cum
1994 335 2119 368 ordine
2137 336 2303 370 beneficia

1325 384 1390 418 Dei
1407 391 1582 429 utcunque
1602 384 1832 427 agnoscimus.
1884 384 2043 418 Primum
2064 386 2304 420 remissionem

1327 442 1565 478 peccatorum,
1587 435 1714 468 deinde
1730 435 1898 469 auxilium
1911 463 1919 476 ‚
1947 442 1980 469 et
1997 437 2227 479 praesentiam
2243 437 2306 470 filii

1327 486 1394 519 Dei
1418 497 1482 519 nos
1503 485 1748 526 sustentantis,
1789 493 1906 530 postea
1933 487 2189 530 mitigationem
2214 487 2307 521 cala-

1327 537 1488 570 mitatum
1508 536 1562 569 vel
1583 537 1843 572 liberationem.

1430 586 1514 619 Mox
1538 587 1662 630 repetit
1691 588 1811 619 eadem
1838 598 1963 630 genera
1990 588 2225 621 concionum:
2268 586 2306 621 Si

1327 648 1485 670 reversus
1518 639 1559 669 ad
1597 649 1658 670 vos
1694 644 1829 671 tantum
1859 638 1963 671 variis
1989 638 2119 680 linguis
2147 649 2307 671 sonarem

1329 699 1419 720 meas
1447 688 1663 731 precationes
1686 695 1745 721 aut
1770 686 1945 733 hymnos,
1990 689 2073 733 quid
2110 690 2308 732 prodessem

1330 739 1445 777 vobis,
1471 738 1538 770 nisi
1558 746 1589 771 et
1609 739 1729 770 concio
1746 740 1922 772 accederet
1940 751 1977 772 ex
1997 740 2223 783 revelatione,
2252 739 2306 772 vel

1328 788 1489 827 scientia,
1517 789 1571 820 vel
1593 786 1795 832 prophetia,
1823 790 1877 822 vel
1895 790 2081 823 doctrina?

1431 837 1597 872 Nominat
1627 839 1821 872 doctrinam
1861 840 2066 880 lectionem,
2099 847 2133 874 et
2165 841 2310 882 dogma-

1330 897 1403 922 tum
1420 889 1678 928 recitationem,
1713 897 1751 923 ut
1767 901 1870 934 snpra
1888 891 2020 924 dictum
2040 897 2099 925 est.
2152 887 2311 934 Prophe-

1329 940 1413 974 tiam
1430 939 1687 973 enarrationem
1706 947 1739 973 et
1758 940 1918 973 lectionis
1941 947 1972 974 et
1997 942 2212 984 dogmatum.
2265 938 2310 974 Et

1331 988 1413 1022 baec
1436 991 1506 1022 duo
1529 991 1684 1022 membra
1711 991 1835 1033 partim
1860 992 1902 1023 ad
1929 1002 2037 1033 genus
2062 990 2311 1031 didascalicon,

1332 1041 1456 1084 partim
1476 1041 1520 1073 ad
1537 1040 1684 1074 alterum
1703 1052 1812 1083 genus
1831 1042 2025 1084 pertinent,
2055 1042 2150 1086 quod
2173 1052 2311 1073 nuncu-

1332 1091 1426 1135 pavit
1446 1091 1736 1126 consolationem.
1796 1091 1949 1126 Scientia
1976 1099 2026 1125 est
2050 1092 2244 1125 admonitio
2269 1090 2312 1123 de

1331 1142 1489 1174 moribus
1507 1147 1540 1174 et
1554 1142 1595 1173 de
1611 1148 1751 1174 externa
1768 1143 2039 1184 gubernatione,
2068 1149 2105 1175 ut
2127 1154 2230 1185 supra
2253 1152 2310 1174 ca-

1333 1192 1402 1235 pite
1419 1192 1626 1225 duodecimo
1652 1193 1784 1225 dictum
1808 1201 1872 1232 est,
1901 1200 1939 1226 ut
1961 1194 2002 1225 de
2020 1193 2187 1226 electione
2212 1199 2242 1226 et
2269 1193 2312 1224 de

1334 1249 1501 1285 potestate
1524 1242 1765 1275 ministrorum
1793 1241 1996 1286 Evangelii,
2030 1244 2072 1275 de
2100 1244 2214 1285 legum
2241 1242 2310 1274 dis-

1334 1293 1499 1333 crimine,
1526 1305 1614 1337 quae
1639 1293 1707 1325 sint
1723 1294 1895 1333 abolitae,
1922 1306 2010 1337 quae
2029 1294 2098 1327 sint
2116 1300 2313 1336 perpetuae,

1334 1344 1375 1375 de
1395 1355 1459 1375 usu
1484 1343 1674 1382 libertatis,
1706 1345 1748 1375 de
1774 1343 1913 1376 iudiciis
1942 1342 2131 1381 Ecclesiae,
2159 1345 2202 1376 de
2225 1355 2311 1375 con-

1334 1394 1429 1435 iugio
1445 1419 1453 1432 ,
1495 1394 1538 1426 de
1561 1405 1626 1426 usu
1652 1405 1767 1426 rerum
1799 1394 2018 1437 politicarum
2038 1420 2047 1434 ‚
2083 1401 2116 1427 et
2140 1393 2314 1427 similibus

1336 1444 1495 1486 negotiis.

1435 1492 1702 1527 Revelationem
1720 1505 1802 1525 vero
1819 1493 1978 1525 nominat
2002 1494 2191 1535 singularia
2217 1493 2314 1527 testi-

1335 1543 1453 1576 monia
1471 1543 1650 1576 doctrinae
1667 1543 1732 1585 ipsi
1751 1540 1923 1580 exhibita,
1951 1543 2100 1577 sicnt'ad
2119 1544 2236 1578 Galat.
2260 1544 2314 1576 in-

1336 1594 1427 1638 quit:
1456 1592 1535 1625 Non
1553 1594 1596 1625 ab
1615 1591 1758 1625 bomine
1772 1594 1886 1635 accepi
1903 1592 2150 1637 Evaugelium,
2179 1606 2242 1627 nec
2260 1606 2315 1627 me

1336 1644 1519 1688 quisquam
1543 1641 1727 1676 bominum
1752 1643 1889 1684 docuit,
1916 1645 1974 1676 sed
1999 1645 2113 1688 accepi
2137 1644 2315 1677 revelante

1336 1696 1412 1727 Iesu
1441 1691 1592 1728 Christo.
1662 1693 1846 1727 Pertinent
1878 1692 1947 1728 huc
1980 1702 2012 1728 et
2045 1695 2311 1738 praedictiones,

1337 1746 1425 1778 sicut
1442 1745 1485 1777 de
1504 1744 1688 1787 postremis
1705 1743 1880 1777 Ecclesiae
1905 1746 2121 1788 temporibus
2145 1746 2314 1778 vaticina-

1337 1803 1394 1829 tur
1416 1795 1458 1828 ad
1476 1793 1805 1828 Thessalonicenses
1828 1803 1861 1829 et
1884 1797 1926 1828 ad
1945 1794 2101 1830 Timoth.
2157 1794 2241 1829 Item
2262 1796 2316 1828 iu-

1338 1846 1426 1878 dicia
1445 1847 1487 1878 de
1503 1846 1662 1879 fanaticis
1678 1846 1902 1885 doctoribus,
1930 1847 2048 1890 quales
2068 1854 2150 1880 tnnc
2175 1858 2315 1892 quoque

1339 1896 1439 1929 multi
1468 1898 1706 1939 vagabuntur,
1743 1904 1773 1929 et
1804 1897 2003 1929 iactitabant
2040 1909 2117 1929 suas
2148 1898 2313 1940 quasdam

1339 1947 1637 1986 illuminationes,
1679 1959 1718 1979 ac
1743 1947 1845 1979 variis
1874 1948 2066 1990 praestigiis
2090 1948 2257 1980 fallebant
2282 1954 2311 1978 et

1339 1999 1530 2030 turbabant
1560 1995 1748 2036 Ecclesias,
1784 2005 1822 2031 ut
1849 1998 1883 2030 in
1909 1998 2007 2031 Actis
2031 1998 2138 2041 capite
2168 1997 2224 2031 13.
2273 1996 2313 2029 ln

1338 2047 1455 2093 Cypro
1482 2046 1640 2093 Elymam
1671 2048 1771 2091 punit
1792 2049 1975 2088 coecitate,
2009 2055 2040 2081 et
2058 2054 2174 2080 narrat
2193 2049 2235 2080 ad
2251 2046 2313 2080 Ti-

1340 2097 1537 2138 motheum,
1578 2110 1612 2130 se
1636 2096 1878 2143 Hymenaeum
1912 2105 1943 2131 et
1975 2098 2214 2132 Alexandrum
2244 2105 2314 2131 tra-

1339 2150 1468 2181 didisse
1498 2148 1669 2186 Satanae,
1717 2155 1754 2181 ut
1788 2149 1986 2183 desinerent
2028 2160 2187 2192 spargere
2222 2149 2313 2182 blas-

1342 2197 1507 2243 phemiaS.

1442 2249 1604 2281 Vidimus
1624 2255 1654 2282 et
1672 2255 1791 2282 nostro
1813 2256 1967 2292 tempore
1989 2250 2099 2283 multo
2121 2256 2199 2282 ante
2222 2249 2314 2282 sedi-

1340 2300 1470 2333 tionem
1490 2299 1700 2332 rusticanam
1728 2299 1917 2332 fanaticum
1936 2299 2112 2333 hominem
2133 2299 2314 2332 Nicolaum

1341 2350 1465 2387 Stork,
1502 2357 1621 2383 natum
1644 2349 1824 2395 Cygneae,
1861 2351 1976 2393 vagari
2002 2351 2035 2382 in
2056 2348 2109 2382 his
2133 2350 2314 2393 religionni-

1340 2401 1424 2439 bus,
1451 2401 1511 2445 qui
1536 2401 1718 2440 narrabat,
1752 2412 1852 2442 saepe
1874 2401 2014 2442 angelos
2039 2400 2169 2433 visibili
2200 2401 2313 2444 specie

1340 2463 1454 2484 secum
1479 2452 1613 2485 locutos
1631 2462 1722 2491 esse,
1754 2458 1785 2484 et
1805 2451 1868 2494 ipsi
1889 2450 2115 2494 praedixisse,
2143 2451 2217 2483 fore
2234 2463 2312 2484 eum

1340 2502 1462 2534 ducem
1499 2501 1764 2535 instaurationis
1791 2499 2037 2536 Ecclesiarum.
2088 2500 2314 2546 Loquebatur

1340 2559 1454 2584 autem
1473 2553 1517 2585 d'e
1539 2552 1689 2585 cultibus
1715 2564 1809 2584 more
1827 2549 2139 2592 enthusiastarum,
2176 2552 2311 2585 dicebat

1340 2602 1512 2635 iusticiam
1545 2614 1616 2635 esse
1647 2604 1683 2633 in
1713 2601 1877 2634 cordibus
1912 2614 2040 2634 novam
2068 2610 2099 2635 et
2129 2602 2310 2635 coelestem

1338 2653 1450 2686 lucem
1462 2679 1472 2694 ,
1497 2659 1529 2686 et
1547 2663 1656 2686 novos
1671 2659 1786 2685 motus
1801 2664 1860 2686 seu
1875 2652 2024 2689 afflatus.
2074 2652 2146 2686 Nec
2162 2659 2253 2686 recte
2269 2653 2312 2686 de
