2415 2942
82 91 159 130 757
262 92 362 130 XIII.

79 179 279 213 immodicis
305 187 338 214 et
362 180 459 213 falsis
484 180 649 213 laudibus
674 186 787 214 ornat.
853 179 893 213 In
918 187 1070 215 tractatu

79 232 122 264 de
140 231 356 274 poenitentia
376 244 454 264 cum
484 231 617 274 colligit
643 232 772 265 multos
797 233 921 264 modos
947 245 1068 265 conse-

78 284 239 327 quendae
261 283 478 315 remissionis
499 290 719 326 peccatorum
733 309 742 322 ‚
770 283 899 315 scilicet
917 284 1066 316 eleemo-
1093 328 1095 335 .

77 345 202 379 synas,
229 334 423 379 lacrymas,
451 340 483 367 et
501 334 568 366 alia
593 345 716 376 opera,
744 339 860 365 tamen
886 345 958 367 non
984 334 1066 368 sacit

75 385 291 418 mentionem
317 385 416 423 fidei,
453 386 496 418 de
521 396 588 429 qua
611 384 769 426 oportuit
793 384 882 425 dici,
919 397 956 418 ac
980 385 1064 418 scri-

76 443 175 480 ptum
201 436 288 468 illut}
319 436 484 481 pleraque
510 435 594 468 falsa
611 435 790 476 continet,
817 442 850 469 et
876 437 1063 470 confusum

75 499 114 520 ac
132 487 334 531 perplexum
351 494 414 521 est.

181 553 307 589 Graeci
337 555 486 588 maxime
515 554 757 587 tlaudaverunt
789 555 1063 588 commentarios

76 605 114 638 in
141 605 310 645 Paulum,
354 606 415 639 ubi
440 606 477 638 in
504 604 590 637 locis
623 606 665 637 de
690 605 938 638 iustificatione
964 613 995 639 et
1020 607 1062 638 de

74 657 158 697 fide,
185 658 289 690 series
306 656 474 690 Paulinae
488 655 738 699 disputationis
754 657 896 689 deducit
914 669 992 689 eum
1008 670 1060 697 eo,

73 715 112 742 ut
129 720 230 752 saepe
250 715 381 751 repetat
398 704 488 739 hanc
505 706 734 740 sententiam:
765 706 869 750 Quod
890 708 957 740 fide
974 720 1060 740 con-

71 769 260 804 sequamur
278 758 518 791 remissionem
543 765 765 800 peccatorum
792 766 934 802 propter
951 757 1057 792 Chri--

70 816 181 850 stum,
209 821 280 842 non
301 815 442 853 propter
458 820 575 852 opera.
628 806 675 842 Et
695 809 824 842 diserte
841 810 941 843 dicit:
970 809 1058 843 Fide

68 872 140 893 non
164 860 278 892 solum
311 859 411 902 diligi
437 858 571 899 Deum,
611 861 668 893 sed
698 860 850 893 vicissim
877 862 1058 895 credentes

68 910 216 952 sentire,
245 912 337 955 quod
358 923 375 943 a
402 909 476 944 Deo
495 910 708 954 dIIigantur‚
737 924 941 957 quanquam
965 913 1057 946 mul-

67 960 112 995 tis
127 961 239 994 modis
255 961 305 994 rei
321 962 402 995 sint.

171 1018 211 1053 In
229 1017 294 1053 hac
309 1021 481 1054 sententia
498 1021 580 1054 satis
598 1020 783 1062 significat,
805 1034 840 1055 se
858 1022 1057 1066 intelligere

67 1071 190 1111 fidem,
218 1083 290 1104 non
316 1078 452 1104 tantum
479 1072 522 1105 de
547 1072 676 1105 noticia
707 1071 892 1112 historiae,
928 1075 986 1106 sed
1013 1075 1055 1107 de

65 1121 211 1164 fiducia,
246 1135 314 1167 qua
342 1123 518 1155 credimus
543 1123 646 1156 nobis
671 1124 801 1157 remitti
830 1131 987 1166 peccata,
1024 1133 1056 1159 et

64 1173 206 1217 quidem
231 1171 322 1206 hanc
345 1174 446 1206 fidem
473 1174 640 1207 discernit
666 1175 709 1206 ab
734 1176 917 1218 operibus,
944 1188 961 1208 a
983 1189 1054 1209 non

62 1224 236 1265 furando,
262 1236 333 1257 non
352 1225 546 1258 occidendo
563 1232 626 1259 etc.
681 1223 726 1258 Et
750 1226 835 1260 dicit
859 1224 955 1260 hunc
978 1227 1054 1259 cul-

63 1281 138 1308 tum
170 1275 386 1319 superiorem
420 1287 503 1309 esse.
581 1275 795 1321 Quanquam
830 1284 945 1310 autem
980 1278 1055 1310 eius

61 1326 239 1359 enarratio
264 1326 460 1369 simplicior
485 1333 533 1360 est
559 1334 591 1360 et
618 1327 736 1360 miuus
761 1328 918 1370 impura,
946 1340 1052 1373 quam

62 1374 271 1419 Origenica,
305 1383 422 1410 tamen
447 1377 520 1422 ipsa
546 1390 686 1423 quoque
708 1384 758 1411 est
787 1379 954 1420 obscura,
988 1391 1052 1413 nec

61 1428 193 1473 ubique
210 1439 327 1461 secum
344 1428 417 1472 ipsa
434 1429 620 1464 consentit.

162 1486 203 1520 In
228 1487 264 1521 7.
288 1499 363 1531 cap.
392 1488 532 1531 longius
565 1488 675 1522 currit
708 1495 802 1521 extra
827 1495 944 1533 septa:
989 1486 1051 1523 Ait

61 1538 380 1581 concupiscentiam
402 1545 436 1572 et
460 1540 637 1579 adfectus,
673 1539 741 1572 nisi
766 1540 906 1583 pariant
937 1547 1051 1573 exter-

62 1600 148 1620 num
166 1600 271 1631 opus,
298 1601 369 1621 non
388 1600 460 1621 esse
477 1596 626 1632 peccata.
679 1589 746 1623 Sed
772 1597 888 1624 tamen
914 1591 942 1623 si
969 1591 1048 1636 quis

61 1645 192 1672 attente
215 1645 248 1671 et
271 1651 349 1671 cum
374 1639 506 1672 iudicio
531 1640 620 1682 leget
652 1642 926 1674 commentarios
952 1642 1045 1681 illos,

60 1689 172 1722 multa
192 1690 348 1722 inveniet
371 1690 570 1723 testimonia
593 1691 786 1724 multorum
806 1692 1048 1728 articulorum.

60 1737 108 1774 Et
123 1752 324 1785 quanquam
342 1747 426 1773 tunc
450 1741 486 1773 in
504 1740 660 1774 Ecclesia
687 1742 796 1784 caligo
821 1743 909 1782 fuit,
933 1751 1048 1776 tamen

60 1798 202 1834 apparet
219 1791 406 1824 retinuisse
423 1793 607 1837 plerosque
625 1790 715 1825 hanc
729 1805 952 1826 communem
969 1806 1049 1827 sen-

60 1842 229 1876 tentiam:
265 1841 371 1885 Quod
397 1843 464 1875 fide
485 1851 628 1887 propter
643 1841 846 1884 Christum,
874 1857 945 1878 non
966 1857 1047 1888 pro-

60 1899 138 1936 pter
161 1904 266 1937 opera
296 1894 449 1927 donetur
479 1894 636 1927 remissio
668 1901 899 1938 peccatorum.
965 1895 1048 1929 Ideo

57 1943 120 1977 etsi
139 1943 316 1977 interdum
339 1945 456 1978 minus
476 1946 659 1978 commode
683 1946 880 1990 loquuntur
903 1953 1049 1988 veteres,

56 2001 174 2028 tamen
199 1995 236 2027 in
266 1995 345 2028 aliis
369 1996 474 2034 locis,
503 1996 589 2041 quid
610 1997 723 2041 reipsa
748 1997 945 2039 voluerint,
971 1998 1048 2031 ani-

56 2045 228 2078 madverti
254 2053 375 2089 potest.

158 2102 211 2136 De
237 2116 343 2137 coena
368 2103 514 2137 Domini
539 2118 578 2138 ex
602 2103 854 2150 Chrysostomo
879 2108 961 2140 satis
986 2120 1048 2151 ap-

57 2161 175 2199 paret,
211 2155 328 2188 nullas
352 2156 459 2188 fuisse
483 2156 636 2199 privatas
660 2156 800 2192 Missas.
870 2158 1048 2193 Describit

57 2205 151 2238 enim
169 2206 412 2251 presbyterum
432 2213 580 2240 stantem
600 2207 642 2239 ad
662 2219 777 2249 aram,
805 2215 838 2242 et
861 2217 1044 2243 vocantem

58 2256 247 2301 populum,
273 2263 311 2290 ut
329 2258 470 2291 accedat
487 2257 784 2292 communionem.

159 2314 201 2349 In
236 2316 358 2350 libello
394 2317 437 2350 de
478 2317 648 2360 dignitate
687 2318 872 2352 sacerdotii
909 2320 1045 2353 erudite

58 2366 227 2401 discernit
270 2367 408 2401 civilem
448 2375 479 2401 et
524 2368 791 2402 ecclesiasticam
830 2377 1045 2412 potestatem,

56 2426 159 2461 negat
184 2418 449 2453 ecclesiasticam
475 2417 605 2454 habere
631 2420 684 2452 ius
707 2422 891 2454 coercendi
910 2421 944 2454 vi
966 2434 1043 2455 cor-

56 2467 182 2513 porali.

402 2554 457 2590 De
485 2553 688 2590 Ambrosio.

156 2620 292 2655 Multas
318 2634 434 2656 causas
459 2623 842 2666 attingitAmbrosius:
877 2624 1040 2659 videlicet

53 2674 96 2708 de
111 2672 299 2713 Trinitate,
327 2681 447 2708 contra
463 2674 695 2717 Novatianos,
724 2676 767 2709 de
782 2675 1039 2711 iustificatione.

415 95 450 129 2.
481 91 842 130 COMMENTARH
872 94 919 130 IN
952 93 1106 131 EPIST.
1134 94 1280 131 PAULI
1309 95 1376 131 AD
1402 96 1663 135 ROMANOS.
1716 101 1820 137 CAP.
1849 104 1948 139 XIV.

2037 106 2109 142 758

1124 180 1169 215 Et
1187 194 1387 228 quanquam
1411 184 1447 216 in
1471 187 1731 220 commentariis
1754 188 1932 222 interdum
1957 191 2110 225 dissimi-

1124 233 1171 265 les
1191 235 1384 267 sententiae
1404 238 1648 277 reperiuntur,
1673 251 1743 271 non
1765 246 1833 272 tam
1859 242 1901 274 ab
1924 242 1997 286 ipso
2025 245 2110 276 scri-

1121 285 1188 326 pti,
1216 297 1320 328 quarn
1347 287 1391 318 ab
1416 287 1493 319 aliis
1516 289 1647 331 excepti
1673 302 1745 322 esse
1771 291 1954 331 videntur,
1991 301 2106 327 tamen

1121 335 1342 378 perspicuum
1372 344 1419 370 est
1445 349 1483 370 ex
1507 338 1580 370 eius
1608 340 1828 383 longioribus
1858 344 2108 387 ‹lisputationi-

1092 384 1093 393 ’
1119 386 1201 425 bus,
1228 386 1374 418 sensisse
1400 400 1477 419 eum
1503 389 1546 420 de
1573 390 1702 432 gratia,
1730 399 1763 426 et
1786 394 1827 426 de
1850 394 2107 437 iustificatione,

1119 437 1212 480 quod
1239 448 1302 469 nos
1323 438 1501 470 docemus.

1220 486 1257 520 ld
1283 494 1429 521 testatur
1448 489 1604 531 Epistola
1622 492 1661 522 ad
1685 490 1866 526 Irenaeum
1893 496 1936 528 de
1955 496 2104 530 Paulino

1117 537 1233 571 dicto:
1261 537 1332 571 Lex
1356 540 1443 571 iram
1470 540 1594 581 efficit,
1630 539 1787 585 Epistola
1808 543 1865 578 71.
1890 547 1951 579 ubi
1975 549 2024 581 sic
2049 550 2105 582 iu-

1115 589 1207 633 quit:
1241 587 1293 621 Ex
1315 590 1483 634 operibus
1510 591 1593 633 legis
1611 604 1714 626 nemo
1734 595 1959 635 iustitie-atur,
1987 599 2021 631 id
2041 608 2102 640 est,

1116 652 1176 683 per
1198 640 1307 682 legem
1335 648 1513 684 peccatum
1540 645 1780 685 cognoscitur,
1817 649 1874 679 sed
1903 649 2002 692 culpa
2030 663 2102 684 non

1114 691 1301 725 relaxatur.
1363 691 1518 725 Veniens
1542 693 1647 736 igitur
1674 694 1847 730 Dominus
1875 697 1987 740 lesus,
2023 713 2102 743 pec-

1114 749 1228 774 catum
1248 742 1433 782 omuibus,
1461 746 1553 788 quod
1584 757 1687 778 nemo
1714 754 1846 789 poterat
1864 750 2010 791 evitare,
2039 753 2102 785 do-

1113 794 1227 833 navit,
1263 800 1295 825 et
1332 791 1605 838 chirographum
1643 805 1801 831 nostrum
1834 800 1887 832 sui
1922 803 2104 843 sanguinis

1112 845 1284 877 effusione
1312 845 1459 886 delevit,
1496 844 1561 879 hoc
1601 854 1651 880 est
1679 850 1773 892 quod
1802 850 1933 895 inquit:
1969 852 2101 897 Super-

1111 896 1304 928 abundavit
1351 903 1528 939 peccatum
1577 910 1638 941 per
1682 899 1792 942 legem
1820 927 1827 942 ‚
1879 906 2102 946 superabun-

1111 947 1208 979 davit
1241 947 1351 988 gratia
1388 960 1448 990 per
1485 947 1617 987 Iesum,
1659 950 1748 984 sicut
1785 951 1934 986 Ioannes
1969 955 2101 1000 inquit:

1110 995 1199 1030 Ecce
1232 1009 1342 1040 agnus
1378 997 1455 1037 Dei,
1492 1001 1553 1043 qui
1590 1000 1682 1034 tollit
1720 1011 1858 1044 peccata
1888 1012 1949 1038 etc.
2018 1006 2101 1040 Ideo

1110 1060 1213 1081 nemo
1231 1049 1402 1091 glorietur
1419 1049 1453 1082 iu
1472 1051 1655 1093 operibus,
1686 1053 1766 1097 quia
1789 1066 1891 1087 nemo
1909 1056 2008 1089 factis
2026 1058 2098 1091 suis

1110 1099 1334 1139 iustificatum
1367 1101 1425 1133 sed
1458 1102 1516 1146 qui
1547 1103 1656 1135 iustus
1681 1111 1748 1147 est,
1785 1106 1955 1139 donatum
1982 1105 2099 1149 habet,

1109 1151 1190 1194 quia
1223 1163 1284 1192 per
1312 1149 1493 1184 Christum
1523 1153 1727 1187 iustificatos
1756 1163 1816 1190 est.
1890 1156 1993 1191 Fides
2018 1171 2098 1202 ergo

1109 1207 1175 1241 est,
1201 1214 1291 1246 quae
1327 1203 1453 1235 liberat
1481 1215 1541 1246 per
1575 1205 1782 1247 sanguinem
1811 1205 1971 1249 Christi,
2017 1211 2099 1255 quia

1108 1252 1231 1285 beatus
1262 1253 1341 1294 ille,
1379 1254 1434 1287 cui
1466 1261 1644 1298 peccatum
1676 1257 1891 1300 remittitur,
1934 1267 1966 1293 et
1997 1263 2098 1295 venia

1107 1304 1271 1337 donatur.

1208 1353 1251 1386 Et
1279 1354 1412 1387 similes
1435 1356 1629 1389 sentcntiae
1652 1357 1785 1403 aliquot
1815 1361 2042 1403 reperiuntur
2060 1364 2097 1397 in

1105 1403 1183 1437 aliis
1202 1405 1286 1437 locis
1302 1407 1394 1449 apud
1417 1405 1510 1439 hunc
1531 1407 1756 1450 scriptorem:
1786 1417 1822 1443 ut
1849 1413 1891 1444 de
1915 1415 2097 1447 vocatione

1105 1457 1277 1498 gentium.
1341 1457 1427 1490 Item
1457 1459 1498 1490 ad
1529 1456 1786 1493 Demetriadem
1815 1463 2008 1507 virginem,
2035 1466 2095 1498 uhi

1105 1507 1237 1551 inquit:
1266 1507 1336 1540 Nec
1364 1510 1410 1540 ob
1434 1509 1529 1541 aliud
1555 1511 1659 1542 datur
1684 1520 1928 1556 praeceptum,
1966 1516 2032 1548 nisi
2056 1524 2096 1551 ut

1104 1565 1293 1601 quaeratur
1314 1559 1559 1601 praecipientis
1577 1561 1760 1596 auxilium.
1814 1562 2000 1598 Caeterum
2022 1568 2096 1600 eius

1104 1609 1208 1641 titulo
1236 1616 1354 1642 extant
1372 1612 1543 1654 quaedam
1569 1613 1852 1655 praeparationes
1871 1617 1913 1648 ad
1934 1616 2095 1656 Missam,

1104 1666 1136 1691 et
1164 1661 1336 1703 quaedam
1368 1660 1508 1700 inania,
1552 1674 1642 1706 quae
1669 1663 1837 1698 videntur
1868 1678 1940 1700 esse
1962 1680 2095 1713 suppo-

1103 1710 1226 1743 silicia.

1440 1795 1493 1830 De
1516 1796 1749 1845 HieronymO.

1204 1861 1444 1908 Hieronymus
1477 1864 1513 1896 in
1546 1866 1766 1901 versionibus
1798 1869 1919 1902 utilem
1949 1884 2091 1916 operam

1102 1912 1277 1946 Ecclesiae
1295 1915 1448 1955 navavit,
1475 1922 1506 1948 et
1525 1928 1727 1962 quanquam
1746 1923 1985 1955 enarrationes
2004 1924 2092 1958 Pro-

1103 1962 1287 2008 phetarum
1316 1973 1398 1999 sunt
1421 1973 1564 2009 tenues,
1593 1974 1709 2001 tamen
1731 1967 1957 2005 historiarum
1978 1976 2091 2019 expli-

1103 2016 1191 2048 catio
1211 2023 1324 2049 sumta
1349 2029 1366 2049 a
1388 2017 1585 2058 veteribus,
1614 2026 1664 2053 est
1686 2021 1793 2054 utilis.
1848 2023 1896 2056 De
1916 2026 2091 2068 dogmati-

1102 2068 1166 2099 bus
1192 2079 1299 2110 pauca
1327 2068 1476 2111 scripsit.
1530 2068 1712 2104 Adversus
1737 2072 1961 2107 loviniauum
1988 2077 2090 2112 valde

1101 2119 1284 2151 confirmat
1302 2118 1406 2151 falsas
1424 2126 1456 2152 et
1473 2121 1732 2163 superstitiosas
1751 2125 1937 2167 opiniones
1959 2129 2000 2160 de
2016 2135 2089 2161 tra-

1101 2169 1296 2202 ditionibus
1328 2167 1503 2205 humanis.
1579 2171 1765 2216 Vituperat
1800 2177 2019 2219 coniugium,
2056 2187 2089 2214 et

1101 2221 1354 2254 contumeliosa
1388 2221 1549 2254 oratione
1581 2223 1793 2265 insectatur,
1832 2239 1921 2271 quae
1951 2241 2087 2274 nequa-

1100 2283 1203 2315 quam
1229 2272 1332 2314 digna
1358 2279 1408 2305 est
1424 2270 1638 2309 Christiano.
1692 2274 1835 2318 Colligit
1862 2279 1951 2312 male
1968 2280 2087 2315 detor-

1099 2329 1150 2354 tas
1173 2323 1364 2356 sententias
1390 2324 1603 2366 scripturae,
1647 2327 1743 2369 quasi
1769 2328 1969 2371 vituperent
2000 2344 2086 2365 con-

1100 2373 1240 2415 iugum,
1268 2381 1325 2408 ut:
1354 2373 1390 2407 Si
1416 2376 1608 2407 secundum
1638 2389 1777 2410 caruem
1803 2379 1980 2421 vixeritis,
2010 2395 2085 2417 mo-

1097 2424 1252 2465 riemini,
1280 2432 1312 2458 et
1331 2426 1473 2466 similes,
1501 2433 1534 2459 et
1551 2438 1707 2469 expresse
1725 2429 1821 2469 dicit,
1848 2442 1919 2464 non
1940 2433 2084 2468 differre

1097 2487 1113 2507 a
1127 2476 1308 2509 meretrice
1326 2477 1514 2510 nubentem
1536 2483 1612 2520 post
1629 2481 1799 2513 secundas
1816 2483 1967 2525 nuptias.
1996 2484 2083 2518 Item

1096 2528 1324 2569 spectandum
1351 2538 1440 2567 esse,
1475 2539 1547 2560 non
1573 2528 1657 2573 quid
1683 2533 1851 2565 concedat
1873 2532 1989 2575 Deus,
2023 2538 2082 2569 sed

1095 2577 1180 2622 quid
1201 2578 1303 2617 velit,
1328 2577 1426 2622 quasi
1443 2577 1538 2611 Deus
1555 2590 1627 2611 non
1647 2581 1730 2614 velit
1746 2583 1963 2625 coniugium.
2013 2586 2082 2619 Po-

1093 2635 1222 2661 stremo
1257 2626 1398 2661 ethnico
1436 2640 1534 2662 more
1567 2630 1703 2674 colligit
1729 2634 1885 2677 vulgaria
1921 2637 2079 2671 convicia

1093 2690 1194 2713 sexus
1225 2679 1430 2718 mutiebris,
1470 2687 1504 2715 et
1537 2681 1693 2727 coniugii
1735 2685 1779 2717 de
1809 2682 1937 2730 quibus
1972 2685 2080 2721 Chri-

1372 2726 1455 2764 48*
