2415 2942
374 94 475 134 Xlll.

208 181 440 226 Quanquam.
476 189 514 215 ut
541 190 640 216 antea
677 183 769 223 dixi,
812 182 1020 215 concinnius
1047 188 1096 215 cst

106 234 329 276 interpretari
363 233 534 266 iusticiam
568 234 819 277 sempiternam
855 234 898 266 de
928 245 1096 265 consum-

105 95 175 130 865

106 290 199 316 niato
219 284 408 323 beneficit),
437 297 507 329 quo
533 282 882 328 comprehenduntur
913 290 946 316 et
972 283 1095 315 remis·
1118 312 1119 316 ,

105 335 176 372 sio,
203 341 236 367 et
254 335 322 367 vita
341 342 490 368 aeterna·
543 335 588 368 Et
613 335 754 379 quidem
770 334 896 367 Daniel
922 334 1027 366 simul
1044 333 1094 365 ibi

105 397 262 428 expresse
280 386 440 418 nominat
458 386 698 419 remissionem
717 392 936 428 peccatorum
949 381 1004 416 his
1015 397 1093 416 ver-

103 436 174 469 bis:
203 434 459 469 praevaricatio
484 436 644 476 finietur,
680 442 858 478 peccatum
888 434 1091 477 obsignabi-

103 493 181 528 tur,
212 486 245 518 id
273 494 342 526 est,
379 487 580 524 claudetur,
617 498 660 518 ne
684 497 746 518 nos
774 492 928 523 accuset,
957 493 989 518 et
1009 498 1089 528 pro-

105 537 247 579 piciatio
270 537 326 570 fiet
354 549 416 580 pro
442 537 638 580 iniquitate.
699 534 751 568 Ac
768 536 897 569 deinde
916 537 1089 580 sequitui-⁸:

105 588 312 620 Adducetur
330 588 464 620 iusticia
482 587 691 630 sempiterna
704 613 711 625 ,
740 598 829 630 quae
847 587 1019 629 significat
1035 599 1089 619 re-
1114 609 1115 613 ,

371 639 412 670 de
440 649 505 681 qna
532 638 629 680 prius
659 637 810 676 dixerat,
851 649 924 670 non
952 643 1088 670 tamum
1138 641 1220 676 guat
1244 640 1441 677 peccatum,
1475 641 1508 668 et
1532 638 1695 669 ostendat
1717 650 1839 670 omnes
1863 637 2022 674 homines
2049 655 2126 676 reos

99 699 171 720 esse
188 688 378 731 praesentis
397 688 486 720 vitae
505 689 660 728 honum,
687 688 745 720 sed
776 687 917 721 initium
939 699 1010 720 esse
1031 699 1088 720 ae-
1112 707 1113 710 =

614 737 792 782 Loquitur
825 750 906 781 ergo
933 740 975 771 de
1003 750 1087 771 con-
1111 750 1114 772 1
1138 742 1263 768 catum.

1112 790 1113 793 ’
1137 785 1246 818 simus
1270 785 1352 818 iusti
1377 787 1456 829 legi.

102 637 326 676 missionem,

101 745 219 771 ternae
244 739 365 772 salutis
388 745 420 772 et
445 738 546 772 vitae.

100 797 274 823 summato
298 789 477 821 beneficio.
532 788 583 821 Ac
610 789 832 822 manifestum
861 795 928 829 est,
957 801 1087 821 nomeu

97 846 258 872 aeternae
286 840 442 872 iusticiae
467 839 598 883 opponi
627 840 788 873 iusticiae
806 852 972 884 operum,
998 852 1087 885 quae

97 890 225 923 desinit
242 902 321 923 cum
340 888 404 923 hac
430 890 606 934 corporali
625 892 708 925 vita.

159 970 425 1006 Testimonium
451 969 591 1007 habens
616 973 653 1006 in
673 972 748 1019 lege
774 978 804 1007 et
823 970 1028 1021 Prophetis.

205 1039 369 1074 Diximus
394 1042 566 1074 iusticiam
590 1041 656 1075 Dei
689 1039 756 1075 hoc
787 1042 866 1075 loco
891 1042 1084 1076 necessario
1108 1077 1109 1091 ἶ

995 1091 1109 1140 hanc:

1106 1141 1108 1147 ’
1132 1153 1176 1173 vo
1195 1153 1277 1184 ego,
1305 1142 1392 1175 dicit
1410 1141 1603 1182 Dominus,
1638 1144 1720 1176 nolo
1745 1154 1892 1179 mortem
1923 1151 2125 1190 peccatoris.

96 1091 246 1135 intelligi
279 1093 485 1136 promissam
516 1099 660 1136 propter
699 1093 943 1127 mediatorem:

95 1143 145 1177 ait
161 1144 307 1176 nuncin
326 1141 521 1185 Evangelio
546 1143 727 1176 manifeste
746 1144 954 1186 praedicari.

197 1193 266 1227 Sed
283 1201 398 1236 posset
412 1194 536 1226 obiici:
565 1193 653 1227 Cum
677 1206 813 1237 semper
840 1195 944 1227 fuerit
961 1194 1083 1227 Eccle-

95 1245 155 1282 sia,
172 1255 311 1276 necesse
330 1251 380 1277 est
398 1242 487 1276 hanc
512 1245 684 1278 iusticiam
710 1253 741 1278 et
760 1245 922 1278 Patribus
940 1253 972 1278 et
994 1245 1082 1278 Pro-

95 1293 210 1337 pbetis
229 1301 346 1328 notam
363 1295 486 1327 fuisse:
521 1302 554 1328 et
569 1296 686 1338 regula
708 1307 788 1328 vera
815 1303 886 1337 est,
920 1295 1081 1329 Primum

95 1346 260 1390 quodque
277 1345 494 1378 verissimum
521 1353 582 1380 est.

194 1395 288 1428 Huic
318 1396 525 1436 obiectioui,
567 1402 605 1429 ut
636 1403 815 1435 occurrat,
850 1397 905 1429 vel
931 1409 1079 1441 occupa-

93 1446 202 1485 tioni,
243 1446 366 1479 inserit
399 1444 482 1478 haec
505 1447 630 1485 verba,
668 1448 796 1490 quibus
821 1448 982 1481 adfirmat
1007 1460 1078 1481 non

92 1498 205 1530 solum
239 1504 357 1533 notam
392 1497 497 1530 fuisse
538 1495 627 1529 hanc
664 1498 838 1530 iusticiam
871 1499 1076 1542 promissam

90 1555 235 1592 propter
260 1548 508 1587 mediatorem,
547 1550 606 1581 sed
634 1549 712 1581 ideo
734 1547 929 1592 Prophetas
957 1562 1078 1583 omnes

90 1599 214 1630 missos
248 1610 339 1638 esse,
380 1606 412 1631 et
439 1598 678 1631 confirmatam
711 1611 831 1631 eorum
859 1600 1078 1633 vocationem

92 1648 290 1681 illustribus
316 1647 512 1686 miraculis,
547 1656 586 1681 ut
610 1649 652 1680 de
679 1646 742 1681 hac
771 1651 1003 1691 promissione
1028 1658 1076 1683 te-

92 1706 158 1732 stes
175 1705 304 1737 essent,
332 1699 420 1731 sicut
437 1698 560 1731 Petrus
576 1699 707 1743 inquit:
734 1698 827 1732 Huic
851 1712 972 1732 omues
991 1700 1077 1733 Pro·
1100 1713 1102 1746 f

763 1748 953 1794 Emphasis
972 1752 1078 1793 igitur

90 1802 130 1833 in
155 1798 222 1832 huc
255 1801 330 1832 loco
357 1800 391 1831 in
412 1800 581 1832 vocabulo
608 1801 800 1832 testimonii
825 1802 1078 1842 consideretur,
1100 1817 1101 1822 ¹

90 1747 215 1793 phetae
241 1749 480 1783 testimonium
507 1747 702 1792 perhibent.

90 1858 124 1884 et
150 1851 232 1883 inde
259 1862 368 1894 usque
395 1851 438 1882 ab
466 1850 568 1883 initio
593 1849 737 1883 Patrum
763 1858 794 1884 et
819 1850 1076 1896 Prophetarum

89 1902 286 1935 doctrinam
311 1901 508 1933 vocationes
526 1909 558 1935 et
577 1901 742 1934 miracula
761 1902 973 1936 intueamur.

191 1951 351 1984 Primum
380 1953 422 1984 ad
449 1950 562 1984 Adam
590 1953 680 1984 edita
706 1959 756 1985 est
779 1955 982 1996 promissio:
1011 1956 1073 1987 Se·

88 2015 170 2036 men
195 2002 353 2035 mulieris
387 2003 606 2037 conculcabit
633 2009 736 2046 caput
764 2006 946 2047 serpentis.

89 2062 158 2087 stea
192 2054 234 2085 ad
263 2050 461 2085 Abraham:
507 2053 547 2086 ln
574 2054 706 2086 semine
737 2061 796 2087 tuo
821 2056 1075 2088 benedicentur

90 2116 211 2137 omnes
238 2110 366 2145 gentes.
419 2101 465 2136 Et
493 2103 598 2137 Iacob
622 2104 755 2149 inquit:
791 2105 871 2138 Non
895 2108 1074 2140 auferetur

89 2163 264 2198 sceptrum
292 2166 310 2186 a
337 2152 441 2193 luda,
485 2155 596 2187 donec
632 2155 768 2188 venerit
800 2155 921 2197 Silob,
965 2165 997 2191 et
1030 2159 1072 2189 ad

87 2203 182 2238 huuc
198 2211 314 2247 gentes
333 2206 650 2247 congregabuntur.
692 2203 738 2238 Et
757 2206 861 2241 Deut.
885 2209 957 2243 18.:
985 2207 1073 2241 Pro-

86 2254 226 2299 phet-<nn
259 2255 433 2288 suscitabo
467 2256 516 2289 eis
544 2268 585 2289 ex
616 2256 784 2290 fratribus
817 2260 921 2300 meis,
973 2260 1071 2292 simi-

87 2307 156 2340 lem
181 2307 245 2341 tui.

528 97 560 129 3.
589 95 887 132 ENARRATlo
914 95 1068 132 EPIST.
1096 93 1243 129 PAULI
1270 94 1338 128 AD
1365 92 1628 132 ROMANOS.
1681 95 1786 132 CAP.
1812 97 1879 133 ΙΙΙ.

1007 2004 1076 2037 Po-
1098 2016 1099 2035 ι

2061 101 2133 135 866

1149 179 1347 213 testimonia
1376 181 1417 213 de
1442 178 1504 213 luc
1532 181 1687 221 iusticia,
1735 196 1838 229 quam
1860 186 2010 220 adducet
2037 185 2133 220 Mes-

1145 241 1221 262 sias.

1247 279 1315 313 Sed
1342 294 1403 314 cur
1431 283 1532 315 dicit:
1561 282 1602 315 ln
1625 284 1722 327 lege?
1757 282 1936 319 Osiander
1959 299 2031 320 non
2057 289 2131 322 vult

1143 329 1292 373 intelligi
1326 331 1453 363 librum
1489 332 1594 365 Moisi
1637 342 1668 367 et
1703 336 1828 379 scripta
1858 336 2129 382 Prophetarum,

1143 381 1200 412 sed
1220 381 1362 427 proprie
1382 382 1510 423 legem:
1540 384 1582 416 sit
1600 384 1644 416 ita
1661 397 1754 418 sane.
1810 386 1897 419 Nam
1917 395 1949 421 et
1969 389 2130 423 victimae

1141 430 1178 462 in
1198 431 1271 473 lege
1292 432 1536 473 significabant
1555 434 1730 466 victimam
1751 436 1861 469 filium
1882 438 1967 479 Dei,
1987 447 2020 473 et
2037 439 2129 473 Pau-

1142 481 1195 513 lus
1212 482 1343 526 iuquit:
1373 482 1470 515 Finis
1493 484 1577 526 lrgis
1603 493 1651 518 est
1668 482 1844 527 Christus,
1871 490 1964 532 quod
1990 502 2062 523 non
2086 492 2128 524 de

1141 533 1350 565 ceremoniis
1385 540 1520 566 tantum
1547 535 1695 575 dicitur,
1736 539 1794 569 sed
1827 539 1869 570 de
1901 540 1973 582 lege
1996 542 2125 575 morali

1140 595 1290 627 quoque.
1344 582 1426 616 Ideo
1446 585 1498 616 lex
1513 586 1656 618 moralis
1673 588 1892 630 promulgata
1921 597 1990 630 est,
2017 599 2055 625 ut
2072 605 2128 624 ar-

1138 695 1229 722 esse,
1258 691 1297 717 ut
1313 683 1445 717 Paulus
1461 686 1597 730 inquit:
1628 686 1810 722 Conclusit
1827 702 1950 723 omnes
1968 693 2032 724 sub
2049 705 2129 736 pec-

1325 733 1389 768 Est
1421 736 1529 779 igitur
1552 737 1607 770 lex
1633 739 1895 780 testimouium,
1934 744 2028 786 quod
2055 756 2127 776 non

1518 787 1637 830 Quare
1655 801 1793 822 necesse
1819 798 1869 824 est
1896 804 1967 825 esse
1993 795 2128 827 media-

1137 843 1247 869 torem
1275 843 1308 869 et
1333 838 1620 880 propiciatorem,
1656 847 1798 883 propter
1823 854 1926 886 quem
1952 845 2056 878 detur
2073 858 2127 878 re-

1110 885 1112 936 :
1137 887 1256 920 missio
1289 896 1531 931 peccatorum,
1568 887 1609 924 Et
1645 903 1722 923 cum
1751 891 1805 924 lex
1830 904 1901 925 non
1927 894 1971 927 sit
1996 895 2127 929 frustra

1110 954 1111 957 =
1135 938 1221 978 lata,
1240 950 1377 971 necesse
1395 946 1445 972 est
1463 940 1599 974 restitui
1617 949 1798 981 naturam,
1818 951 1855 976 ut
1876 944 1933 977 fiat
1953 945 2018 979 lex.

1108 1018 1110 1033 :
1134 986 1296 1022 Christus
1320 996 1369 1023 est
1391 990 1470 1023 finis
1492 991 1598 1033 legis,
1625 992 1776 1032 scilicet,
1805 995 1892 1027 dans
1918 998 2126 1030 reconcilia-

2075 948 2124 980 ltu

1134 1041 1287 1080 tionem,
1322 1048 1506 1085 postquam
1534 1042 1588 1074 lex
1610 1042 1696 1074 iram
1715 1045 1886 1086 ostendit,
1923 1047 2003 1090 quia
2031 1047 2125 1081 Deus

1132 1102 1205 1123 non
1225 1092 1300 1124 vult
1318 1103 1382 1124 nos
1403 1092 1440 1123 in
1459 1099 1571 1125 morte
1591 1105 1750 1134 manere,
1769 1095 1863 1128 iuxta
1882 1097 2035 1132 dictum:
2065 1099 2128 1131 ti-

1130 1190 1193 1225 Est
1212 1199 1244 1225 et
1262 1192 1538 1235 restitutorlegis
1548 1191 1723 1235 Christus,
1741 1207 1819 1228 cum
1834 1200 2014 1233 resuscitat
2025 1207 2056 1233 et
2069 1203 2127 1235 dat

1129 1242 1236 1276 vitam
1248 1250 1434 1284 aeternam,
1450 1243 1487 1276 in
1507 1256 1574 1288 qua
1586 1244 1679 1278 Deus
1696 1246 1932 1281 eritomniain
1945 1251 2122 1285 omnibus.

1232 1293 1348 1327 Simul
1375 1301 1488 1327 autem
1514 1296 1641 1328 refutat
1664 1295 1796 1329 Paulus
1820 1299 1965 1332 stultum
1993 1309 2025 1334 et
2044 1315 2124 1345 per-

1128 1344 1300 1377 niciosum
1320 1356 1474 1377 errorem
1493 1344 1636 1378 illorum
1650 1371 1658 1384 ,
1687 1348 1747 1391 qui
1767 1348 1962 1389 finxerunt,
1993 1354 2120 1386 ordine

1128 1395 1165 1427 in
1191 1406 1316 1438 genere
1340 1393 1495 1428 humano
1517 1402 1586 1429 tres
1612 1398 1719 1430 fuisse
1736 1398 1846 1441 leges,
1874 1400 2000 1443 Legem
2019 1411 2121 1437 natu-

1128 1458 1203 1486 rae,
1232 1445 1423 1479 mosaicam
1453 1453 1486 1479 et
1510 1448 1758 1490 evangelicam.
1812 1448 1856 1483 Et
1876 1448 2035 1487 homines
2054 1456 2123 1488 sal-

1128 1504 1225 1530 vatos
1253 1508 1324 1529 esse
1350 1497 1509 1541 quolibet
1539 1504 1696 1543 tempore
1735 1501 1900 1544 operibus
1926 1503 2041 1547 legum
2067 1508 2121 1539 sui

1127 1555 1309 1591 temporis.

1229 1597 1306 1630 Hae
1327 1598 1455 1632 stultae
1486 1598 1757 1642 imaginationes
1788 1601 1872 1635 inde
1904 1612 2000 1638 ortae
2028 1615 2122 1648 sunt,

1128 1649 1222 1692 quod
1252 1649 1440 1682 discrimen
1468 1650 1552 1692 legis
1580 1658 1611 1683 et
1641 1649 1826 1695 Evangelii
1858 1654 2016 1696 ignotum
2041 1658 2119 1692 fuit.

1126 1699 1271 1732 Necesse
1294 1707 1342 1733 est
1360 1700 1485 1743 igitur,
1513 1701 1731 1734 notissimam
1760 1715 1831 1736 esse
1859 1718 1978 1739 vocem
2006 1707 2120 1751 Pauli,

1128 1749 1266 1782 lusticia
1290 1749 1374 1790 Dei,
1403 1752 1565 1785 videlicet
1591 1754 1759 1795 promissa
1783 1763 1926 1799 propter
1944 1759 2115 1792 mediato-

1127 1813 1218 1839 rem,
1246 1802 1322 1833 sine
1341 1802 1415 1845 lege
1434 1803 1654 1837 manifestata
1673 1811 1740 1843 est,
1756 1807 1813 1837 sed
1834 1809 2031 1842 testimonia
2052 1808 2117 1844 ha—

1126 1852 1183 1884 bet
1223 1849 1424 1895 prophetica
1459 1854 1622 1886 omnibus
1657 1857 1893 1898 temporibus,
1954 1860 2116 1895 videlicet

1125 1903 1161 1935 in
1186 1903 1417 1946 promissione
1442 1904 1591 1947 gratiae,
1619 1906 1747 1939 tradita
1765 1906 1864 1940 Adae
1888 1916 1919 1943 et
1938 1909 2116 1948 Abrahae.

1125 1953 1223 1987 Sicut
1242 1960 1356 1986 autem
1373 1967 1443 1987 una
1462 1962 1494 1988 et
1511 1957 1630 1988 eadem
1643 1963 1694 1990 est
1708 1957 1880 2000 sapientia
1899 1961 1935 1992 in
1947 1959 2020 1995 Deo
2041 1964 2116 1996 dis-

1125 2016 1271 2037 cernens
1297 2013 1408 2044 recta,
1444 2013 1476 2039 et
1492 2018 1564 2039 non
1583 2014 1686 2041 recta.
1741 2008 1799 2041 Sic
1829 2009 1865 2042 in
1891 2014 1986 2044 omni
2004 2021 2114 2047 aeter-

1125 2057 1235 2089 nitate
1267 2057 1386 2089 eadem
1413 2064 1463 2089 est
1485 2057 1540 2090 lex
1571 2058 1735 2099 moralis,
1771 2072 1859 2103 quae
1893 2063 1930 2094 in
1955 2061 2113 2099 Ecclesia

1123 2107 1289 2139 omnibus
1314 2108 1533 2150 temporibus
1556 2109 1699 2152 repetita
1727 2116 1795 2149 est,
1829 2123 1901 2145 non
1929 2120 2013 2147 tunc
2040 2117 2113 2158 pri-

1123 2169 1218 2190 mum
1243 2158 1361 2191 doceri
1392 2159 1524 2202 coepit,
1557 2171 1635 2192 cum
1668 2160 1704 2192 in
1739 2169 1858 2195 monte
1887 2162 1986 2197 Sinai
2019 2167 2112 2200 inter

1122 2219 1247 2252 magna
1267 2209 1436 2242 miracula
1461 2210 1602 2243 recitata
1621 2218 1682 2244 est.

1221 2258 1361 2293 Rursus
1379 2260 1481 2293 etiam
1499 2261 1681 2294 sciendum
1698 2268 1757 2301 est,
1775 2263 1914 2296 unicam
1937 2276 2009 2298 esse
2027 2279 2109 2311 pro-

1093 2323 1096 2349 i
1120 2310 1323 2343 missionem
1357 2312 1506 2354 gratiae,
1543 2324 1630 2355 quae
1656 2313 1792 2349 statim,
1829 2326 1905 2346 cuin
1931 2317 2046 2350 Adam
2075 2327 2108 2354 et

189 2356 327 2390 Deinde
363 2358 398 2390 in
430 2356 577 2390 Psalmis
613 2362 647 2389 et
683 2357 842 2391 omnium
874 2357 1071 2402 Propheta—
1093 2351 1096 2407 ᾗ
1122 2360 1196 2394 Eva
1213 2363 1472 2406 reciperentur,
1501 2363 1634 2405 prolata
1661 2370 1768 2396 estex
1787 2365 1866 2397 sinu
1893 2369 2026 2400 aeterni
2047 2382 2108 2414 pa-

89 2420 166 2441 rum
185 2409 322 2451 scriptis
347 2409 454 2451 magis
478 2408 658 2451 perspicua
682 2409 884 2442 testimonia
906 2419 1004 2450 sunt,
1031 2419 1070 2445 ut
1092 2411 1095 2459 f
1119 2412 1182 2445 tris
1199 2424 1259 2456 per
1275 2414 1404 2446 filium:
1432 2413 1559 2446 Semen
1582 2413 1738 2446 mulieris
1757 2416 1978 2450 conculcabit
2003 2430 2106 2463 caput

86 2509 227 2544 multos.

88 2456 212 2492 Esaiae
241 2457 316 2492 53.:
352 2460 496 2503 Agnitio
529 2458 620 2491 servi
650 2459 719 2491 mei
751 2460 832 2493 iusti
868 2460 1070 2496 iustificabit
1092 2464 1094 2506 ζ
1119 2465 1302 2507 serpentis.

279 2509 323 2542 Et
340 2509 497 2543 Danielis
515 2510 566 2542 9.:
600 2510 807 2545 Adducetur
824 2511 957 2544 iusticia
975 2525 1068 2545 sem·
1091 2532 1093 2549 ι,
1117 2520 1232 2547 tarum
1259 2522 1292 2548 et
1319 2515 1355 2547 in
1380 2514 1573 2557 Evangelio
1609 2516 1752 2557 repetita
1776 2523 1807 2549 et
1839 2517 2010 2554 illustrata
2044 2527 2104 2556 esu

1360 2463 1456 2497 Haec
1480 2464 1666 2507 promissio
1692 2473 1807 2507 postea
1836 2478 1918 2499 voce
1944 2467 2102 2517 Prophe-

88 2560 225 2604 piterna
249 2567 282 2593 et
299 2561 439 2595 finietur
457 2560 726 2604 praevaricatio,
754 2569 787 2595 et
812 2562 869 2595 fiet
892 2564 1067 2607 propicia·
1089 2575 1092 2603 a
1116 2564 1187 2598 Nec
1203 2573 1317 2609 patres
1339 2566 1483 2598 fuerunt
1507 2565 1588 2598 iusti
1615 2572 1758 2609 propter
1781 2567 1910 2610 legem,
1946 2573 2002 2604 sed
2029 2574 2101 2606 sola

86 2611 136 2644 tio
160 2623 222 2654 pro
247 2619 403 2654 peccato,
437 2620 471 2645 et
495 2619 647 2654 ungetur
668 2611 817 2646 Sanctus
842 2612 1064 2650 Sanctorum.
1088 2613 1091 2663 l
1116 2615 1184 2648 fide
1201 2617 1394 2660 promissae
1417 2616 1677 2649 misericordiae
1701 2626 1844 2660 propter
1861 2621 2101 2664 mediatorem,

86 2660 316 2695 Manifestum
343 2669 392 2695 est
416 2663 522 2706 igitur
546 2669 637 2695 recte
659 2663 727 2696 dici
753 2676 772 2698 a
794 2663 923 2707 Paulo,
951 2673 1065 2700 extare
1086 2675 1091 2703 1
1115 2667 1203 2701 sicut
1219 2679 1377 2711 expresse
1399 2667 1516 2709 inquit
1533 2665 1657 2700 Petrus
1675 2667 1712 2700 in
1729 2668 1842 2703 Actis:
1868 2669 1935 2704 Per
1953 2674 2100 2714 gratiam

481 2715 563 2747 Ver..
588 2715 666 2748 XV.

132 2714 310 2748 Munna.
339 2715 441 2749 Orza.

1422 2715 1470 2751 55
