2415 2942
282 103 354 139 739

391 184 580 221 Dionvsius
597 181 634 214 in
652 193 692 214 eo
710 180 820 220 libro,
852 180 912 225 qui
937 180 1093 214 continet
1115 191 1270 213 ceremo-

295 241 370 274 nias
388 225 581 273 Ecclesiae,
608 243 686 265 cum
706 231 812 264 ritum
831 232 984 276 syntaxis
1009 232 1196 274 diligenter
1212 232 1270 263 de-

298 291 441 325 scribat,
476 293 591 318 tamen
622 293 765 326 prorsus
796 282 929 314 nullam
954 283 1034 315 facit
1061 282 1272 314 mentionem

300 343 340 373 dt·
357 337 569 371 oblatatione
585 333 739 376 corporis
761 332 940 365 dominici.
992 332 1063 366 Nec
1079 345 1190 365 canon
1208 331 1276 365 Ba-

299 390 367 423 silii
387 387 540 421 continet
559 383 646 418 lianc
663 384 890 417 oblationem.
933 382 1001 417 Sed
1027 390 1142 427 postea
1162 384 1275 416 dicam

300 441 399 484 plura
418 440 460 470 de
478 449 583 470 coena
602 434 759 469 Domini.
812 433 906 467 Haec
924 441 1059 467 tantum
1077 435 1216 475 addidi,
1241 440 1279 466 ut

302 490 518 524 ostenderem
544 493 675 519 veteres
706 485 882 518 interdum
911 492 1088 518 mutuatos
1112 497 1183 518 esse
1208 496 1280 517 ser-

301 551 423 575 mones
440 538 680 571 incommodos
697 548 714 568 a
735 536 884 581 populo,
910 543 946 569 ut
964 536 1037 569 fieri
1060 536 1146 570 solet
1166 534 1281 568 omni-

302 593 366 625 bus
388 590 569 624 aetatibus.

407 664 588 697 lnterdum
633 662 824 695 vincuntur
864 662 1002 695 iudiciis
1046 669 1077 696 et
1117 663 1284 707 exemplis

306 715 563 755 multitudinis,
591 725 679 757 quae
705 725 776 744 non
805 720 855 746 est
881 715 953 755 pia,
981 719 1017 746 ut
1043 710 1229 746 trahantur
1248 713 1284 746 in

309 766 569 810 superstitiones
587 764 702 807 aliqua
721 760 872 795 humana
892 763 1159 805 imaginatione,
1186 771 1224 797 ut
1248 764 1284 796 in

309 818 453 851 Sx‘nodo
471 815 601 848 lN'icena
615 840 622 852 ‚
650 813 715 844 nisi
737 824 828 845 unus
845 811 1066 856 Paphnutius
1084 815 1285 855 obstitisset,

307 858 426 901 suisset
443 865 631 909 approbata
651 863 822 896 sententia
847 863 1008 904 illorum,
1037 865 1097 909 qui
1122 865 1287 898 volebant

309 919 486 951 decretum
513 915 608 953 fieri,
641 921 679 946 ut
704 915 899 947 sacerdotes
930 915 1147 948 abstinerent
1171 928 1189 948 a
1215 916 1286 948 suis

309 968 487 1002 uxoribus.
555 965 613 998 Sic
636 963 852 1009 Cyprianum
879 971 911 997 et
936 965 1064 998 multos
1093 966 1180 999 alios
1205 966 1288 1000 vicit

308 1019 533 1057 consuetudo,
551 1022 587 1049 ut
606 1017 793 1059 probarent
808 1013 1084 1059 prohibitionem
1103 1017 1269 1060 coniugii.

413 1093 499 1126 ltem
518 1099 586 1125 tota
613 1092 769 1135 synodus
783 1090 914 1124 Nicena
932 1104 1102 1126 consensu
1125 1094 1288 1128 multitu-

311 1145 404 1179 dinis
420 1151 478 1177 aut
496 1142 660 1185 temporis
677 1142 780 1182 victa,
806 1143 1014 1186 approbavit
1030 1142 1188 1177 Canones
1207 1158 1289 1188 poe-

312 1195 498 1234 nitentiae,
532 1193 591 1238 qui
617 1199 733 1236 postea
756 1201 962 1235 pepererunt
990 1205 1060 1226 non
1087 1195 1290 1228 tolerandos

314 1258 459 1280 errores.
501 1243 630 1286 Magna
648 1243 802 1286 exempla
820 1244 923 1276 etiam
941 1245 1018 1287 pios
1034 1256 1134 1288 saepe
1152 1246 1291 1285 fallunt,

314 1299 400 1331 sicut
421 1295 568 1328 Antonii
589 1293 783 1336 exemplum
804 1295 922 1327 multis
945 1295 1072 1327 offudit
1095 1297 1291 1339 caliginem.

316 1348 493 1381 Hactenus
517 1345 588 1377 dixi
616 1345 659 1376 de
684 1344 766 1386 piis,
801 1345 860 1388 qui
892 1345 1027 1378 etiamsi
1060 1353 1139 1379 sunt
1172 1348 1294 1387 sancti,

316 1406 431 1432 tamen
459 1395 603 1440 plurimi
635 1401 716 1428 sunt
746 1395 888 1430 infirmi.
960 1395 1099 1428 Addam
1130 1410 1225 1431 nunc
1251 1398 1294 1430 de

313 1449 429 1494 lapsis.

417 1513 600 1547 Interdum
620 1512 667 1556 pii
694 1523 836 1556 prorsus
862 1512 1045 1554 labuntur,
1073 1521 1103 1546 et
1129 1515 1295 1548 amittunt

317 1565 486 1611 Spiritum
511 1571 690 1603 sanctum,
724 1563 810 1595 sicut
837 1561 1030 1605 Origeuem
1054 1564 1171 1596 iudico
1196 1577 1295 1608 pror·
1319 1557 1322 1584 ἕ

871 94 993 130 PHIL.
1021 92 1136 131 MEL.
1163 92 1374 129 SCRIPTA
1401 91 1699 128 EXEGETlCA.

2227 95 2301 131 740

1423 177 1560 213 Deinde
1576 177 1763 210 dicendum
1779 184 1848 219 est,
1873 180 2072 224 scriptores,
2098 179 2158 226 qui
2176 187 2304 222 extant,

1324 242 1423 274 saepe
1441 231 1554 273 lapsos
1576 240 1667 269 esse,
1694 234 1728 261 et
1752 228 1906 263 fortassis
1929 232 2066 277 aliquos
2092 244 2135 265 ne
2159 232 2302 277 quidem

1326 281 1484 314 membra
1503 279 1677 312 Ecclesiae
1694 290 1776 313 esse.

1428 330 1551 364 Tertio
1575 330 1776 363 addendum
1802 337 1851 363 est
1877 330 1971 363 aliud
1997 331 2194 365 discrimen.
2264 330 2305 364 ln

1329 382 1390 415 illo
1407 389 1525 422 coetu,
1551 381 1612 425 qui
1640 387 1784 413 vocatur
1800 379 1972 421 Ecclesia,
1998 388 2048 414 est
2073 382 2196 424 ingens
2213 383 2306 415 mul-

1331 434 1443 467 titudo
1470 433 1657 475 impiorum
1675 458 1684 471 ,
1728 443 1878 476 quorum
1913 431 2071 476 plerique
2097 434 2307 466 antecedunt

1332 491 1484 516 caeteros
1513 483 1719 521 autoritate,
1758 482 1871 525 specie
1897 482 2103 525 religionis,
2143 482 2310 526 opinione

1333 534 1527 572 doctrinae,
1561 533 1680 578 quales
1705 533 1847 567 suerunt
1872 533 1907 565 in
1930 533 2061 577 populo
2086 531 2191 574 luda,
2221 539 2311 566 tem-

1335 597 1418 629 pore
1444 583 1642 617 Hieremiae
1677 583 1881 627 pontifices,
1926 590 1959 616 et
1985 584 2179 617 sacerdotes
2200 583 2312 626 impii,

1335 635 1395 680 qni
1414 643 1445 668 et
1467 635 1530 678 ipsi
1549 643 1669 667 contra
1689 634 1901 667 Hieremiam
1920 634 2116 677 allegabant
2140 634 2311 667 autorita-

1336 695 1403 720 tem
1421 686 1512 718 sedis
1536 698 1574 718 ac
1598 686 1700 728 legis,
1724 692 1756 718 et
1781 685 2045 729 promissiones:
2081 684 2161 718 Non
2183 685 2314 729 peribit

1336 738 1389 769 lex
1407 749 1423 769 a
1443 737 1701 774 sacerdotibus,
1729 737 1900 778 negabant
1918 747 2020 768 suum
2038 742 2174 769 coetum
2198 747 2314 768 errare

1339 799 1456 831 posse,
1483 799 1560 819 cum
1587 794 1703 820 tamen
1728 799 1870 830 prorsus
1893 793 2068 827 errarent,
2097 793 2129 819 et
2153 785 2316 820 dissenti-

1338 845 1413 871 rent
1441 850 1458 870 a
1484 837 1674 871 Hieremia.
1748 836 1833 870 ltem
1864 844 2019 881 tempore
2051 835 2182 871 Christi
2217 842 2316 870 erant

1339 888 1537 933 paucissimi
1557 888 1604 931 pii
1617 914 1625 927 ,
1652 887 1813 921 videlicet
1830 885 2017 920 Zacharias
2034 894 2067 921 et
2084 886 2242 922 Simeon.

1439 937 1549 971 Porro
1579 950 1657 971 cum
1689 938 1796 982 impia
1830 938 2021 971 multitudo
2050 938 2254 971 dominatur
2281 937 2318 970 in

1339 988 1514 1029 Ecclesia,
1543 988 1722 1021 constituit
1744 989 1888 1020 nomine
1905 987 2079 1021 Ecclesiae
2101 988 2210 1021 multa
2234 988 2320 1021 falsa

1340 1047 1372 1072 et
1401 1039 1518 1082 impia.
1579 1038 1678 1071 Talis
1701 1038 1890 1071 multitudo
1912 1038 2069 1082 amplexa
2091 1044 2142 1071 est
2165 1038 2321 1083 applica-

1340 1090 1471 1124 tionem
1501 1087 1689 1122 Missarum
1724 1100 1786 1131 pro
1818 1088 1908 1121 vivis
1929 1095 1962 1122 et
1991 1088 2164 1129 mortuis,
2205 1089 2320 1122 cultus

1342 1148 1502 1174 votorum
1530 1146 1561 1173 et
1587 1145 1807 1178 sanctorum,
1834 1146 1953 1185 postea
1979 1139 2175 1182 exemplum
2199 1139 2321 1174 nocuit

1342 1192 1420 1235 piis.
1475 1189 1573 1223 Talis
1589 1190 1780 1223 multitudo
1799 1190 1901 1222 etiam
1921 1189 1958 1221 in
1974 1191 2110 1235 synodo
2129 1190 2322 1231 constituit,

1343 1241 1539 1275 divellenda
1558 1252 1629 1273 esse
1647 1240 1807 1283 coniugia
1824 1242 2053 1273 sacerdotum.
2080 1239 2190 1284 Saepe
2205 1247 2321 1274 autem

1343 1292 1468 1325 accidit
1492 1292 1526 1323 in
1551 1289 1723 1331 Ecclesia,
1759 1298 1798 1324 ut
1823 1291 1920 1334 impii
1943 1291 2148 1324 excellentes
2172 1291 2324 1334 ingeniis

1344 1349 1484 1375 sumant
1508 1342 1658 1385 impetus
1680 1341 1915 1374 constituendi
1941 1341 2145 1383 religionem
2170 1339 2324 1375 humana

1345 1392 1532 1435 sapientia,
1576 1392 1637 1436 qni
1664 1404 1741 1424 cum
1775 1403 1846 1424 non
1877 1397 2086 1424 moveantur
2110 1392 2217 1424 verbo
2244 1391 2324 1431 Dei,

1345 1445 1402 1476 sed
1430 1444 1604 1476 ducantur
1635 1442 1780 1474 rationis
1804 1441 2068 1483 imaginatione,
2095 1447 2127 1474 et
2154 1450 2325 1486 quaerant

1319 1488 1536 1526 =concinnas
1570 1492 1781 1535 opiniones,
1821 1492 1968 1534 gignunt
2010 1491 2116 1534 impia
2150 1493 2325 1534 dogmata,

1347 1544 1434 1576 sicut
1453 1543 1716 1581 samosatenus,
1744 1542 1890 1580 Arrius,
1915 1540 2087 1583 Pelagius.
2130 1541 2203 1574 Alii
2219 1553 2327 1586 quae-

318 1628 375 1651 sus
395 1617 499 1648 fuisse
526 1615 683 1658 lapsum,
725 1614 925 1657 praesertim
952 1614 978 1646 si
1002 1614 1187 1648 affirmavit
1214 1616 1294 1648 illos
1319 1585 1323 1620 Ι
1347 1601 1429 1627 ΝΜ
1460 1599 1602 1632 'mimia’
1638 1599 1696 1625 aut
1726 1598 1899 1636 quaerum
1932 1603 2126 1634 spoemsum
2160 1603 2329 1635 regunen'

317 1667 535 1712 prodigiosos
561 1676 714 1704 errores,
747 1666 840 1707 quod
867 1665 996 1697 suerint
1020 1664 1295 1699 innumerabiles

316 1718 440 1752 mundi
462 1741 470 1754 ,
511 1716 604 1760 quod
640 1714 773 1747 diaboli
810 1722 985 1758 postremo
1020 1716 1089 1749 sint
1123 1717 1294 1750 salvandi.

317 1768 559 1802 Tertullianus
590 1766 693 1798 etiam
722 1765 828 1808 impie
856 1766 998 1799 damnat
1026 1768 1193 1800 secundas
1228 1781 1294 1800 uu-

317 1820 422 1865 ptias:
455 1817 609 1851 fortassis
634 1824 748 1849 autem
773 1816 1005 1858 resipuerunt.
1066 1816 1174 1851 Multi
1201 1819 1292 1850 enim

321 1882 400 1903 vere
425 1869 510 1912 lapsi
535 1868 570 1900 in
597 1868 664 1899 vita
685 1874 715 1900 et
739 1867 917 1907 doctrina,
944 1874 1061 1900 tamen
1076 1869 1295 1912 resipiscunt.

320 1920 366 1954 Et
390 1919 588 1962 saepissime
613 1918 667 1959 fit,
701 1924 740 1950 ut
769 1918 879 1951 sancti
913 1930 992 1951 vere
1017 1919 1199 1960 labantur,
1233 1932 1295 1952 nec

321 1972 474 2005 iudicent
494 1970 587 2002 iuxta
604 1968 748 2000 verbum
776 1975 810 2001 et
833 1968 1050 2012 spiritualem
1077 1970 1211 2011 lucem,
1237 1971 1293 2003 sed

322 2021 542 2064 decipiantur
578 2019 828 2061 imaginatione
868 2019 1041 2058 rationis,
1086 2021 1145 2064 qui
1179 2028 1295 2054 tamen

323 2073 448 2105 deinde
467 2070 685 2112 resipiscunt.
739 2069 835 2102 Sicut
855 2068 1002 2102 Gedeon
1021 2083 1163 2113 prorsus
1180 2072 1296 2116 lapsus

322 2131 388 2164 est,
417 2121 570 2155 humano
590 2120 734 2153 consilio
755 2120 939 2153 instituens
957 2121 1102 2155 cultum.

421 2188 474 2223 Ex
489 2187 544 2221 bis
560 2188 725 2221 omnibus
741 2188 898 2232 sequitur
911 2189 1104 2221 conclusio:
1131 2188 1204 2222 Etsi
1218 2200 1295 2221 vera

324 2240 494 2279 Ecclesia,
521 2251 609 2284 quae
631 2247 681 2272 est
702 2239 842 2280 exigua,
870 2240 996 2272 retinet
1016 2239 1181 2272 articulos
1207 2239 1298 2278 fidei,

325 2300 439 2324 tamen
457 2292 513 2323 illa
532 2291 604 2333 ipsa
623 2301 701 2322 vera
718 2288 872 2322 Ecclesia
892 2296 1005 2333 potest
1032 2288 1160 2323 habere
1184 2297 1295 2323 errata

325 2342 547 2375 obscurantia
572 2340 737 2373 articulos
759 2340 848 2375 filei.
915 2339 1095 2373 Praeterea
1127 2341 1227 2373 multi
1251 2341 1296 2373 ita

326 2393 509 2430 labuntur,
552 2398 590 2424 ut
618 2391 814 2434 approbent
847 2403 988 2434 prorsus
1013 2391 1139 2433 impios
1164 2402 1298 2424 errores

324 2451 442 2475 contra
461 2442 624 2475 articulos
649 2442 746 2482 fidei,
773 2441 908 2474 etiamsi
935 2442 1090 2475 fortassis
1112 2442 1221 2486 aliqui
1243 2454 1296 2474 re-

319 2494 499 2538 sipiscunt.

426 2559 582 2591 Primum
609 2558 733 2599 igitur,
761 2570 839 2591 cum
868 2558 1036 2591 autoritas
1051 2557 1225 2590 Ecclesiae
1248 2558 1296 2590 al—

325 2612 476 2653 legatur,
505 2610 742 2652 quaerendum
764 2615 834 2646 est,
869 2621 911 2641 an
930 2609 1034 2642 fuerit
1059 2621 1158 2641 verae
1177 2607 1296 2642 Eccle-

323 2663 390 2694 siae
409 2670 615 2700 consensus,
643 2669 836 2700 congruens
853 2671 930 2692 cum
948 2661 1053 2693 verbo
1071 2658 1146 2693 Dei.

1345 1640 1516 1682 εὐταξίαν
1558 1643 1704 1686 populi,
1744 1650 1775 1675 et
1817 1640 1871 1674 liis
1913 1642 2024 1674 causis
2059 1649 2247 1676 moventur
2280 1643 2325 1676 ad

1347 1695 1579 1727 instituendos
1606 1701 1638 1726 et
1664 1693 1895 1726 cumulandos
1923 1693 2054 1732 cultus,
2089 1699 2128 1725 ut
2154 1691 2329 1734 monachi,

1348 1745 1559 1788 Gregorius,
1599 1751 1631 1777 et
1673 1742 1738 1776 ltoc
1780 1750 1937 1786 tempore
1980 1743 2158 1786 pontifices
2177 1771 2185 1784 ‚
2227 1743 2327 1787 prin-

1346 1797 1457 1840 cipes,
1492 1802 1524 1829 et
1555 1795 1657 1827 multi
1690 1794 1755 1826 viri
1789 1795 1883 1827 docti
1914 1794 2090 1838 cupientes
2116 1795 2328 1828 constituere

1346 1846 1550 1887 Ecclesiam,
1577 1852 1763 1878 moventur
1779 1842 1930 1877 humana
1946 1845 2125 1888 sapientia,
2150 1852 2181 1878 et
2198 1845 2328 1878 omisso

1349 1899 1452 1930 verbo
1476 1896 1558 1937 Dei,
1593 1896 1716 1928 volunt
1737 1894 1926 1928 Ecclesiam
1943 1895 2035 1928 iuxta
2061 1906 2139 1928 suas
2157 1895 2328 1938 imagina-

1348 1949 1459 1981 tiones
1487 1947 1720 1980 constituere:
1763 1957 1825 1978 nec
1863 1945 1984 1978 vident
2015 1957 2086 1978 esse
2119 1942 2326 1979 horribilem

1348 1999 1586 2042 impietatem,
1627 1997 1802 2029 discedere
1841 2007 1858 2028 a
1890 1996 1994 2027 verbo
2028 1994 2120 2036 Dei,
2161 2007 2328 2040 quaerere

1347 2048 1460 2082 Deum
1479 2049 1553 2081 sine
1572 2048 1694 2087 verbo,
1721 2047 1833 2079 cultus
1857 2046 2038 2079 instituere
2057 2044 2212 2079 humano
2233 2047 2328 2078 arbi-

1348 2101 1432 2139 trio,
1468 2099 1542 2131 sine
1566 2100 1730 2130 mandato
1747 2096 1810 2129 Dei
1831 2108 1908 2129 vera
1926 2098 2088 2140 dogmata
2113 2103 2265 2136 mutare,
2293 2104 2326 2130 et

1348 2151 1544 2194 opprimere
1563 2149 1746 2191 puritatem
1768 2147 1864 2179 verbi
1883 2146 1960 2180 Dei.

1447 2199 1535 2233 Cum
1563 2199 1668 2241 igitur
1691 2198 1859 2230 obiicitur
1881 2197 2048 2230 autoritas
2065 2195 2259 2237 Ecclesiae,
2289 2205 2326 2231 nt

1348 2250 1586 2284 (leMissarum
1603 2249 1851 2291 applicatione:
1880 2246 2032 2279 Ecclesia
2050 2260 2119 2279 nou
2138 2255 2240 2288 errat,
2257 2246 2327 2281 Ec-

1349 2303 1450 2335 clesia
1467 2308 1517 2334 tot
1533 2300 1656 2333 seculis
1674 2299 1864 2344 applicavit
1885 2297 2026 2330 Missas:
2057 2298 2163 2340 igitur
2185 2311 2259 2332 mos
2279 2306 2327 2332 est

1348 2353 1551 2387 servandus,

1447 2402 1749 2446 Respondendum
1783 2408 1831 2433 est
1867 2400 1910 2432 ad
1946 2397 2132 2431 maiorem:
2173 2397 2328 2433 Ecclesia

1350 2454 1532 2493 universa,
1574 2464 1662 2496 quae
1696 2458 1745 2484 est
1778 2450 1966 2483 multitudo
2000 2449 2260 2483 dominantium
2289 2451 2326 2483 in

1350 2504 1523 2544 Ecclesia,
1551 2509 1661 2547 potest
1687 2513 1820 2541 errare,
1845 2501 1933 2534 sicut
1959 2500 2121 2532 errabant
2145 2501 2326 2548 pontifices

1349 2564 1381 2589 et
1407 2555 1626 2593 sacerdotes,
1669 2552 1855 2590 hremiae,
1897 2557 1956 2583 aut
1989 2548 2120 2583 Christi
2157 2559 2323 2595 tempore.

1349 2604 1394 2639 Et
1426 2616 1622 2650 quanquam
1657 2609 1791 2646 praeter
1823 2602 1917 2634 illam
1953 2600 2215 2634 multitudinem
2245 2609 2326 2635 sunt

1350 2657 1458 2702 aliqui
1478 2657 1544 2700 pii,
1571 2655 1631 2700 qui
1656 2655 1807 2687 retinent
1832 2652 1997 2686 articulos
2025 2652 2123 2693 fidei,
2151 2659 2268 2685 tamen
2287 2649 2323 2684 hi
