2415 2942
123 87 196 124 709
297 85 397 122 XIII.
449 85 484 120 2.
513 78 878 120 COMMENTARH
907 79 955 114 IN
988 73 1144 113 EPIST.
1169 68 1320 106 PAULI
1346 66 1415 104 AD
1440 64 1703 104 ROMANOS.
1756 64 1861 100 CAP.
1889 64 1992 100 XIII.
2080 66 2154 101 710

223 172 402 216 pelagiani
421 172 656 204 discesserunt
674 170 717 203 ab
735 167 894 209 analogia
912 165 1010 204 fidei,
1028 163 1109 208 quia
1136 168 1140 187 ¹

121 233 293 268 negarunt
313 237 384 257 esse
400 224 543 267 aliquod
564 228 741 264 peccatum
759 218 941 261 originale,
958 223 989 249 et
1002 215 1110 247 finxe-

121 285 204 310 runt
233 277 298 319 legi
320 275 385 309 Dei
410 274 569 308 satisfieri
595 285 656 317 per
675 269 759 304 haec
782 268 967 303 rationalia
993 277 1110 309 opera,

121 341 210 374 quae
237 325 398 359 homiues
424 333 602 368 utcunque
623 324 757 357 efficere
776 327 933 365 possunt.

122 534 330 566 docuerunt.
387 530 473 563 Item
506 529 720 562 addiderunt
741 524 902 558 homines
928 525 1002 557 sine
1026 522 1108 564 Spi-

121 585 191 617 ritu
211 590 329 615 sancto
347 582 457 614 iustos
472 592 544 613 esse
561 587 594 613 et
611 578 751 612 salvari.
794 576 869 609 Hae
893 573 1108 619 pharisaicae
1133 586 1134 619 ξ

120 634 307 676 opiniones
334 644 476 676 prorsus
497 631 617 664 delent
633 628 868 671 Evangelium
894 629 936 660 de
952 624 1106 660 Clu-isto.
1132 653 1134 658 Α

121 684 205 718 Ideo
229 685 325 718 enim
344 682 506 717 Christus
528 681 631 715 nobis
657 681 810 713 donatus
838 686 908 719 est,
935 678 1016 723 quia
1044 687 1108 707 nos

118 798 240 820 sumus
259 786 351 819 insti.
405 785 587 826 Proposita
614 790 661 816 est
686 783 753 815 alia
773 782 931 822 iusticia,
958 787 994 814 nt
1012 779 1107 812 scili-

118 846 172 872 cet
187 838 254 870 fide
272 843 415 881 propter
430 834 609 870 Christum
627 835 709 867 iusti
729 842 942 878 reputemur.
987 831 1106 873 Quare

117 888 328 930 Pelagianae
345 888 554 931 opiniones,
574 898 652 919 cum
673 886 798 919 tollant
818 885 984 918 beneficia
1001 883 1103 918 Chri-

118 940 182 979 sti,
217 951 437 983 nequaquam
457 945 538 971 sunt
556 937 723 979 analogae
748 937 840 971 fidei.

221 990 326 1024 Tales
354 998 435 1023 sunt
464 991 568 1023 etiam
602 989 789 1032 opiniones
824 988 1105 1021 adversariorum

119 1050 339 1080 nostrorum,
383 1043 442 1086 qui
469 1042 606 1081 fingunt
638 1039 801 1072 homines
826 1051 925 1082 posse
948 1039 1014 1082 legi
1040 1037 1106 1071 Dei

116 1095 329 1131 satisfacere,
365 1101 397 1126 et
422 1093 587 1136 operibus
611 1091 737 1123 mereri
756 1090 999 1123 remissionem
1028 1103 1108 1133 pec-

116 1152 290 1183 catorum,
309 1152 340 1178 et
358 1151 500 1187 propter
517 1155 620 1187 opera
640 1142 748 1175 iustos
767 1153 848 1180 esse,
864 1142 907 1173 (le
923 1142 989 1174 fide
1006 1142 1107 1174 iusti-
1132 1162 1133 1177 2

116 1197 241 1230 ficante
267 1208 347 1228 vero
374 1193 464 1228 nihil
482 1195 662 1228 dixerunt:
693 1194 770 1226 ideo
798 1205 920 1226 eorutn
944 1193 1104 1227 doctrina
1132 1190 1133 1214 ἶ
1160 1180 1266 1220 fides,
1294 1178 1489 1217 invocatio>
1521 1184 1551 1209 et
1576 1182 1730 1208 meletae
1755 1173 1920 1212 VirmleSa
1956 1170 2028 1203 imo
2054 1169 2151 1203 Deu⁵

118 1260 190 1281 non
211 1255 260 1280 est
276 1247 422 1288 analoga
448 1246 540 1281 fidei.

115 1350 160 1383 sit
178 1361 266 1393 opus
285 1349 534 1390 applicandum
554 1348 648 1380 allis:
686 1347 767 1392 quia
796 1346 903 1378 Missa
934 1358 1004 1378 non
1025 1358 1107 1388 pro-

115 1401 210 1437 dest,
239 1400 306 1432 nisi
332 1400 530 1432 recordanti
557 1406 703 1431 mortem
729 1396 884 1434 Christi,
919 1397 1008 1430 sicut
1032 1404 1106 1430 tex-

115 1458 170 1485 tus
192 1451 264 1493 ipse
284 1457 438 1483 testatur.
494 1449 613 1493 Quare
633 1462 704 1482 non
727 1449 791 1482 fuit
810 1449 1025 1482 credendum
1043 1461 1106 1492 ap-

115 1502 353 1546 paritionibus
371 1502 559 1545 spirituum
580 1502 774 1545 petentium
793 1499 934 1535 Missas.

215 1560 323 1600 Item,
365 1561 579 1593 dissentiunt
604 1572 622 1593 a
648 1560 716 1592 fide
740 1557 1003 1592 Monachorum
1027 1560 1107 1606 opi-

115 1612 260 1651 niones,
302 1612 395 1655 quod
424 1612 482 1643 illa
507 1623 613 1655 opera
642 1610 872 1644 traditionum
899 1611 969 1644 sint
991 1612 1106 1644 cultus

115 1662 203 1702 Dei,
231 1663 301 1695 sint
326 1662 504 1705 perfectio.

216 1712 287 1746 Nec
314 1720 364 1745 est
390 1713 535 1755 analoga
565 1712 645 1744 fidei
678 1712 855 1745 invocatio
892 1718 1106 1747 sanctorum,

116 1762 200 1797 Ideo
217 1776 289 1797 non
307 1764 372 1797 fuit
391 1765 606 1796 credendum
625 1763 905 1807 apparitionibus
921 1770 979 1795 aut
996 1763 1106 1794 mira-
1131 1768 1133 1787 ἓ

278 1828 344 1847 (ua
402 1815 422 1846 ’l
443 1829 460 1846 o
815 1836 823 1845 (
850 1827 855 1832 ·
975 1827 980 1833 -
1075 1814 1083 1821 ·
1132 1828 1133 1842 2

113 1872 236 1899 congr„
259 1816 483 1898 mlanffeslnlms,
512 1815 980 1898 §Exigsssmcsstfiwssglemm'
1024 1826 1106 1858 qma
1132 1849 1133 1867 ἓ
1161 1844 1261 1883 vilis,
1289 1843 1370 1888 quia
1394 1843 1585 1876 admodum
1613 1847 1741 1872 nocent
1765 1835 1893 1869 animis
1918 1835 1998 1867 illae
2022 1835 2151 1867 fanati-

732 1880 759 1902 l'
835 1877 1011 1909 ‘inaquam
1032 1877 1107 1897 cre·
1131 1888 1133 1920 ¹}
1160 1907 1218 1927 cae
1234 1895 1438 1938 opiniones,
1465 1905 1570 1938 quem
1591 1890 1830 1931 imaginantur
1847 1885 2018 1929 imperia,
2048 1886 2151 1928 leges,

115 1816 224 1853 culis,

113 1918 269 1949 dendum
289 1924 338 1950 est
356 1917 536 1949 miraculis
554 1924 611 1949 aut
629 1917 929 1960 apparitionibus,
947 1924 983 1948 ut
1002 1917 1107 1950 Dent,

116 1969 174 2002 13.
200 1969 383 2001 manifeste
413 1968 638 2012 praecipitur.
694 1966 748 2000 Ad
776 1980 880 2011 quem
909 1968 1023 2000 lorum
1049 1965 1107 2000 liic

113 2019 242 2052 alludit
261 2018 408 2057 Paulus,
436 2032 513 2052 cum
538 2019 716 2052 autoritati
740 2019 882 2050 illorum
902 2018 960 2060 qui
982 2019 1106 2050 videu-

114 2077 173 2103 tur
196 2081 267 2101 esse
292 2067 506 2114 Prophetae,
547 2070 695 2114 opponit
726 2070 882 2114 regulam
915 2071 957 2102 de
984 2070 1132 2102 analo-¹
1312 2100 1319 2106 ,
1352 2100 1359 2106 ,
1603 2097 1610 2102 .
1812 2093 1819 2099 .
1929 2091 1935 2096 .
1974 2090 1978 2094 -
2094 2089 2101 2095 -

1131 2134 1132 2137 ,
1161 2102 1290 2134 rendae
1311 2106 1460 2132 iniustae
1478 2104 1653 2140 potentiae
1673 2101 1793 2127 contra
1812 2091 2072 2131 imbecillioreS,
2093 2102 2149 2122 tu-

1131 2183 1132 2188 ,
1160 2152 1250 2184 dicia
1284 2151 1414 2184 servire
1449 2148 1635 2196 cupiditati
1665 2146 1840 2178 vindictae
1872 2148 1930 2175 aut
1966 2140 2147 2174 avaritiae.

1131 2204 1132 2232 ἕ
1161 2203 1219 2237 Sic
1237 2199 1407 2235 Monachi
1432 2198 1494 2233 has
1519 2211 1571 2232 res
1602 2199 1803 2235 intuentur,
1840 2194 1991 2237 ideoque
2014 2191 2148 2235 impro-

115 2121 169 2165 gia
196 2120 286 2154 fidei.

469 2218 607 2274 Caput
637 2222 754 2264 XIII.

218 2311 332 2356 Supra
352 2314 537 2355 proposuit
555 2321 736 2358 praecepta
761 2315 803 2346 de
824 2314 972 2358 privatis
996 2313 1106 2346 mori·
1132 2308 1133 2312 ¹

117 2363 201 2403 bus,
226 2375 264 2396 ac
283 2364 376 2396 velut
394 2362 532 2397 ethicen
552 2366 711 2399 tradidit.
762 2364 865 2398 Nunc
882 2366 979 2398 addit
1006 2377 1106 2408 prae-

119 2420 216 2457 cepta
233 2415 276 2446 de
293 2414 362 2447 vita
382 2416 536 2459 politica.
591 2415 804 2460 Quanquam
824 2416 916 2448 enim
934 2428 1005 2449 non
1027 2428 1106 2458 per-

119 2464 207 2498 tinet
231 2466 272 2496 ad
292 2464 543 2506 Evangelium‚
571 2469 629 2500 sed
653 2469 696 2500 ad
715 2467 886 2500 iudicium
908 2467 1057 2500 rationis
1074 2473 1107 2499 et

120 2515 306 2548 consilium
324 2518 564 2560 magistratus,
582 2519 674 2561 leges
692 2520 781 2552 serre
798 2520 840 2551 de
857 2518 1106 2556 contractibus,

118 2566 420 2607 successionibus,
447 2570 490 2601 de
516 2571 735 2610 actionibus,
763 2570 905 2612 poenis,
932 2569 1044 2606 bello,
1073 2575 1106 2602 et

117 2617 295 2651 similibus
325 2619 428 2652 rebus
457 2620 624 2655 civilibus
651 2629 713 2656 aut
747 2621 967 2659 forensibus,
1016 2620 1106 2653 sicut

119 2665 409 2712 architectonica,
451 2679 512 2706 aut
542 2685 598 2706 ars
618 2673 837 2707 medIcorutn
861 2673 906 2706 ad
929 2671 1103 2705 raIIOnem
1130 2693 1131 2697 ,

987 317 1108 359 ltaque
1134 342 1135 345 ,

121 386 307 412 senserunt
327 375 507 410 homiuem
526 374 580 409 his
597 373 763 418 operibus
782 371 908 405 mereri
930 367 1108 403 remissio·
1133 383 1136 413 ζ
1163 369 1282 394 nostra
1304 359 1433 393 habere
1453 358 1694 392 testimonium
1714 370 1752 389 ex
1773 358 1878 389 verbo
1894 356 1974 390 Dei.

121 443 202 463 nem
229 437 449 473 peccatorum
463 453 472 466 ‚
500 435 533 461 et
551 438 622 460 esse
641 426 768 458 iustum
790 429 933 466 propter
951 420 1109 453 rationa-

121 483 190 515 lem
209 481 449 524 disciplinam:
477 480 520 512 de
545 479 612 510 fide
629 476 838 509 iustificante
855 471 945 506 nihil
967 480 1109 515 prorsus
1162 470 1264 497 tenus
1281 461 1514 504 Evangelium
1541 459 1771 494 concionetur
1795 460 1838 491 de
1863 459 1967 490 rebus
1989 459 2154 500 politicis,

1166 158 1336 203 pertinet:
1365 162 1482 190 tamen
1506 154 1543 188 in
1567 165 1693 197 genere
1718 154 1761 185 de
1786 162 1852 185 usu
1876 149 2003 185 harum
2025 152 2154 187 artium

1166 221 1303 242 necesse
1328 215 1376 241 est
1401 214 1517 240 extare
1542 206 1688 238 verbum
1707 203 1772 238 Dei
1799 210 1943 247 propter
1963 203 2050 237 duas
2072 217 2156 237 cau-

1135 254 1137 280 ¹¹
1165 272 1236 300 sas,
1267 259 1312 293 Ut
1331 265 1567 302 agnoscantur
1583 268 1686 300 opera
1705 254 1789 294 Dei,
1807 256 1934 287 deinde
1952 261 1989 287 ut
2005 255 2155 289 sciamus

1162 323 1265 343 usum
1289 321 1491 343 concessum
1518 320 1590 341 esse
1612 306 1695 350 piis:
1738 306 1818 351 quia
1852 312 2014 348 oporteat
2047 317 2154 350 opera

1265 411 1424 444 Primum
1447 411 1555 453 igitur
1580 407 1636 441 hic
1657 409 1843 440 observent
1868 408 2033 445 lectores,
2063 419 2153 451 qua-

1162 515 1291 547 scilicet
1314 514 1351 545 in
1377 524 1514 556 genere.
1573 510 1712 544 Deinde,
1736 508 1964 542 meminerint
1991 507 2153 552 Evange-

1161 566 1248 598 Iium
1276 577 1347 597 non
1373 564 1586 597 constituere
1610 561 1714 593 aliam
1739 559 1899 604 politiam
1921 561 2152 598 mundanam,

1161 618 1220 649 sed
1238 616 1435 660 approbare
1452 613 1612 647 omnium
1632 611 1787 654 gentium
1807 610 1962 653 politias,
1999 622 2037 643 ac
2060 611 2153 653 leges

1161 668 1204 701 de
1233 669 1337 700 rebus
1362 666 1541 705 civilibus,
1583 662 1711 697 rationi
1745 668 1987 703 congruentes,
2054 660 2154 695 Sicut

120 749 193 769 non
213 735 441 768 satisfacimus
459 733 545 776 legi,
573 739 606 766 et
626 732 707 776 quia
727 739 873 775 propter
899 731 1007 773 legem
1034 739 1106 760 non
1133 730 1134 752 ἶ
1161 720 1334 763 ὃΡΡῐῸῙΜῑ
1353 717 1564 750 medicinam
1583 721 1641 747 211ss
1658 710 1979 746 fll'ChileCUffllfflm·
2018 710 2154 745 Interea

1161 783 1244 803 vero
1270 769 1504 812 Evangelium
1532 766 1674 810 proprie
1698 765 1741 796 de
1767 762 1942 807 spirituali
1961 769 1993 795 et
2012 769 2154 796 aeterna

1161 822 1229 855 vita
1250 823 1348 854 docet
1368 821 1462 863 pios,
1480 825 1517 852 ut
1538 818 1574 850 in
1594 815 1761 850 cordibus
1778 815 1940 847 incoe'tur
1958 813 2027 847 vita
2044 820 2154 847 aeter·

1132 868 1134 886 ³
1161 885 1223 913 na,
1254 880 1284 905 et
1305 880 1420 905 t:uuen
1444 871 1530 902 foris
1549 869 1623 901 vult
1647 878 1793 910 corpora
1819 872 1938 898 nostra
1962 864 2093 897 versari
2116 864 2154 897 in

1132 931 1133 946 ³
1162 922 1225 957 hac
1250 924 1345 956 civili
1370 922 1553 958 societate,
1592 926 1625 953 et
1647 917 1701 952 uti
1727 916 1977 950 communibus
2001 916 2155 950 vinculis

1132 996 1133 999 =
1161 975 1257 1008 illius
1281 973 1473 1011 societatiS,
1509 970 1739 1004 distinctione
1764 968 2026 1007 dominiorum,
2067 978 2154 1000 con-

1160 1027 1350 1069 tractibus,
1380 1024 1533 1067 legibuS‚
1554 1022 1712 1059 iudiciis,
1740 1019 2019 1062 magistratibtiS‚
2046 1024 2077 1050 et
2095 1029 2154 1050 re-

1161 1078 1280 1122 liquis.
1349 1075 1425 1109 Hae
1449 1086 1501 1107 res
1528 1081 1690 1106 externae
1718 1083 1790 1103 non
1820 1069 2037 1114 impediunt,
2082 1081 2152 1113 quo

1161 1129 1279 1162 minus
1305 1127 1455 1161 existant
1483 1126 1519 1158 in
1548 1124 1715 1157 cordibus
1741 1122 1874 1164 agnitio
1905 1119 1990 1159 Dei,
2033 1120 2153 1159 timor,

1161 1231 1345 1274 proposuit
1371 1229 1448 1262 illas
1473 1235 1632 1260 externas
1652 1238 1723 1267 res,
1752 1231 1790 1257 ut
1813 1230 1925 1256 essent
1952 1223 2153 1254 occasiones

219 1298 356 1339 pugnat
375 1310 451 1330 cum
471 1298 538 1330 fide
553 1297 655 1329 etiam
675 1295 796 1339 ορῐῃῑο
815 1295 856 1326 de
868 1294 991 1333 73155525
1011 1295 1103 1339 quod
1131 1287 1133 1318 ἶ
1160 1283 1195 1314 in
1215 1282 1343 1325 quibus
1361 1286 1586 1313 exerceantur
1601 1278 1704 1315 fides,
1723 1274 1921 1312 invocatio,
1951 1274 2056 1306 timor
2073 1271 2153 1314 Dei,

1160 1333 1345 1377 patientia,
1373 1330 1526 1363 dilectio.

1259 1383 1304 1416 lit
1332 1390 1380 1416 est
1405 1382 1576 1427 quaedam
1603 1378 1771 1423 sapientia
1805 1376 1909 1418 digna
1935 1372 2154 1413 Christiano,

1161 1435 1374 1477 intelligere,
1409 1445 1516 1478 quare
1542 1431 1636 1464 Deus
1667 1427 1860 1463 Ecclesiam
1893 1427 2083 1459 coniecerit
2116 1426 2154 1458 in

1161 1485 1222 1519 lias
1242 1486 1376 1517 inedias
1397 1483 1661 1526 occupationes,
1689 1479 1818 1513 scilicet
1846 1479 1926 1523 quia
1947 1477 2022 1510 vult
2039 1477 2074 1509 in
2096 1488 2153 1510 so-

1160 1538 1282 1570 cietate
1299 1535 1479 1569 communi
1498 1535 1589 1566 iuter
1609 1532 1769 1565 homines
1788 1530 2016 1562 innotescere.
2070 1527 2152 1561 Ideo

1162 1588 1274 1620 voluit
1297 1587 1416 1619 omnia
1443 1585 1555 1618 officia
1581 1583 1756 1617 societatis
1783 1592 1854 1612 esse
1879 1579 2039 1612 exercitia
2067 1590 2152 1611 con-

1159 1638 1342 1677 sessionis,
1379 1644 1412 1671 et
1435 1637 1539 1670 simul
1566 1634 1730 1668 exercitia
1762 1638 1902 1664 nostrae
1928 1630 2010 1663 fidei
2037 1636 2070 1663 et
2097 1629 2152 1662 di-

1160 1690 1332 1725 lectionis.

1262 1740 1401 1774 Deinde
1418 1737 1699 1772 assuefaciendae
1717 1740 1797 1769 sunt
1817 1740 1967 1772 menteS‚
1995 1738 2032 1765 ut
2049 1743 2151 1765 reve-

1160 1799 1279 1826 renter
1300 1792 1451 1825 sentiant
1471 1792 1513 1823 de
1536 1789 1703 1822 omnibus
1721 1786 1879 1830 partibus
1900 1783 2075 1816 societatis
2101 1784 2150 1815 ci-

1160 1947 1310 1984 iudicia‚
1339 1952 1557 1983 contractus,
1586 1954 1657 1975 esse
1680 1953 1736 1974 res
1760 1938 1969 1980 excogitatas
1994 1934 2151 1969 humana

1161 1998 1308 2036 astutia,
1343 2005 1374 2030 et
1398 2009 1469 2030 esse
1495 2002 1630 2027 tantum
1656 1992 1888 2024 iustrumenta
1914 1986 2149 2021 humanarum

1161 2050 1407 2092 cupiditatum.
1461 2045 1507 2080 Ut
1532 2045 1677 2088 imperia
1703 2055 1773 2075 esse
1798 2042 2030 2074 instrumenta
2052 2050 2150 2071 exer-

1160 2256 1244 2288 bant
1264 2266 1338 2294 eas,
1366 2259 1426 2286 aut
1442 2259 1533 2284 certe.
1553 2251 1743 2282 obscurant
1764 2257 1882 2280 earum
1901 2243 2122 2285 dignitatem.

1262 2305 1335 2338 Nos
1351 2311 1492 2337 econtra
1513 2300 1706 2334 honorifice
1724 2300 1765 2330 de
1783 2297 1830 2329 eis
1847 2295 2057 2337 cogitemus,
2075 2304 2147 2326 esse

1160 2358 1251 2391 dona
1278 2363 1310 2390 et
1334 2355 1574 2389 ordinationes
1595 2352 1677 2390 Dei,
1705 2349 1865 2386 traditas,
1894 2346 2046 2390 primum
2065 2356 2148 2388 pro-

1160 2418 1234 2453 pter
1256 2406 1349 2441 hunc
1366 2408 1490 2445 finem,
1517 2411 1553 2436 ut
1575 2401 1658 2435 haec
1675 2401 1818 2433 societas
1838 2402 2066 2430 conservetur
2082 2396 2147 2427 do-

1160 2461 1261 2493 cendi
1279 2471 1393 2493 causa.
1447 2455 1610 2491 Secundo
1623 2481 1632 2493 ,
1651 2459 1689 2486 ut
1706 2449 1789 2483 haec
1809 2450 1884 2494 ipsa
1901 2447 2016 2481 officia
2038 2446 2148 2479 socie-

1160 2513 1239 2545 tatis
1256 2511 1325 2543 siut
1343 2508 1503 2543 exercitia
1524 2503 1764 2539 consessionis,
1819 2500 1942 2532 Tertio
1955 2525 1962 2539 ‚
1982 2498 2076 2531 utin
2091 2494 2147 2529 his

1159 2563 1326 2607 operIbus
1347 2569 1567 2594 exerceamus
1593 2556 1753 2587 timorem
1780 2550 1866 2591 Dei,
1892 2550 2016 2589 fidem,
2044 2548 2146 2580 invo-

1158 2615 1352 2653 cationem,
1383 2608 1608 2643 dilectionem
1635 2613 1698 2640 etc.
1753 2603 1872 2645 Quare
1896 2601 2045 2633 sciamus
2075 2609 2148 2631 esse

1157 2666 1328 2710 impium,
1355 2662 1416 2696 has
1436 2672 1489 2693 res
1506 2659 1645 2692 divinas
1664 2653 1845 2700 aspernari
1861 2658 1922 2686 aut
1939 2651 2082 2685 violare.

1437 2710 1484 2745 45
1500 2706 1519 2726 ²¹⁵
