2415 2942
288 126 382 163 1207

287 214 403 257 plures
431 221 549 243 causas
575 207 743 250 significat
770 203 970 238 celebrandi
995 201 1167 235 beneficii.
1221 199 1267 234 Ut

288 264 316 296 si
350 264 464 306 plures
492 270 658 303 personae
691 258 725 289 in
753 253 898 288 historia
931 254 1048 298 aliqua
1082 253 1267 296 loqueren-

289 322 355 346 tur.
407 311 479 344 Alii
515 310 691 342 celebrent
723 306 965 338 liberationem
997 303 1096 336 Pauli
1128 309 1269 346 propter

868 117 994 153 PHlL.
1021 115 1138 151 MEL.
1167 114 1375 150 SCRIPTA
1401 111 1699 150 EXEGETICA.

1292 315 1295 339 ι
1319 307 1439 333 contra
1465 312 1542 340 eos,
1570 312 1656 345 quos
1682 307 1837 332 excutere
1860 307 2045 336 conantur.

2200 117 2296 150 1208

1421 198 1570 233 Gratum
1587 198 1719 232 faciunt
1735 198 1857 239 multi,
1878 200 1938 244 qui
1959 207 2083 244 augent
2103 200 2294 244 potentiam

1319 262 1459 289 eorum,
1488 256 1665 294 praetextu
1686 249 1882 291 religionis,
1909 257 1942 283 et
1966 259 2101 284 armant
2126 251 2295 294 populum

2096 301 2190 335 Haec
2212 301 2297 334 arti—

291 362 379 396 lianc
397 373 553 397 causam,
582 359 664 403 quia
685 357 771 390 utile
795 363 843 389 est
861 353 1034 388 Ecclesiae
1060 353 1120 386 diu
1148 363 1270 396 super-
1291 341 1295 409 l
1320 351 1394 384 ficia
1419 362 1481 383 nec
1504 351 1621 393 ignota
1648 362 1710 383 nec
1739 350 1863 384 usitata
1889 358 1983 389 sunt.

290 414 404 447 stitem
450 423 520 444 esse
566 410 667 442 taleni
710 409 900 440 doctorem.
962 404 1033 438 Alii
1076 404 1270 442 celebrent,

290 464 370 509 quia
398 462 588 505 gloriosum
613 459 808 501 exemplum
830 463 899 495 est,
926 462 959 489 et
978 455 1160 488 confirmat
1178 453 1268 485 mul-

291 522 361 553 tos,
399 520 435 546 ut
460 511 592 544 firmius
615 515 784 545 statuant,
829 505 923 539 liunc
949 507 1127 538 doctorem
1153 516 1170 535 a
1194 501 1270 536 Deo

291 565 434 597 missum
460 574 548 600 esse,
576 573 614 593 ac
633 559 768 591 firmius
787 557 1044 601 amplectantur
1062 554 1270 588 doctrinam.

291 615 364 649 Alii
388 614 585 651 celebrent,
620 610 701 654 quia
725 615 911 640 moventur
939 605 1005 639 lioc
1029 604 1206 647 exemplo,
1233 609 1271 636 ut

293 666 357 709 ipsi
384 676 524 710 quoque
551 661 668 694 ausint
693 666 806 703 petere
833 665 865 690 et
885 663 1064 700 expectare
1090 654 1271 687 liberatio-

293 728 372 755 nes,
399 716 487 748 sicut
514 714 549 746 iu
566 711 706 745 Psalmo
730 709 775 742 ob
801 706 889 740 lianc
911 719 1047 739 causam
1074 705 1270 748 exemplum

293 767 519 810 proponitur,
554 771 590 796 ut
611 762 667 794 alii
694 771 832 805 quoque
857 757 1060 800 confugiant
1080 757 1120 788 ad
1139 755 1269 788 Deum:

294 817 360 850 lste
377 827 508 861 pauper
525 812 704 850 clamavit,
724 818 756 843 et
772 809 945 843 Dominus
962 807 1138 841 exaudivit
1157 817 1244 838 eum.

294 898 484 935 Gloriatio
515 896 607 931 enim
639 897 766 927 nostra
799 889 888 925 haec
918 896 985 931 est,
1026 889 1271 923 testimonium

574 944 809 981 conscientiae
831 946 988 977 nostrae.

394 1017 462 1051 Hic
477 1014 631 1049 instituit
647 1025 721 1046 eam
740 1018 871 1056 partem
888 1008 1101 1042 narrationis
1113 1036 1121 1048 ,
1149 1008 1185 1042 in
1205 1019 1273 1052 qua

293 1082 328 1104 se
359 1074 517 1107 excusat,
567 1065 660 1110 quod
685 1075 756 1096 non
788 1062 892 1095 rediit
921 1057 1154 1100 Corinthum,
1194 1070 1273 1091 cum

295 1121 436 1166 quidem
461 1129 556 1162 spem
575 1115 708 1149 reditus
724 1114 772 1146 eis
790 1113 938 1145 fecisset.
992 1108 1044 1143 Ac
1068 1117 1183 1153 postea
1208 1109 1273 1142 ali-

294 1171 431 1217 quoties
456 1169 491 1201 in
525 1165 590 1200 hac
619 1165 776 1210 Epistola
814 1162 952 1207 inquit:
995 1159 1188 1194 Ministerii
1218 1160 1272 1193 sui

293 1220 574 1256 confirmationes
597 1228 668 1250 esse
692 1215 801 1248 multa
826 1212 1012 1251 miracula,
1046 1224 1134 1255 quae
1157 1217 1274 1243 osten-

295 1274 424 1306 debant
448 1271 562 1313 ipsum
587 1280 659 1300 non
683 1277 754 1299 esse
787 1266 1034 1312 impostorem,
1077 1263 1135 1294 sed
1167 1261 1273 1293 mini-

294 1331 405 1357 strum
433 1320 507 1353 Deo
539 1319 750 1363 placentem,
791 1322 822 1348 et
854 1321 945 1347 recte
975 1313 1176 1354 fungentem
1210 1323 1272 1344 suo

296 1371 512 1410 ministerio,
555 1380 628 1401 non
654 1366 878 1400 insidiantem
906 1363 1028 1396 alienis
1053 1362 1275 1395 facultatibus

296 1436 369 1458 non
395 1422 584 1466 potentiam
611 1423 853 1463 quaerentem,
897 1426 968 1446 non
994 1413 1160 1446 factiones
1189 1424 1274 1445 con·

295 1475 496 1509 stituentem
521 1471 563 1503 ad
581 1468 770 1501 movendas
786 1465 983 1498 seditiones.

396 1522 499 1556 Nunc
522 1521 661 1553 orditur
693 1525 828 1550 tantum
854 1528 871 1548 a
899 1515 1050 1558 puritate
1083 1524 1165 1545 suae
1190 1524 1274 1544 con—

297 1574 477 1609 scientiae:
505 1571 578 1604 Etsi
599 1570 757 1602 nondum
781 1566 889 1605 redii,
919 1572 1035 1598 tamen
1054 1564 1136 1596 nolo
1157 1574 1217 1595 vos
1235 1563 1276 1594 de

298 1639 353 1660 me
375 1635 471 1658 secus
496 1620 682 1665 suspicari,
718 1618 815 1663 quasi
833 1629 872 1649 eo
890 1628 960 1649 non
980 1614 1167 1653 redierim,
1195 1613 1274 1657 quia

298 1688 370 1710 non
389 1675 516 1719 possim
534 1672 622 1706 tueri
641 1670 836 1703 doctrinam
853 1678 964 1699 meam
982 1672 1102 1698 contra
1122 1664 1275 1696 Pseudo-

298 1726 493 1772 apostolos,
525 1730 583 1756 aut
607 1723 734 1765 pudeat
760 1731 814 1751 me
837 1728 958 1751 cursus
985 1717 1053 1748 mei
1079 1716 1169 1759 apud
1199 1726 1277 1769 vos,

299 1786 357 1813 aut
375 1776 458 1810 alibi
481 1774 613 1818 aliquid
636 1770 816 1815 captarim.
872 1767 941 1802 Sed
960 1767 1094 1799 affirmo
1111 1778 1164 1798 me
1182 1772 1276 1808 Opll-

299 1841 354 1862 ma
377 1824 605 1864 conscientia,
633 1830 666 1856 et
683 1822 773 1864 apud
802 1831 863 1852 vos
890 1825 923 1852 et
951 1817 1033 1850 alibi
1054 1817 1150 1859 fungi
1168 1816 1276 1848 mini-

299 1879 422 1918 sterio,
442 1888 495 1909 me
513 1887 583 1908 non
602 1884 673 1906 esse
692 1873 935 1915 impostorem,
960 1871 1017 1900 sed
1036 1880 1112 1900 vere
1129 1868 1277 1900 circum-

298 1933 388 1964 ferre
410 1929 648 1968 incorruptam
672 1935 788 1956 vocem
814 1919 1014 1962 Evangelii,
1042 1931 1105 1951 nec
1130 1930 1185 1950 me
1206 1929 1277 1949 ser-

301 1982 374 2014 vire
392 1979 456 2012 ulli
481 1977 635 2020 privatae
659 1972 853 2016 cupiditati.
905 1969 1159 2013 Complectitur
1183 1968 1275 2001 enim

299 2029 590 2065 asseverationem
608 2032 639 2058 et
656 2026 698 2056 de
714 2023 891 2061 doctrina,
919 2028 952 2053 et
968 2022 1010 2053 de
1033 2020 1176 2063 privatis
1199 2031 1276 2050 mo—

302 2084 410 2116 ribus.
466 2078 548 2111 Ideo
574 2076 705 2120 inquit:
751 2072 845 2105 Ilaec
871 2078 920 2105 est
951 2071 1112 2114 gloriatio
1146 2076 1276 2109 nostra,

301 2130 540 2166 testimonium
570 2124 802 2160 conscientiae
827 2130 984 2161 nostrae,
1025 2122 1118 2166 quod
1139 2121 1174 2152 in
1192 2119 1275 2152 sim-

301 2183 453 2227 plicitate
473 2187 504 2213 et
522 2177 720 2211 sinceritate
738 2174 822 2214 Dei,
855 2185 925 2206 non
951 2173 986 2204 in
1009 2171 1177 2216 sapientia
1201 2182 1275 2203 car-

302 2234 391 2271 nali,
427 2232 484 2264 sed
511 2230 547 2262 in
567 2227 691 2261 Gratia
714 2225 780 2259 Dei
807 2230 960 2257 versatus
982 2223 1045 2255 sim
1071 2223 1106 2254 in
1130 2222 1274 2256 mundo.

303 2284 341 2317 ld
367 2290 434 2321 est,
463 2281 598 2314 affirmo
624 2277 754 2321 optima
781 2273 1012 2313 conscientia,
1039 2285 1092 2305 we
1115 2284 1176 2305 nec
1199 2283 1274 2305 cor-

301 2345 462 2377 rumpere
486 2329 701 2366 doctrinam,
737 2338 800 2359 nec
823 2331 934 2358 astute
962 2324 1136 2356 inflectere
1155 2323 1195 2355 ad
1214 2335 1274 2354 cu-

303 2386 425 2429 iusque
454 2383 614 2420 affectus,
654 2390 716 2411 nec
739 2389 793 2409 me
823 2377 976 2420 privatae
1001 2375 1063 2407 ulli
1092 2373 1275 2416 cupiditati

303 2435 443 2469 servire.
504 2432 690 2465 Sumamus
725 2427 879 2471 exempla
911 2438 950 2459 ex
982 2425 1181 2458 recentibus
1220 2421 1274 2456 hi-

299 2493 426 2520 storus.

401 2533 550 2568 Gratum
569 2531 699 2564 faciunt
718 2529 874 2572 regibus,
899 2527 957 2572 qui
978 2533 1149 2571 quaerunt
1169 2526 1275 2564 fucos,

301 2586 478 2632 quomodo
504 2581 698 2615 doctrinam
726 2579 901 2613 Ecclesiae
924 2578 1104 2611 inflectant
1129 2577 1170 2608 ad
1204 2582 1273 2608 sta-

300 2645 394 2676 tum,
424 2635 481 2680 qui
501 2632 584 2678 ipsis
607 2632 735 2676 placet,
764 2631 823 2674 qui
847 2635 919 2663 arte
944 2629 1092 2673 pignunt
1117 2626 1274 2666 Missam,

298 2696 352 2720 aut
380 2687 464 2719 alios
490 2685 585 2717 titus.

1425 409 1473 442 lta
1501 416 1583 442 tunc
1612 418 1729 450 eraut,
1771 409 1829 453 qui
1860 410 2056 443 doctrinam
2083 411 2126 443 ad
2158 421 2299 443 suarum

1320 460 1511 493 factionum
1536 471 1656 492 sensus
1682 467 1713 492 et
1743 460 1939 493 voluntates
1962 467 2073 494 astute
2092 467 2301 503 attempera-

1322 512 1415 545 bant.
1470 509 1564 542 Haec
1590 522 1623 543 se
1648 510 1766 543 secisse.
1791 518 1910 552 negat.
1938 518 1969 544 et
1993 511 2199 553 sapientiam
2225 523 2301 543 car-

1322 561 1436 593 nalem
1457 561 1615 594 nominat
1633 561 1751 593 omnia
1773 561 1853 594 talia
1878 561 2022 594 consilia
2043 558 2217 600 humana,
2246 561 2300 593 vel

1321 612 1598 654 corrumpendae
1623 612 1820 650 doctrinae,
1862 612 1915 644 vel
1946 624 2088 656 quoquo
2113 612 2217 643 modo
2244 612 2301 644 in-

1323 662 1532 701 flectendae,
1576 668 1613 694 ut
1637 669 1696 695 aut
1728 662 1854 694 rationi
1881 659 2053 694 humanae
2077 662 2185 704 magis
2217 673 2301 695 con-

1322 713 1424 744 cium
1454 713 1635 751 videatur,
1663 719 1721 745 aut
1745 713 1853 755 magis
1877 715 2136 745 accommodata
2154 712 2196 745 sit
2218 724 2301 745 con-

1321 764 1519 796 stituendae
1542 763 1767 795 factiosorum
1796 764 1981 806 potentiae.

1425 820 1615 853 Pnritatem
1637 833 1718 854 vero
1738 823 1916 854 doctrinae
1939 821 2097 854 nominat
2121 821 2302 854 sincerita-

1454 871 1542 903 sicut
1577 872 1618 903 ad
1658 871 1779 905 Titum
1815 873 1880 905 ait:
1931 872 1971 906 ἐν
2004 874 2048 917 τῇ
2082 869 2305 917 διδασκαλίᾳ

1323 919 1595 967 ἀδιαφθορίαν.

1322 878 1390 903 len·-
1405 898 1411 910 ‚

1424 980 1692 1024 Simplicitatem
1724 981 1886 1013 nominat
1913 991 1995 1013 suae
2023 981 2215 1014 voluntatis
2249 993 2302 1013 re-

1324 1031 1550 1071 ctitudinem,
1587 1042 1659 1063 non
1685 1031 1868 1063 servientis
1895 1031 1960 1064 ulli
1986 1031 2140 1073 privatae
2165 1031 2304 1075 cupidi-

1324 1082 1404 1121 tati,
1432 1089 1491 1114 aut
1509 1081 1664 1114 ullorum
1683 1082 1906 1114 factiosorum
1930 1081 2123 1116 affectibus.
2173 1079 2302 1115 Exem-

1324 1133 1380 1176 pla
1406 1132 1556 1174 plurima
1575 1144 1615 1164 ex
1635 1132 1792 1164 omnium
1813 1140 2010 1174 temporum
2037 1129 2195 1166 historiis
2211 1133 2303 1165 sumi

1325 1189 1473 1226 possent.
1527 1181 1634 1215 Multi
1663 1189 1693 1215 et
1718 1183 1802 1215 olim
1826 1190 1857 1215 et
1885 1194 1978 1215 nunc
2001 1183 2114 1226 palam
2139 1195 2304 1226 corrupe-

1324 1240 1407 1266 runt
1427 1234 1621 1266 doctrinam
1639 1234 1681 1266 de
1697 1233 1831 1267 iusticia
1850 1233 1949 1271 fidei,
1973 1233 2054 1278 quia
2075 1245 2147 1266 non
2164 1233 2303 1267 videtur

1324 1296 1496 1317 concinna
1523 1291 1663 1318 rationi.

1427 1341 1615 1386 Utcunque
1631 1342 1724 1374 enim
1745 1349 1876 1376 norunt
1901 1339 2074 1375 humanae
2097 1349 2229 1377 mentes
2252 1343 2304 1376 le-

1326 1405 1424 1436 gem,
1452 1400 1484 1426 et
1507 1393 1665 1427 iudicant
1692 1393 1865 1425 iusticiam
1891 1405 1962 1426 esse
1986 1394 2223 1426 obedientiam
2248 1404 2301 1426 se-

1327 1444 1480 1476 cundum
1508 1443 1637 1486 legem,
1681 1450 1713 1476 et
1742 1449 1885 1485 possunt
1917 1443 2034 1487 aliquo
2067 1445 2172 1476 modo
2200 1455 2299 1487 prae-

1327 1501 1416 1526 stare
1443 1493 1675 1536 disciplinam.
1727 1492 1802 1525 Hac
1818 1493 1953 1536 fingunt
1969 1504 2004 1525 se
2026 1494 2152 1527 mereri
2175 1494 2299 1528 remis-

1328 1545 1461 1576 sionem
1489 1550 1709 1586 peccatorum
1733 1550 1765 1576 et
1793 1544 1897 1576 vitam
1922 1551 2118 1584 aeternam,
2145 1551 2178 1578 et
2201 1545 2302 1587 igno—

1328 1601 1405 1627 rant
1428 1593 1615 1633 Messiam,
1651 1605 1714 1625 nec
1742 1600 1892 1626 cernunt
1917 1594 2082 1626 interiora
2107 1601 2242 1637 peccata
2268 1595 2305 1627 in

1328 1644 1512 1682 cordibus,
1554 1644 1714 1677 tenebras
1738 1650 1770 1676 et
1792 1643 2031 1676 dubitationes
2059 1645 2102 1676 de
2132 1645 2230 1685 Deo,
2271 1652 2306 1680 et

1328 1692 1483 1734 ἀταξίαν
1518 1694 1554 1726 in
1591 1695 1705 1729 corde.
1760 1693 1800 1726 In
1836 1691 1898 1727 hac
1940 1694 2089 1737 caligine
2131 1693 2306 1729 humanae

1327 1746 1454 1778 mentis
1479 1743 1637 1777 homines
1662 1745 1763 1788 proni
1786 1751 1868 1777 sunt
1892 1746 1933 1777 ad
1959 1745 2120 1778 fiduciam
2145 1757 2228 1779 suae
2249 1746 2303 1780 iu-

1328 1796 1463 1835 sticiae‚
1506 1802 1538 1828 et
1567 1802 1740 1840 quaerunt
1766 1795 1887 1828 merita
1913 1795 1950 1828 in
1972 1796 2111 1839 seipsi5‚
2151 1804 2185 1831 et
2210 1797 2305 1830 varia

1329 1847 1490 1879 exercitia
1515 1847 1722 1887 instituunt,
1760 1853 1926 1890 tanquam
1947 1846 2062 1880 cultus
2086 1845 2163 1882 Dei.
2220 1846 2304 1880 Ideo

1328 1898 1476 1930 subinde
1502 1897 1537 1929 in
1557 1897 1711 1930 Ecclesia
1736 1897 1794 1929 lux
1812 1897 1992 1930 doctrinae
2013 1898 2056 1929 de
2073 1898 2208 1931 iusticia
2225 1898 2305 1931 fidei

1329 1949 1428 1980 valde
1453 1949 1635 1981 obscurata
1658 1955 1727 1985 est,
1756 1947 1843 1980 sicut
1867 1948 1902 1979 in
1928 1947 2064 1991 scriptis
2088 1946 2247 1981 Tliomae
2272 1956 2305 1982 et

1328 1999 1494 2031 similium
1516 2010 1657 2042 prorsus
1674 1997 1851 2030 silentium
1869 2005 1918 2031 est
1935 1998 1977 2030 de
1995 1998 2130 2031 iusticia
2147 1998 2246 2041 fidei,
2273 2007 2307 2033 et

1327 2050 1556 2082 confunditur
1578 2049 1765 2081 discrimen
1790 2048 1874 2090 legis
1897 2055 1929 2081 et
1943 2047 2138 2091 Evangelii.

1419 2108 1523 2141 Tales
1538 2108 1806 2151 imaginationes
1822 2114 1919 2141 natas
1934 2107 1971 2140 in
1993 2108 2128 2142 ratione
2151 2106 2305 2143 humana

1327 2159 1456 2193 Paulus
1477 2159 1636 2192 nominat
1662 2159 1867 2203 sapientiam
1891 2159 2087 2202 carnalem,
2115 2159 2162 2192 sic
2187 2166 2220 2194 et
2243 2161 2303 2193 alii

1327 2210 1467 2244 articuli
1491 2210 1572 2243 fidei
1595 2210 1752 2257 corrupti
1778 2215 1876 2249 sunt,
1911 2210 1993 2242 dum
2018 2211 2198 2254 quaeritur
2220 2222 2305 2244 con-

1327 2261 1476 2294 cinnitas
1500 2273 1578 2294 cum
1606 2261 1760 2299 ratione,
1785 2266 1845 2293 aut
1864 2261 2013 2293 servitus
2039 2259 2220 2294 affectibus
2238 2258 2304 2294 ho·

1327 2312 1481 2351 minum,
1524 2319 1562 2346 ut
1596 2318 1680 2344 tunc
1715 2309 1831 2344 Ebion
1856 2311 2004 2353 negabat
2033 2309 2199 2343 Messiam
2232 2323 2304 2345 esse

1326 2363 1436 2395 filium
1457 2360 1540 2402 Dei,
1562 2368 1593 2395 et
1611 2361 1714 2395 multi
1732 2362 2007 2402 contendebant,
2021 2372 2094 2393 non
2111 2372 2184 2394 esse
2198 2363 2303 2395 omit·

1327 2414 1448 2446 tendas
1468 2413 1682 2445 ceremonias
1705 2411 1897 2453 Mosaicas,
1923 2423 1966 2444 ne
1985 2412 2195 2456 pulcerrima
2213 2413 2302 2456 poli-

1326 2463 1372 2497 tia
1398 2462 1585 2497 Israelitica
1610 2463 1869 2497 dissolveretur.

1427 2520 1479 2555 Ex
1506 2520 1560 2554 his
1584 2521 1749 2565 exemplis
1769 2520 1992 2554 mediocriter
2013 2521 2162 2564 intelligi
2180 2528 2303 2565 potest,
2343 2520 2352 2523 ”

1326 2574 1410 2618 quid
1436 2572 1566 2605 Paulus
1593 2570 1648 2605 hic
1673 2573 1774 2610 velit,
1811 2583 1888 2604 cum
1914 2571 2079 2613 affirmat,
2111 2583 2146 2605 se
2171 2572 2302 2606 sineere

1325 2625 1503 2661 docuisse,
1539 2635 1600 2655 nec
1626 2622 1820 2665 corrupisse
1845 2623 2041 2657 doctrinam
2071 2623 2302 2667 opinionibus

1325 2683 1382 2708 aut
1409 2674 1589 2708 affectibus
1611 2672 1785 2706 humanis.
