2415 2942
31 0 36 21 i

31 33 33 42 t

27 82 37 132 ⁵,

25 187 27 191 ⁴
72 181 167 208 ctans
189 172 384 217 proximam
409 172 616 207 sententiam
651 171 785 217 inquit,
823 170 941 204 Iudaei
967 169 1057 205 nibil

74 87 146 123 449
384 85 483 120 XllI.

74 230 247 269 praestant
272 224 446 267 gentibus„

174 274 243 308 Sed
269 274 504 317 intelligemus
524 271 585 307 has
603 272 792 307 sententias
810 284 881 305 non
901 284 1055 317 pugnare

73 327 165 359 inter
187 337 239 365 se,
282 326 311 358 si
340 325 678 359 consideraverimus
702 323 762 356 ubi
795 330 970 366 praestent
1000 324 1055 356 lu-

71 377 166 417 daei,
193 376 255 409 ubi
274 388 345 409 non
364 382 547 420 praestent.
581 374 775 414 Excellunt,
798 374 932 419 inq-iit,
961 375 1053 419 quod

71 429 113 461 ad
135 428 387 475 promissiones
404 427 539 461 attinet.
592 424 683 458 Num
707 431 755 457 est
773 424 906 469 aliquid
927 423 1055 458 habere

72 479 238 518 verbum,
266 490 304 511 ac
322 478 571 522 promissiones
594 477 634 508 ad
653 486 709 508 eos
727 475 915 519 pertinere.
969 475 1053 510 Cae-

74 536 186 562 terum
215 526 308 562 nihil
334 529 505 562 excellunt
531 526 667 566 Iudaei,
704 528 796 571 quod
820 528 860 559 ad
890 527 1052 560 meritum

73 581 208 615 attinet.
278 579 358 612 Nou
388 579 480 612 enim
514 577 720 611 iustihcatur
752 588 814 610 suo
839 577 954 618 cultu,
995 584 1052 610 aut

73 630 240 673 operibus
275 630 370 672 legis.
439 629 604 662 Nondum
641 634 756 661 tamen
791 628 871 661 satis
905 628 1053 672 explicat

73 678 163 714 lianc
183 681 440 725 quaestionem,
468 692 528 712 cur
550 679 616 712 lata
643 678 773 719 sitlex,
807 685 946 712 tantum
975 679 1052 712 obi-

72 739 123 765 ter
145 738 177 765 et
196 731 232 763 in
249 739 449 765 transcursu
474 730 631 773 attingit,
659 736 690 762 et
715 729 887 772 significat
906 729 1054 763 Iudaeos

71 794 88 815 a
108 782 270 825 gentibus
288 788 462 825 separatos
479 793 570 819 esse,
606 792 677 813 non
701 786 740 813 ut
765 781 829 814 isto
858 782 955 814 cultu
979 793 1052 814 me-

69 839 231 866 rerentur
248 832 421 866 iusticiam
433 859 442 873 ‚
469 833 528 865 sed
544 831 624 877 quia
640 831 795 875 oportuit
814 831 959 866 existere
977 844 1051 865 cer—

70 890 142 916 tum
166 883 316 928 aliquem
347 883 535 926 populum,
578 882 616 916 in
644 894 713 927 quo
738 882 987 926 promissiones
1010 884 1053 915 de

68 931 208 968 Christo
227 934 484 974 revelarentur,
512 934 548 966 in
568 945 636 978 quo
655 933 857 966 testimonia
884 935 926 966 de
946 935 1052 967 verbo

68 984 137 1017 Dei
163 984 344 1018 manifesta
372 991 404 1017 et
428 991 519 1018 certa
543 990 718 1023 extarent,
744 984 834 1017 infra
859 982 941 1028 Cap¹
962 982 995 1020 5.
1021 992 1053 1018 et

68 1034 150 1078 Cap.
172 1033 205 1067 7.
238 1035 342 1068 latius
373 1042 541 1079 exponet,
576 1036 671 1080 quod
704 1034 759 1067 lex
791 1047 864 1068 non
895 1036 937 1069 sit
973 1036 1054 1075 lata,

67 1091 104 1119 ut
124 1085 293 1119 iustificet.

168 1134 296 1170 Obiter
313 1136 416 1170 etiam
439 1135 659 1181 quaestiones
685 1136 772 1169 aliae
798 1137 968 1181 quaedam
996 1136 1051 1169 in-

67 1193 245 1221 seruntur.
301 1186 337 1220 Si
360 1187 609 1231 promissiones
632 1187 811 1231 pertinent
829 1188 871 1220 ad
890 1188 1049 1225 Iudaeos,

67 1244 222 1271 curtam
247 1238 346 1281 pauci
377 1237 625 1270 crediderunt?
678 1236 778 1270 Hanc
809 1238 1047 1282 quaestionem

68 1288 158 1321 infra
178 1288 214 1319 in
232 1299 305 1330 cap.
325 1287 357 1321 9.
385 1288 522 1331 repetit.
576 1287 679 1321 Nunc
707 1288 800 1322 velut
830 1289 1050 1332 intempesti-

67 1351 143 1371 vam
165 1338 296 1371 omittit
319 1350 358 1371 ac
384 1344 547 1382 properat
569 1338 612 1370 ad
630 1338 860 1381 principalem
886 1339 1047 1382 proposi-

64 1389 214 1429 tionem,
247 1400 290 1420 ne
320 1389 480 1421 videatur
511 1388 642 1421 oblitus
675 1388 826 1422 instituti
860 1389 925 1422 sui.
999 1387 1048 1422 Ac

63 1451 146 1472 sane
164 1439 350 1483 prudentia
368 1445 416 1472 est
436 1439 554 1472 videre
570 1440 748 1484 quomodo
768 1440 944 1484 paulisper
967 1452 1045 1473 eva—

62 1498 160 1533 gatus
176 1490 293 1523 redeat
311 1490 353 1523 ad
369 1490 601 1534 propositum.

166 1540 235 1573 Hic
260 1552 341 1583 ergo
364 1541 513 1574 recurrit
535 1541 577 1574 ad
597 1540 752 1573 membra
772 1540 1046 1581 distributionis,

63 1598 96 1624 et
113 1597 151 1624 ut
168 1591 204 1623 in
220 1590 369 1634 Epilogo
387 1603 447 1624 seu
464 1591 688 1624 conclusione
714 1592 787 1624 fieri
812 1593 934 1632 debet,
963 1604 1046 1625 con-

65 1642 178 1683 iungit
216 1649 407 1686 utrumque
437 1642 634 1674 membrum
653 1654 660 1673 :
706 1640 842 1675 Omnes
885 1640 1045 1675 homines

65 1698 139 1725 tum
159 1692 293 1730 ludaei,
322 1699 395 1725 tum
417 1699 535 1734 gentes
549 1699 629 1725 sunt
646 1692 710 1725 sub
730 1699 887 1735 paccato,
923 1693 956 1726 id
984 1701 1045 1734 est,

64 1748 146 1775 sunt
171 1742 220 1774 rei
248 1741 368 1775 mortis
396 1749 575 1782 aeternae,
602 1739 734 1776 habent
758 1755 836 1776 vere
857 1750 1045 1787 peccatum,

64 1799 277 1826 contemtum
306 1791 391 1833 Dei,
418 1799 450 1826 et
476 1793 806 1836 concupiscentiam.
868 1793 939 1827 Nec
964 1806 1045 1838 pos-

63 1854 182 1877 sumus
204 1855 221 1876 a
248 1849 407 1887 peccato,
434 1850 493 1877 aut
517 1850 658 1877 aeterna
684 1851 795 1877 morte
816 1844 959 1878 liberari
981 1857 1043 1877 no-

63 1893 144 1928 stris
167 1894 351 1938 operibus,
392 1900 452 1927 aut
476 1894 563 1937 lege.
635 1894 746 1928 Addit
780 1896 978 1929 testimonia
1005 1908 1043 1928 ex

69 1943 208 1978 Psalmo
227 1951 259 1978 et
276 1945 430 1978 aliunde.
474 1942 520 1978 Et
543 1945 580 1978 in
597 1945 664 1978 fine
681 1952 732 1979 est
749 1946 865 1979 addita
883 1947 1042 1991 proposi-

62 1995 168 2029 tionis
185 1995 426 2039 interpretatio
444 1997 613 2041 quaedam
626 2023 634 2037 ,
661 2003 700 2030 ut
716 1996 953 2040 intelligamus
971 2009 1042 2030 non

62 2051 199 2079 tantum
223 2053 339 2089 aperte
354 2046 545 2090 flagitiosos
562 2047 736 2088 accusari,
763 2049 822 2081 sed
841 2048 943 2082 etiam
963 2049 1042 2081 illos

64 2096 174 2139 ipsos,
205 2097 266 2141 qui
284 2097 386 2130 bonis
402 2098 567 2141 operibus
589 2105 762 2132 conantur
788 2099 913 2133 mereri
941 2100 1042 2133 iusti-

62 2146 271 2182 ficationem.
325 2147 407 2181 Ideo
431 2148 562 2193 inquit:
595 2146 649 2182 Ex
673 2150 837 2193 operibus
860 2150 945 2193 legis
969 2162 1041 2183 non

60 2197 267 2231 iustificatur
291 2199 406 2232 omnis
423 2210 513 2234 car0.
571 2197 672 2233 Hane
689 2201 896 2234 sententiam
915 2201 951 2234 in
968 2201 1042 2245 pri-

64 2248 129 2281 mis
146 2255 284 2292 oportet
304 2250 525 2291 meminisse,
550 2249 633 2295 quia
651 2252 815 2285 nonnulli
831 2250 923 2286 hunc
939 2251 1041 2286 Pauli

60 2299 174 2333 locum
199 2300 349 2334 civiliter
374 2300 599 2345 interpretari
631 2309 824 2344 conantur,
857 2310 891 2337 et
918 2303 1040 2347 dispu—

59 2355 134 2384 tant
149 2349 296 2384 Paulum
319 2363 392 2385 non
410 2349 477 2385 hoc
496 2352 585 2385 velle
597 2379 605 2393 ‚
632 2353 726 2398 quod
744 2365 864 2387 omnes
879 2351 1041 2387 homines

61 2407 183 2434 natura
215 2402 285 2436 sint
319 2403 384 2436 sub
417 2409 577 2447 peccato,
612 2405 672 2437 sed
708 2410 845 2438 tantum
880 2417 1041 2438 accusare

60 2450 155 2492 illos,
181 2464 329 2497 quorum
357 2465 472 2487 mores
498 2460 615 2497 aperte
639 2454 723 2487 mali
748 2461 842 2489 sunt.
894 2453 941 2489 Et
959 2456 1039 2501 quia

58 2512 183 2544 magna
211 2500 412 2538 huiusmodi
441 2505 631 2540 multitudo
655 2512 722 2548 est,
755 2506 855 2539 aiunt
879 2518 958 2540 eum
984 2518 1040 2552 sy-

60 2549 236 2586 necdoche
251 2555 319 2595 uti,
345 2562 378 2589 et
394 2567 515 2589 omnes
530 2567 692 2600 arguere,
719 2568 797 2590 cum
813 2557 953 2590 interim
973 2558 1038 2591 ali-

60 2603 120 2647 qui
138 2604 222 2636 boni
241 2604 327 2646 sint,
359 2618 508 2651 quorum
533 2619 647 2641 mores
670 2619 742 2641 non
764 2608 899 2652 possint
921 2619 1038 2652 repre-

58 2651 166 2687 hendi
179 2681 187 2694 ‚
214 2662 250 2689 ut
268 2655 483 2700 Pomponius
499 2655 654 2700 Atticus,
684 2658 856 2693 Aristides
874 2656 937 2693 hos
954 2671 1038 2694 con·
1059 2688 1064 2699 Δ

112 2706 286 2738 Mamm.
318 2709 418 2740 Orza.
449 2710 528 2740 Vot..
550 2711 627 2744 XV.

539 88 570 121 1.
600 82 959 121 ANNOATIONES
988 84 1037 121 IN
1064 83 1219 121 EPIST.
1248 83 1394 120 PAULI
1422 83 1488 119 AD
1512 83 1773 123 ROMANOS.

2015 87 2089 123 450

1110 171 1260 205 tendunt
1293 178 1438 205 naturae
1467 171 1601 207 viribus
1634 179 1667 207 et
1701 174 1866 218 operibus
1900 174 2090 208 iustificari.

1109 222 1175 255 Sed
1203 221 1332 255 Paulus
1359 221 1448 255 hanc
1472 223 1682 256 calumniam
1708 226 1852 266 refutat,
1886 238 1924 259 ac
1946 238 1989 258 ne
2012 227 2090 270 quis

1106 270 1347 316 synecdochen
1367 274 1584 307 comminisci
1609 283 1739 318 posset,
1779 277 2016 320 exceptionem
2035 277 2090 309 di-

1106 330 1196 355 serte
1216 324 1396 366 repudiat,
1423 331 1454 356 et
1475 324 1569 356 illam
1589 323 1772 359 hominnm
1795 336 1924 370 partein
1952 335 2090 361 revoe..t

1105 374 1145 404 ad
1167 373 1399 406 universalem
1426 375 1718 418 propositionem:
1759 376 1895 411 Omnes
1917 386 1998 412 sunt
2023 379 2088 411 sub

1106 430 1254 466 peccato.
1307 423 1349 456 Et
1370 437 1438 468 quo
1458 425 1585 458 clarior
1604 433 1690 459 esset
1715 440 1786 468 res,
1821 442 1891 462 non
1912 431 1954 462 de
1969 442 2089 474 perso-

1106 474 1158 506 nis
1177 473 1354 518 loquitur,
1383 475 1440 507 sed
1468 476 1509 507 de
1537 487 1592 516 re,
1620 489 1708 521 quae
1734 481 1971 522 exceptionem
1989 482 2087 513 vide-

1105 532 1162 557 tur
1194 536 1325 567 parere.
1397 524 1447 557 Ex
1473 525 1638 569 operibus
1663 528 1766 570 legis,
1806 530 1937 574 inquit,
1983 543 2087 564 nemo

1105 575 1321 608 iustificatnr.
1392 575 1471 608 Non
1507 584 1642 620 poterat
1680 580 1787 620 magis
1820 582 1957 624 proprie
1991 583 2088 627 loqui

1104 626 1306 669 Apostolus.
1360 625 1403 659 Et
1423 626 1457 658 in
1475 634 1569 660 tanta
1588 630 1800 672 proprietate
1817 632 2007 672 sermonis,
2036 642 2087 665 ta-

1103 689 1182 709 men
1201 684 1373 722 quaerunt
1394 677 1448 710 isti
1467 679 1560 721 quod
1586 680 1805 715 cavillentur.
1860 681 1936 714 Hoc
1963 683 2089 726 ipsum,

1105 728 1238 773 inquit,
1265 729 1357 773 quod
1379 729 1507 772 excipis
1527 740 1587 772 ego
1614 731 1845 774 complector,
1872 745 1933 775 ego
1952 746 2087 774 accuso,

1103 790 1165 822 ego
1186 780 1327 813 damno.
1382 777 1502 823 Itaque
1526 787 1646 813 contra
1665 781 1763 814 Pauli
1789 784 1995 816 sententiam
2022 782 2086 817 lioe

1103 830 1179 862 loco
1220 827 1466 874 synecdochen
1505 831 1720 873 confingunt.
1788 833 1856 867 Sed
1882 846 1978 867 error
2006 835 2088 867 inde

1103 881 1233 921 oritur,
1261 881 1355 925 quod
1379 881 1556 915 somniant
1581 882 1617 914 in
1635 881 1834 927 Pomponio
1854 883 1970 918 Attico
1989 893 2022 919 et
2040 887 2088 918 εἰ.-

1104 931 1246 964 milibus
1263 943 1334 964 non
1354 943 1425 964 esse
1443 939 1634 975 peccatum.
1686 932 1730 967 Et
1748 934 1920 969 iusticiam
1938 935 2002 969 Dei
2024 950 2086 969 vo-

1103 989 1181 1016 cant
1207 989 1343 1015 tantum
1369 983 1487 1015 civiles
1514 995 1644 1024 mores,
1680 997 1752 1018 non
1777 986 1879 1019 etiam
1904 988 2090 1032 requirunt

1104 1033 1270 1067 noticiam
1287 1033 1362 1070 Dei,
1390 1034 1491 1066 fidem
1507 1046 1567 1067 seu
1585 1035 1748 1068 fiduciam
1764 1048 1842 1080 erga
1854 1036 1979 1078 Deum,
2008 1040 2088 1072 bre—

1103 1085 1191 1118 viter
1223 1085 1388 1128 operibns
1423 1086 1595 1117 secundae
1631 1086 1770 1119 tabulae
1803 1089 1960 1122 contenti
1993 1098 2086 1130 sunt,

1101 1135 1234 1179 primae
1252 1135 1390 1168 tabulae
1408 1132 1528 1173 οὐδεὶς
1547 1132 1663 1183 λόγος.
1717 1135 1796 1170 Nou
1824 1139 1981 1172 sentiunt
2009 1153 2088 1183 pec-

1101 1192 1175 1219 cata
1205 1198 1275 1218 esse
1302 1186 1338 1217 in
1358 1184 1494 1226 Attico,
1525 1186 1782 1228 ignorationem
1807 1189 1895 1229 Dei,
1929 1191 2087 1224 diffidere

1099 1235 1194 1276 Deo,
1232 1248 1354 1269 vacare
1389 1242 1484 1269 metu
1510 1235 1597 1278 Dei,
1633 1238 1808 1272 confidere
1834 1241 1974 1284 propria
2001 1254 2086 1285 prn-

1099 1287 1217 1320 dentia
1242 1294 1304 1319 etc.

1200 1337 1344 1370 Accedit
1376 1337 1582 1371 brevissima
1617 1340 1800 1383 occupatio
1825 1342 1868 1373 de
1898 1354 1963 1375 usu
1990 1343 2086 1386 legis.

1098 1388 1241 1422 Necesse
1258 1394 1307 1421 est
1326 1389 1420 1420 enim
1439 1389 1560 1422 lectori
1580 1401 1651 1422 non
1669 1391 1775 1424 stulto
1796 1393 1830 1424 in
1854 1401 2005 1427 mentem
2026 1408 2087 1427 ve-

1098 1440 1173 1472 nire
1198 1437 1287 1472 hanc
1305 1440 1559 1483 quaestionem.
1616 1440 1722 1483 Quod
1742 1442 1769 1474 si
1788 1443 1872 1485 legis
1889 1457 1992 1488 opera
2013 1459 2084 1479 non

1097 1490 1296 1531 instificant,
1323 1503 1384 1523 cni·
1401 1490 1507 1533 igitur
1522 1491 1590 1524 lata
1608 1500 1656 1526 est
1673 1492 1751 1525 lex?
1779 1494 1917 1527 videtur
1934 1504 2086 1530 extreme

1095 1542 1308 1581 absurdum,
1337 1541 1446 1583 legem
1466 1541 1572 1583 ferre,
1602 1543 1630 1575 si
1647 1543 1730 1586 legis
1747 1556 1851 1588 opera
1871 1558 1941 1578 non
1961 1547 2085 1581 iusti'ri-

1095 1599 1185 1627 cant,
1239 1590 1368 1624 Paulus
1394 1593 1580 1635 respondet
1606 1600 1638 1626 et
1665 1606 1792 1627 novam
1824 1608 1861 1628 ac
1887 1597 2083 1631 inauditam

1095 1644 1229 1675 mundo
1259 1642 1469 1675 sententiam
1494 1643 1606 1687 ponit.
1665 1643 1736 1678 Lex
1762 1646 1830 1678 lata
1858 1654 1927 1688 est,
1960 1656 1998 1682 ut
2022 1662 2084 1692 per

1094 1706 1168 1726 eam
1191 1700 1422 1740 cognoscatur
1446 1701 1643 1738 peccatum,
1685 1702 1723 1729 ut
1747 1705 1867 1739 arguat
1893 1707 2083 1742 peccatur-t,

1094 1756 1165 1777 non
1188 1752 1225 1778 ut
1248 1745 1396 1777 aboleat.
1460 1743 1570 1778 Porro
1602 1757 1808 1786 cognoscere
1833 1757 2009 1791 peccatum
2035 1759 2085 1785 est

1094 1807 1172 1827 vere
1189 1795 1310 1827 terreri
1329 1803 1516 1839 conspectu
1534 1797 1675 1840 peccati.
1720 1796 1886 1831 Nondum
1906 1801 1998 1833 enim
2018 1815 2083 1834 no-

1093 1852 1176 1879 runt
1207 1853 1403 1889 peceatum,
1447 1847 1507 1891 qui
1539 1860 1610 1880 non
1641 1858 1892 1892 expavescunt:
1923 1853 2081 1885 nonduin

1093 1896 1186 1929 enirn
1207 1898 1299 1941 apud
1328 1909 1363 1930 se
1386 1909 1464 1930 vere
1490 1899 1665 1939 sentiunt,
1701 1901 1795 1944 quod
1816 1899 1910 1934 Deus
1930 1903 2082 1937 offensus

1093 1947 1272 1983 irascatur.
1325 1945 1371 1981 At
1390 1955 1568 1992 peccatum
1589 1956 1648 1990 est,
1674 1951 1769 1994 quod
1787 1951 1935 1986 offendit
1953 1951 2080 1994 Deum,

1092 2005 1124 2032 et
1139 1998 1195 2031 cui
1212 1997 1306 2031 Deus
1321 2006 1510 2035 succenset.
1563 1999 1633 2034 Sed
1651 2001 1694 2034 de
1713 2013 1776 2036 usu
1801 2002 1888 2046 legis
1913 2004 2003 2038 infra
2021 2018 2079 2039 co-

1092 2050 1187 2093 piose
1209 2050 1349 2083 docebit
1367 2050 1542 2083 lectorem.

1331 2131 1462 2167 Status
1486 2133 1597 2168 lolius
1626 2133 1835 2182 Epz'slolae.

1192 2199 1295 2234 Nunc
1320 2201 1461 2234 demum
1491 2202 1652 2245 pervenit
1675 2203 1718 2235 ad
1744 2204 1971 2248 principalem
1995 2220 2078 2252 pro-

1092 2251 1314 2295 positionem,
1342 2263 1431 2296 quae
1451 2259 1502 2286 est
1521 2249 1626 2286 huius
1643 2253 1749 2287 totius
1759 2252 1939 2298 Epistolae
1956 2265 2075 2292 status.

1091 2301 1138 2337 Ut
1173 2309 1291 2336 autem
1318 2300 1528 2336 architectus
1559 2310 1666 2337 totam
1692 2305 1839 2338 aedificii
1865 2307 2013 2342 formam
2038 2311 2075 2343 in

1090 2354 1209 2387 animo
1226 2353 1396 2387 inclusam
1421 2351 1545 2392 habet,
1581 2361 1613 2388 et
1636 2354 1731 2389 videt
1754 2358 1932 2401 quomodo
1949 2372 2073 2394 omnes

1090 2405 1182 2438 inter
1206 2417 1241 2438 se
1262 2412 1377 2449 partes
1401 2404 1632 2439 consentiant.
1695 2405 1746 2440 Ita
1770 2419 1835 2441 nos
1854 2408 1892 2442 in
1916 2410 2073 2453 legendis

1088 2456 1253 2499 gravibus
1268 2455 1586 2503 disputationibuS‚
1613 2456 1773 2490 omnium
1789 2461 2074 2504 propositionum

1088 2513 1192 2552 atque
1216 2512 1501 2550 argumentorum
1527 2506 1651 2540 seriem
1679 2515 1817 2552 oportet
1838 2511 1956 2545 animo
1974 2526 2071 2547 com-

1088 2558 1203 2602 plecti.
1245 2557 1285 2590 In
1304 2557 1426 2601 primis
1442 2563 1557 2591 autem
1573 2559 1773 2593 meminisse
1787 2567 1914 2595 statum
1932 2575 2070 2598 necesse

1088 2616 1147 2649 est,
1170 2608 1232 2654 qui
1251 2608 1407 2642 continet
1423 2608 1554 2652 negotii
1570 2620 1754 2652 summam,
1772 2612 1815 2645 ad
1832 2625 1934 2657 quem
1950 2617 2069 2649 omnia

1087 2666 1290 2704 argumenta
1302 2665 1470 2743 tagguam
1480 2660 1524 2693 ad
1534 2667 1636 2705 caput
1651 2661 1864 2698 referuntur.
1889 2662 1933 2699 Et
1945 2678 2069 2711 quem—
