2415 2942
78 99 175 147 1189
239 97 341 134 xm.
387 96 424 133 4.
451 91 790 132 COMMENTAR.
816 93 869 129 IN
895 90 1050 128 EPIST.
1077 86 1225 126 PAULI
1251 85 1318 123 AD
1344 81 1667 124 CORINTHIOS.
1719 82 1825 123 CAP.
1851 83 1952 123 XVI.
2014 85 2116 122 1190

77 187 223 220 labores
252 194 394 229 prorsus
414 182 541 216 inanes
566 194 658 223 esse,
698 193 762 215 nec
788 180 951 225 prodesse
981 178 1070 219 aliis,

77 237 245 270 voluntas
263 237 510 275 deterreretur,
538 241 576 268 ut
593 244 736 278 prorsus
755 232 896 265 abiiciat
915 232 1070 264 incoatas

78 298 218 331 operas».
288 286 383 319 Huic
417 285 605 318 tentationi
639 285 872 327 opponendae
908 289 957 315 est
986 279 1071 314 haec

81 337 283 371 dulcissima
299 336 486 370 sententia:
516 335 634 368 Labor
649 340 762 366 vester
789 345 861 366 non
885 339 935 366 est
955 331 1072 365 inanis

80 389 118 421 in
134 387 312 428 Domino,
339 388 374 420 id
398 393 469 425 est,
490 385 585 419 Deus
603 385 676 429 ipse
700 384 845 425 efficiet,
874 391 913 417 ut
934 384 1072 416 labores

78 439 193 473 nostri
220 438 400 483 aliquibus
430 437 589 481 prosint,
631 442 664 468 et
687 435 810 468 iuvent
834 433 1073 468 conservatio-

79 501 160 522 nem
187 487 383 530 Ecclesiae,
415 487 553 521 etiamsi
579 497 703 529 magna
728 485 920 518 multitudo
947 491 996 517 est
1017 484 1071 517 fu-

82 546 202 573 renter
226 546 456 572 contemnens
479 536 612 578 Deum,
649 543 682 570 et
707 537 853 569 turbans
878 534 1072 569 Ecclesiam

86 597 122 624 et
138 602 362 624 communem
380 590 471 623 vitae
487 588 700 622 societatem.

186 690 387 737 Sequamur
411 701 492 733 ergo
519 686 612 721 hanc
641 687 796 730 regulam
819 698 919 730 saepe
946 686 1074 731 repeti-

85 749 158 777 tam
177 743 213 775 in
232 741 463 775 concionibus
480 739 628 773 divinis:
657 737 953 782 Obtemperemus
973 749 1072 770 man-

87 795 170 827 dato
197 792 281 831 Dei,
318 792 412 837 quod
439 789 609 835 praecipit
640 800 763 833 operas
796 788 1008 828 vocationis,
1043 795 1075 822 et

89 855 269 889 speremus
285 842 398 875 Deum
417 842 694 884 gubernaturum
714 851 786 872 esse
804 846 957 879 eventus,
980 839 1074 872 iuxta

89 896 242 928 dictum:
271 891 488 926 Commenda
507 890 582 924 Deo
608 891 701 924 viam
723 897 838 928 tuam,
867 897 899 923 et
921 902 1020 933 spera
1038 890 1074 921 in

87 957 148 982 eo,
175 950 208 977 et
231 943 304 987 ipse
321 942 436 977 saciet.
490 943 538 975 Et
561 943 603 974 de
625 953 783 975 successu
809 938 894 974 haec
921 941 1075 974 testimo—

89 995 149 1027 nia
172 1001 254 1027 nota
276 994 362 1033 sint,
393 991 512 1027 loban.
534 990 608 1026 15.:
645 992 717 1034 Qui
743 998 859 1025 manet
885 991 922 1023 in
941 1004 1017 1031 me,
1044 998 1077 1024 et

91 1056 154 1088 ego
179 1045 216 1076 in
241 1057 301 1085 eo,
338 1041 395 1076 hic
420 1045 506 1077 seret
531 1044 682 1076 fructum
709 1043 903 1086 copiosum.
974 1041 1077 1075 ltem:

92 1095 200 1129 Posui
220 1107 299 1134 vos,
322 1101 360 1128 ut
378 1095 482 1132 eatis,
509 1101 541 1127 et
557 1094 709 1126 fructum
734 1094 869 1133 feratis,
896 1100 928 1126 et
946 1093 1078 1126 fructus

92 1153 206 1179 vester
233 1151 379 1178 maneat.
434 1142 480 1178 Et
503 1144 632 1179 Psalm.
655 1146 704 1179 1.:
741 1144 881 1177 Folium
905 1144 979 1177 eius
1006 1156 1077 1176 non

92 1197 243 1237 defluet,
284 1203 317 1229 et
344 1196 460 1228 omnia
486 1207 715 1240 quaecunque
738 1195 855 1235 faciet,
898 1206 1078 1238 prospera-

92 1250 238 1281 buntur.
302 1245 347 1279 Et
371 1244 495 1279 Esaiae
511 1245 591 1280 55.:
632 1246 786 1279 Verbum
811 1258 947 1284 meum,
986 1246 1079 1290 quod

91 1299 293 1342 egredietur
323 1299 366 1329 de
396 1309 456 1330 ore
482 1309 578 1335 meo,
621 1309 693 1330 non
719 1297 848 1330 redibit
872 1297 914 1329 ad
941 1308 995 1328 me
1021 1309 1080 1328 va-

91 1361 208 1383 cuum.
243 1347 290 1381 Et
308 1346 430 1380 Esaiae
446 1345 525 1382 65.:
554 1346 667 1381 Electi
688 1348 755 1379 mei
776 1360 848 1380 non
868 1347 1080 1379 laborabunt

90 1401 232 1433 frustra.
284 1397 363 1431 Huc
391 1400 567 1431 addantur
592 1405 624 1431 et
653 1399 806 1441 insignes
824 1398 1081 1430 consolationes

96 1450 259 1484 recitatae
285 1450 322 1481 in
349 1447 556 1482 Ecclesiaste
579 1450 690 1492 capite
709 1449 782 1482 11.:
818 1447 926 1481 blane
951 1448 1081 1481 semina

98 1513 216 1535 semen
234 1508 346 1540 tuum,
371 1507 405 1533 et
420 1511 562 1543 vespere
579 1512 622 1532 ne
640 1506 746 1533 cesset
764 1511 887 1533 manus
903 1506 973 1539 tua,
1000 1499 1081 1543 quia

100 1552 212 1585 nescis
228 1558 345 1583 utrum
363 1551 472 1591 magis
496 1551 641 1584 oriatur.
692 1550 738 1583 Et
756 1551 886 1583 ibidem
910 1551 1081 1594 picturam

97 1603 270 1635 illustrem
290 1601 467 1643 proponit.
521 1600 697 1633 Videntur
722 1602 835 1644 perire
852 1613 910 1638 ea,
939 1613 1026 1645 quae
1046 1600 1082 1631 in

96 1663 223 1697 aquam
244 1658 467 1694 sparguntur.
520 1649 566 1684 At
582 1652 751 1684 Salomon
769 1652 882 1691 iubet,
912 1659 948 1684 ut
967 1662 1082 1694 panes,

98 1704 134 1736 id
160 1709 230 1742 est,
256 1701 453 1734 doctrinam
479 1708 646 1745 tanquam
676 1702 712 1733 in
739 1713 845 1746 aquas
870 1712 1085 1743 spargamus,

99 1761 133 1787 et
155 1753 305 1785 affirmat
339 1763 402 1784 nos
433 1759 550 1784 tamen
587 1759 663 1796 post
695 1752 838 1796 aliquod
868 1759 1005 1795 tempus
1032 1764 1085 1784 re-

100 1810 263 1847 cepturos
288 1803 440 1835 fructum
465 1803 538 1835 eius
567 1803 708 1836 laboris.
771 1802 993 1836 Obediamus
1019 1803 1086 1845 igi-

99 1862 158 1889 tur
183 1851 236 1886 his
269 1854 459 1886 mandatis:
498 1853 591 1886 lnsta
618 1860 832 1897 opportune,
876 1853 1087 1897 importune,

101 1917 224 1948 argue,
252 1904 412 1947 increpa,
447 1902 645 1938 adhortare.
700 1903 745 1938 Et
772 1911 865 1937 certo
884 1911 1089 1943 statuamus,

103 1957 219 2000 ipsum
251 1955 362 1988 filium
395 1954 460 1988 Dei
501 1955 536 1987 in
577 1953 641 1987 boc
676 1967 739 1988 suo
775 1955 971 1988 ministerio
1014 1955 1088 1987 effi-

103 2018 218 2041 cacem
260 2006 362 2046 sore,
404 2006 492 2039 sicut
527 2005 659 2050 inquit:
699 2004 775 2047 Ego
812 2018 870 2038 ero
907 2005 1088 2038 vobiscum

104 2069 216 2103 usque
233 2058 274 2089 ad
296 2057 634 2089 consummationem
653 2057 771 2091 seculi.
824 2056 970 2089 Etiamsi
990 2057 1090 2099 pauci

105 2109 309 2154 proficient,
353 2114 387 2140 et
419 2107 559 2140 videtur
584 2115 748 2151 tanquam
781 2107 817 2138 in
842 2118 949 2151 aquas
977 2108 1090 2154 spargi

108 2159 287 2198 doctriua,
328 2164 445 2191 tamen
469 2169 605 2201 semper
630 2158 738 2202 aliqui
768 2158 968 2200 proficient,
1003 2159 1090 2190 sicut

108 2210 243 2255 inquit:
282 2208 353 2251 Qui
372 2215 487 2241 manet
506 2209 541 2240 in
560 2220 632 2248 me,
660 2215 693 2241 et
713 2220 774 2251 ego
794 2209 905 2247 ineo,
930 2209 988 2240 ille
1007 2209 1093 2241 feret

107 2263 262 2295 fructum
291 2260 482 2302 copiosum.
550 2257 594 2292 Et
621 2270 757 2301 semper
781 2260 896 2303 aliqua
923 2260 985 2291 erit
1012 2272 1092 2291 vera

109 2312 285 2353 Ecclesia,
321 2310 454 2343 etiamsi
481 2310 546 2343 erit
573 2310 712 2351 exigua,
747 2316 786 2342 ut
809 2309 931 2342 Esaiae
950 2308 1009 2343 65.
1037 2310 1095 2349 ait,

112 2363 260 2396 similem
282 2362 353 2393 sore
374 2361 591 2397 vindemiae,
620 2361 656 2392 in
675 2372 740 2404 qua
770 2373 897 2403 paucae
912 2373 1012 2400 uvae,
1036 2362 1094 2393 sed

112 2420 228 2457 gratae
257 2413 488 2456 reperiantur.
554 2410 656 2443 Hanc
684 2417 791 2443 totam
820 2412 1095 2444 consolationem

113 2463 242 2507 singuli
263 2464 363 2495 nobis
384 2464 417 2495 in
437 2461 502 2495 hoc
526 2461 674 2495 docendi
700 2473 843 2493 munere
868 2463 1098 2494 necessariam

488 2513 568 2545 ldeo
589 2512 653 2545 hoc
673 2512 804 2544 dictum
823 2511 943 2551 Pauli,
971 2520 1002 2546 et
1023 2525 1099 2545 cae-

116 2574 187 2599 tera
208 2565 435 2606 congruentia
461 2563 660 2598 testimonia
684 2574 784 2606 saepe
809 2563 1016 2605 cogitemus,
1039 2575 1102 2596 nec

117 2617 218 2650 fracti
247 2616 368 2648 dolore
403 2623 463 2649 aut
497 2614 739 2659 desperatione
767 2613 881 2646 officia
911 2615 1105 2647 vocationis

115 2527 186 2548 esse
203 2514 441 2556 intelligimus.

118 2669 331 2700 omittamus.

1469 197 1609 252 Caput
1639 196 1763 240 XVI.

1221 297 1365 333 Certum
1382 305 1433 332 est
1451 310 1585 331 morem
1605 297 1711 331 fuisse
1736 297 1839 330 etiam
1860 297 1897 330 in
1917 295 2042 337 Israel,
2071 303 2110 331 ut

1121 361 1199 383 cum
1220 350 1258 382 in
1278 350 1402 382 diebus
1424 349 1520 383 festis
1536 349 1688 392 populus
1713 348 1952 388 convenisset,
1979 347 2110 390 singuli

1122 400 1256 445 aliquid
1275 400 1476 432 conferrent
1492 400 1535 432 ad
1554 411 1636 432 usus
1654 398 1830 441 egentium
1850 399 1962 430 aliena
1980 398 2111 431 libera·

1123 452 1230 485 litate.
1284 449 1390 482 Hunc
1416 461 1549 482 morem
1575 448 1736 492 Apostoli
1761 449 1985 482 tradiderunt
2005 449 2110 481 etiam

1120 500 1299 535 Ecclesiis.
1351 499 1396 533 Et
1414 511 1453 532 eo
1472 507 1645 542 tempore,
1675 511 1744 543 quo
1763 498 1892 532 Paulus
1917 497 2007 531 hanc
2023 498 2111 542 Epi-

1123 553 1248 586 stolam
1266 550 1425 593 scripsit,
1451 551 1554 582 multi
1579 550 1614 581 in
1635 549 1760 581 iudaea
1781 550 2047 592 expellebantur
2069 561 2111 582 ex

1124 601 1414 647 possessionibus.
1468 598 1515 633 Et
1538 600 1642 633 simul
1662 599 1803 633 Claudii
1827 607 1985 643 tempore
2009 611 2112 643 prae-

1124 655 1224 697 cipue
1245 653 1281 684 in
1300 649 1450 684 Oriente
1467 652 1576 683 fames
1593 657 1663 683 tam
1680 661 1779 682 saeva
1803 651 1887 690 fuit,
1914 657 1953 683 ut
1971 650 2112 683 modius

1123 703 1293 737 frumenti
1320 714 1377 734 sex
1402 699 1579 734 drachmis
1604 701 1824 733 venderetur.
1898 698 2112 744 Exemplum

1126 762 1242 788 autem
1264 753 1524 792 consideretur,
1554 752 1649 796 quod
1677 757 1815 792 monet,
1850 750 1943 784 utin
1961 751 2113 794 publicis

1127 804 1370 848 congressibus
1385 802 1562 836 Ecclesiae
1588 800 1654 834 hoc
1679 802 1775 844 pium
1794 813 1903 844 genus
1919 801 2114 834 liberalita-

1128 856 1172 889 tis
1194 860 1412 894 exerceatur,
1439 860 1471 887 et
1496 853 1624 896 singuli
1650 852 1784 897 aliquid
1810 853 2003 885 conferant.
2063 852 2115 885 Ac

1129 904 1295 939 historiae
1321 905 1533 944 ostendunt,
1566 910 1717 936 veterem
1752 902 1944 936 Ecclesiam
1977 903 2016 935 in
2047 900 2115 936 hoc

1129 968 1253 1001 genere
1273 956 1372 988 valde
1390 955 1580 988 officiosam
1600 954 1717 987 fuisse.

1130 1084 1174 1118 Εἰ
1190 1081 1244 1123 τὶς
1260 1081 1304 1118 οὗ
1328 1083 1427 1130 φιλεῖ
1447 1079 1513 1117 τὸν
1528 1077 1658 1126 κύριον
1669 1079 1812 1126 Ἰησοῦν
1827 1077 2014 1128 Χριστὸν,
2040 1079 2116 1115 ’ἴτω

1531 1130 1719 1177 ἀνάθεμα.

1232 1209 1376 1244 Caetera
1395 1210 1484 1243 dicta
1507 1210 1543 1242 in
1560 1206 1627 1242 hoc
1646 1209 1757 1252 capite
1780 1206 1871 1242 nihil
1894 1208 2116 1242 obscuritatis

1132 1261 1275 1296 habent.
1328 1261 1524 1304 Adscripsit
1541 1266 1655 1293 autem
1676 1259 1805 1292 Paulus
1823 1272 1882 1293 sua
1905 1272 2012 1292 manu
2037 1270 2118 1302 gra-

1133 1313 1311 1345 vissimam
1347 1313 1574 1349 sententiam,
1610 1322 1697 1354 quae
1733 1311 1898 1343 omnibus
1935 1310 2116 1344 notissima

1134 1375 1206 1396 esse
1228 1364 1347 1395 debet:
1383 1363 1421 1395 Si
1446 1362 1523 1406 quis
1546 1372 1620 1394 non
1644 1361 1761 1403 diligit
1784 1360 1978 1395 Dominum
2004 1359 2118 1394 Iesum

1133 1411 1339 1453 Christum,
1375 1413 1418 1447 sit
1444 1410 1630 1445 anathema
1658 1411 1785 1444 Maran
1811 1410 1903 1445 atha.
1963 1412 2120 1445 Damnat

1133 1471 1302 1509 utrosque
1322 1470 1354 1496 et
1370 1464 1572 1496 manifestos
1586 1461 1702 1495 hostes
1718 1462 1924 1506 Evangelii,
1952 1470 1984 1496 et
2006 1462 2120 1508 hypo-

1136 1516 1261 1555 critas,
1303 1514 1363 1558 qui
1388 1521 1567 1557 praetextu
1600 1513 1779 1555 religionis
1816 1520 1990 1557 quaerunt
2021 1524 2118 1546 suam

1135 1565 1328 1610 potentiam
1346 1571 1405 1597 aut
1422 1565 1488 1598 alia
1511 1566 1709 1603 commoda,
1738 1570 1771 1597 et
1794 1564 1979 1598 inflectunt
1997 1562 2117 1597 Evan-

1108 1645 1109 1648 ,
1136 1617 1252 1659 gelion
1276 1616 1318 1648 ad
1343 1613 1528 1648 bominum
1556 1615 1782 1658 cupiditates,
1815 1623 1848 1648 et
1875 1616 2020 1648 miscent
2043 1627 2120 1647 cor-

1108 1692 1110 1698 .
1136 1667 1309 1710 ruptelas,
1336 1668 1502 1699 adversus
1525 1666 1609 1699 tales
1634 1678 1756 1700 omnes
1776 1664 1864 1698 banc
1891 1678 2009 1698 vocem
2027 1666 2121 1698 iudi-

1138 1718 1182 1751 cii
1204 1718 1303 1750 dvini
1326 1717 1557 1761 pronunciat,
1590 1723 1622 1750 et
1657 1723 1824 1761 tanquam
1847 1718 1980 1749 fulmen
2003 1716 2122 1755 mittit,

1138 1775 1175 1802 ut
1195 1766 1369 1802 lohannes
1386 1767 1542 1812 Baptista
1560 1768 1690 1812 inquit:
1721 1767 1792 1810 Qui
1810 1769 1919 1801 credit
1945 1769 1979 1800 in
1999 1768 2123 1806 filium,

1139 1817 1242 1852 habet
1261 1819 1366 1852 vitam
1384 1827 1574 1857 aeternam,
1603 1820 1662 1862 qui
1685 1826 1800 1851 autem
1819 1831 1891 1852 non
1910 1819 2019 1851 credit
2036 1818 2121 1856 filio,

1140 1882 1212 1903 non
1240 1870 1374 1904 videbit
1406 1871 1532 1910 vitam,
1575 1870 1633 1902 sed
1660 1869 1710 1902 ira
1738 1868 1802 1902 Dei
1835 1871 1990 1903 manebit
2021 1881 2126 1911 super

1142 1933 1234 1955 eum.
1286 1919 1333 1954 Et
1351 1922 1393 1954 de
1410 1919 1604 1966 hypocritis
1620 1927 1651 1952 et
1670 1921 1769 1952 malis
1787 1921 1990 1954 doctoribus
2006 1926 2124 1952 extant

1141 1971 1432 2005 comminationes
1457 1984 1558 2015 saepe
1580 1971 1756 2013 repetitae,
1781 1978 1818 2004 ut
1833 1970 1959 2005 Matth.
1977 1968 2053 2005 25.:
2081 1969 2124 2002 Ei

1142 2023 1303 2055 inutilem
1322 2035 1458 2055 servum
1477 2022 1591 2055 eiiciet
1608 2022 1643 2054 in
1663 2022 1823 2056 tenebras
1840 2023 2022 2068 quaeforis
2033 2027 2124 2055 sunt.

1143 2072 1194 2105 lbi
1218 2074 1283 2106 erit
1300 2073 1401 2105 fletus
1417 2080 1448 2106 et
1467 2074 1598 2106 stridor
1616 2073 1787 2107 dentium.

1244 2139 1403 2173 Primum
1423 2147 1538 2173 autem
1558 2140 1663 2178 dicit,
1692 2139 1746 2172 Sit
1773 2137 1979 2177 anatliema,
2008 2139 2043 2171 id
2069 2144 2129 2176 est,

1144 2192 1310 2236 quiddam
1330 2192 1532 2224 damnatum
1546 2218 1554 2231 ,
1583 2191 1669 2223 sicut
1688 2187 1794 2222 liuius
1813 2190 1974 2223 vocabuli
1993 2201 2076 2223 usus
2093 2190 2129 2220 in

1145 2242 1297 2275 Ecclesia
1324 2249 1427 2274 notus
1455 2249 1522 2281 est,
1551 2248 1588 2274 ut
1616 2242 1657 2273 ad
1679 2240 1840 2273 Galatas:
1870 2240 1906 2274 Si
1933 2241 2012 2285 quis
2033 2240 2127 2272 aliud

1146 2293 1378 2334 Evangelium
1402 2294 1522 2332 docet,
1552 2289 1738 2324 anatliema
1762 2292 1814 2325 sit.
1875 2289 1921 2324 Et
1944 2292 2033 2324 ratio
2056 2298 2129 2335 ety-

1148 2345 1318 2385 mologiae
1347 2351 1504 2376 sumatur
1529 2343 1662 2385 exlege
1692 2343 1734 2374 de
1770 2343 1979 2375 consecratis
1997 2367 2006 2381 ,
2045 2353 2132 2386 quae

1147 2395 1224 2428 tolli
1247 2402 1278 2428 ct
1296 2395 1445 2427 interfici
1466 2394 1635 2437 oportuit.

1252 2462 1363 2495 Addit
1379 2469 1491 2494 antem
1512 2461 1692 2503 peregrina
1712 2460 1879 2493 vocabula
1898 2460 2024 2504 Maran
2041 2457 2131 2497 atha,

1152 2525 1239 2558 quae
1257 2516 1361 2545 verba
1382 2512 1558 2545 recitvtive
1577 2518 1768 2555 ponuntur,
1785 2519 1817 2544 et
1830 2513 2053 2554 grammatica
2072 2513 2131 2542 ad-

1155 2565 1326 2607 positione
1346 2564 1526 2596 attexenda
1543 2570 1623 2596 sunt
1645 2562 1793 2595 dictioni
1810 2563 2005 2605 proximae,
2033 2561 2132 2605 quasi

1157 2617 1265 2647 dicat:
1311 2614 1361 2647 Sit
1389 2611 1593 2651 anathema,
1630 2613 1665 2645 id
1696 2619 1763 2652 est,
1798 2613 1841 2646 sit
1865 2615 2048 2645 damnatus
2072 2610 2133 2643 liar

1160 2667 1233 2710 ipsa
1259 2665 1454 2698 tristissima
1480 2664 1670 2704 sententia,
1704 2675 1792 2708 quae
1820 2670 1900 2696 suut
1926 2664 2027 2696 verba
2052 2674 2135 2695 ana-

1500 2711 1582 2747 75*
