<?xml version="1.0" encoding="UTF-8"?>
<!DOCTYPE html PUBLIC "-//W3C//DTD XHTML 1.0 Transitional//EN"
    "http://www.w3.org/TR/xhtml1/DTD/xhtml1-transitional.dtd">
<html xmlns="http://www.w3.org/1999/xhtml" xml:lang="en" lang="en">
 <head>
  <title>
</title>
<meta http-equiv="Content-Type" content="text/html;charset=utf-8" />
  <meta name='ocr-system' content='tesseract 3.04.00' />
  <meta name='ocr-capabilities' content='ocr_page ocr_carea ocr_par ocr_line ocrx_word'/>
</head>
<body>
  <div class='ocr_page' id='page_1' title='image "./operaquaesupersu15melauoft/operaquaesupersu15melauoft_0436.png"; bbox 0 0 2415 2942; ppageno 0'>
   <div class='ocr_carea' id='block_1_1' title="bbox 284 103 356 137">
    <p class='ocr_par' dir='ltr' id='par_1_1' title="bbox 284 103 356 137">
     <span class='ocr_line' id='line_1_1' title="bbox 284 103 356 137; baseline -0.014 0"><span class='ocrx_word' id='word_1_1' title='bbox 284 103 356 137; x_wconf 77' lang='lat'>855</span> 
     </span>
    </p>
   </div>
   <div class='ocr_carea' id='block_1_2' title="bbox 285 185 1278 838">
    <p class='ocr_par' dir='ltr' id='par_1_2' title="bbox 285 185 1278 838">
     <span class='ocr_line' id='line_1_2' title="bbox 285 185 1264 231; baseline -0.002 -10"><span class='ocrx_word' id='word_1_2' title='bbox 285 188 477 230; x_wconf 71' lang='lat' dir='ltr'>spirituale,</span> <span class='ocrx_word' id='word_1_3' title='bbox 495 199 563 231; x_wconf 78' lang='lat' dir='ltr'>quo</span> <span class='ocrx_word' id='word_1_4' title='bbox 576 185 669 219; x_wconf 76' lang='lat' dir='ltr'>Deus</span> <span class='ocrx_word' id='word_1_5' title='bbox 686 187 836 219; x_wconf 78' lang='lat' dir='ltr'>ostendit</span> <span class='ocrx_word' id='word_1_6' title='bbox 856 187 941 219; x_wconf 83' lang='lat' dir='ltr'>iram</span> <span class='ocrx_word' id='word_1_7' title='bbox 959 188 1124 219; x_wconf 80' lang='lat' dir='ltr'>adversus</span> <span class='ocrx_word' id='word_1_8' title='bbox 1145 199 1264 230; x_wconf 80' lang='lat' dir='ltr'>pecca-</span> 
     </span>
     <span class='ocr_line' id='line_1_3' title="bbox 286 238 1265 282; baseline -0.002 -10"><span class='ocrx_word' id='word_1_9' title='bbox 286 247 377 275; x_wconf 80' lang='lat' dir='ltr'>tum,</span> <span class='ocrx_word' id='word_1_10' title='bbox 407 239 533 270; x_wconf 71' lang='lat' dir='ltr'>iudicat</span> <span class='ocrx_word' id='word_1_11' title='bbox 561 246 591 270; x_wconf 83' lang='lat' dir='ltr'>et</span> <span class='ocrx_word' id='word_1_12' title='bbox 618 238 853 280; x_wconf 67' lang='lat' dir='ltr'>perterrefacit</span> <span class='ocrx_word' id='word_1_13' title='bbox 879 239 1006 278; x_wconf 86' lang='lat' dir='ltr'>corda,</span> <span class='ocrx_word' id='word_1_14' title='bbox 1035 239 1076 270; x_wconf 83' lang='lat' dir='ltr'>de</span> <span class='ocrx_word' id='word_1_15' title='bbox 1101 251 1170 282; x_wconf 89' lang='lat' dir='ltr'>quo</span> <span class='ocrx_word' id='word_1_16' title='bbox 1201 250 1265 270; x_wconf 88' lang='lat' dir='ltr'>usu</span> 
     </span>
     <span class='ocr_line' id='line_1_4' title="bbox 288 287 1267 321; baseline 0.001 -1"><span class='ocrx_word' id='word_1_17' title='bbox 288 290 431 321; x_wconf 82' lang='lat' dir='ltr'>dicitur:</span> <span class='ocrx_word' id='word_1_18' title='bbox 462 287 530 320; x_wconf 73' lang='lat' dir='ltr'>Lex</span> <span class='ocrx_word' id='word_1_19' title='bbox 554 289 639 319; x_wconf 75' lang='lat' dir='ltr'>iram</span> <span class='ocrx_word' id='word_1_20' title='bbox 664 288 781 321; x_wconf 75' lang='lat' dir='ltr'>eflicit.</span> <span class='ocrx_word' id='word_1_21' title='bbox 839 287 940 320; x_wconf 86' lang='lat' dir='ltr'>Item:</span> <span class='ocrx_word' id='word_1_22' title='bbox 967 289 1121 321; x_wconf 74' lang='lat' dir='ltr'>Aculeus</span> <span class='ocrx_word' id='word_1_23' title='bbox 1142 289 1267 321; x_wconf 89' lang='lat' dir='ltr'>mortis</span> 
     </span>
     <span class='ocr_line' id='line_1_5' title="bbox 289 337 1268 382; baseline 0.003 -14"><span class='ocrx_word' id='word_1_24' title='bbox 289 346 464 382; x_wconf 63' lang='lat' dir='ltr'>peccatum</span> <span class='ocrx_word' id='word_1_25' title='bbox 484 346 549 376; x_wconf 74' lang='lat' dir='ltr'>est,</span> <span class='ocrx_word' id='word_1_26' title='bbox 579 337 736 371; x_wconf 80' lang='lat' dir='ltr'>Potentia</span> <span class='ocrx_word' id='word_1_27' title='bbox 757 339 887 381; x_wconf 86' lang='lat' dir='ltr'>peccati</span> <span class='ocrx_word' id='word_1_28' title='bbox 905 339 958 371; x_wconf 81' lang='lat' dir='ltr'>lex</span> <span class='ocrx_word' id='word_1_29' title='bbox 978 346 1039 373; x_wconf 89' lang='lat' dir='ltr'>est.</span> <span class='ocrx_word' id='word_1_30' title='bbox 1095 338 1162 372; x_wconf 84' lang='lat' dir='ltr'>llic</span> <span class='ocrx_word' id='word_1_31' title='bbox 1186 351 1268 372; x_wconf 86' lang='lat' dir='ltr'>usus</span> 
     </span>
     <span class='ocr_line' id='line_1_6' title="bbox 288 389 1270 432; baseline -0.001 -10"><span class='ocrx_word' id='word_1_32' title='bbox 288 390 404 432; x_wconf 77' lang='lat' dir='ltr'>aliquo</span> <span class='ocrx_word' id='word_1_33' title='bbox 425 390 528 421; x_wconf 77' lang='lat' dir='ltr'>inodo</span> <span class='ocrx_word' id='word_1_34' title='bbox 548 389 694 421; x_wconf 72' lang='lat' dir='ltr'>discitur</span> <span class='ocrx_word' id='word_1_35' title='bbox 720 389 755 420; x_wconf 93' lang='lat' dir='ltr'>in</span> <span class='ocrx_word' id='word_1_36' title='bbox 781 401 860 422; x_wconf 74' lang='lat' dir='ltr'>vcra</span> <span class='ocrx_word' id='word_1_37' title='bbox 887 391 1117 423; x_wconf 80' lang='lat' dir='ltr'>conversione</span> <span class='ocrx_word' id='word_1_38' title='bbox 1135 397 1166 423; x_wconf 91' lang='lat' dir='ltr'>et</span> <span class='ocrx_word' id='word_1_39' title='bbox 1185 402 1270 423; x_wconf 91' lang='lat' dir='ltr'>con-</span> 
     </span>
     <span class='ocr_line' id='line_1_7' title="bbox 291 438 1268 485; baseline 0 -13"><span class='ocrx_word' id='word_1_40' title='bbox 291 440 452 474; x_wconf 75' lang='lat' dir='ltr'>tritione.</span> <span class='ocrx_word' id='word_1_41' title='bbox 481 447 518 472; x_wconf 92' lang='lat' dir='ltr'>ut</span> <span class='ocrx_word' id='word_1_42' title='bbox 537 452 613 472; x_wconf 91' lang='lat' dir='ltr'>cum</span> <span class='ocrx_word' id='word_1_43' title='bbox 636 438 748 472; x_wconf 71' lang='lat' dir='ltr'>David</span> <span class='ocrx_word' id='word_1_44' title='bbox 770 440 898 485; x_wconf 86' lang='lat' dir='ltr'>inquit:</span> <span class='ocrx_word' id='word_1_45' title='bbox 935 440 1014 474; x_wconf 87' lang='lat' dir='ltr'>Non</span> <span class='ocrx_word' id='word_1_46' title='bbox 1033 448 1081 474; x_wconf 90' lang='lat' dir='ltr'>est</span> <span class='ocrx_word' id='word_1_47' title='bbox 1099 453 1163 484; x_wconf 80' lang='lat' dir='ltr'>pax</span> <span class='ocrx_word' id='word_1_48' title='bbox 1181 440 1268 473; x_wconf 88' lang='lat' dir='ltr'>ossi—</span> 
     </span>
     <span class='ocr_line' id='line_1_8' title="bbox 293 489 1270 533; baseline 0.001 -11"><span class='ocrx_word' id='word_1_49' title='bbox 293 492 357 522; x_wconf 84' lang='lat' dir='ltr'>bus</span> <span class='ocrx_word' id='word_1_50' title='bbox 376 491 459 521; x_wconf 85' lang='lat' dir='ltr'>meis</span> <span class='ocrx_word' id='word_1_51' title='bbox 476 502 492 522; x_wconf 92' lang='lat' dir='ltr'>a</span> <span class='ocrx_word' id='word_1_52' title='bbox 512 491 596 522; x_wconf 72' lang='lat' dir='ltr'>sarie</span> <span class='ocrx_word' id='word_1_53' title='bbox 618 497 836 533; x_wconf 79' lang='lat' dir='ltr'>peccatorum</span> <span class='ocrx_word' id='word_1_54' title='bbox 855 503 1022 526; x_wconf 83' lang='lat' dir='ltr'>meorum.</span> <span class='ocrx_word' id='word_1_55' title='bbox 1075 491 1160 524; x_wconf 79' lang='lat' dir='ltr'>Item</span> <span class='ocrx_word' id='word_1_56' title='bbox 1185 489 1270 523; x_wconf 80' lang='lat' dir='ltr'>Eze—</span> 
     </span>
     <span class='ocr_line' id='line_1_9' title="bbox 293 538 1272 586; baseline 0.003 -13"><span class='ocrx_word' id='word_1_57' title='bbox 293 539 387 573; x_wconf 80' lang='lat' dir='ltr'>cliias</span> <span class='ocrx_word' id='word_1_58' title='bbox 407 538 586 586; x_wconf 55' lang='lat' dir='ltr'>[Esaias]</span> <span class='ocrx_word' id='word_1_59' title='bbox 607 541 705 573; x_wconf 75' lang='lat' dir='ltr'>Sicut</span> <span class='ocrx_word' id='word_1_60' title='bbox 727 541 778 572; x_wconf 73' lang='lat' dir='ltr'>leo</span> <span class='ocrx_word' id='word_1_61' title='bbox 791 542 1168 575; x_wconf 67' lang='lat' dir='ltr'>conti-ivitomniaossa</span> <span class='ocrx_word' id='word_1_62' title='bbox 1187 554 1272 576; x_wconf 85' lang='lat' dir='ltr'>mea.</span> 
     </span>
     <span class='ocr_line' id='line_1_10' title="bbox 292 589 1274 636; baseline 0 -12"><span class='ocrx_word' id='word_1_63' title='bbox 292 592 347 625; x_wconf 69' lang='lat' dir='ltr'>De</span> <span class='ocrx_word' id='word_1_64' title='bbox 359 589 422 624; x_wconf 77' lang='lat' dir='ltr'>ltoc</span> <span class='ocrx_word' id='word_1_65' title='bbox 435 603 496 623; x_wconf 88' lang='lat' dir='ltr'>usu</span> <span class='ocrx_word' id='word_1_66' title='bbox 508 599 536 623; x_wconf 73' lang='lat' dir='ltr'>et</span> <span class='ocrx_word' id='word_1_67' title='bbox 551 590 604 623; x_wconf 79' lang='lat' dir='ltr'>liic</span> <span class='ocrx_word' id='word_1_68' title='bbox 616 591 662 623; x_wconf 88' lang='lat' dir='ltr'>ait</span> <span class='ocrx_word' id='word_1_69' title='bbox 675 591 819 624; x_wconf 86' lang='lat' dir='ltr'>Paulus:</span> <span class='ocrx_word' id='word_1_70' title='bbox 837 591 1018 636; x_wconf 74' lang='lat' dir='ltr'>Perlegem</span> <span class='ocrx_word' id='word_1_71' title='bbox 1030 592 1184 636; x_wconf 75' lang='lat' dir='ltr'>cognitio</span> <span class='ocrx_word' id='word_1_72' title='bbox 1196 604 1274 635; x_wconf 86' lang='lat' dir='ltr'>pec-</span> 
     </span>
     <span class='ocr_line' id='line_1_11' title="bbox 295 641 1274 686; baseline 0.004 -14"><span class='ocrx_word' id='word_1_73' title='bbox 295 643 360 675; x_wconf 75' lang='lat' dir='ltr'>cati</span> <span class='ocrx_word' id='word_1_74' title='bbox 374 669 381 682; x_wconf 84' lang='lat'>‚</span> <span class='ocrx_word' id='word_1_75' title='bbox 409 650 439 675; x_wconf 77' lang='lat' dir='ltr'>ct</span> <span class='ocrx_word' id='word_1_76' title='bbox 459 641 678 684; x_wconf 81' lang='lat' dir='ltr'>insraCapite</span> <span class='ocrx_word' id='word_1_77' title='bbox 695 642 841 684; x_wconf 81' lang='lat' dir='ltr'>septimo</span> <span class='ocrx_word' id='word_1_78' title='bbox 861 641 943 676; x_wconf 81' lang='lat' dir='ltr'>haec</span> <span class='ocrx_word' id='word_1_79' title='bbox 962 644 1094 686; x_wconf 75' lang='lat' dir='ltr'>prolixe</span> <span class='ocrx_word' id='word_1_80' title='bbox 1113 643 1274 676; x_wconf 73' lang='lat' dir='ltr'><strong>declarat.</strong></span> 
     </span>
     <span class='ocr_line' id='line_1_12' title="bbox 294 691 1277 735; baseline 0 -11"><span class='ocrx_word' id='word_1_81' title='bbox 294 691 364 725; x_wconf 65' lang='lat' dir='ltr'>Nec</span> <span class='ocrx_word' id='word_1_82' title='bbox 388 700 466 726; x_wconf 87' lang='lat' dir='ltr'>sunt</span> <span class='ocrx_word' id='word_1_83' title='bbox 491 693 757 725; x_wconf 82' lang='lat' dir='ltr'>confundendae</span> <span class='ocrx_word' id='word_1_84' title='bbox 784 694 977 726; x_wconf 84' lang='lat' dir='ltr'>sententiae</span> <span class='ocrx_word' id='word_1_85' title='bbox 1003 695 1045 727; x_wconf 91' lang='lat' dir='ltr'>de</span> <span class='ocrx_word' id='word_1_86' title='bbox 1075 691 1141 725; x_wconf 80' lang='lat' dir='ltr'>hoc</span> <span class='ocrx_word' id='word_1_87' title='bbox 1171 692 1277 735; x_wconf 83' lang='lat' dir='ltr'>spiri-</span> 
     </span>
     <span class='ocr_line' id='line_1_13' title="bbox 295 741 1278 788; baseline 0.001 -13"><span class='ocrx_word' id='word_1_88' title='bbox 295 743 380 775; x_wconf 84' lang='lat' dir='ltr'>tuali</span> <span class='ocrx_word' id='word_1_89' title='bbox 408 743 556 782; x_wconf 72' lang='lat' dir='ltr'>iudicio,</span> <span class='ocrx_word' id='word_1_90' title='bbox 585 755 661 775; x_wconf 92' lang='lat' dir='ltr'>cum</span> <span class='ocrx_word' id='word_1_91' title='bbox 688 743 827 783; x_wconf 86' lang='lat' dir='ltr'>politica</span> <span class='ocrx_word' id='word_1_92' title='bbox 850 744 1039 787; x_wconf 72' lang='lat' dir='ltr'>sapientia,</span> <span class='ocrx_word' id='word_1_93' title='bbox 1067 755 1155 788; x_wconf 90' lang='lat' dir='ltr'>quae</span> <span class='ocrx_word' id='word_1_94' title='bbox 1173 741 1278 776; x_wconf 79' lang='lat' dir='ltr'>habet</span> 
     </span>
     <span class='ocr_line' id='line_1_14' title="bbox 296 794 1208 838; baseline 0.002 -12"><span class='ocrx_word' id='word_1_95' title='bbox 296 806 374 826; x_wconf 86' lang='lat' dir='ltr'>suas</span> <span class='ocrx_word' id='word_1_96' title='bbox 392 801 517 833; x_wconf 86' lang='lat' dir='ltr'>metas,</span> <span class='ocrx_word' id='word_1_97' title='bbox 545 805 631 837; x_wconf 84' lang='lat' dir='ltr'>quas</span> <span class='ocrx_word' id='word_1_98' title='bbox 648 794 751 825; x_wconf 90' lang='lat' dir='ltr'>etiam</span> <span class='ocrx_word' id='word_1_99' title='bbox 770 800 860 826; x_wconf 86' lang='lat' dir='ltr'>recte</span> <span class='ocrx_word' id='word_1_100' title='bbox 877 795 1040 837; x_wconf 82' lang='lat' dir='ltr'>cognosci</span> <span class='ocrx_word' id='word_1_101' title='bbox 1058 801 1208 838; x_wconf 88' lang='lat' dir='ltr'>oportet.</span> 
     </span>
    </p>
   </div>
   <div class='ocr_carea' id='block_1_3' title="bbox 298 860 1282 1108">
    <p class='ocr_par' dir='ltr' id='par_1_3' title="bbox 298 860 1282 1108">
     <span class='ocr_line' id='line_1_15' title="bbox 397 860 1280 895; baseline -0.001 -1"><span class='ocrx_word' id='word_1_102' title='bbox 397 860 539 894; x_wconf 87' lang='lat' dir='ltr'>Tertius</span> <span class='ocrx_word' id='word_1_103' title='bbox 563 871 644 892; x_wconf 79' lang='lat' dir='ltr'>usus</span> <span class='ocrx_word' id='word_1_104' title='bbox 671 866 719 892; x_wconf 89' lang='lat' dir='ltr'>est</span> <span class='ocrx_word' id='word_1_105' title='bbox 748 860 783 892; x_wconf 91' lang='lat' dir='ltr'>in</span> <span class='ocrx_word' id='word_1_106' title='bbox 810 862 940 895; x_wconf 88' lang='lat' dir='ltr'>renatis</span> <span class='ocrx_word' id='word_1_107' title='bbox 966 863 1091 895; x_wconf 85' lang='lat' dir='ltr'>(locere</span> <span class='ocrx_word' id='word_1_108' title='bbox 1115 869 1149 895; x_wconf 87' lang='lat' dir='ltr'>et</span> <span class='ocrx_word' id='word_1_109' title='bbox 1181 861 1280 895; x_wconf 79' lang='lat' dir='ltr'>testi-</span> 
     </span>
     <span class='ocr_line' id='line_1_16' title="bbox 298 910 1280 957; baseline 0 -13"><span class='ocrx_word' id='word_1_110' title='bbox 298 912 411 950; x_wconf 80' lang='lat' dir='ltr'>ficari,</span> <span class='ocrx_word' id='word_1_111' title='bbox 454 911 566 955; x_wconf 80' lang='lat' dir='ltr'>qualis</span> <span class='ocrx_word' id='word_1_112' title='bbox 592 911 634 943; x_wconf 88' lang='lat' dir='ltr'>sit</span> <span class='ocrx_word' id='word_1_113' title='bbox 668 911 740 953; x_wconf 88' lang='lat' dir='ltr'>ipse</span> <span class='ocrx_word' id='word_1_114' title='bbox 770 910 884 950; x_wconf 87' lang='lat' dir='ltr'>Deus,</span> <span class='ocrx_word' id='word_1_115' title='bbox 927 913 1089 946; x_wconf 74' lang='lat' dir='ltr'>videlicet</span> <span class='ocrx_word' id='word_1_116' title='bbox 1118 912 1280 957; x_wconf 85' lang='lat' dir='ltr'>sapiens,</span> 
     </span>
     <span class='ocr_line' id='line_1_17' title="bbox 299 961 1282 1007; baseline 0.002 -14"><span class='ocrx_word' id='word_1_117' title='bbox 299 974 418 1001; x_wconf 72' lang='lat' dir='ltr'>verax,</span> <span class='ocrx_word' id='word_1_118' title='bbox 453 962 646 1001; x_wconf 75' lang='lat' dir='ltr'>beneficus,</span> <span class='ocrx_word' id='word_1_119' title='bbox 681 961 809 1002; x_wconf 91' lang='lat' dir='ltr'>iustus,</span> <span class='ocrx_word' id='word_1_120' title='bbox 847 965 1019 1007; x_wconf 87' lang='lat' dir='ltr'>aequalis,</span> <span class='ocrx_word' id='word_1_121' title='bbox 1056 970 1187 1006; x_wconf 88' lang='lat' dir='ltr'>castus,</span> <span class='ocrx_word' id='word_1_122' title='bbox 1218 974 1282 1006; x_wconf 89' lang='lat' dir='ltr'>po-</span> 
     </span>
     <span class='ocr_line' id='line_1_18' title="bbox 298 1012 1280 1059; baseline -0.001 -13"><span class='ocrx_word' id='word_1_123' title='bbox 298 1013 430 1046; x_wconf 79' lang='lat' dir='ltr'>stulans</span> <span class='ocrx_word' id='word_1_124' title='bbox 448 1012 726 1045; x_wconf 71' lang='lat' dir='ltr'>conformitatem</span> <span class='ocrx_word' id='word_1_125' title='bbox 746 1012 782 1044; x_wconf 91' lang='lat' dir='ltr'>iu</span> <span class='ocrx_word' id='word_1_126' title='bbox 801 1013 922 1052; x_wconf 87' lang='lat' dir='ltr'>nobis,</span> <span class='ocrx_word' id='word_1_127' title='bbox 953 1021 984 1047; x_wconf 93' lang='lat' dir='ltr'>et</span> <span class='ocrx_word' id='word_1_128' title='bbox 1008 1014 1127 1059; x_wconf 87' lang='lat' dir='ltr'>quales</span> <span class='ocrx_word' id='word_1_129' title='bbox 1154 1014 1280 1053; x_wconf 88' lang='lat' dir='ltr'>cultus,</span> 
     </span>
     <span class='ocr_line' id='line_1_19' title="bbox 300 1062 1281 1108; baseline 0.001 -13"><span class='ocrx_word' id='word_1_130' title='bbox 300 1076 388 1108; x_wconf 84' lang='lat' dir='ltr'>quae</span> <span class='ocrx_word' id='word_1_131' title='bbox 415 1075 517 1106; x_wconf 84' lang='lat' dir='ltr'>opera</span> <span class='ocrx_word' id='word_1_132' title='bbox 537 1063 601 1106; x_wconf 86' lang='lat' dir='ltr'>ipsi</span> <span class='ocrx_word' id='word_1_133' title='bbox 627 1063 796 1106; x_wconf 80' lang='lat' dir='ltr'>placeant.</span> <span class='ocrx_word' id='word_1_134' title='bbox 849 1062 1038 1105; x_wconf 82' lang='lat' dir='ltr'>Quomodo</span> <span class='ocrx_word' id='word_1_135' title='bbox 1063 1071 1178 1097; x_wconf 90' lang='lat' dir='ltr'>autem</span> <span class='ocrx_word' id='word_1_136' title='bbox 1208 1064 1281 1108; x_wconf 89' lang='lat' dir='ltr'>pla-</span> 
     </span>
    </p>
   </div>
   <div class='ocr_carea' id='block_1_4' title="bbox 299 1114 1282 1208">
    <p class='ocr_par' dir='ltr' id='par_1_4' title="bbox 299 1114 1282 1208">
     <span class='ocr_line' id='line_1_20' title="bbox 299 1114 1282 1159; baseline 0 -12"><span class='ocrx_word' id='word_1_137' title='bbox 299 1121 372 1147; x_wconf 84' lang='lat' dir='ltr'>ceat</span> <span class='ocrx_word' id='word_1_138' title='bbox 406 1114 541 1146; x_wconf 85' lang='lat' dir='ltr'>incoata</span> <span class='ocrx_word' id='word_1_139' title='bbox 576 1114 777 1146; x_wconf 84' lang='lat' dir='ltr'>obedientia</span> <span class='ocrx_word' id='word_1_140' title='bbox 809 1123 951 1159; x_wconf 87' lang='lat' dir='ltr'>propter</span> <span class='ocrx_word' id='word_1_141' title='bbox 982 1117 1209 1149; x_wconf 71' lang='lat' dir='ltr'>mediatorem</span> <span class='ocrx_word' id='word_1_142' title='bbox 1246 1115 1282 1146; x_wconf 86' lang='lat' dir='ltr'>in</span> 
     </span>
     <span class='ocr_line' id='line_1_21' title="bbox 301 1164 864 1208; baseline -0.002 -10"><span class='ocrx_word' id='word_1_143' title='bbox 301 1165 544 1205; x_wconf 83' lang='lat' dir='ltr'>credentibus,</span> <span class='ocrx_word' id='word_1_144' title='bbox 572 1171 689 1208; x_wconf 88' lang='lat' dir='ltr'>postea</span> <span class='ocrx_word' id='word_1_145' title='bbox 717 1164 864 1200; x_wconf 85' lang='lat' dir='ltr'>dicetur.</span> 
     </span>
    </p>
   </div>
   <div class='ocr_carea' id='block_1_5' title="bbox 302 1253 1285 1343">
    <p class='ocr_par' dir='ltr' id='par_1_5' title="bbox 302 1253 1285 1343">
     <span class='ocr_line' id='line_1_22' title="bbox 302 1253 1285 1306; baseline 0.002 -17"><span class='ocrx_word' id='word_1_146' title='bbox 302 1254 414 1290; x_wconf 69' lang='lat' dir='ltr'>Nunc</span> <span class='ocrx_word' id='word_1_147' title='bbox 440 1267 518 1289; x_wconf 68' lang='lat' dir='ltr'>cero</span> <span class='ocrx_word' id='word_1_148' title='bbox 541 1255 619 1288; x_wconf 80' lang='lat' dir='ltr'>sine</span> <span class='ocrx_word' id='word_1_149' title='bbox 651 1253 726 1301; x_wconf 74' lang='lat' dir='ltr'>Iege</span> <span class='ocrx_word' id='word_1_150' title='bbox 751 1254 900 1289; x_wconf 78' lang='lat' dir='ltr'>iusticia</span> <span class='ocrx_word' id='word_1_151' title='bbox 934 1254 1012 1289; x_wconf 76' lang='lat' dir='ltr'>Dei</span> <span class='ocrx_word' id='word_1_152' title='bbox 1040 1257 1285 1306; x_wconf 73' lang='lat' dir='ltr'>mamseslala</span> 
     </span>
     <span class='ocr_line' id='line_1_23' title="bbox 760 1311 821 1343; baseline 0 -4"><span class='ocrx_word' id='word_1_153' title='bbox 760 1311 821 1343; x_wconf 80' lang='lat' dir='ltr'>est.</span> 
     </span>
    </p>
   </div>
   <div class='ocr_carea' id='block_1_6' title="bbox 304 1381 1295 1929">
    <p class='ocr_par' dir='ltr' id='par_1_6' title="bbox 304 1381 1295 1929">
     <span class='ocr_line' id='line_1_24' title="bbox 407 1381 1286 1426; baseline 0 -10"><span class='ocrx_word' id='word_1_154' title='bbox 407 1381 454 1416; x_wconf 74' lang='lat' dir='ltr'>Ut</span> <span class='ocrx_word' id='word_1_155' title='bbox 480 1389 594 1425; x_wconf 88' lang='lat' dir='ltr'>postca</span> <span class='ocrx_word' id='word_1_156' title='bbox 613 1381 753 1425; x_wconf 78' lang='lat' dir='ltr'>planior</span> <span class='ocrx_word' id='word_1_157' title='bbox 771 1382 813 1415; x_wconf 91' lang='lat' dir='ltr'>sit</span> <span class='ocrx_word' id='word_1_158' title='bbox 833 1383 1028 1422; x_wconf 72' lang='lat' dir='ltr'>enarratio,</span> <span class='ocrx_word' id='word_1_159' title='bbox 1053 1383 1204 1426; x_wconf 89' lang='lat' dir='ltr'>primum</span> <span class='ocrx_word' id='word_1_160' title='bbox 1232 1396 1286 1416; x_wconf 90' lang='lat' dir='ltr'>re-</span> 
     </span>
     <span class='ocr_line' id='line_1_25' title="bbox 304 1431 1287 1476; baseline -0.001 -8"><span class='ocrx_word' id='word_1_161' title='bbox 304 1434 424 1468; x_wconf 86' lang='lat' dir='ltr'>futabo</span> <span class='ocrx_word' id='word_1_162' title='bbox 445 1431 614 1466; x_wconf 80' lang='lat' dir='ltr'>Osiandri</span> <span class='ocrx_word' id='word_1_163' title='bbox 634 1444 798 1468; x_wconf 86' lang='lat' dir='ltr'>errorem,</span> <span class='ocrx_word' id='word_1_164' title='bbox 853 1432 1032 1466; x_wconf 86' lang='lat' dir='ltr'>Osiander</span> <span class='ocrx_word' id='word_1_165' title='bbox 1049 1435 1213 1476; x_wconf 81' lang='lat' dir='ltr'>intelligit</span> <span class='ocrx_word' id='word_1_166' title='bbox 1234 1436 1287 1467; x_wconf 90' lang='lat' dir='ltr'>iu—</span> 
     </span>
     <span class='ocr_line' id='line_1_26' title="bbox 306 1481 1290 1526; baseline -0.001 -8"><span class='ocrx_word' id='word_1_167' title='bbox 306 1485 439 1518; x_wconf 84' lang='lat' dir='ltr'>sticiam</span> <span class='ocrx_word' id='word_1_168' title='bbox 466 1482 530 1516; x_wconf 92' lang='lat' dir='ltr'>Dei</span> <span class='ocrx_word' id='word_1_169' title='bbox 557 1484 671 1526; x_wconf 89' lang='lat' dir='ltr'>ipsum</span> <span class='ocrx_word' id='word_1_170' title='bbox 699 1482 811 1516; x_wconf 88' lang='lat' dir='ltr'>Deum</span> <span class='ocrx_word' id='word_1_171' title='bbox 835 1481 1054 1517; x_wconf 83' lang='lat' dir='ltr'>habitantem</span> <span class='ocrx_word' id='word_1_172' title='bbox 1082 1486 1118 1517; x_wconf 90' lang='lat' dir='ltr'>in</span> <span class='ocrx_word' id='word_1_173' title='bbox 1149 1492 1290 1524; x_wconf 87' lang='lat' dir='ltr'>renato,</span> 
     </span>
     <span class='ocr_line' id='line_1_27' title="bbox 307 1534 1289 1579; baseline -0.001 -11"><span class='ocrx_word' id='word_1_174' title='bbox 307 1543 338 1568; x_wconf 91' lang='lat' dir='ltr'>et</span> <span class='ocrx_word' id='word_1_175' title='bbox 365 1542 563 1568; x_wconf 76' lang='lat' dir='ltr'>moventem</span> <span class='ocrx_word' id='word_1_176' title='bbox 589 1545 690 1571; x_wconf 91' lang='lat' dir='ltr'>eum,</span> <span class='ocrx_word' id='word_1_177' title='bbox 732 1541 771 1566; x_wconf 85' lang='lat' dir='ltr'>ut</span> <span class='ocrx_word' id='word_1_178' title='bbox 797 1534 883 1566; x_wconf 86' lang='lat' dir='ltr'>iusta</span> <span class='ocrx_word' id='word_1_179' title='bbox 914 1535 1026 1569; x_wconf 85' lang='lat' dir='ltr'>saciat.</span> <span class='ocrx_word' id='word_1_180' title='bbox 1080 1534 1129 1568; x_wconf 86' lang='lat' dir='ltr'>lta</span> <span class='ocrx_word' id='word_1_181' title='bbox 1155 1547 1191 1568; x_wconf 90' lang='lat' dir='ltr'>re</span> <span class='ocrx_word' id='word_1_182' title='bbox 1216 1536 1289 1579; x_wconf 88' lang='lat' dir='ltr'>ipsa</span> 
     </span>
     <span class='ocr_line' id='line_1_28' title="bbox 309 1583 1290 1628; baseline 0 -10"><span class='ocrx_word' id='word_1_183' title='bbox 309 1588 409 1619; x_wconf 83' lang='lat' dir='ltr'>docet</span> <span class='ocrx_word' id='word_1_184' title='bbox 436 1583 613 1617; x_wconf 83' lang='lat' dir='ltr'>hominem</span> <span class='ocrx_word' id='word_1_185' title='bbox 638 1585 791 1617; x_wconf 74' lang='lat' dir='ltr'>novitate</span> <span class='ocrx_word' id='word_1_186' title='bbox 816 1592 847 1617; x_wconf 90' lang='lat' dir='ltr'>et</span> <span class='ocrx_word' id='word_1_187' title='bbox 865 1586 1031 1628; x_wconf 90' lang='lat' dir='ltr'>operibus</span> <span class='ocrx_word' id='word_1_188' title='bbox 1048 1586 1178 1618; x_wconf 86' lang='lat' dir='ltr'>iustum</span> <span class='ocrx_word' id='word_1_189' title='bbox 1206 1597 1290 1619; x_wconf 85' lang='lat' dir='ltr'>esse.</span> 
     </span>
     <span class='ocr_line' id='line_1_29' title="bbox 309 1635 1289 1679; baseline -0.001 -10"><span class='ocrx_word' id='word_1_190' title='bbox 309 1637 378 1670; x_wconf 84' lang='lat' dir='ltr'>Sed</span> <span class='ocrx_word' id='word_1_191' title='bbox 400 1648 463 1679; x_wconf 87' lang='lat' dir='ltr'>pro</span> <span class='ocrx_word' id='word_1_192' title='bbox 487 1635 610 1668; x_wconf 67' lang='lat' dir='ltr'>ess‘ectu</span> <span class='ocrx_word' id='word_1_193' title='bbox 636 1635 795 1667; x_wconf 77' lang='lat' dir='ltr'>nominat</span> <span class='ocrx_word' id='word_1_194' title='bbox 826 1647 983 1676; x_wconf 87' lang='lat' dir='ltr'>causam,</span> <span class='ocrx_word' id='word_1_195' title='bbox 1027 1636 1140 1679; x_wconf 89' lang='lat' dir='ltr'>ipsum</span> <span class='ocrx_word' id='word_1_196' title='bbox 1167 1635 1289 1668; x_wconf 84' lang='lat' dir='ltr'>Deum.</span> 
     </span>
     <span class='ocr_line' id='line_1_30' title="bbox 309 1685 1291 1730; baseline -0.002 -10"><span class='ocrx_word' id='word_1_197' title='bbox 309 1685 385 1720; x_wconf 82' lang='lat' dir='ltr'>Etsi</span> <span class='ocrx_word' id='word_1_198' title='bbox 410 1693 524 1719; x_wconf 86' lang='lat' dir='ltr'>autem</span> <span class='ocrx_word' id='word_1_199' title='bbox 551 1686 660 1717; x_wconf 87' lang='lat' dir='ltr'>multa</span> <span class='ocrx_word' id='word_1_200' title='bbox 687 1686 825 1725; x_wconf 78' lang='lat' dir='ltr'>miscet,</span> <span class='ocrx_word' id='word_1_201' title='bbox 853 1694 885 1720; x_wconf 79' lang='lat' dir='ltr'>et</span> <span class='ocrx_word' id='word_1_202' title='bbox 905 1687 1074 1730; x_wconf 84' lang='lat' dir='ltr'>quaedam</span> <span class='ocrx_word' id='word_1_203' title='bbox 1094 1687 1190 1720; x_wconf 83' lang='lat' dir='ltr'>velut</span> <span class='ocrx_word' id='word_1_204' title='bbox 1206 1699 1291 1719; x_wconf 89' lang='lat' dir='ltr'>con-</span> 
     </span>
     <span class='ocr_line' id='line_1_31' title="bbox 311 1736 1291 1782; baseline -0.003 -11"><span class='ocrx_word' id='word_1_205' title='bbox 311 1738 401 1771; x_wconf 86' lang='lat' dir='ltr'>sulto</span> <span class='ocrx_word' id='word_1_206' title='bbox 420 1736 591 1778; x_wconf 83' lang='lat' dir='ltr'>ambiguis</span> <span class='ocrx_word' id='word_1_207' title='bbox 609 1737 798 1769; x_wconf 83' lang='lat' dir='ltr'>involucris</span> <span class='ocrx_word' id='word_1_208' title='bbox 817 1737 996 1777; x_wconf 85' lang='lat' dir='ltr'>obscurat,</span> <span class='ocrx_word' id='word_1_209' title='bbox 1015 1744 1046 1770; x_wconf 93' lang='lat' dir='ltr'>et</span> <span class='ocrx_word' id='word_1_210' title='bbox 1063 1749 1122 1770; x_wconf 87' lang='lat' dir='ltr'>sua</span> <span class='ocrx_word' id='word_1_211' title='bbox 1142 1738 1291 1782; x_wconf 89' lang='lat' dir='ltr'>quadam</span> 
     </span>
     <span class='ocr_line' id='line_1_32' title="bbox 312 1784 1294 1832; baseline 0 -11"><span class='ocrx_word' id='word_1_212' title='bbox 312 1787 643 1831; x_wconf 72' lang='lat' dir='ltr'>grandiloquentia,</span> <span class='ocrx_word' id='word_1_213' title='bbox 691 1788 724 1818; x_wconf 94' lang='lat' dir='ltr'>in</span> <span class='ocrx_word' id='word_1_214' title='bbox 758 1799 826 1832; x_wconf 88' lang='lat' dir='ltr'>qua</span> <span class='ocrx_word' id='word_1_215' title='bbox 860 1788 967 1820; x_wconf 79' lang='lat' dir='ltr'>multa</span> <span class='ocrx_word' id='word_1_216' title='bbox 996 1795 1077 1821; x_wconf 89' lang='lat' dir='ltr'>sunt</span> <span class='ocrx_word' id='word_1_217' title='bbox 1113 1784 1294 1832; x_wconf 70' lang='grc' dir='ltr'><em>θαύματα</em></span> 
     </span>
     <span class='ocr_line' id='line_1_33' title="bbox 314 1835 1295 1883; baseline 0 -12"><span class='ocrx_word' id='word_1_218' title='bbox 314 1835 505 1883; x_wconf 61' lang='grc' dir='ltr'>ῥημάτων,</span> <span class='ocrx_word' id='word_1_219' title='bbox 542 1844 653 1870; x_wconf 81' lang='lat' dir='ltr'>tonat:</span> <span class='ocrx_word' id='word_1_220' title='bbox 688 1837 832 1871; x_wconf 87' lang='lat' dir='ltr'>Summa</span> <span class='ocrx_word' id='word_1_221' title='bbox 866 1845 981 1871; x_wconf 87' lang='lat' dir='ltr'>tamen</span> <span class='ocrx_word' id='word_1_222' title='bbox 1012 1839 1185 1880; x_wconf 81' lang='lat' dir='ltr'>dogmatis</span> <span class='ocrx_word' id='word_1_223' title='bbox 1210 1839 1295 1879; x_wconf 87' lang='lat' dir='ltr'>eius,</span> 
     </span>
     <span class='ocr_line' id='line_1_34' title="bbox 315 1887 1295 1929; baseline -0.001 -6"><span class='ocrx_word' id='word_1_224' title='bbox 315 1897 347 1923; x_wconf 85' lang='lat' dir='ltr'>et</span> <span class='ocrx_word' id='word_1_225' title='bbox 365 1896 489 1927; x_wconf 83' lang='lat' dir='ltr'>status,</span> <span class='ocrx_word' id='word_1_226' title='bbox 518 1895 551 1922; x_wconf 88' lang='lat' dir='ltr'>et</span> <span class='ocrx_word' id='word_1_227' title='bbox 568 1895 606 1921; x_wconf 91' lang='lat' dir='ltr'>ut</span> <span class='ocrx_word' id='word_1_228' title='bbox 625 1888 669 1921; x_wconf 88' lang='lat' dir='ltr'>ita</span> <span class='ocrx_word' id='word_1_229' title='bbox 688 1889 820 1926; x_wconf 88' lang='lat' dir='ltr'>dicam,</span> <span class='ocrx_word' id='word_1_230' title='bbox 844 1901 903 1921; x_wconf 86' lang='lat' dir='ltr'>arx</span> <span class='ocrx_word' id='word_1_231' title='bbox 922 1896 991 1929; x_wconf 89' lang='lat' dir='ltr'>est,</span> <span class='ocrx_word' id='word_1_232' title='bbox 1018 1887 1198 1922; x_wconf 84' lang='lat' dir='ltr'>bominem</span> <span class='ocrx_word' id='word_1_233' title='bbox 1224 1901 1295 1922; x_wconf 87' lang='lat' dir='ltr'>esse</span> 
     </span>
    </p>
   </div>
   <div class='ocr_carea' id='block_1_7' title="bbox 317 1939 1296 2024">
    <p class='ocr_par' dir='ltr' id='par_1_7' title="bbox 317 1939 1296 2024">
     <span class='ocr_line' id='line_1_35' title="bbox 317 1939 1296 1984; baseline 0 -11"><span class='ocrx_word' id='word_1_234' title='bbox 317 1941 472 1973; x_wconf 58' lang='lat' dir='ltr'>noritate</span> <span class='ocrx_word' id='word_1_235' title='bbox 505 1946 537 1973; x_wconf 92' lang='lat' dir='ltr'>et</span> <span class='ocrx_word' id='word_1_236' title='bbox 561 1939 725 1983; x_wconf 89' lang='lat' dir='ltr'>operibus</span> <span class='ocrx_word' id='word_1_237' title='bbox 757 1939 908 1981; x_wconf 83' lang='lat' dir='ltr'>iustum,</span> <span class='ocrx_word' id='word_1_238' title='bbox 952 1940 1041 1974; x_wconf 89' lang='lat' dir='ltr'>sicut</span> <span class='ocrx_word' id='word_1_239' title='bbox 1066 1947 1097 1973; x_wconf 90' lang='lat' dir='ltr'>et</span> <span class='ocrx_word' id='word_1_240' title='bbox 1121 1939 1296 1984; x_wconf 83' lang='lat' dir='ltr'>Paptistae</span> 
     </span>
     <span class='ocr_line' id='line_1_36' title="bbox 318 1991 548 2024; baseline 0 0"><span class='ocrx_word' id='word_1_241' title='bbox 318 1991 548 2024; x_wconf 85' lang='lat' dir='ltr'>contendunt.</span> 
     </span>
    </p>
   </div>
   <div class='ocr_carea' id='block_1_8' title="bbox 322 2056 1310 2711">
    <p class='ocr_par' dir='ltr' id='par_1_8' title="bbox 322 2056 1310 2711">
     <span class='ocr_line' id='line_1_37' title="bbox 420 2056 1297 2101; baseline 0.001 -12"><span class='ocrx_word' id='word_1_242' title='bbox 420 2056 578 2089; x_wconf 86' lang='lat' dir='ltr'>Primum</span> <span class='ocrx_word' id='word_1_243' title='bbox 604 2062 717 2089; x_wconf 84' lang='lat' dir='ltr'>autem</span> <span class='ocrx_word' id='word_1_244' title='bbox 744 2057 961 2097; x_wconf 83' lang='lat' dir='ltr'>consideres,</span> <span class='ocrx_word' id='word_1_245' title='bbox 988 2057 1072 2101; x_wconf 89' lang='lat' dir='ltr'>quid</span> <span class='ocrx_word' id='word_1_246' title='bbox 1092 2057 1174 2090; x_wconf 90' lang='lat' dir='ltr'>mali</span> <span class='ocrx_word' id='word_1_247' title='bbox 1199 2058 1297 2091; x_wconf 89' lang='lat' dir='ltr'>sitin</span> 
     </span>
     <span class='ocr_line' id='line_1_38' title="bbox 322 2106 1299 2149; baseline -0.001 -7"><span class='ocrx_word' id='word_1_248' title='bbox 322 2110 386 2142; x_wconf 88' lang='lat' dir='ltr'>ista</span> <span class='ocrx_word' id='word_1_249' title='bbox 417 2106 679 2149; x_wconf 74' lang='lat' dir='ltr'>imaginatione.</span> <span class='ocrx_word' id='word_1_250' title='bbox 746 2108 787 2140; x_wconf 91' lang='lat' dir='ltr'>In</span> <span class='ocrx_word' id='word_1_251' title='bbox 817 2108 907 2140; x_wconf 87' lang='lat' dir='ltr'>veris</span> <span class='ocrx_word' id='word_1_252' title='bbox 929 2108 1112 2141; x_wconf 89' lang='lat' dir='ltr'>doloribus</span> <span class='ocrx_word' id='word_1_253' title='bbox 1138 2115 1172 2141; x_wconf 87' lang='lat' dir='ltr'>et</span> <span class='ocrx_word' id='word_1_254' title='bbox 1197 2120 1299 2141; x_wconf 88' lang='lat' dir='ltr'>sensu</span> 
     </span>
     <span class='ocr_line' id='line_1_39' title="bbox 324 2155 1300 2203; baseline 0 -11"><span class='ocrx_word' id='word_1_255' title='bbox 324 2161 394 2192; x_wconf 89' lang='lat' dir='ltr'>irae</span> <span class='ocrx_word' id='word_1_256' title='bbox 423 2157 486 2191; x_wconf 78' lang='lat' dir='ltr'>Dei</span> <span class='ocrx_word' id='word_1_257' title='bbox 516 2158 650 2201; x_wconf 83' lang='lat' dir='ltr'>quaerit</span> <span class='ocrx_word' id='word_1_258' title='bbox 678 2155 804 2198; x_wconf 77' lang='lat' dir='ltr'>homo,</span> <span class='ocrx_word' id='word_1_259' title='bbox 841 2170 913 2191; x_wconf 92' lang='lat' dir='ltr'>non</span> <span class='ocrx_word' id='word_1_260' title='bbox 936 2158 1050 2203; x_wconf 90' lang='lat' dir='ltr'>qualis</span> <span class='ocrx_word' id='word_1_261' title='bbox 1078 2158 1115 2190; x_wconf 91' lang='lat' dir='ltr'>in</span> <span class='ocrx_word' id='word_1_262' title='bbox 1137 2159 1211 2201; x_wconf 91' lang='lat' dir='ltr'>ipso</span> <span class='ocrx_word' id='word_1_263' title='bbox 1236 2172 1300 2193; x_wconf 92' lang='lat' dir='ltr'>no-</span> 
     </span>
     <span class='ocr_line' id='line_1_40' title="bbox 325 2208 1301 2249; baseline 0.001 -7"><span class='ocrx_word' id='word_1_264' title='bbox 325 2211 412 2242; x_wconf 76' lang='lat' dir='ltr'>vitas</span> <span class='ocrx_word' id='word_1_265' title='bbox 430 2209 489 2249; x_wconf 77' lang='lat' dir='ltr'>sit,</span> <span class='ocrx_word' id='word_1_266' title='bbox 520 2208 590 2240; x_wconf 91' lang='lat' dir='ltr'>imo</span> <span class='ocrx_word' id='word_1_267' title='bbox 614 2209 725 2241; x_wconf 81' lang='lat' dir='ltr'>cernit</span> <span class='ocrx_word' id='word_1_268' title='bbox 743 2221 838 2241; x_wconf 85' lang='lat' dir='ltr'>suam</span> <span class='ocrx_word' id='word_1_269' title='bbox 860 2209 1120 2242; x_wconf 86' lang='lat' dir='ltr'>immunditiem</span> <span class='ocrx_word' id='word_1_270' title='bbox 1135 2236 1143 2249; x_wconf 94' lang='lat'>‚</span> <span class='ocrx_word' id='word_1_271' title='bbox 1170 2217 1202 2243; x_wconf 88' lang='lat' dir='ltr'>et</span> <span class='ocrx_word' id='word_1_272' title='bbox 1226 2223 1301 2243; x_wconf 91' lang='lat' dir='ltr'>mo-</span> 
     </span>
     <span class='ocr_line' id='line_1_41' title="bbox 326 2259 1302 2303; baseline 0 -10"><span class='ocrx_word' id='word_1_273' title='bbox 326 2262 394 2293; x_wconf 87' lang='lat' dir='ltr'>lem</span> <span class='ocrx_word' id='word_1_274' title='bbox 422 2259 569 2303; x_wconf 75' lang='lat' dir='ltr'>peccati,</span> <span class='ocrx_word' id='word_1_275' title='bbox 596 2259 688 2292; x_wconf 85' lang='lat' dir='ltr'>iuxta</span> <span class='ocrx_word' id='word_1_276' title='bbox 712 2260 861 2292; x_wconf 86' lang='lat' dir='ltr'>dictum:</span> <span class='ocrx_word' id='word_1_277' title='bbox 897 2259 978 2292; x_wconf 84' lang='lat' dir='ltr'>Non</span> <span class='ocrx_word' id='word_1_278' title='bbox 1003 2259 1248 2294; x_wconf 85' lang='lat' dir='ltr'>iustificabitur</span> <span class='ocrx_word' id='word_1_279' title='bbox 1266 2261 1302 2293; x_wconf 91' lang='lat' dir='ltr'>in</span> 
     </span>
     <span class='ocr_line' id='line_1_42' title="bbox 329 2308 1303 2356; baseline 0.001 -13"><span class='ocrx_word' id='word_1_280' title='bbox 329 2317 514 2352; x_wconf 60' lang='lat' dir='ltr'>conspectu</span> <span class='ocrx_word' id='word_1_281' title='bbox 540 2316 599 2342; x_wconf 90' lang='lat' dir='ltr'>tuo</span> <span class='ocrx_word' id='word_1_282' title='bbox 625 2311 740 2342; x_wconf 89' lang='lat' dir='ltr'>omnis</span> <span class='ocrx_word' id='word_1_283' title='bbox 763 2311 894 2342; x_wconf 81' lang='lat' dir='ltr'>vivens.</span> <span class='ocrx_word' id='word_1_284' title='bbox 959 2308 1028 2343; x_wconf 85' lang='lat' dir='ltr'>Hic</span> <span class='ocrx_word' id='word_1_285' title='bbox 1052 2312 1151 2344; x_wconf 91' lang='lat' dir='ltr'>docet</span> <span class='ocrx_word' id='word_1_286' title='bbox 1173 2312 1303 2356; x_wconf 87' lang='lat' dir='ltr'>ubique</span> 
     </span>
     <span class='ocr_line' id='line_1_43' title="bbox 330 2359 1304 2404; baseline 0.003 -12"><span class='ocrx_word' id='word_1_287' title='bbox 330 2373 395 2393; x_wconf 55' lang='lat' dir='ltr'>vox</span> <span class='ocrx_word' id='word_1_288' title='bbox 412 2359 614 2401; x_wconf 72' lang='lat' dir='ltr'>Evangelii,</span> <span class='ocrx_word' id='word_1_289' title='bbox 642 2361 794 2404; x_wconf 87' lang='lat' dir='ltr'>primum</span> <span class='ocrx_word' id='word_1_290' title='bbox 812 2367 974 2404; x_wconf 86' lang='lat' dir='ltr'>oportere</span> <span class='ocrx_word' id='word_1_291' title='bbox 995 2361 1103 2404; x_wconf 82' lang='lat' dir='ltr'>accipi</span> <span class='ocrx_word' id='word_1_292' title='bbox 1128 2363 1304 2395; x_wconf 85' lang='lat' dir='ltr'>remissio-</span> 
     </span>
     <span class='ocr_line' id='line_1_44' title="bbox 332 2412 1306 2457; baseline 0.002 -13"><span class='ocrx_word' id='word_1_293' title='bbox 332 2423 410 2444; x_wconf 87' lang='lat' dir='ltr'>nem</span> <span class='ocrx_word' id='word_1_294' title='bbox 430 2418 647 2453; x_wconf 70' lang='lat' dir='ltr'>peccatorum</span> <span class='ocrx_word' id='word_1_295' title='bbox 673 2418 705 2444; x_wconf 89' lang='lat' dir='ltr'>et</span> <span class='ocrx_word' id='word_1_296' title='bbox 730 2412 1051 2445; x_wconf 85' lang='lat' dir='ltr'>reconciliationem</span> <span class='ocrx_word' id='word_1_297' title='bbox 1077 2412 1143 2445; x_wconf 86' lang='lat' dir='ltr'>fide</span> <span class='ocrx_word' id='word_1_298' title='bbox 1166 2421 1306 2457; x_wconf 90' lang='lat' dir='ltr'>propter</span> 
     </span>
     <span class='ocr_line' id='line_1_45' title="bbox 334 2462 1306 2507; baseline 0.002 -13"><span class='ocrx_word' id='word_1_299' title='bbox 334 2462 580 2500; x_wconf 69' lang='lat' dir='ltr'>mediatorem,</span> <span class='ocrx_word' id='word_1_300' title='bbox 607 2462 729 2504; x_wconf 86' lang='lat' dir='ltr'>gratis,</span> <span class='ocrx_word' id='word_1_301' title='bbox 765 2475 836 2495; x_wconf 90' lang='lat' dir='ltr'>non</span> <span class='ocrx_word' id='word_1_302' title='bbox 855 2469 998 2506; x_wconf 85' lang='lat' dir='ltr'>propter</span> <span class='ocrx_word' id='word_1_303' title='bbox 1014 2470 1169 2496; x_wconf 87' lang='lat' dir='ltr'>nostram</span> <span class='ocrx_word' id='word_1_304' title='bbox 1189 2465 1306 2507; x_wconf 83' lang='lat' dir='ltr'>digni-</span> 
     </span>
     <span class='ocr_line' id='line_1_46' title="bbox 335 2511 1305 2554; baseline 0.002 -9"><span class='ocrx_word' id='word_1_305' title='bbox 335 2520 458 2549; x_wconf 84' lang='lat' dir='ltr'>tatem,</span> <span class='ocrx_word' id='word_1_306' title='bbox 488 2519 518 2544; x_wconf 89' lang='lat' dir='ltr'>et</span> <span class='ocrx_word' id='word_1_307' title='bbox 537 2511 584 2543; x_wconf 82' lang='lat' dir='ltr'>sic</span> <span class='ocrx_word' id='word_1_308' title='bbox 603 2520 762 2554; x_wconf 87' lang='lat' dir='ltr'>oportere</span> <span class='ocrx_word' id='word_1_309' title='bbox 779 2511 940 2545; x_wconf 86' lang='lat' dir='ltr'>homines</span> <span class='ocrx_word' id='word_1_310' title='bbox 956 2514 1116 2547; x_wconf 82' lang='lat' dir='ltr'>accedere</span> <span class='ocrx_word' id='word_1_311' title='bbox 1134 2515 1176 2547; x_wconf 84' lang='lat' dir='ltr'>ad</span> <span class='ocrx_word' id='word_1_312' title='bbox 1193 2513 1305 2547; x_wconf 89' lang='lat' dir='ltr'>Deum</span> 
     </span>
     <span class='ocr_line' id='line_1_47' title="bbox 336 2562 1307 2608; baseline 0.003 -13"><span class='ocrx_word' id='word_1_313' title='bbox 336 2563 458 2596; x_wconf 75' lang='lat' dir='ltr'>fiducia</span> <span class='ocrx_word' id='word_1_314' title='bbox 486 2562 697 2597; x_wconf 72' lang='lat' dir='ltr'>mediatoris.</span> <span class='ocrx_word' id='word_1_315' title='bbox 749 2563 793 2596; x_wconf 84' lang='lat' dir='ltr'>Et</span> <span class='ocrx_word' id='word_1_316' title='bbox 811 2565 878 2596; x_wconf 89' lang='lat' dir='ltr'>sint</span> <span class='ocrx_word' id='word_1_317' title='bbox 897 2564 931 2595; x_wconf 91' lang='lat' dir='ltr'>in</span> <span class='ocrx_word' id='word_1_318' title='bbox 950 2571 1135 2608; x_wconf 87' lang='lat' dir='ltr'>conspectu</span> <span class='ocrx_word' id='word_1_319' title='bbox 1160 2565 1307 2598; x_wconf 86' lang='lat' dir='ltr'>illustria</span> 
     </span>
     <span class='ocr_line' id='line_1_48' title="bbox 336 2612 1310 2659; baseline 0.002 -12"><span class='ocrx_word' id='word_1_320' title='bbox 336 2613 555 2651; x_wconf 84' lang='lat' dir='ltr'>testimonia,</span> <span class='ocrx_word' id='word_1_321' title='bbox 589 2619 627 2645; x_wconf 89' lang='lat' dir='ltr'>ut</span> <span class='ocrx_word' id='word_1_322' title='bbox 641 2612 740 2646; x_wconf 85' lang='lat' dir='ltr'>Aeto.</span> <span class='ocrx_word' id='word_1_323' title='bbox 761 2615 835 2646; x_wconf 84' lang='lat'>10.:</span> <span class='ocrx_word' id='word_1_324' title='bbox 871 2613 964 2647; x_wconf 86' lang='lat' dir='ltr'>Huic</span> <span class='ocrx_word' id='word_1_325' title='bbox 978 2627 1099 2648; x_wconf 89' lang='lat' dir='ltr'>omnes</span> <span class='ocrx_word' id='word_1_326' title='bbox 1115 2614 1310 2659; x_wconf 82' lang='lat' dir='ltr'>Prophetae</span> 
     </span>
     <span class='ocr_line' id='line_1_49' title="bbox 337 2661 1310 2711; baseline 0.003 -14"><span class='ocrx_word' id='word_1_327' title='bbox 337 2664 575 2699; x_wconf 80' lang='lat' dir='ltr'>testimouium</span> <span class='ocrx_word' id='word_1_328' title='bbox 598 2661 802 2707; x_wconf 85' lang='lat' dir='ltr'>perhibent,</span> <span class='ocrx_word' id='word_1_329' title='bbox 832 2664 1071 2700; x_wconf 85' lang='lat' dir='ltr'>remissionem</span> <span class='ocrx_word' id='word_1_330' title='bbox 1090 2673 1310 2711; x_wconf 88' lang='lat' dir='ltr'>pcccatorum</span> 
     </span>
    </p>
   </div>
   <div class='ocr_carea' id='block_1_9' title="bbox 846 99 1676 139">
    <p class='ocr_par' dir='ltr' id='par_1_9' title="bbox 846 99 1676 139">
     <span class='ocr_line' id='line_1_50' title="bbox 846 99 1676 139; baseline 0.006 -5"><span class='ocrx_word' id='word_1_331' title='bbox 846 99 971 135; x_wconf 83' lang='lat' dir='ltr'>PHlL.</span> <span class='ocrx_word' id='word_1_332' title='bbox 1000 100 1114 138; x_wconf 73' lang='lat' dir='ltr'><strong>MEL.</strong></span> <span class='ocrx_word' id='word_1_333' title='bbox 1140 100 1351 136; x_wconf 82' lang='lat' dir='ltr'>SCRIPTA</span> <span class='ocrx_word' id='word_1_334' title='bbox 1380 100 1676 139; x_wconf 81' lang='lat' dir='ltr'><strong>EXEGETICA.</strong></span> 
     </span>
    </p>
   </div>
   <div class='ocr_carea' id='block_1_10' title="bbox 1322 1883 1336 2606">
    <p class='ocr_par' dir='ltr' id='par_1_10' title="bbox 1322 1883 1336 2606">
     <span class='ocr_line' id='line_1_51' title="bbox 1322 1883 1336 2606; baseline 0 0"><span class='ocrx_word' id='word_1_335' title='bbox 1322 1883 1336 2606; x_wconf 95' lang='lat' dir='ltr'> </span> 
     </span>
    </p>
   </div>
   <div class='ocr_carea' id='block_1_11' title="bbox 2227 107 2302 144">
    <p class='ocr_par' dir='ltr' id='par_1_11' title="bbox 2227 107 2302 144">
     <span class='ocr_line' id='line_1_52' title="bbox 2227 107 2302 144; baseline 0.013 -1"><span class='ocrx_word' id='word_1_336' title='bbox 2227 107 2302 144; x_wconf 81' lang='lat'>856</span> 
     </span>
    </p>
   </div>
   <div class='ocr_carea' id='block_1_12' title="bbox 1319 188 2302 272">
    <p class='ocr_par' dir='ltr' id='par_1_12' title="bbox 1319 188 2302 272">
     <span class='ocr_line' id='line_1_53' title="bbox 1319 188 2302 232; baseline 0.008 -12"><span class='ocrx_word' id='word_1_337' title='bbox 1319 188 1473 231; x_wconf 79' lang='lat' dir='ltr'>accipere</span> <span class='ocrx_word' id='word_1_338' title='bbox 1493 200 1553 232; x_wconf 66' lang='lat' dir='ltr'>per</span> <span class='ocrx_word' id='word_1_339' title='bbox 1568 200 1698 222; x_wconf 89' lang='lat' dir='ltr'>nomen</span> <span class='ocrx_word' id='word_1_340' title='bbox 1717 189 1790 222; x_wconf 84' lang='lat' dir='ltr'>eius</span> <span class='ocrx_word' id='word_1_341' title='bbox 1810 196 1873 224; x_wconf 84' lang='lat' dir='ltr'>etc.</span> <span class='ocrx_word' id='word_1_342' title='bbox 1914 188 1961 226; x_wconf 87' lang='lat' dir='ltr'>Et</span> <span class='ocrx_word' id='word_1_343' title='bbox 1978 190 2121 226; x_wconf 84' lang='lat' dir='ltr'>Daniel:</span> <span class='ocrx_word' id='word_1_344' title='bbox 2155 191 2236 227; x_wconf 93' lang='lat' dir='ltr'>Non</span> <span class='ocrx_word' id='word_1_345' title='bbox 2263 194 2302 229; x_wconf 87' lang='lat' dir='ltr'>in</span> 
     </span>
     <span class='ocr_line' id='line_1_54' title="bbox 1321 239 1615 272; baseline 0 -1"><span class='ocrx_word' id='word_1_346' title='bbox 1321 239 1456 272; x_wconf 89' lang='lat' dir='ltr'>iusticia</span> <span class='ocrx_word' id='word_1_347' title='bbox 1485 246 1615 272; x_wconf 87' lang='lat' dir='ltr'>nostra.</span> 
     </span>
    </p>
   </div>
   <div class='ocr_carea' id='block_1_13' title="bbox 1322 287 2302 384">
    <p class='ocr_par' dir='ltr' id='par_1_13' title="bbox 1322 287 2302 384">
     <span class='ocr_line' id='line_1_55' title="bbox 1422 287 2302 334; baseline 0.008 -12"><span class='ocrx_word' id='word_1_348' title='bbox 1422 287 1551 334; x_wconf 65' lang='lat' dir='ltr'>Eptws.</span> <span class='ocrx_word' id='word_1_349' title='bbox 1567 290 1619 323; x_wconf 81' lang='lat'>3.:</span> <span class='ocrx_word' id='word_1_350' title='bbox 1649 289 1716 322; x_wconf 86' lang='lat' dir='ltr'>Per</span> <span class='ocrx_word' id='word_1_351' title='bbox 1733 301 1837 334; x_wconf 85' lang='lat' dir='ltr'>quem</span> <span class='ocrx_word' id='word_1_352' title='bbox 1855 291 2023 325; x_wconf 79' lang='lat' dir='ltr'>audemus</span> <span class='ocrx_word' id='word_1_353' title='bbox 2039 294 2201 328; x_wconf 84' lang='lat' dir='ltr'>accedere</span> <span class='ocrx_word' id='word_1_354' title='bbox 2217 307 2302 328; x_wconf 91' lang='lat' dir='ltr'>con-</span> 
     </span>
     <span class='ocr_line' id='line_1_56' title="bbox 1322 340 1868 384; baseline 0.004 -12"><span class='ocrx_word' id='word_1_355' title='bbox 1322 340 1469 373; x_wconf 84' lang='lat' dir='ltr'>fidenter</span> <span class='ocrx_word' id='word_1_356' title='bbox 1485 353 1546 384; x_wconf 90' lang='lat' dir='ltr'>per</span> <span class='ocrx_word' id='word_1_357' title='bbox 1563 341 1664 373; x_wconf 82' lang='lat' dir='ltr'>fidem</span> <span class='ocrx_word' id='word_1_358' title='bbox 1687 341 1722 372; x_wconf 93' lang='lat' dir='ltr'>in</span> <span class='ocrx_word' id='word_1_359' title='bbox 1740 340 1868 383; x_wconf 88' lang='lat' dir='ltr'>ipsum.</span> 
     </span>
    </p>
   </div>
   <div class='ocr_carea' id='block_1_14' title="bbox 1325 389 2303 485">
    <p class='ocr_par' dir='ltr' id='par_1_14' title="bbox 1325 389 2303 485">
     <span class='ocr_line' id='line_1_57' title="bbox 1429 389 2303 439; baseline 0.007 -14"><span class='ocrx_word' id='word_1_360' title='bbox 1429 392 1457 426; x_wconf 87' lang='lat' dir='ltr'>l.</span> <span class='ocrx_word' id='word_1_361' title='bbox 1476 389 1597 425; x_wconf 75' lang='lat' dir='ltr'>luban.</span> <span class='ocrx_word' id='word_1_362' title='bbox 1621 395 1666 425; x_wconf 89' lang='lat'>1.:</span> <span class='ocrx_word' id='word_1_363' title='bbox 1702 390 1852 434; x_wconf 82' lang='lat' dir='ltr'>Sanguis</span> <span class='ocrx_word' id='word_1_364' title='bbox 1882 390 1958 425; x_wconf 89' lang='lat' dir='ltr'>Iesu</span> <span class='ocrx_word' id='word_1_365' title='bbox 1984 390 2115 427; x_wconf 86' lang='lat' dir='ltr'>Christi</span> <span class='ocrx_word' id='word_1_366' title='bbox 2144 397 2303 439; x_wconf 81' lang='lat' dir='ltr'>purificat</span> 
     </span>
     <span class='ocr_line' id='line_1_58' title="bbox 1325 442 1760 485; baseline 0.005 -11"><span class='ocrx_word' id='word_1_367' title='bbox 1325 453 1388 474; x_wconf 90' lang='lat' dir='ltr'>nos</span> <span class='ocrx_word' id='word_1_368' title='bbox 1414 442 1457 475; x_wconf 88' lang='lat' dir='ltr'>ab</span> <span class='ocrx_word' id='word_1_369' title='bbox 1482 443 1577 474; x_wconf 90' lang='lat' dir='ltr'>omni</span> <span class='ocrx_word' id='word_1_370' title='bbox 1610 448 1760 485; x_wconf 72' lang='lat' dir='ltr'>peccato.</span> 
     </span>
    </p>
   </div>
   <div class='ocr_carea' id='block_1_15' title="bbox 1330 491 2340 2704">
    <p class='ocr_par' dir='ltr' id='par_1_15' title="bbox 1427 491 2098 535">
     <span class='ocr_line' id='line_1_59' title="bbox 1427 491 2098 535; baseline 0.003 -9"><span class='ocrx_word' id='word_1_371' title='bbox 1427 491 1530 526; x_wconf 83' lang='lat' dir='ltr'>Rom.</span> <span class='ocrx_word' id='word_1_372' title='bbox 1546 491 1599 526; x_wconf 84' lang='lat'>5.:</span> <span class='ocrx_word' id='word_1_373' title='bbox 1631 491 1806 525; x_wconf 81' lang='lat' dir='ltr'>iustificati</span> <span class='ocrx_word' id='word_1_374' title='bbox 1825 492 1994 535; x_wconf 88' lang='lat' dir='ltr'>sanguine</span> <span class='ocrx_word' id='word_1_375' title='bbox 2013 494 2098 528; x_wconf 77' lang='lat' dir='ltr'>eius.</span> 
     </span>
    </p>

    <p class='ocr_par' dir='ltr' id='par_1_16' title="bbox 1430 542 2167 586">
     <span class='ocr_line' id='line_1_60' title="bbox 1430 542 2167 586; baseline 0.007 -11"><span class='ocrx_word' id='word_1_376' title='bbox 1430 542 1529 576; x_wconf 79' lang='lat' dir='ltr'>ltem:</span> <span class='ocrx_word' id='word_1_377' title='bbox 1567 542 1798 576; x_wconf 73' lang='lat' dir='ltr'>Reconciliati</span> <span class='ocrx_word' id='word_1_378' title='bbox 1824 555 1885 586; x_wconf 90' lang='lat' dir='ltr'>per</span> <span class='ocrx_word' id='word_1_379' title='bbox 1907 551 2055 577; x_wconf 90' lang='lat' dir='ltr'>mortem</span> <span class='ocrx_word' id='word_1_380' title='bbox 2081 545 2167 581; x_wconf 86' lang='lat' dir='ltr'>eius.</span> 
     </span>
    </p>

    <p class='ocr_par' dir='ltr' id='par_1_17' title="bbox 1330 592 2308 688">
     <span class='ocr_line' id='line_1_61' title="bbox 1429 592 2308 637; baseline 0.006 -12"><span class='ocrx_word' id='word_1_381' title='bbox 1429 593 1554 627; x_wconf 83' lang='lat' dir='ltr'>Psalm.</span> <span class='ocrx_word' id='word_1_382' title='bbox 1573 594 1624 627; x_wconf 85' lang='lat'>6.:</span> <span class='ocrx_word' id='word_1_383' title='bbox 1652 592 1759 636; x_wconf 78' lang='lat' dir='ltr'>Eripe</span> <span class='ocrx_word' id='word_1_384' title='bbox 1783 594 1937 626; x_wconf 89' lang='lat' dir='ltr'>animam</span> <span class='ocrx_word' id='word_1_385' title='bbox 1956 606 2087 637; x_wconf 85' lang='lat' dir='ltr'>meam,</span> <span class='ocrx_word' id='word_1_386' title='bbox 2121 603 2155 630; x_wconf 86' lang='lat' dir='ltr'>et</span> <span class='ocrx_word' id='word_1_387' title='bbox 2171 597 2308 631; x_wconf 86' lang='lat' dir='ltr'>salvum</span> 
     </span>
     <span class='ocr_line' id='line_1_62' title="bbox 1330 644 2058 688; baseline 0.001 -12"><span class='ocrx_word' id='word_1_388' title='bbox 1330 654 1383 677; x_wconf 92' lang='lat' dir='ltr'>me</span> <span class='ocrx_word' id='word_1_389' title='bbox 1407 644 1459 676; x_wconf 87' lang='lat' dir='ltr'>sac</span> <span class='ocrx_word' id='word_1_390' title='bbox 1482 651 1623 688; x_wconf 82' lang='lat' dir='ltr'>propter</span> <span class='ocrx_word' id='word_1_391' title='bbox 1646 644 1921 677; x_wconf 84' lang='lat' dir='ltr'>miscricordiam</span> <span class='ocrx_word' id='word_1_392' title='bbox 1949 651 2058 681; x_wconf 78' lang='lat' dir='ltr'>tuam.</span> 
     </span>
    </p>

    <p class='ocr_par' dir='ltr' id='par_1_18' title="bbox 1332 693 2312 790">
     <span class='ocr_line' id='line_1_63' title="bbox 1432 693 2312 739; baseline 0.005 -12"><span class='ocrx_word' id='word_1_393' title='bbox 1432 694 1560 729; x_wconf 79' lang='lat' dir='ltr'>Psalm.</span> <span class='ocrx_word' id='word_1_394' title='bbox 1579 695 1655 729; x_wconf 81' lang='lat'><strong>31.:</strong></span> <span class='ocrx_word' id='word_1_395' title='bbox 1684 693 1782 728; x_wconf 65' lang='lat' dir='ltr'>Beati</span> <span class='ocrx_word' id='word_1_396' title='bbox 1800 707 1949 739; x_wconf 88' lang='lat' dir='ltr'>quorum</span> <span class='ocrx_word' id='word_1_397' title='bbox 1967 696 2130 731; x_wconf 83' lang='lat' dir='ltr'>remissae</span> <span class='ocrx_word' id='word_1_398' title='bbox 2146 705 2225 732; x_wconf 88' lang='lat' dir='ltr'>sunt</span> <span class='ocrx_word' id='word_1_399' title='bbox 2242 697 2312 731; x_wconf 81' lang='lat' dir='ltr'>ini-</span> 
     </span>
     <span class='ocr_line' id='line_1_64' title="bbox 1332 745 2096 790; baseline 0.004 -12"><span class='ocrx_word' id='word_1_400' title='bbox 1332 745 1499 790; x_wconf 77' lang='lat' dir='ltr'>quitates,</span> <span class='ocrx_word' id='word_1_401' title='bbox 1528 753 1560 779; x_wconf 85' lang='lat' dir='ltr'>et</span> <span class='ocrx_word' id='word_1_402' title='bbox 1580 757 1729 790; x_wconf 81' lang='lat' dir='ltr'>quornm</span> <span class='ocrx_word' id='word_1_403' title='bbox 1747 752 1833 778; x_wconf 87' lang='lat' dir='ltr'>tecta</span> <span class='ocrx_word' id='word_1_404' title='bbox 1851 752 1931 779; x_wconf 88' lang='lat' dir='ltr'>sunt</span> <span class='ocrx_word' id='word_1_405' title='bbox 1949 753 2096 789; x_wconf 87' lang='lat' dir='ltr'>peccata.</span> 
     </span>
    </p>

    <p class='ocr_par' dir='ltr' id='par_1_19' title="bbox 1435 795 1820 829">
     <span class='ocr_line' id='line_1_65' title="bbox 1435 795 1820 829; baseline 0.003 -1"><span class='ocrx_word' id='word_1_406' title='bbox 1435 795 1516 829; x_wconf 77' lang='lat' dir='ltr'>Dixi</span> <span class='ocrx_word' id='word_1_407' title='bbox 1539 797 1731 829; x_wconf 81' lang='lat' dir='ltr'>confitebor</span> <span class='ocrx_word' id='word_1_408' title='bbox 1757 803 1820 829; x_wconf 84' lang='lat' dir='ltr'>etc.</span> 
     </span>
    </p>

    <p class='ocr_par' dir='ltr' id='par_1_20' title="bbox 1334 845 2319 1192">
     <span class='ocr_line' id='line_1_66' title="bbox 1434 845 2314 883; baseline 0.005 -5"><span class='ocrx_word' id='word_1_409' title='bbox 1434 846 1528 879; x_wconf 76' lang='lat' dir='ltr'>Haec</span> <span class='ocrx_word' id='word_1_410' title='bbox 1553 853 1584 879; x_wconf 88' lang='lat' dir='ltr'>et</span> <span class='ocrx_word' id='word_1_411' title='bbox 1615 847 1742 879; x_wconf 84' lang='lat' dir='ltr'>similia</span> <span class='ocrx_word' id='word_1_412' title='bbox 1767 847 1857 880; x_wconf 86' lang='lat' dir='ltr'>dicta</span> <span class='ocrx_word' id='word_1_413' title='bbox 1883 849 2076 882; x_wconf 89' lang='lat' dir='ltr'>ostendunt</span> <span class='ocrx_word' id='word_1_414' title='bbox 2099 859 2163 881; x_wconf 90' lang='lat' dir='ltr'>nos</span> <span class='ocrx_word' id='word_1_415' title='bbox 2186 847 2223 881; x_wconf 88' lang='lat' dir='ltr'>in</span> <span class='ocrx_word' id='word_1_416' title='bbox 2247 845 2314 883; x_wconf 78' lang='lat' dir='ltr'>hac</span> 
     </span>
     <span class='ocr_line' id='line_1_67' title="bbox 1334 895 2315 940; baseline 0.004 -10"><span class='ocrx_word' id='word_1_417' title='bbox 1334 898 1403 931; x_wconf 73' lang='lat' dir='ltr'>vita</span> <span class='ocrx_word' id='word_1_418' title='bbox 1430 898 1552 930; x_wconf 75' lang='lat' dir='ltr'>ass&#39;erre</span> <span class='ocrx_word' id='word_1_419' title='bbox 1570 898 1611 929; x_wconf 85' lang='lat' dir='ltr'>ad</span> <span class='ocrx_word' id='word_1_420' title='bbox 1632 895 1743 929; x_wconf 89' lang='lat' dir='ltr'>Deum</span> <span class='ocrx_word' id='word_1_421' title='bbox 1769 905 1924 940; x_wconf 86' lang='lat' dir='ltr'>peccata,</span> <span class='ocrx_word' id='word_1_422' title='bbox 1952 905 1984 932; x_wconf 91' lang='lat' dir='ltr'>et</span> <span class='ocrx_word' id='word_1_423' title='bbox 2010 899 2097 931; x_wconf 88' lang='lat' dir='ltr'>velle</span> <span class='ocrx_word' id='word_1_424' title='bbox 2114 898 2248 940; x_wconf 89' lang='lat' dir='ltr'>Deum,</span> <span class='ocrx_word' id='word_1_425' title='bbox 2275 906 2315 934; x_wconf 85' lang='lat' dir='ltr'>ut</span> 
     </span>
     <span class='ocr_line' id='line_1_68' title="bbox 1335 949 2314 991; baseline 0 -9"><span class='ocrx_word' id='word_1_426' title='bbox 1335 956 1429 982; x_wconf 87' lang='lat' dir='ltr'>certo</span> <span class='ocrx_word' id='word_1_427' title='bbox 1453 955 1662 987; x_wconf 84' lang='lat' dir='ltr'>statuamus,</span> <span class='ocrx_word' id='word_1_428' title='bbox 1697 959 1760 980; x_wconf 91' lang='lat' dir='ltr'>nos</span> <span class='ocrx_word' id='word_1_429' title='bbox 1783 955 1923 991; x_wconf 80' lang='lat' dir='ltr'>propter</span> <span class='ocrx_word' id='word_1_430' title='bbox 1949 949 2060 982; x_wconf 88' lang='lat' dir='ltr'>filium</span> <span class='ocrx_word' id='word_1_431' title='bbox 2085 949 2314 983; x_wconf 85' lang='lat' dir='ltr'>mediatorem</span> 
     </span>
     <span class='ocr_line' id='line_1_69' title="bbox 1335 996 2318 1043; baseline 0 -11"><span class='ocrx_word' id='word_1_432' title='bbox 1335 999 1441 1041; x_wconf 83' lang='lat' dir='ltr'>recipi</span> <span class='ocrx_word' id='word_1_433' title='bbox 1465 1006 1497 1031; x_wconf 91' lang='lat' dir='ltr'>et</span> <span class='ocrx_word' id='word_1_434' title='bbox 1523 998 1657 1041; x_wconf 85' lang='lat' dir='ltr'>placere</span> <span class='ocrx_word' id='word_1_435' title='bbox 1681 996 1775 1036; x_wconf 89' lang='lat' dir='ltr'>Deo,</span> <span class='ocrx_word' id='word_1_436' title='bbox 1803 1010 1873 1031; x_wconf 91' lang='lat' dir='ltr'>non</span> <span class='ocrx_word' id='word_1_437' title='bbox 1895 1007 2036 1043; x_wconf 91' lang='lat' dir='ltr'>propter</span> <span class='ocrx_word' id='word_1_438' title='bbox 2056 999 2233 1043; x_wconf 86' lang='lat' dir='ltr'>propriam</span> <span class='ocrx_word' id='word_1_439' title='bbox 2260 999 2318 1033; x_wconf 88' lang='lat' dir='ltr'>di-</span> 
     </span>
     <span class='ocr_line' id='line_1_70' title="bbox 1336 1048 2316 1093; baseline 0.001 -11"><span class='ocrx_word' id='word_1_440' title='bbox 1336 1051 1502 1093; x_wconf 84' lang='lat' dir='ltr'>gnitatern</span> <span class='ocrx_word' id='word_1_441' title='bbox 1526 1055 1585 1081; x_wconf 86' lang='lat' dir='ltr'>aut</span> <span class='ocrx_word' id='word_1_442' title='bbox 1604 1048 1807 1082; x_wconf 85' lang='lat' dir='ltr'>novitatem.</span> <span class='ocrx_word' id='word_1_443' title='bbox 1861 1048 1919 1083; x_wconf 89' lang='lat' dir='ltr'>Sic</span> <span class='ocrx_word' id='word_1_444' title='bbox 1942 1052 2112 1083; x_wconf 87' lang='lat' dir='ltr'>accedunt</span> <span class='ocrx_word' id='word_1_445' title='bbox 2135 1051 2178 1083; x_wconf 90' lang='lat' dir='ltr'>ad</span> <span class='ocrx_word' id='word_1_446' title='bbox 2203 1049 2316 1084; x_wconf 83' lang='lat' dir='ltr'>Deum</span> 
     </span>
     <span class='ocr_line' id='line_1_71' title="bbox 1337 1096 2319 1146; baseline 0.001 -13"><span class='ocrx_word' id='word_1_447' title='bbox 1337 1111 1459 1134; x_wconf 88' lang='lat' dir='ltr'>omnes</span> <span class='ocrx_word' id='word_1_448' title='bbox 1484 1096 1700 1146; x_wconf 82' lang='lat' dir='ltr'>Prophetae,</span> <span class='ocrx_word' id='word_1_449' title='bbox 1725 1111 1877 1144; x_wconf 89' lang='lat' dir='ltr'>quorum</span> <span class='ocrx_word' id='word_1_450' title='bbox 1902 1098 1991 1133; x_wconf 88' lang='lat' dir='ltr'>dicta</span> <span class='ocrx_word' id='word_1_451' title='bbox 2017 1101 2178 1142; x_wconf 87' lang='lat' dir='ltr'>intuens,</span> <span class='ocrx_word' id='word_1_452' title='bbox 2205 1108 2319 1134; x_wconf 82' lang='lat' dir='ltr'>certus</span> 
     </span>
     <span class='ocr_line' id='line_1_72' title="bbox 1338 1149 2243 1192; baseline 0 -7"><span class='ocrx_word' id='word_1_453' title='bbox 1338 1152 1421 1192; x_wconf 88' lang='lat' dir='ltr'>eris,</span> <span class='ocrx_word' id='word_1_454' title='bbox 1449 1157 1481 1183; x_wconf 91' lang='lat' dir='ltr'>te</span> <span class='ocrx_word' id='word_1_455' title='bbox 1498 1162 1569 1183; x_wconf 91' lang='lat' dir='ltr'>non</span> <span class='ocrx_word' id='word_1_456' title='bbox 1588 1161 1702 1182; x_wconf 86' lang='lat' dir='ltr'>errare</span> <span class='ocrx_word' id='word_1_457' title='bbox 1716 1176 1725 1190; x_wconf 91' lang='lat'>,</span> <span class='ocrx_word' id='word_1_458' title='bbox 1752 1149 1801 1183; x_wconf 89' lang='lat' dir='ltr'>sic</span> <span class='ocrx_word' id='word_1_459' title='bbox 1818 1151 2037 1184; x_wconf 86' lang='lat' dir='ltr'>accedentem</span> <span class='ocrx_word' id='word_1_460' title='bbox 2055 1152 2097 1184; x_wconf 87' lang='lat' dir='ltr'>ad</span> <span class='ocrx_word' id='word_1_461' title='bbox 2114 1152 2243 1185; x_wconf 91' lang='lat' dir='ltr'>Deum.</span> 
     </span>
    </p>

    <p class='ocr_par' dir='ltr' id='par_1_21' title="bbox 1340 1200 2328 1799">
     <span class='ocr_line' id='line_1_73' title="bbox 1439 1200 2319 1237; baseline 0.005 -4"><span class='ocrx_word' id='word_1_462' title='bbox 1439 1200 1541 1234; x_wconf 79' lang='lat' dir='ltr'>lianc</span> <span class='ocrx_word' id='word_1_463' title='bbox 1584 1200 1778 1234; x_wconf 81' lang='lat' dir='ltr'>doctrinam</span> <span class='ocrx_word' id='word_1_464' title='bbox 1816 1207 1849 1233; x_wconf 88' lang='lat' dir='ltr'>et</span> <span class='ocrx_word' id='word_1_465' title='bbox 1881 1202 2157 1235; x_wconf 88' lang='lat' dir='ltr'>consolationem</span> <span class='ocrx_word' id='word_1_466' title='bbox 2200 1201 2319 1237; x_wconf 89' lang='lat' dir='ltr'>obruit</span> 
     </span>
     <span class='ocr_line' id='line_1_74' title="bbox 1340 1249 2320 1296; baseline -0.001 -9"><span class='ocrx_word' id='word_1_467' title='bbox 1340 1251 1535 1291; x_wconf 84' lang='lat' dir='ltr'>Osiander,</span> <span class='ocrx_word' id='word_1_468' title='bbox 1562 1262 1693 1294; x_wconf 82' lang='lat' dir='ltr'>negans</span> <span class='ocrx_word' id='word_1_469' title='bbox 1717 1249 1895 1284; x_wconf 84' lang='lat' dir='ltr'>hominem</span> <span class='ocrx_word' id='word_1_470' title='bbox 1919 1252 2049 1286; x_wconf 89' lang='lat' dir='ltr'>iustum</span> <span class='ocrx_word' id='word_1_471' title='bbox 2066 1264 2138 1286; x_wconf 91' lang='lat' dir='ltr'>esse</span> <span class='ocrx_word' id='word_1_472' title='bbox 2155 1253 2222 1286; x_wconf 85' lang='lat' dir='ltr'>fide</span> <span class='ocrx_word' id='word_1_473' title='bbox 2238 1265 2320 1296; x_wconf 90' lang='lat' dir='ltr'>pro-</span> 
     </span>
     <span class='ocr_line' id='line_1_75' title="bbox 1341 1301 2321 1348; baseline 0 -12"><span class='ocrx_word' id='word_1_474' title='bbox 1341 1311 1417 1348; x_wconf 88' lang='lat' dir='ltr'>pter</span> <span class='ocrx_word' id='word_1_475' title='bbox 1432 1304 1672 1342; x_wconf 81' lang='lat' dir='ltr'>mediatorem,</span> <span class='ocrx_word' id='word_1_476' title='bbox 1687 1302 1746 1334; x_wconf 87' lang='lat' dir='ltr'>sed</span> <span class='ocrx_word' id='word_1_477' title='bbox 1764 1303 1977 1336; x_wconf 87' lang='lat' dir='ltr'>contendens</span> <span class='ocrx_word' id='word_1_478' title='bbox 1994 1301 2172 1337; x_wconf 85' lang='lat' dir='ltr'>hominem</span> <span class='ocrx_word' id='word_1_479' title='bbox 2190 1303 2321 1337; x_wconf 88' lang='lat' dir='ltr'>iustum</span> 
     </span>
     <span class='ocr_line' id='line_1_76' title="bbox 1342 1350 2322 1398; baseline 0.001 -11"><span class='ocrx_word' id='word_1_480' title='bbox 1342 1366 1413 1387; x_wconf 89' lang='lat' dir='ltr'>esse</span> <span class='ocrx_word' id='word_1_481' title='bbox 1445 1360 1587 1396; x_wconf 87' lang='lat' dir='ltr'>propter</span> <span class='ocrx_word' id='word_1_482' title='bbox 1615 1352 1727 1385; x_wconf 90' lang='lat' dir='ltr'>Deum</span> <span class='ocrx_word' id='word_1_483' title='bbox 1754 1350 2030 1392; x_wconf 84' lang='lat' dir='ltr'>inhabitantem,</span> <span class='ocrx_word' id='word_1_484' title='bbox 2071 1366 2147 1391; x_wconf 89' lang='lat' dir='ltr'>seu,</span> <span class='ocrx_word' id='word_1_485' title='bbox 2187 1361 2226 1387; x_wconf 90' lang='lat' dir='ltr'>ut</span> <span class='ocrx_word' id='word_1_486' title='bbox 2246 1354 2322 1398; x_wconf 87' lang='lat' dir='ltr'>ipse</span> 
     </span>
     <span class='ocr_line' id='line_1_77' title="bbox 1343 1402 2322 1449; baseline 0 -12"><span class='ocrx_word' id='word_1_487' title='bbox 1343 1404 1519 1449; x_wconf 89' lang='lat' dir='ltr'>loquitur,</span> <span class='ocrx_word' id='word_1_488' title='bbox 1550 1402 1724 1435; x_wconf 86' lang='lat' dir='ltr'>iusticiam</span> <span class='ocrx_word' id='word_1_489' title='bbox 1750 1403 1987 1443; x_wconf 87' lang='lat' dir='ltr'>essentialem,</span> <span class='ocrx_word' id='word_1_490' title='bbox 2015 1416 2102 1448; x_wconf 90' lang='lat' dir='ltr'>quae</span> <span class='ocrx_word' id='word_1_491' title='bbox 2126 1403 2233 1437; x_wconf 82' lang='lat' dir='ltr'>efficit</span> <span class='ocrx_word' id='word_1_492' title='bbox 2257 1415 2322 1437; x_wconf 90' lang='lat' dir='ltr'>nos</span> 
     </span>
     <span class='ocr_line' id='line_1_78' title="bbox 1343 1452 2323 1499; baseline -0.001 -12"><span class='ocrx_word' id='word_1_493' title='bbox 1343 1456 1430 1487; x_wconf 85' lang='lat' dir='ltr'>iusta</span> <span class='ocrx_word' id='word_1_494' title='bbox 1458 1454 1580 1486; x_wconf 85' lang='lat' dir='ltr'>facere.</span> <span class='ocrx_word' id='word_1_495' title='bbox 1634 1452 1835 1492; x_wconf 83' lang='lat' dir='ltr'>Praeterea,</span> <span class='ocrx_word' id='word_1_496' title='bbox 1867 1453 1894 1485; x_wconf 92' lang='lat' dir='ltr'>si</span> <span class='ocrx_word' id='word_1_497' title='bbox 1922 1453 2042 1497; x_wconf 84' lang='lat' dir='ltr'>fingit,</span> <span class='ocrx_word' id='word_1_498' title='bbox 2083 1461 2121 1487; x_wconf 88' lang='lat' dir='ltr'>ut</span> <span class='ocrx_word' id='word_1_499' title='bbox 2153 1453 2323 1499; x_wconf 88' lang='lat' dir='ltr'>loquitur,</span> 
     </span>
     <span class='ocr_line' id='line_1_79' title="bbox 1344 1501 2323 1542; baseline -0.001 -4"><span class='ocrx_word' id='word_1_500' title='bbox 1344 1506 1520 1538; x_wconf 87' lang='lat' dir='ltr'>Neronem</span> <span class='ocrx_word' id='word_1_501' title='bbox 1546 1501 1675 1536; x_wconf 86' lang='lat' dir='ltr'>habere</span> <span class='ocrx_word' id='word_1_502' title='bbox 1702 1503 1962 1542; x_wconf 87' lang='lat' dir='ltr'>remissionem,</span> <span class='ocrx_word' id='word_1_503' title='bbox 1988 1505 2046 1537; x_wconf 88' lang='lat' dir='ltr'>sed</span> <span class='ocrx_word' id='word_1_504' title='bbox 2074 1505 2152 1537; x_wconf 89' lang='lat' dir='ltr'>ideo</span> <span class='ocrx_word' id='word_1_505' title='bbox 2177 1505 2323 1537; x_wconf 88' lang='lat' dir='ltr'>damna—</span> 
     </span>
     <span class='ocr_line' id='line_1_80' title="bbox 1345 1551 2325 1598; baseline -0.002 -9"><span class='ocrx_word' id='word_1_506' title='bbox 1345 1564 1417 1589; x_wconf 87' lang='lat' dir='ltr'>tum</span> <span class='ocrx_word' id='word_1_507' title='bbox 1444 1566 1535 1592; x_wconf 86' lang='lat' dir='ltr'>esse,</span> <span class='ocrx_word' id='word_1_508' title='bbox 1571 1554 1651 1598; x_wconf 92' lang='lat' dir='ltr'>quia</span> <span class='ocrx_word' id='word_1_509' title='bbox 1670 1565 1743 1585; x_wconf 89' lang='lat' dir='ltr'>non</span> <span class='ocrx_word' id='word_1_510' title='bbox 1768 1551 1870 1587; x_wconf 85' lang='lat' dir='ltr'>babet</span> <span class='ocrx_word' id='word_1_511' title='bbox 1897 1554 2068 1587; x_wconf 89' lang='lat' dir='ltr'>iusticiam</span> <span class='ocrx_word' id='word_1_512' title='bbox 2092 1555 2325 1597; x_wconf 87' lang='lat' dir='ltr'>essentialem,</span> 
     </span>
     <span class='ocr_line' id='line_1_81' title="bbox 1345 1603 2325 1646; baseline -0.001 -7"><span class='ocrx_word' id='word_1_513' title='bbox 1345 1605 1527 1639; x_wconf 84' lang='lat' dir='ltr'>horribilis</span> <span class='ocrx_word' id='word_1_514' title='bbox 1554 1604 1714 1646; x_wconf 84' lang='lat' dir='ltr'>impietas</span> <span class='ocrx_word' id='word_1_515' title='bbox 1732 1611 1792 1637; x_wconf 84' lang='lat' dir='ltr'>est.</span> <span class='ocrx_word' id='word_1_516' title='bbox 1844 1603 1934 1637; x_wconf 90' lang='lat' dir='ltr'>Nam</span> <span class='ocrx_word' id='word_1_517' title='bbox 1952 1605 2130 1638; x_wconf 86' lang='lat' dir='ltr'>distractio</span> <span class='ocrx_word' id='word_1_518' title='bbox 2146 1605 2325 1638; x_wconf 87' lang='lat' dir='ltr'>remissio-</span> 
     </span>
     <span class='ocr_line' id='line_1_82' title="bbox 1346 1653 2326 1699; baseline -0.002 -9"><span class='ocrx_word' id='word_1_519' title='bbox 1346 1658 1401 1690; x_wconf 90' lang='lat' dir='ltr'>nis</span> <span class='ocrx_word' id='word_1_520' title='bbox 1428 1664 1460 1689; x_wconf 89' lang='lat' dir='ltr'>et</span> <span class='ocrx_word' id='word_1_521' title='bbox 1487 1653 1740 1688; x_wconf 80' lang='lat' dir='ltr'>iustificationis</span> <span class='ocrx_word' id='word_1_522' title='bbox 1765 1655 1948 1688; x_wconf 85' lang='lat' dir='ltr'>manifeste</span> <span class='ocrx_word' id='word_1_523' title='bbox 1976 1662 2106 1699; x_wconf 83' lang='lat' dir='ltr'>pugnat</span> <span class='ocrx_word' id='word_1_524' title='bbox 2128 1667 2208 1689; x_wconf 91' lang='lat' dir='ltr'>cum</span> <span class='ocrx_word' id='word_1_525' title='bbox 2239 1655 2326 1689; x_wconf 85' lang='lat' dir='ltr'>scri-</span> 
     </span>
     <span class='ocr_line' id='line_1_83' title="bbox 1347 1704 2328 1750; baseline -0.001 -10"><span class='ocrx_word' id='word_1_526' title='bbox 1347 1715 1467 1750; x_wconf 88' lang='lat' dir='ltr'>ptura,</span> <span class='ocrx_word' id='word_1_527' title='bbox 1500 1706 1594 1738; x_wconf 86' lang='lat' dir='ltr'>iuxta</span> <span class='ocrx_word' id='word_1_528' title='bbox 1619 1705 1769 1738; x_wconf 89' lang='lat' dir='ltr'>dictum:</span> <span class='ocrx_word' id='word_1_529' title='bbox 1812 1704 1884 1748; x_wconf 84' lang='lat' dir='ltr'>Qui</span> <span class='ocrx_word' id='word_1_530' title='bbox 1909 1717 1980 1739; x_wconf 90' lang='lat' dir='ltr'>non</span> <span class='ocrx_word' id='word_1_531' title='bbox 2008 1707 2119 1741; x_wconf 89' lang='lat' dir='ltr'>credit</span> <span class='ocrx_word' id='word_1_532' title='bbox 2144 1706 2181 1739; x_wconf 92' lang='lat' dir='ltr'>in</span> <span class='ocrx_word' id='word_1_533' title='bbox 2205 1706 2328 1748; x_wconf 81' lang='lat' dir='ltr'>filium,</span> 
     </span>
     <span class='ocr_line' id='line_1_84' title="bbox 1349 1756 1874 1799; baseline -0.002 -8"><span class='ocrx_word' id='word_1_534' title='bbox 1349 1759 1399 1791; x_wconf 82' lang='lat' dir='ltr'>ira</span> <span class='ocrx_word' id='word_1_535' title='bbox 1423 1756 1487 1790; x_wconf 90' lang='lat' dir='ltr'>Dei</span> <span class='ocrx_word' id='word_1_536' title='bbox 1514 1762 1632 1789; x_wconf 79' lang='lat' dir='ltr'>manet</span> <span class='ocrx_word' id='word_1_537' title='bbox 1657 1767 1761 1799; x_wconf 86' lang='lat' dir='ltr'>super</span> <span class='ocrx_word' id='word_1_538' title='bbox 1784 1768 1874 1791; x_wconf 91' lang='lat' dir='ltr'>eum.</span> 
     </span>
    </p>

    <p class='ocr_par' dir='ltr' id='par_1_22' title="bbox 1350 1805 2333 2400">
     <span class='ocr_line' id='line_1_85' title="bbox 1449 1805 2329 1849; baseline 0.001 -9"><span class='ocrx_word' id='word_1_539' title='bbox 1449 1806 1549 1840; x_wconf 87' lang='lat' dir='ltr'>Hanc</span> <span class='ocrx_word' id='word_1_540' title='bbox 1580 1806 1895 1849; x_wconf 87' lang='lat' dir='ltr'>praemonitionem</span> <span class='ocrx_word' id='word_1_541' title='bbox 1928 1807 1970 1840; x_wconf 89' lang='lat' dir='ltr'>de</span> <span class='ocrx_word' id='word_1_542' title='bbox 2007 1805 2178 1841; x_wconf 88' lang='lat' dir='ltr'>Osiandri</span> <span class='ocrx_word' id='word_1_543' title='bbox 2211 1819 2329 1842; x_wconf 87' lang='lat' dir='ltr'>errore</span> 
     </span>
     <span class='ocr_line' id='line_1_86' title="bbox 1351 1857 2330 1903; baseline 0.001 -11"><span class='ocrx_word' id='word_1_544' title='bbox 1351 1859 1560 1903; x_wconf 82' lang='lat' dir='ltr'>cogitanteS,</span> <span class='ocrx_word' id='word_1_545' title='bbox 1590 1863 1707 1900; x_wconf 80' lang='lat' dir='ltr'>postea</span> <span class='ocrx_word' id='word_1_546' title='bbox 1732 1857 1869 1891; x_wconf 82' lang='lat' dir='ltr'>facilius</span> <span class='ocrx_word' id='word_1_547' title='bbox 1891 1858 2126 1901; x_wconf 86' lang='lat' dir='ltr'>intelligemus</span> <span class='ocrx_word' id='word_1_548' title='bbox 2148 1859 2330 1894; x_wconf 83' lang='lat' dir='ltr'>vocabula.</span> 
     </span>
     <span class='ocr_line' id='line_1_87' title="bbox 1350 1904 2329 1953; baseline -0.001 -10"><span class='ocrx_word' id='word_1_549' title='bbox 1350 1910 1438 1943; x_wconf 83' lang='lat' dir='ltr'>Cum</span> <span class='ocrx_word' id='word_1_550' title='bbox 1465 1909 1572 1951; x_wconf 86' lang='lat' dir='ltr'>igitur</span> <span class='ocrx_word' id='word_1_551' title='bbox 1594 1906 1724 1940; x_wconf 91' lang='lat' dir='ltr'>Paulus</span> <span class='ocrx_word' id='word_1_552' title='bbox 1748 1904 1804 1940; x_wconf 89' lang='lat' dir='ltr'>hic</span> <span class='ocrx_word' id='word_1_553' title='bbox 1827 1908 1928 1941; x_wconf 86' lang='lat' dir='ltr'>dicit:</span> <span class='ocrx_word' id='word_1_554' title='bbox 1969 1908 2054 1942; x_wconf 89' lang='lat' dir='ltr'>Sine</span> <span class='ocrx_word' id='word_1_555' title='bbox 2087 1909 2161 1953; x_wconf 85' lang='lat' dir='ltr'>lege</span> <span class='ocrx_word' id='word_1_556' title='bbox 2190 1909 2329 1943; x_wconf 86' lang='lat' dir='ltr'>iusticia</span> 
     </span>
     <span class='ocr_line' id='line_1_88' title="bbox 1352 1958 2330 2003; baseline -0.002 -9"><span class='ocrx_word' id='word_1_557' title='bbox 1352 1961 1421 1995; x_wconf 80' lang='lat' dir='ltr'>Dei</span> <span class='ocrx_word' id='word_1_558' title='bbox 1445 1959 1661 1992; x_wconf 83' lang='lat' dir='ltr'>manifestata</span> <span class='ocrx_word' id='word_1_559' title='bbox 1687 1964 1756 1998; x_wconf 86' lang='lat' dir='ltr'>est,</span> <span class='ocrx_word' id='word_1_560' title='bbox 1797 1958 1962 2001; x_wconf 86' lang='lat' dir='ltr'>intelligit</span> <span class='ocrx_word' id='word_1_561' title='bbox 1980 1959 2152 1992; x_wconf 90' lang='lat' dir='ltr'>iusticiam</span> <span class='ocrx_word' id='word_1_562' title='bbox 2179 1959 2330 2003; x_wconf 89' lang='lat' dir='ltr'>promis—</span> 
     </span>
     <span class='ocr_line' id='line_1_89' title="bbox 1353 2008 2332 2055; baseline -0.001 -11"><span class='ocrx_word' id='word_1_563' title='bbox 1353 2024 1424 2045; x_wconf 86' lang='lat' dir='ltr'>sam</span> <span class='ocrx_word' id='word_1_564' title='bbox 1451 2016 1593 2055; x_wconf 89' lang='lat' dir='ltr'>propter</span> <span class='ocrx_word' id='word_1_565' title='bbox 1614 2008 1861 2050; x_wconf 86' lang='lat' dir='ltr'>mediatorem,</span> <span class='ocrx_word' id='word_1_566' title='bbox 1898 2021 1963 2053; x_wconf 89' lang='lat' dir='ltr'>qua</span> <span class='ocrx_word' id='word_1_567' title='bbox 1989 2021 2053 2043; x_wconf 93' lang='lat' dir='ltr'>nos</span> <span class='ocrx_word' id='word_1_568' title='bbox 2079 2008 2172 2044; x_wconf 81' lang='lat' dir='ltr'>Deus</span> <span class='ocrx_word' id='word_1_569' title='bbox 2197 2009 2332 2054; x_wconf 86' lang='lat' dir='ltr'>recipit,</span> 
     </span>
     <span class='ocr_line' id='line_1_90' title="bbox 1354 2059 2331 2104; baseline -0.002 -8"><span class='ocrx_word' id='word_1_570' title='bbox 1354 2070 1385 2096; x_wconf 89' lang='lat' dir='ltr'>et</span> <span class='ocrx_word' id='word_1_571' title='bbox 1403 2063 1511 2094; x_wconf 90' lang='lat' dir='ltr'>iustos</span> <span class='ocrx_word' id='word_1_572' title='bbox 1530 2059 1739 2104; x_wconf 80' lang='lat' dir='ltr'>pronunciat</span> <span class='ocrx_word' id='word_1_573' title='bbox 1756 2066 1897 2103; x_wconf 87' lang='lat' dir='ltr'>propter</span> <span class='ocrx_word' id='word_1_574' title='bbox 1912 2060 2032 2094; x_wconf 89' lang='lat' dir='ltr'>filium.</span> <span class='ocrx_word' id='word_1_575' title='bbox 2084 2060 2198 2094; x_wconf 86' lang='lat' dir='ltr'>Simul</span> <span class='ocrx_word' id='word_1_576' title='bbox 2215 2067 2331 2094; x_wconf 80' lang='lat' dir='ltr'>autem</span> 
     </span>
     <span class='ocr_line' id='line_1_91' title="bbox 1355 2110 2331 2154; baseline 0 -9"><span class='ocrx_word' id='word_1_577' title='bbox 1355 2114 1533 2146; x_wconf 81' lang='lat' dir='ltr'>credentes</span> <span class='ocrx_word' id='word_1_578' title='bbox 1552 2122 1611 2154; x_wconf 87' lang='lat' dir='ltr'>per</span> <span class='ocrx_word' id='word_1_579' title='bbox 1637 2110 1746 2142; x_wconf 87' lang='lat' dir='ltr'>filium</span> <span class='ocrx_word' id='word_1_580' title='bbox 1773 2111 1943 2151; x_wconf 83' lang='lat' dir='ltr'>vivificat,</span> <span class='ocrx_word' id='word_1_581' title='bbox 1973 2117 2004 2144; x_wconf 90' lang='lat' dir='ltr'>et</span> <span class='ocrx_word' id='word_1_582' title='bbox 2020 2123 2038 2143; x_wconf 91' lang='lat' dir='ltr'>a</span> <span class='ocrx_word' id='word_1_583' title='bbox 2056 2118 2167 2144; x_wconf 87' lang='lat' dir='ltr'>morte</span> <span class='ocrx_word' id='word_1_584' title='bbox 2191 2118 2331 2145; x_wconf 87' lang='lat' dir='ltr'>aeterna</span> 
     </span>
     <span class='ocr_line' id='line_1_92' title="bbox 1355 2160 2332 2202; baseline -0.003 -5"><span class='ocrx_word' id='word_1_585' title='bbox 1355 2164 1497 2202; x_wconf 81' lang='lat' dir='ltr'>liberat,</span> <span class='ocrx_word' id='word_1_586' title='bbox 1538 2168 1571 2194; x_wconf 85' lang='lat' dir='ltr'>et</span> <span class='ocrx_word' id='word_1_587' title='bbox 1606 2160 1730 2193; x_wconf 89' lang='lat' dir='ltr'>nititur</span> <span class='ocrx_word' id='word_1_588' title='bbox 1762 2161 1846 2194; x_wconf 88' lang='lat' dir='ltr'>fides</span> <span class='ocrx_word' id='word_1_589' title='bbox 1880 2161 2079 2195; x_wconf 88' lang='lat' dir='ltr'>obedientia</span> <span class='ocrx_word' id='word_1_590' title='bbox 2113 2162 2332 2201; x_wconf 85' lang='lat' dir='ltr'>mediatoris,</span> 
     </span>
     <span class='ocr_line' id='line_1_93' title="bbox 1357 2210 2332 2251; baseline -0.004 -4"><span class='ocrx_word' id='word_1_591' title='bbox 1357 2226 1429 2247; x_wconf 89' lang='lat' dir='ltr'>non</span> <span class='ocrx_word' id='word_1_592' title='bbox 1456 2210 1731 2249; x_wconf 84' lang='lat' dir='ltr'>inhabitatione,</span> <span class='ocrx_word' id='word_1_593' title='bbox 1775 2223 1835 2245; x_wconf 89' lang='lat' dir='ltr'>seu</span> <span class='ocrx_word' id='word_1_594' title='bbox 1860 2212 1995 2245; x_wconf 87' lang='lat' dir='ltr'>iusticia</span> <span class='ocrx_word' id='word_1_595' title='bbox 2020 2212 2213 2251; x_wconf 87' lang='lat' dir='ltr'>essentiali,</span> <span class='ocrx_word' id='word_1_596' title='bbox 2254 2211 2332 2243; x_wconf 75' lang='lat' dir='ltr'>essi—</span> 
     </span>
     <span class='ocr_line' id='line_1_94' title="bbox 1357 2261 2332 2298; baseline -0.002 -1"><span class='ocrx_word' id='word_1_597' title='bbox 1357 2265 1468 2298; x_wconf 88' lang='lat' dir='ltr'>ciente</span> <span class='ocrx_word' id='word_1_598' title='bbox 1487 2275 1550 2296; x_wconf 90' lang='lat' dir='ltr'>nos</span> <span class='ocrx_word' id='word_1_599' title='bbox 1568 2264 1656 2296; x_wconf 85' lang='lat' dir='ltr'>iusta</span> <span class='ocrx_word' id='word_1_600' title='bbox 1675 2262 1804 2295; x_wconf 82' lang='lat' dir='ltr'>facere:</span> <span class='ocrx_word' id='word_1_601' title='bbox 1828 2263 1899 2295; x_wconf 88' lang='lat' dir='ltr'>imo</span> <span class='ocrx_word' id='word_1_602' title='bbox 1916 2262 2113 2295; x_wconf 87' lang='lat' dir='ltr'>obedientia</span> <span class='ocrx_word' id='word_1_603' title='bbox 2131 2261 2332 2295; x_wconf 83' lang='lat' dir='ltr'>mediatoris</span> 
     </span>
     <span class='ocr_line' id='line_1_95' title="bbox 1359 2312 2333 2357; baseline -0.002 -9"><span class='ocrx_word' id='word_1_604' title='bbox 1359 2317 1395 2348; x_wconf 91' lang='lat' dir='ltr'>in</span> <span class='ocrx_word' id='word_1_605' title='bbox 1431 2315 1608 2348; x_wconf 83' lang='lat' dir='ltr'>infinitum</span> <span class='ocrx_word' id='word_1_606' title='bbox 1640 2313 1865 2347; x_wconf 84' lang='lat' dir='ltr'>anteferenda</span> <span class='ocrx_word' id='word_1_607' title='bbox 1898 2319 1947 2346; x_wconf 87' lang='lat' dir='ltr'>est</span> <span class='ocrx_word' id='word_1_608' title='bbox 1980 2312 2211 2353; x_wconf 84' lang='lat' dir='ltr'>actionibus,·</span> <span class='ocrx_word' id='word_1_609' title='bbox 2245 2324 2333 2357; x_wconf 89' lang='lat' dir='ltr'>quae</span> 
     </span>
     <span class='ocr_line' id='line_1_96' title="bbox 1358 2366 1662 2400; baseline -0.003 -1"><span class='ocrx_word' id='word_1_610' title='bbox 1358 2368 1446 2400; x_wconf 83' lang='lat' dir='ltr'>fiunt</span> <span class='ocrx_word' id='word_1_611' title='bbox 1471 2366 1506 2398; x_wconf 87' lang='lat' dir='ltr'>in</span> <span class='ocrx_word' id='word_1_612' title='bbox 1529 2371 1662 2398; x_wconf 77' lang='lat' dir='ltr'>renato,</span> 
     </span>
    </p>

    <p class='ocr_par' dir='ltr' id='par_1_23' title="bbox 1361 2413 2336 2508">
     <span class='ocr_line' id='line_1_97' title="bbox 1462 2413 2336 2457; baseline -0.001 -8"><span class='ocrx_word' id='word_1_613' title='bbox 1462 2416 1691 2449; x_wconf 84' lang='lat' dir='ltr'>Manifestum</span> <span class='ocrx_word' id='word_1_614' title='bbox 1718 2422 1767 2449; x_wconf 93' lang='lat' dir='ltr'>est</span> <span class='ocrx_word' id='word_1_615' title='bbox 1792 2415 1828 2448; x_wconf 91' lang='lat' dir='ltr'>in</span> <span class='ocrx_word' id='word_1_616' title='bbox 1851 2413 2003 2457; x_wconf 87' lang='lat' dir='ltr'>politicis</span> <span class='ocrx_word' id='word_1_617' title='bbox 2027 2414 2249 2447; x_wconf 87' lang='lat' dir='ltr'>sermonibus</span> <span class='ocrx_word' id='word_1_618' title='bbox 2272 2427 2336 2448; x_wconf 90' lang='lat' dir='ltr'>vo-</span> 
     </span>
     <span class='ocr_line' id='line_1_98' title="bbox 1361 2462 2336 2508; baseline -0.001 -7"><span class='ocrx_word' id='word_1_619' title='bbox 1361 2467 1527 2501; x_wconf 89' lang='lat' dir='ltr'>cabulum</span> <span class='ocrx_word' id='word_1_620' title='bbox 1550 2466 1706 2499; x_wconf 85' lang='lat' dir='ltr'>iusticiae</span> <span class='ocrx_word' id='word_1_621' title='bbox 1729 2463 1856 2498; x_wconf 86' lang='lat' dir='ltr'>habere</span> <span class='ocrx_word' id='word_1_622' title='bbox 1875 2462 1936 2497; x_wconf 86' lang='lat' dir='ltr'>has</span> <span class='ocrx_word' id='word_1_623' title='bbox 1953 2466 2038 2498; x_wconf 90' lang='lat' dir='ltr'>duas</span> <span class='ocrx_word' id='word_1_624' title='bbox 2056 2464 2336 2508; x_wconf 56' lang='lat' dir='ltr'>significatione&amp;</span> 
     </span>
    </p>

    <p class='ocr_par' dir='ltr' id='par_1_24' title="bbox 1363 2515 2340 2704">
     <span class='ocr_line' id='line_1_99' title="bbox 1464 2515 2337 2561; baseline -0.002 -10"><span class='ocrx_word' id='word_1_625' title='bbox 1464 2518 1562 2551; x_wconf 89' lang='lat' dir='ltr'>Alias</span> <span class='ocrx_word' id='word_1_626' title='bbox 1584 2516 1754 2560; x_wconf 84' lang='lat' dir='ltr'>significat</span> <span class='ocrx_word' id='word_1_627' title='bbox 1777 2515 1949 2549; x_wconf 88' lang='lat' dir='ltr'>iusticiam</span> <span class='ocrx_word' id='word_1_628' title='bbox 1970 2515 2222 2556; x_wconf 78' lang='lat' dir='ltr'>universalem,</span> <span class='ocrx_word' id='word_1_629' title='bbox 2249 2528 2337 2561; x_wconf 89' lang='lat' dir='ltr'>quae</span> 
     </span>
     <span class='ocr_line' id='line_1_100' title="bbox 1364 2566 2337 2609; baseline -0.002 -7"><span class='ocrx_word' id='word_1_630' title='bbox 1364 2575 1413 2602; x_wconf 88' lang='lat' dir='ltr'>est</span> <span class='ocrx_word' id='word_1_631' title='bbox 1430 2567 1630 2602; x_wconf 84' lang='lat' dir='ltr'>obedientia</span> <span class='ocrx_word' id='word_1_632' title='bbox 1648 2578 1725 2608; x_wconf 88' lang='lat' dir='ltr'>erga</span> <span class='ocrx_word' id='word_1_633' title='bbox 1745 2578 1866 2599; x_wconf 88' lang='lat' dir='ltr'>omnes</span> <span class='ocrx_word' id='word_1_634' title='bbox 1889 2566 1997 2608; x_wconf 69' lang='lat' dir='ltr'>leges,</span> <span class='ocrx_word' id='word_1_635' title='bbox 2027 2578 2086 2599; x_wconf 89' lang='lat' dir='ltr'>seu</span> <span class='ocrx_word' id='word_1_636' title='bbox 2109 2567 2337 2609; x_wconf 85' lang='lat' dir='ltr'>congruentia</span> 
     </span>
     <span class='ocr_line' id='line_1_101' title="bbox 1365 2616 2338 2661; baseline -0.003 -8"><span class='ocrx_word' id='word_1_637' title='bbox 1365 2632 1443 2653; x_wconf 89' lang='lat' dir='ltr'>cum</span> <span class='ocrx_word' id='word_1_638' title='bbox 1464 2619 1628 2652; x_wconf 87' lang='lat' dir='ltr'>omnibus</span> <span class='ocrx_word' id='word_1_639' title='bbox 1652 2616 1802 2658; x_wconf 82' lang='lat' dir='ltr'>legibus,</span> <span class='ocrx_word' id='word_1_640' title='bbox 1829 2628 1917 2661; x_wconf 87' lang='lat' dir='ltr'>quae</span> <span class='ocrx_word' id='word_1_641' title='bbox 1935 2624 2015 2650; x_wconf 86' lang='lat' dir='ltr'>sunt</span> <span class='ocrx_word' id='word_1_642' title='bbox 2036 2617 2125 2650; x_wconf 83' lang='lat' dir='ltr'>radii</span> <span class='ocrx_word' id='word_1_643' title='bbox 2150 2617 2338 2661; x_wconf 87' lang='lat' dir='ltr'>sapientiae</span> 
     </span>
     <span class='ocr_line' id='line_1_102' title="bbox 1363 2666 2340 2704; baseline -0.002 -1"><span class='ocrx_word' id='word_1_644' title='bbox 1363 2670 1428 2703; x_wconf 89' lang='lat' dir='ltr'>Dei</span> <span class='ocrx_word' id='word_1_645' title='bbox 1444 2668 1672 2703; x_wconf 86' lang='lat' dir='ltr'>discernentis</span> <span class='ocrx_word' id='word_1_646' title='bbox 1695 2674 1786 2701; x_wconf 88' lang='lat' dir='ltr'>recta</span> <span class='ocrx_word' id='word_1_647' title='bbox 1810 2674 1843 2701; x_wconf 86' lang='lat' dir='ltr'>et</span> <span class='ocrx_word' id='word_1_648' title='bbox 1860 2679 1930 2701; x_wconf 91' lang='lat' dir='ltr'>non</span> <span class='ocrx_word' id='word_1_649' title='bbox 1949 2675 2051 2704; x_wconf 83' lang='lat' dir='ltr'>recta.</span> <span class='ocrx_word' id='word_1_650' title='bbox 2095 2666 2140 2702; x_wconf 82' lang='lat' dir='ltr'>Ut</span> <span class='ocrx_word' id='word_1_651' title='bbox 2163 2679 2240 2702; x_wconf 91' lang='lat' dir='ltr'>cum</span> <span class='ocrx_word' id='word_1_652' title='bbox 2257 2667 2340 2702; x_wconf 90' lang='lat' dir='ltr'>Ari·</span> 
     </span>
    </p>
   </div>
  </div>
 </body>
</html>
