2415 2942
94 111 165 147 897
365 109 464 147 XIII.

96 199 224 232 talibus
257 196 395 230 ritibus.

94 256 152 282 aut
169 260 239 281 esse
255 247 351 291 signa
370 248 595 291 professionis
614 255 785 287 externae,
802 258 862 279 seu
879 245 1078 278 distinctio-

516 110 550 144 3.
577 106 874 145 ENARRATIO
902 108 1056 145 EPIST.
1085 109 1229 146 PAULI
1259 109 1324 146 AD
1352 110 1610 147 ROMANOS.
1670 111 1771 147 CAP.
1796 111 1859 150 tv.

2052 114 2124 149 898

457 195 629 229 Homines
656 197 855 230 existimant
884 195 967 227 tales
993 195 1080 228 ritus
1102 203 1108 220 t
1132 197 1387 240 applicatione,
1417 199 1509 242 quod
1532 198 1694 232 videlicet
1716 199 1902 241 promissio
1928 211 2008 232 vere
2027 200 2069 232 ad
2088 207 2120 233 te

1132 248 1323 290 pertineat,
1353 256 1383 281 et
1406 247 1492 280 fides
1512 249 1653 281 intuens
1676 250 1963 292 promissionem,
1992 257 2120 283 statuat

97 301 150 332 nis
175 299 268 333 inter
293 297 455 331 homines
471 323 480 336 ‚
515 299 603 332 sicut
628 298 725 340 Toga
750 296 976 330 discernebat
1005 295 1080 329 Ro-
1103 312 1106 337 l
1131 310 1211 330 vere
1238 311 1301 330 nos
1326 299 1432 341 recipi
1455 306 1485 331 et
1506 300 1663 332 exaudiri
1682 312 1698 332 a
1718 300 1795 333 Deo
1821 308 1964 344 propter
1986 302 2120 334 media-

95 362 237 383 manum
255 363 271 381 a
290 348 453 389 Graecis,
489 357 549 382 aut
573 361 644 381 esse
667 347 850 390 allegorias
875 353 1010 379 tantum
1037 348 1078 379 de

94 400 224 435 nostris
243 401 420 444 operibus.

1131 354 1252 380 torem.

475 399 534 434 Sic
557 399 809 443 Anabaptistae
829 397 1079 430 universaliter
1102 422 1103 439 ¹
1129 398 1165 429 in
1196 410 1275 431 vera
1308 399 1550 432 consolatione
1576 401 1663 432 fiunt
1695 401 1900 434 illustriora.

1308 347 1402 381 Haec
1435 349 1469 380 in
1496 350 1585 382 veris
1610 350 1782 383 exercitiis
1809 352 2049 385 conversionis
2086 358 2118 385 et

1961 401 2007 435 Et
2034 402 2116 447 quia

95 453 222 485 docent
254 452 555 495 anabaptismum,
604 461 706 496 quem
735 446 884 487 habent,
923 458 996 479 esse
1023 446 1103 502 di-1'
1129 448 1279 493 requirit
1314 449 1349 481 in
1377 462 1440 481 usu
1472 457 1772 483 sacramentorum
1803 451 1929 493 fidem,
1969 453 2118 485 manife-

95 502 320 536 stinctionem
360 502 412 534 sui
455 508 571 534 coetus
607 512 626 533 a
668 499 811 532 caeteris
854 495 1102 531 hominibusz'

97 553 224 587 deinde
250 565 321 585 esse
341 552 543 596 allegoriam
569 551 611 583 de
636 550 825 594 patientia,
863 560 952 593 quae
980 561 1076 582 com-

95 604 305 637 monefaciat
332 614 390 636 eos
417 603 511 635 velut
533 601 568 633 in
594 601 720 634 fluctus
743 599 867 643 mergi.
920 599 1075 632 Coenam

95 654 241 688 Domini
264 654 386 687 dicunt
408 665 478 686 esse
495 653 618 685 foedus
639 658 780 685 mutuae
800 651 1077 691 benevolentiae,

97 707 185 739 sicut
204 716 339 748 semper
355 705 444 748 apud
466 715 587 735 omnes
604 709 721 745 gentes
744 701 940 734 communis
958 713 1075 734 mensa

97 757 165 790 suit
190 756 327 798 signum
352 754 535 788 amicitiae.
589 752 693 786 Tales
717 759 799 786 sunt
818 751 993 785 humanae
1020 752 1076 784 in-

98 806 363 851 terpretationes
383 806 425 838 de
443 804 693 838 sacramentis:
722 804 852 848 quibus
869 803 932 836 etsi
958 809 1075 846 postea

97 869 179 891 suus
196 857 291 889 locus
308 856 392 895 erit,
418 863 535 889 tamen
553 855 619 887 alia
643 855 848 902 principalis
868 854 1077 899 interpreta-

95 909 144 942 tio
168 908 264 952 prius
282 907 431 940 tenenda
454 912 523 946 est,
551 913 585 939 et
613 906 860 939 considerandi
885 911 967 938 sunt
992 905 1077 937 fines

93 958 315 1003 principales-

198 1008 344 1051 Semper
373 1013 488 1041 autem
520 1008 733 1041 antecedunt
758 1007 828 1040 duo
867 1007 1079 1050 principales

97 1061 192 1095 fines.
246 1059 367 1098 Prior,
394 1059 487 1103 quod
515 1066 729 1091 sacramenta
749 1065 829 1091 sunt
848 1070 927 1102 pars
946 1057 1079 1102 publici

98 1111 303 1150 ministerii,
335 1109 416 1155 quia
442 1109 517 1142 vult
540 1109 635 1142 Deus
658 1109 776 1152 colligi
802 1107 992 1142 Ecclesiam
1022 1120 1080 1141 ex-

98 1169 198 1195 terno
218 1161 434 1199 ministerio,
454 1167 487 1193 et
505 1160 579 1193 vult
595 1172 667 1192 earn
688 1172 759 1192 esse
775 1160 1079 1202 congregationem

99 1213 287 1245 visibilem.
342 1210 400 1244 Sic
420 1211 612 1253 baptismus
629 1218 675 1243 est
698 1222 776 1255 pars
792 1210 992 1250 ministerii,
1011 1221 1080 1254 quo

99 1263 287 1295 visibiliter
317 1261 495 1304 colligitur
525 1260 700 1299 Ecclesia,
742 1268 775 1294 et
804 1268 904 1294 sonat
939 1267 1081 1294 externa

100 1314 275 1346 invocatio
298 1312 430 1351 Patris,
467 1311 549 1344 Filii
574 1318 606 1344 et
634 1311 787 1355 Spiritus
810 1311 931 1344 sancti.

202 1363 320 1397 Coena
345 1362 490 1396 Domini
517 1369 567 1395 est
592 1372 720 1394 nervus
745 1362 905 1404 publicae
937 1373 1083 1404 congre-

102 1415 271 1459 gationis,
299 1414 333 1446 in
359 1425 425 1458 qua
453 1413 528 1445 vult
555 1411 649 1445 Deus
669 1412 807 1455 publice
832 1424 957 1445 sonare
974 1419 1082 1445 totam

100 1466 294 1499 doctrinam
321 1462 525 1506 Evangelii,
561 1469 598 1495 ut
620 1464 789 1507 scriptum
811 1470 875 1496 est:
916 1462 1083 1505 Quoties-

99 1528 235 1561 cunque
262 1514 519 1552 convenientis,
549 1521 696 1547 mortem
713 1513 859 1546 Domini
884 1514 1082 1547 annuncia·

98 1568 180 1601 bitis
204 1568 314 1599 donec
338 1565 483 1597 venerit.

203 1617 386 1650 Secundus
412 1616 490 1647 finis
509 1622 557 1647 est
576 1613 739 1657 privatim
760 1616 801 1647 ad
821 1615 978 1658 singulos
1003 1626 1083 1658 per-

102 1670 235 1707 tinens,
272 1668 366 1711 quod
392 1672 603 1698 sacramenta
629 1672 711 1697 sunt
728 1665 824 1707 signa
849 1677 922 1697 non
947 1672 1081 1698 tantum

102 1731 179 1763 erga
198 1716 377 1756 homines,
403 1717 460 1748 sed
484 1727 562 1757 erga
588 1716 722 1752 Deum,
751 1723 783 1748 et
808 1722 890 1748 sunt
915 1722 1081 1760 tanquam

101 1770 299 1805 testimonia
325 1780 383 1800 seu
409 1768 553 1809 pignora
581 1766 824 1809 promissionis
847 1766 987 1808 gratiae.
1037 1764 1083 1800 Ut

102 1834 180 1855 cnm
202 1820 308 1852 verbo
333 1819 502 1851 excitatur
525 1817 608 1849 fides
634 1828 693 1859 per
718 1816 888 1859 Spiritum
910 1823 1080 1854 sanctum,

102 1871 234 1906 accedit.
264 1867 330 1902 hoc
357 1875 538 1901 externum
571 1867 807 1901 testimonium
841 1875 1006 1912 tanquam
1034 1867 1079 1899 si-

100 1934 206 1966 gnum
219 1949 228 1961 ,
255 1928 285 1954 et
303 1920 443 1964 quidem
463 1918 641 1960 adplicans
659 1918 854 1960 generalem
874 1918 1079 1961 promissio-

100 1985 180 2007 nem
196 1973 236 2004 ad
255 1971 427 2013 singulos,
452 1969 487 2002 id
508 1976 576 2010 est,
604 1969 792 2002 testificans
810 1969 1078 2013 promissionem

99 2026 141 2058 ad
165 2023 320 2064 singulos
346 2021 532 2065 pertinere.

202 2073 368 2106 Nominat
386 2072 492 2113 igitur
510 2070 639 2103 Paulus
664 2071 964 2103 circumcisionem
983 2070 1079 2113 sigil-

101 2128 173 2159 lum
192 2123 347 2157 iusticiae
366 2121 464 2161 fidei,
480 2122 561 2165 quia
579 2128 649 2154 erat
667 2122 860 2154 testificatio
880 2122 914 2154 in
933 2133 1079 2165 corpore

100 2172 264 2211 Abrahae
284 2186 301 2206 a
320 2173 394 2206 Deo
417 2172 564 2210 tradita,
592 2173 908 2204 commonefaciens
931 2184 1009 2204 eum
1035 2173 1078 2205 de

99 2225 331 2273 promissione
348 2231 380 2257 et
398 2223 584 2256 ostendens
604 2223 871 2265 promissionem
895 2224 937 2255 ad
963 2223 1076 2264 ipsum

99 2277 284 2323 pertinere.
336 2274 435 2308 Sicut
457 2280 572 2307 autem
597 2271 777 2305 Abraham
803 2274 1078 2307 confirmabatur

101 2334 238 2371 accepto
264 2325 329 2359 hoc
350 2337 443 2357 novo
467 2324 566 2366 siguo
594 2325 636 2356 de
662 2324 777 2364 coelo,
811 2324 858 2357 sic
876 2337 939 2358 nos
958 2324 994 2356 in
1012 2336 1077 2357 usu

103 2387 395 2412 sacramentorum
420 2375 617 2408 confirmari
640 2382 793 2418 oportet,
829 2376 929 2419 quasi
949 2387 1076 2408 novam

103 2441 220 2463 vocem
238 2436 296 2461 aut
312 2428 449 2469 signum
469 2438 508 2458 ex
528 2425 624 2458 coelo
650 2426 901 2470 acciperemus,
935 2433 967 2458 et
992 2427 1079 2459 scire

102 2480 204 2515 nobis
235 2478 401 2525 applicari
429 2477 709 2520 promissionem.
762 2475 831 2510 Sed
861 2479 1078 2510 consuetudo

103 2531 204 2570 facit,
231 2536 268 2562 ut
285 2530 343 2562 illa
367 2528 564 2561 testimonia
590 2526 654 2560 Dei
690 2527 790 2560 nobis
814 2527 941 2561 tradita
969 2527 1080 2561 levius

103 2587 281 2616 curentur.
333 2578 439 2613 Recte
462 2579 569 2621 igitur
592 2578 782 2620 cogitemus
807 2579 850 2610 de
874 2590 939 2611 usu
966 2590 1078 2611 sacra-

102 2640 320 2668 mentorum,
346 2637 378 2662 et
401 2630 549 2662 sciamus
573 2640 644 2662 esse
671 2629 802 2672 sigilla,
830 2629 865 2661 id
890 2635 956 2669 est,
985 2641 1080 2662 com-

101 2681 376 2718 monefactiones
393 2681 434 2713 de
452 2680 685 2724 promissione
705 2687 737 2714 et
755 2680 1015 2715 testificationes
1038 2681 1080 2713 de
1104 2718 1107 2721 ³

151 2734 336 2769 hlamma.
355 2733 457 2764 Orza.
486 2729 570 2765 Vor.
589 2732 668 2767 XV.

1128 506 1220 531 stum
1247 506 1315 539 est,
1343 501 1502 532 damnari
1531 507 1654 532 tetram
1676 501 1909 543 impietatem,
1939 516 2026 547 quae
2050 504 2116 535 fin-

1127 550 1177 593 git
1220 550 1280 583 illa
1324 562 1430 594 opera
1475 551 1601 583 mereri
1644 551 1887 585 remissionem
1929 566 1969 586 ex
2012 566 2116 598 opere

1127 607 1282 644 operato,

1126 699 1172 735 Si
1191 698 1253 743 hi,
1287 701 1352 749 qui
1379 713 1424 735 ex
1454 700 1529 747 lege
1571 706 1656 734 siml
1683 699 1874 744 haeredes,
1917 702 2027 737 irrita
2065 709 2115 738 est

1467 752 1666 798 promissio
1705 757 1766 787 etc.

1367 827 1526 866 Quinta
1568 833 1870 866 argumentum.

1179 905 1286 939 Nulla
1315 906 1501 950 promissio
1534 907 1690 950 pendens
1721 919 1761 940 ex
1797 907 2001 942 conditione
2030 909 2118 953 legis

1233 964 1284 990 est
1302 958 1405 990 nobis
1423 965 1495 991 rata
1520 965 1552 990 et
1580 965 1690 998 certa,

1181 1007 1457 1041 promissionem
1502 1008 1632 1051 gratiae
1670 1016 1807 1052 oportet
1843 1020 1916 1042 esse
1951 1017 2060 1045 ratam
2084 1019 2117 1046 et

1233 1065 1382 1099 certam,
1418 1058 1528 1103 Ergo:

1182 1109 1374 1143 Promissio
1414 1110 1543 1151 gratiae
1575 1122 1646 1142 non
1682 1111 1808 1153 pendet
1841 1123 1879 1143 ex
1911 1111 2116 1146 conditione

1234 1161 1338 1203 legis,
1363 1162 1421 1193 sed
1441 1168 1491 1194 est
1509 1161 1658 1204 gratuita
1677 1168 1710 1194 et
1727 1161 1926 1203 accipienda
1947 1163 2026 1195 fide.

1234 1210 1312 1244 Hoc
1343 1219 1589 1253 argumentum
1624 1218 1778 1244 sumtum
1811 1219 1859 1245 est
1891 1224 1930 1245 ex
1959 1213 2117 1248 fontibus

1132 1262 1239 1295 totius
1263 1263 1444 1295 doctrinae
1468 1261 1735 1302 ecclesiasticae,
1776 1269 1808 1295 et
1831 1270 1881 1296 est
1906 1263 2117 1298 fundamen-

1132 1319 1206 1345 tum
1226 1324 1264 1344 ac
1285 1310 1443 1356 Guz‘s;4‹)11
1467 1313 1575 1345 totius
1598 1313 1878 1354 controversiae,
1905 1320 1938 1346 et
1964 1316 2118 1349 ostendit

1135 1363 1323 1395 discrimen
1357 1363 1442 1405 legis
1473 1369 1507 1396 et
1533 1361 1728 1405 Evangelii.
1788 1362 1867 1397 Erit
1891 1372 2006 1397 autem
2032 1366 2116 1399 illn-

1134 1414 1239 1446 strius
1262 1413 1482 1447 considerato
1509 1413 1621 1457 primo
1647 1414 1816 1460 exemplO.
1885 1413 1973 1447 Cum
2000 1414 2114 1449 Adam

1135 1471 1165 1497 et
1183 1463 1256 1497 Eva
1275 1464 1361 1508 lapsi
1383 1472 1483 1504 sunt,
1511 1477 1582 1497 non
1610 1471 1770 1507 poterant
1794 1465 1895 1497 aliter
1917 1467 2116 1500 ratiocinari

1136 1527 1175 1548 ex
1200 1515 1291 1557 lege,
1327 1515 1394 1548 nisi
1419 1527 1453 1548 se
1478 1515 1547 1548 iam
1571 1515 1606 1546 in
1633 1522 1702 1547 tota
1732 1516 1937 1548 aeternitate
1964 1519 2116 1551 abiectos

1137 1577 1226 1603 esse,
1253 1573 1283 1598 et
1304 1573 1414 1598 totum
1432 1577 1541 1607 genus
1559 1562 1752 1597 humanum
1771 1566 1837 1597 iam
1860 1567 2023 1609 perierat,
2048 1569 2117 1602 nisi

1135 1615 1229 1648 Deus
1257 1617 1346 1648 edita
1376 1617 1608 1659 promissione
1636 1616 1833 1649 retraxisset
1852 1629 1909 1649 eos
1929 1629 1968 1650 ex
1994 1626 2116 1658 morte,

1134 1674 1165 1699 et
1189 1663 1252 1698 hac
1280 1667 1512 1710 promissione
1526 1666 1655 1709 gratiae
1673 1667 1887 1700 condidisset
1906 1666 2114 1702 Ecclesiam:

1134 1717 1180 1750 ita
1198 1718 1324 1750 scimus
1342 1716 1455 1750 Deum
1477 1718 1565 1750 velle
1582 1717 1650 1750 sibi
1669 1717 1704 1749 in
1722 1729 1846 1760 genere
1864 1716 2020 1752 humano
2044 1721 2116 1753 col-

1132 1767 1238 1809 ligere
1271 1775 1447 1800 aeternam
1479 1767 1691 1806 Ecclesiam,
1731 1769 1811 1812 quia
1839 1777 1975 1812 praeter
2006 1771 2115 1814 legem

1106 1810 1109 1847 Ι
1132 1818 1241 1851 edidit
1265 1819 1508 1852 admirandam
1526 1818 1816 1863 promissionem,
1844 1822 1887 1853 de
1912 1821 2115 1863 mediatore,

1132 1870 1174 1901 de
1194 1870 1399 1902 remissione
1416 1878 1636 1912 peccatorum
1655 1871 1825 1912 gratuita,
1853 1872 1895 1903 de
1914 1873 2114 1906 reconlilia-

1132 1920 1246 1959 tione,
1280 1928 1312 1954 et
1334 1921 1376 1953 de
1394 1921 1465 1954 vita
1488 1929 1638 1956 aeterna.
1692 1919 1788 1954 Haec
1812 1921 1912 1955 initia
1937 1921 2114 1957 Ecclesiae

1132 1971 1418 2011 considerentur,
1454 1979 1493 2006 ut
1518 1972 1576 2005 fiat
1608 1971 1827 2015 conspectior
1863 1973 2046 2015 promissio
2081 1982 2113 2009 et

1130 2022 1300 2064 cogitetur
1322 2024 1502 2067 quomodo
1531 2034 1670 2065 semper
1696 2021 1850 2055 Ecclesia
1884 2024 2026 2058 collecta
2060 2026 2114 2066 sit,

1130 2080 1161 2106 et
1179 2085 1267 2117 quae
1298 2085 1352 2106 res
1378 2073 1499 2106 fecerit
1521 2073 1709 2106 discrimen
1748 2074 1840 2106 inter
1862 2072 2051 2108 Ecclesiam
2081 2084 2114 2111 et

1128 2120 1309 2159 Ethnicos.
1368 2123 1508 2158 Norunt
1539 2125 1649 2167 legem
1681 2124 1839 2169 utrique,
1883 2132 1913 2158 et
1946 2133 2112 2172 utrosque

1128 2175 1180 2207 lex
1199 2181 1352 2215 accusat,
1375 2176 1432 2208 sed
1450 2175 1634 2218 promissio
1656 2175 1786 2217 gratiae
1809 2175 1890 2208 facit
1914 2176 2113 2220 discrimen,

1128 2237 1265 2268 semper
1287 2226 1380 2258 enim
1398 2233 1533 2260 tantum
1558 2226 1607 2258 ibi
1631 2226 1716 2265 fuit,
1750 2232 1799 2258 est
1816 2233 1849 2258 et
1869 2226 1931 2259 erit
1951 2239 2028 2260 vera
2048 2227 2112 2262 Dei

1128 2274 1305 2318 Ecclesia,
1331 2277 1393 2309 ubi
1411 2284 1529 2310 manet
1545 2276 1730 2321 promissio
1755 2283 1789 2309 et
1813 2276 2006 2310 intellectus
2032 2291 2114 2322 pro-

1103 2329 1106 2378 Ῑ
1129 2326 1307 2360 missionis
1323 2328 1464 2370 gratiae,
1482 2328 1570 2361 sicut
1583 2327 1710 2360 Paulus
1729 2327 1858 2371 inquit:
1887 2326 2112 2363 Fundamen-

1103 2382 1105 2390 '
1130 2384 1203 2410 tum
1221 2378 1315 2411 aliud
1336 2379 1418 2422 poni
1440 2391 1511 2411 non
1536 2385 1663 2421 potest,
1692 2378 1879 2420 praeteriti
1902 2381 1995 2423 quod
2018 2383 2111 2424 posi-

1104 2442 1107 2483 Ι
1131 2435 1204 2461 tum
1233 2436 1300 2469 est,
1332 2431 1426 2474 quod
1452 2437 1501 2463 est
1527 2428 1691 2462 Christus
1723 2427 1824 2461 lesus

1104 2486 1107 2520 Ι
1231 2479 1311 2513 Sint
1335 2480 1442 2523 igitur
1467 2480 1503 2512 in
1527 2486 1712 2522 conspectu
1739 2479 1798 2510 illa
1819 2479 1930 2522 prima
1956 2483 2112 2524 exempla

1131 2528 1228 2562 Adae
1245 2538 1276 2564 et
1295 2529 1403 2566 Evae.
1452 2529 1499 2563 Hi
1524 2530 1702 2573 perspicue
1727 2529 1974 2564 intellexerunt
2001 2534 2111 2566 maio-

1130 2592 1202 2612 rem
1228 2582 1524 2625 propositionem,
1559 2580 1664 2613 Nulla
1690 2580 1875 2623 promissio
1900 2583 2054 2624 pendens
2072 2596 2110 2616 ex

1130 2626 1334 2665 conditione
1354 2632 1456 2675 legis,
1482 2639 1532 2665 est
1550 2631 1652 2664 nobis
1670 2637 1742 2664 rata
1760 2638 1793 2664 et
1812 2638 1923 2672 certa,
1954 2631 2020 2679 lpsi
2047 2647 2110 2666 no-

1104 2649 1109 2712 1
1132 2689 1211 2716 rant
1229 2683 1358 2725 legem,
1385 2684 1443 2716 sed
1461 2689 1538 2727 post
1552 2682 1688 2726 lapsum
1706 2681 1950 2725 intelligebant
1967 2694 2002 2716 se
2018 2684 2111 2717 iudi-

1279 2732 1328 2768 57
