2415 2942
89 107 164 145 945
352 105 454 143 XIII.

88 200 142 228 sto
162 192 237 226 lesu
251 219 260 233 ‚
287 198 318 225 et
336 192 520 226 ambulent
537 192 731 226 secundum
750 189 932 235 spiritum,
960 189 995 222 id
1014 196 1074 231 est,

88 246 114 277 si
133 244 199 276 sint
219 244 253 275 in
273 244 321 276 eis
341 243 523 276 conversio
550 244 591 276 ad
618 243 749 283 Deum,
783 248 815 274 et
840 240 924 272 fides
948 253 1075 273 conso-

91 297 164 327 lans
190 295 294 326 corda
321 295 501 337 agnitione
522 294 584 326 filii
603 293 687 333 Dei,
714 304 803 338 quae
822 291 963 336 quidem
992 291 1075 323 fides

85 352 135 378 cst
154 352 268 378 motus
288 344 442 388 Spiritus
466 345 594 382 sancti,
622 345 682 389 qui
701 350 818 388 postea
843 342 1015 383 gubernat
1041 348 1074 374 et

86 396 278 430 sanctificat
319 404 459 430 renatos
477 423 486 438 ‚
537 403 575 430 ut
617 400 814 439 repugnent
858 392 974 436 pravis
1012 393 1074 424 ad-

86 447 246 480 fectibus.

186 504 281 538 Haec
298 511 348 538 est
363 505 556 549 propositio
576 503 782 549 principalis
804 503 840 535 in
867 499 932 535 hoc
951 502 1074 545 capite,

86 555 270 590 continens
298 556 496 589 doctrinam
525 563 558 589 et
587 555 863 588 consolationem
899 552 1074 585 Ecclesiae

85 607 313 640 necessariam
339 608 506 639 omnibns
531 606 761 650 temporibus.
815 603 962 646 Semper
989 601 1073 636 haec

84 658 172 698 suit,
200 664 268 698 est,
296 664 329 691 et
351 658 416 691 erit
440 657 596 702 quaestio
621 657 659 688 in
684 656 845 690 omnium
870 661 1072 687 sanctorum

84 708 230 747 animis,
259 709 437 752 quomodo
455 708 570 752 places
590 706 683 748 Deo,
711 720 789 740 cum
807 706 937 739 sentias
957 703 1072 738 adhuc

84 759 236 792 multum
263 758 432 792 sordium.
486 756 666 792 Pharisaei
691 765 724 792 et
748 754 911 791 monachi
940 757 1071 789 docue-

83 815 167 842 runt
185 807 344 842 homines
363 809 499 853 placere
525 815 672 856 propter
698 810 839 854 propria
865 807 1010 846 merita,
1038 814 1072 841 et

82 866 227 904 propter
252 860 439 900 sacrificia,
467 867 612 904 propter
637 858 776 896 Missas.
831 859 879 893 lta
905 858 1070 890 fiduciam

82 910 246 957 propriae
263 910 444 953 dignitatis
463 911 499 943 in
521 909 597 952 his,
625 911 685 955 qui
711 909 826 944 adhuc
847 909 960 942 securi
978 916 1070 949 sunt,

81 961 398 1004 confirmaverunt,
442 969 475 996 et
505 963 728 995 deduxerunt
758 960 920 995 homines
945 961 987 992 ad
1015 971 1069 992 sa-

81 1011 207 1045 crificia
221 1039 230 1053 ,
255 1012 316 1045 ubi
334 1012 451 1045 inanis
467 1013 592 1046 fiducia
611 1025 651 1045 ex
668 1013 846 1047 sacrificiis
864 1011 943 1044 fecit
964 1011 1069 1043 idola.

79 1061 203 1096 Postea
225 1063 365 1096 turbata
396 1064 581 1098 securitate
605 1063 783 1098 iusserunt
808 1061 971 1096 homines
994 1074 1068 1094 ma-

80 1125 164 1147 nere
188 1113 226 1146 in
249 1114 487 1151 dubitatione.

180 1180 276 1214 Haec
295 1181 501 1225 simpliciter
517 1188 599 1216 sunt
619 1180 776 1222 ethnica,
804 1188 835 1216 et
856 1193 1001 1214 manens
1029 1180 1065 1213 in

80 1232 320 1273 dubitatione,
347 1234 488 1266 tandem
513 1234 725 1277 opprimitur
746 1234 1006 1277 desperatione,
1035 1239 1067 1264 et

80 1282 245 1316 horribili
265 1283 408 1317 fremitu
429 1285 501 1318 ruit
523 1285 559 1317 in
583 1291 764 1318 aeternum
783 1284 940 1318 exitium.
995 1282 1064 1315 Sed

81 1347 146 1367 vox
166 1332 349 1376 Evangelii
377 1333 541 1378 prohibet
559 1335 814 1369 dubitationem
838 1341 871 1367 et
887 1333 1066 1377 praecipit,
1090 1370 1092 1382 Ι

80 1392 118 1418 ut
135 1385 319 1417 credamus
343 1385 379 1417 in
403 1385 513 1418 filium
531 1384 615 1426 Dei,
642 1393 674 1419 et
690 1385 845 1418 clamitat
860 1397 897 1417 ac
915 1385 1065 1417 affirmat

78 1437 257 1468 credentes
280 1435 316 1467 in
340 1436 450 1468 filium
475 1435 551 1469 Deo
577 1437 733 1480 placere,
761 1436 898 1469 etiamsi
918 1433 1063 1468 haerent

78 1487 115 1518 in
146 1486 323 1519 conversis
352 1486 521 1531 reliquiae
552 1487 703 1532 peccati:
757 1484 841 1519 haec
871 1486 1063 1519 necessaria

78 1537 240 1570 doctrina
275 1543 309 1570 et
348 1538 543 1571 consolatio
578 1536 635 1571 hic
670 1538 892 1582 proponitur.

79 1585 145 1621 hoc
162 1587 404 1621 testimonium
421 1587 523 1621 Pauli
541 1600 677 1633 semper
694 1589 738 1622 sit
755 1589 793 1620 in
812 1595 1012 1631 conspectu.

182 1651 457 1687 Observandum
479 1661 528 1688 est
545 1661 682 1695 autem,
707 1655 802 1699 quod
828 1666 986 1697 expresse
1008 1655 1064 1687 in-

80 1705 171 1752 quit:
207 1703 486 1738 Ambulantibus
510 1705 548 1738 in
571 1703 713 1739 Christo
737 1706 928 1738 secundum
960 1706 1063 1748 spiri-

80 1765 175 1795 tum,
219 1767 292 1788 non
327 1757 519 1789 secundum
554 1768 706 1791 carnem.
764 1755 845 1789 Non
889 1757 1064 1800 promittit

80 1806 354 1841 consolationem
372 1804 444 1848 his,
471 1807 531 1851 qui
552 1814 633 1841 sunt
651 1807 726 1840 sine
744 1807 976 1850 poenitentia,
1003 1808 1063 1851 qui

80 1858 193 1892 securi
212 1864 244 1890 et
261 1857 414 1891 furentes
433 1866 657 1902 perseverant
673 1858 709 1890 in
728 1858 917 1890 sceleribus
941 1865 1062 1891 contra

79 1908 348 1949 conscientiam,
389 1909 431 1941 de
455 1909 584 1953 quibus
609 1916 726 1952 postea
754 1909 905 1942 dicetur:
948 1908 984 1942 Si
1009 1921 1061 1942 se-

80 1961 235 1994 cundum
255 1970 395 1992 carnem
417 1960 560 1998 vivetis,
586 1960 802 1995 moriemini.
858 1959 959 1992 Item:
989 1959 1060 2002 Qui

79 2012 161 2045 facit
186 2017 384 2054 peccatum,
412 2022 450 2043 ex
471 2011 613 2044 diabolo
640 2018 700 2046 cst.
753 2010 857 2044 Item:
887 2010 957 2053 Qui
979 2011 1060 2044 talia

78 2062 232 2099 faciunt,
266 2073 412 2104 regnum
438 2061 504 2095 Dei
529 2074 600 2095 non
628 2062 870 2106 possidebunt.
925 2061 992 2095 Sed
1019 2063 1061 2095 de

81 2112 151 2145 illis
175 2111 308 2155 inquit:
337 2111 442 2145 Nulla
463 2113 710 2146 condemnatio
735 2121 803 2153 est,
832 2113 890 2157 qui
918 2120 999 2146 suut
1025 2114 1061 2146 in

80 2160 221 2197 Christo
246 2161 343 2204 lesu,
385 2170 418 2196 et
444 2170 613 2206 reguntur
637 2164 774 2207 Spiritu
804 2170 934 2199 sancto.
988 2164 1061 2197 N)-

79 2214 193 2247 minat
233 2213 320 2247 duas
371 2225 553 2258 personas:
593 2213 774 2248 Christum
819 2215 1063 2256 mediatorem,

81 2265 162 2310 quia
186 2264 340 2308 primum
370 2272 507 2308 oportet
531 2277 721 2299 conversos
746 2277 931 2308 agnoscere
955 2264 1062 2299 Chri-

82 2323 171 2350 stum
188 2315 266 2356 fide,
294 2323 326 2350 et
342 2323 485 2360 propter
503 2313 597 2349 hunc
617 2316 888 2361 propiciatorem
908 2317 1062 2361 accipere

81 2367 322 2401 remissionem
359 2374 392 2401 et
425 2367 770 2408 reconciliationem,
814 2374 847 2401 et
881 2368 954 2402 fieri
989 2369 1064 2402 eius

82 2418 249 2452 membra.

180 2475 270 2510 Cum
290 2484 403 2511 autem
428 2478 608 2522 agnitione
631 2477 833 2511 mediatoris
857 2484 889 2511 et
912 2478 979 2510 fide
996 2477 1064 2511 eri-

83 2534 214 2570 guntur
239 2529 362 2570 corda,
395 2530 500 2564 simul
526 2529 721 2563 effunditur
750 2529 905 2574 Spiritus
927 2536 1066 2563 sanctus

86 2580 123 2611 in
144 2579 266 2619 corda,
282 2585 321 2612 ut
338 2580 421 2614 tales
440 2588 554 2614 motus
572 2581 756 2621 accendat,
781 2581 894 2625 qualis
914 2587 963 2613 est
981 2581 1064 2624 ipse,

85 2630 180 2662 iuxta
214 2629 363 2664 dictum:
407 2630 599 2665 Effundam
630 2643 734 2676 super
770 2633 915 2665 domum
951 2630 1065 2664 David

87 2680 248 2725 spiritum
268 2683 397 2723 gratiae
413 2690 444 2716 et
464 2695 619 2727 precum.
676 2683 775 2724 Item,
792 2681 1065 2717 2.Corixith.3.:

136 2733 312 2765 ΜΕιΛΝΤΗ.
344 2736 445 2767 Orza.
475 2736 555 2766 Vot.
577 2736 654 2768 XV.

505 105 539 140 3.
566 100 865 141 ENARRATIO
891 101 1047 139 EPIST.
1074 100 1221 140 PAULI
1249 99 1316 138 AD
1343 101 1603 139 ROMANOS.
1661 103 1763 140 CAP.
1795 104 1894 143 VIII.

2055 107 2129 144 946

1133 188 1207 223 Nos
1234 189 1270 222 in
1296 190 1442 222 eandem
1468 189 1658 233 imaginem
1687 192 2001 235 transformamur,
2043 200 2120 228 tan-

1132 253 1237 284 quam
1260 253 1276 273 a
1296 239 1442 273 Domini
1468 241 1607 284 spiritu.

1103 332 1105 336 ’
1130 320 1233 369 Quia
1259 321 1321 356 lex
1337 324 1489 372 spiritus
1510 324 1603 358 vitae
1636 325 1673 359 in
1701 321 1854 362 Christo
1879 331 1959 362 Iesu
1982 328 2115 363 libera—

1511 375 1558 409 vit
1584 388 1638 409 me
1664 382 1725 413 etc.

1204 441 1316 475 Antea
1338 443 1531 486 propositio
1551 446 1677 478 tradita
1701 453 1765 478 est:
1794 445 1898 479 Nulla
1917 459 2011 481 nunc
2028 461 2111 482 consp

1127 493 1305 526 demnatio
1332 500 1379 526 est
1406 492 1477 533 liis,
1510 496 1569 538 qui
1597 496 1632 527 in
1659 494 1800 530 Christo
1830 497 1905 530 lesu
1930 501 2108 534 ambulant

1127 550 1190 578 etc.
1244 543 1346 576 Nunc
1367 545 1526 588 sequitur
1550 546 1740 579 declaratio
1765 544 1870 580 huius
1897 551 2107 592 propositio-

1126 595 1196 627 nis:
1227 593 1293 627 Per
1312 593 1494 627 Christum
1518 596 1659 629 liberati
1685 609 1822 638 sumus,
1857 600 1918 631 ubi
1943 600 2047 633 simul
2073 603 2106 636 fii

1125 645 1257 678 mentio
1283 646 1398 679 meriti
1422 643 1555 680 Christi
1581 654 1613 680 et
1640 648 1823 681 efficaciae.
1878 648 1945 682 Hic
1967 653 2009 683 de
2037 665 2108 685 mc-

1126 697 1193 729 rito
1219 695 1351 730 Christi
1377 697 1626 736 concionatur,
1654 710 1732 731 cum
1751 701 1911 733 nominat
1939 713 2017 734 eum
2044 701 2106 735 hu-

1123 748 1223 780 stiam
1247 760 1308 791 pro
1337 754 1494 791 peccato,
1522 755 1555 782 et
1578 749 1645 788 ait,
1669 757 1812 793 propter
1839 748 1929 784 hanc
1956 750 2103 786 hostiam

1124 800 1327 831 damnatum
1346 811 1416 832 esse
1434 806 1625 842 peccatum.
1679 799 1731 833 De
1749 801 1901 835 efficacia
1921 801 2049 837 Christi
2070 805 2105 837 in

1122 850 1347 883 credentibus
1365 849 1510 882 dicitur:
1538 850 1610 883 Lex
1630 851 1773 894 spiritus
1791 853 1881 885 vitae
1901 854 1935 886 in
1952 852 2106 895 Christo,

1123 900 1156 932 id
1184 908 1252 941 est,
1282 901 1490 941 vivificatio,
1519 914 1607 946 quae
1633 901 1672 935 fit
1700 915 1760 947 per
1784 901 1986 946 Christum,
2024 907 2104 939 dato

1122 950 1256 993 Spiritu
1282 959 1400 984 sancto
1426 952 1589 986 liberavit
1615 965 1689 994 me,
1731 961 1768 987 ut
1804 953 1919 989 Galat.
1949 959 2104 991 secundo

1121 1003 1271 1035 dicitur:
1313 1002 1402 1035 Vivo
1426 1010 1544 1036 autem
1570 1016 1643 1037 non
1671 1004 1738 1037 iam
1766 1016 1846 1047 ego,
1878 1007 1964 1040 vivit
1987 1015 2103 1041 autem

946 1536 1065 1579 Quare
1090 1548 1091 1551 ¹

1121 1053 1156 1085 in
1191 1066 1245 1085 me
1277 1051 1449 1087 Christus.
1518 1053 1611 1087 Huic
1643 1055 1872 1088 declarationi
1896 1057 2104 1093 immoratur

1123 1104 1234 1147 posita
1259 1102 1444 1145 antithesi,
1480 1104 1552 1138 Lex
1577 1117 1649 1138 non
1675 1107 1788 1149 potuit
1820 1118 1882 1139 nos
1913 1109 2061 1143 liberare
2086 1123 2103 1144 a

1119 1162 1258 1198 peccato
1278 1162 1343 1189 eta
1362 1163 1491 1196 morte,
1519 1157 1577 1189 sed
1604 1157 1696 1191 filius
1722 1156 1788 1190 Dei
1814 1158 1939 1192 missus
1962 1168 2029 1202 est,
2063 1169 2100 1196 ut

1119 1218 1179 1250 per
1204 1207 1317 1250 ipsum
1344 1206 1546 1242 liberemur.

1218 1272 1378 1305 Primum
1397 1285 1477 1314 ergo
1499 1280 1628 1307 attente
1646 1274 1902 1309 consideranda
1923 1284 1973 1311 est
1992 1280 2100 1322 parti-

1118 1324 1195 1357 cula
1220 1324 1263 1356 de
1290 1323 1373 1366 lege.
1427 1322 1472 1356 Et
1496 1326 1722 1366 grammatica
1742 1325 1907 1371 Syntaxis
1934 1336 2024 1362 recte
2043 1343 2100 1363 ex-

1120 1375 1281 1418 plicanda
1307 1381 1368 1407 est.
1428 1373 1546 1408 Huius
1573 1372 1656 1408 haec
1680 1383 1731 1410 est
1750 1378 1868 1411 series:
1897 1377 1986 1412 Cum
2014 1389 2099 1415 esset

1118 1425 1335 1469 impossibile
1361 1426 1446 1468 legi,
1481 1426 1631 1467 scilicet,
1667 1427 1791 1461 tollere
1819 1438 2018 1472 peccatum,
2059 1445 2098 1466 eo

1116 1478 1209 1521 quod
1229 1489 1289 1520 per
1304 1488 1443 1509 carnem
1463 1477 1517 1509 lex
1536 1489 1606 1509 non
1626 1486 1759 1520 poterat
1778 1481 1869 1521 fieri,
1892 1480 1986 1515 Deus
2003 1484 2095 1516 misit

1117 1528 1226 1560 filium
1246 1539 1346 1561 suum
1365 1528 1400 1560 in
1420 1528 1654 1561 similitudine
1674 1530 1791 1562 earnis
1809 1533 1958 1574 peccati,
1985 1541 2017 1567 et
2035 1532 2097 1567 ho-

1117 1579 1180 1612 stia
1206 1590 1268 1621 pro
1296 1585 1435 1622 peccato
1455 1579 1633 1611 damnavit
1657 1588 1834 1622 peccatum
1853 1582 1889 1614 in
1908 1596 2031 1623 carne,
2060 1593 2095 1619 ut

1116 1630 1170 1662 ius
1206 1629 1291 1672 legis
1327 1629 1526 1672 impleatur.
1593 1629 1663 1663 Hic
1696 1643 1852 1675 expressa
1889 1637 2095 1670 asseveratio

1116 1680 1269 1723 primum
1291 1680 1549 1721 consideretur,
1579 1679 1682 1722 Quod
1708 1682 1773 1724 legi
1801 1684 1906 1718 suerit
1930 1686 2095 1730 impossi—

1116 1732 1186 1764 bile
1211 1731 1334 1764 tollere
1357 1738 1536 1774 peccatum
1562 1743 1618 1765 seu
1646 1732 1832 1767 iustificare
1856 1733 2032 1780 homines,
2065 1747 2097 1773 et

1115 1782 1231 1823 addit,
1259 1782 1340 1827 quia
1358 1783 1411 1815 lex
1429 1794 1502 1815 non
1519 1789 1651 1826 poterat
1668 1783 1743 1817 fieri
1762 1798 1822 1828 per
1839 1799 1992 1824 carnem.

1215 1848 1317 1882 Hanc
1349 1850 1557 1883 sententiam
1586 1850 1621 1883 in
1648 1863 1718 1895 cap.
1745 1854 1894 1897 septimo
1926 1857 2097 1899 prolixius

1113 1900 1292 1944 exposuit,
1322 1912 1416 1934 nunc
1440 1901 1536 1934 brevi
1558 1903 1813 1937 asseveratione
1833 1908 1978 1950 repetit,
2007 1921 2095 1952 quae

1113 1952 1157 1985 sit
1184 1952 1220 1984 in
1243 1959 1431 1995 conspectu
1455 1953 1496 1985 ad
1517 1952 1720 1987 refutandos
1737 1953 1944 1999 Pelagianos
1963 1966 1993 1991 et
2012 1959 2094 1993 Mo-

1113 2000 1244 2036 nachus
1267 2010 1298 2036 et
1321 2003 1472 2043 similes,
1502 2003 1562 2048 qui
1589 2004 1765 2038 finxerunt
1789 2007 1898 2050 legem
1925 2008 1990 2042 Dei
2016 2017 2093 2043 tan-

1114 2061 1186 2087 tum
1209 2055 1251 2087 de
1273 2061 1413 2087 externa
1439 2055 1624 2098 disciplina
1651 2057 1869 2091 concionari:
1906 2068 2022 2104 postea
2042 2063 2092 2095 as-

1113 2105 1255 2138 firmant
1273 2102 1434 2138 homines
1453 2117 1552 2148 posse
1570 2106 1637 2149 legi
1654 2105 1722 2140 Dei
1738 2109 1950 2154 satisfacere,
1979 2119 2010 2145 et
2029 2110 2092 2147 hac

1113 2156 1297 2200 disciplina
1316 2156 1424 2189 iustos
1444 2168 1515 2190 esse
1540 2169 1656 2190 coram
1677 2159 1765 2194 Deo.
1819 2159 1920 2195 Hanc
1944 2164 2091 2197 coecita-

1114 2214 1182 2240 tem
1208 2219 1273 2240 vox
1299 2207 1418 2240 divina
1445 2208 1481 2240 in
1503 2205 1656 2242 Ecclesia
1682 2211 1843 2249 damnat,
1884 2213 1962 2247 ideo
1989 2226 2091 2258 supra

1114 2258 1246 2291 dictum
1266 2265 1315 2291 est
1329 2270 1402 2302 cap.
1421 2259 1471 2294 3.:
1500 2258 1551 2291 Ex
1575 2261 1740 2304 operibus
1763 2262 1847 2305 legis
1874 2276 1945 2298 non
1968 2266 2093 2300 iustifi-

1114 2309 1251 2342 cabitur
1267 2310 1381 2342 omnis
1398 2321 1477 2343 caro
1493 2322 1609 2343 eoram
1629 2312 1713 2348 Deo.

1216 2376 1300 2410 Post
1332 2375 1422 2410 hanc
1448 2379 1746 2412 adseverationem
1777 2381 1935 2426 sequitur
1960 2384 2092 2419 dictum

1117 2428 1157 2459 de
1174 2428 1299 2461 merito
1319 2425 1470 2461 Christi:
1497 2429 1595 2461 Misit
1611 2428 1707 2462 Deus
1730 2431 1839 2464 filium
1857 2445 1960 2466 suum
1987 2436 2023 2468 in
2047 2438 2092 2469 si-

1117 2479 1316 2512 militudine
1334 2481 1447 2512 carnis
1464 2480 1605 2523 peccati,
1634 2480 1667 2513 id
1686 2488 1745 2522 est,
1771 2483 1864 2516 misit
1883 2484 2012 2526 filium,
2034 2490 2092 2532 qui

1117 2531 1276 2564 assumsit
1292 2542 1408 2563 veram
1426 2528 1581 2563 hominis
1597 2538 1758 2565 naturam
1771 2561 1780 2574 ,
1806 2541 1839 2568 et
1855 2536 1996 2580 quidem
2017 2551 2093 2582 pas-

1117 2581 1275 2621 sibilem,
1303 2582 1360 2613 sed
1387 2581 1462 2613 sine
1484 2588 1642 2624 peccato:
1680 2584 1758 2616 ideo
1777 2597 1859 2618 usus
1878 2595 1924 2620 est
1943 2585 1996 2620 his
2016 2602 2092 2621 ver-

1119 2633 1190 2672 bis,
1220 2631 1320 2665 Misit
1346 2632 1456 2664 filium
1485 2633 1520 2664 in
1546 2633 1780 2668 similitudine
1806 2648 1925 2670 carnes
1957 2641 2095 2680 peccati,

1119 2684 1198 2728 quia
1218 2684 1329 2728 reipsa
1349 2683 1423 2715 sine
1441 2690 1579 2727 peccato
1604 2684 1688 2726 suit,
1717 2694 1748 2720 et
1773 2693 1889 2720 tamen
1913 2689 2097 2725 doloribus

1334 2733 1382 2766 60
