2415 2942
265 101 360 139 1239

264 199 329 221 nec
367 186 601 230 imaginemur
640 183 677 216 in
708 195 747 216 eo
784 182 1073 216 contradictorias
1114 188 1254 215 senten—

267 240 343 275 tias,

368 288 533 321 Secundo
563 296 691 318 nomen
713 283 880 327 imaginis
904 283 1172 317 commonefacit
1191 294 1256 316 nos

267 341 311 373 de
338 337 569 371 discernendo
597 348 677 367 vero
696 334 769 368 Deo
792 337 834 367 ab
859 335 1025 367 omnibus
1050 335 1257 367 commenti-

268 390 326 423 tiis
351 389 570 421 numinibus.
623 385 796 429 Proponit
822 385 886 418 tibi
910 386 1100 418 invisibilis
1126 385 1258 417 divini-

269 447 323 473 tas
358 438 451 472 hunc
483 439 595 470 filium
624 437 819 479 visibilem,
860 443 893 469 et
918 437 1011 470 iubet
1037 444 1070 469 te
1095 437 1258 468 invocare

270 489 365 523 hunc
391 501 511 521 verum
529 487 661 527 Deum,
687 488 747 531 qui
775 487 870 520 misit
894 486 987 519 hunc
1011 488 1259 526 redemtorem,

271 548 304 574 et
330 540 465 573 addidit
492 540 521 571 ei
548 538 766 577 testimonia,
804 545 835 570 et
861 550 940 570 vere
966 538 1001 568 in
1032 539 1096 570 isto
1122 538 1259 569 redem-

272 598 347 625 tore
370 589 525 628 habitat,
566 589 655 622 sicut
680 588 817 633 inquit:
851 587 923 630 Qui
943 588 1036 621 videt
1053 600 1125 626 ine,
1156 588 1250 620 videt

274 648 420 686 patrem.

375 691 498 724 Tertio
522 690 701 723 sciendum
728 695 776 721 est
801 685 892 720 hanc
911 687 975 721 Dei
1002 688 1191 731 imaginem
1216 688 1261 721 ad

274 754 341 776 nos
365 742 506 774 missam
532 752 622 779 esse,
654 747 694 773 ut
719 752 782 772 nos
808 750 929 771 rursus
954 751 1013 782 per
1036 751 1114 773 eum
1138 739 1261 771 fiamus

275 794 390 835 imago
416 791 500 830 Dei,
540 789 605 824 hoc
628 798 698 827 est,
731 797 769 822 ut
798 789 910 822 luceat
939 789 974 821 in
1002 790 1103 822 nobis
1128 790 1261 832 agnitio

276 843 354 884 Dei,
381 854 442 886 per
461 842 571 875 filium
590 852 742 880 accensa,
767 852 834 884 qua
853 851 973 873 rursus
989 842 1160 873 efficimur
1175 852 1261 873 con-

276 895 406 928 formes
429 892 525 932 Deo,
558 892 645 925 sicut
664 892 698 924 2.
718 888 880 925 Corinth.
900 890 932 925 3.
959 891 1104 924 dicitur:
1143 890 1263 934 Agno—

278 951 411 978 scentes
428 942 544 976 Deum
568 954 630 986 per
653 953 770 974 vocem
797 941 997 983 Evangelii,
1036 942 1262 975 transforma-

277 1006 358 1028 mur
381 994 417 1026 in
441 995 586 1026 eandem
610 993 817 1035 imaginem,
851 989 916 1024 hoc
942 999 1011 1030 est,
1037 991 1114 1026 Lux
1138 992 1264 1024 similis

279 1047 388 1078 verbo
424 1045 460 1076 in
496 1045 596 1076 vobis
631 1043 845 1077 accenditur.
906 1041 1122 1076 Athanasius
1158 1044 1262 1076 dicit:

279 1094 504 1138 Congruebat
528 1094 639 1127 filium
664 1104 838 1126 assumere
873 1100 1032 1126 naturam
1064 1091 1266 1132 humanam,

281 1153 320 1181 ut
345 1158 406 1190 per
431 1146 618 1188 imaginem
643 1143 709 1178 Dei
736 1144 952 1177 essentialem
979 1142 1084 1177 homo
1107 1145 1265 1178 restitue-

279 1204 395 1237 retur,
422 1197 585 1230 conditus
609 1202 647 1228 ut
669 1202 756 1228 esset
777 1195 891 1237 imago
912 1194 975 1227 Dei
994 1203 1117 1228 creata.
1174 1194 1266 1238 Quia

281 1260 344 1293 per
355 1248 512 1284 verbum,
529 1259 598 1291 quo
608 1246 774 1279 divinitas
788 1246 914 1288 patefit,
931 1246 1260 1288 restituiturimago.

386 1297 480 1331 Haec
500 1303 699 1330 reverenter
715 1303 747 1329 et
764 1296 819 1339 pie
837 1296 1020 1338 cogitanda
1045 1305 1144 1337 sunt,
1172 1304 1204 1330 et
1230 1297 1266 1328 in

284 1360 365 1382 vera
390 1348 613 1380 invocatione
642 1347 826 1388 discenda,
861 1347 897 1378 in
923 1359 990 1391 qua
1015 1359 1112 1379 mens
1138 1347 1267 1380 intueri

284 1400 387 1433 debet
404 1399 515 1432 Deum
534 1397 742 1442 patefactum
760 1408 820 1440 per
838 1393 931 1429 hunc
948 1397 1071 1435 filium,
1090 1405 1122 1431 et
1139 1398 1268 1430 discer-

283 1462 367 1484 nere
384 1461 500 1482 veram
523 1448 779 1481 invocationem
800 1447 843 1479 ab
863 1446 1011 1480 ethnica.

389 1497 528 1533 Omitto
554 1498 755 1542 praestigias
773 1497 993 1530 Samosateni
1017 1505 1048 1530 et
1064 1497 1143 1530 Arii
1168 1503 1199 1529 et
1223 1497 1269 1528 si-

285 1551 438 1590 milium,
466 1550 527 1594 qui
546 1549 699 1581 cavillati
716 1555 812 1580 sunt:
842 1547 958 1590 Imago
977 1555 1025 1581 est
1041 1549 1164 1580 umbra
1183 1547 1270 1579 alte-

285 1602 358 1635 rius
376 1601 446 1641 rei,
473 1607 538 1634 etc.
600 1598 705 1632 Tales
723 1595 969 1643 sycophantias
989 1597 1044 1631 hic
1064 1600 1137 1641 ipse
1160 1604 1271 1630 textus

285 1653 431 1692 refutat,
458 1663 536 1684 cum
555 1657 672 1693 postea
694 1649 825 1694 inquit:
854 1648 920 1681 Per
937 1650 1047 1682 filium
1066 1649 1183 1681 omnia
1201 1660 1272 1681 esse

286 1703 426 1737 condita
451 1709 483 1735 et
505 1707 719 1734 conservata.
787 1698 834 1733 Et
865 1701 907 1732 ad
934 1699 1113 1733 Hebraeos
1143 1699 1273 1732 dicitur

287 1752 478 1787 Character
511 1751 752 1791 substantiae,
807 1750 991 1789 videlicet,
1033 1750 1274 1784 substantialis

288 1803 420 1847 lmagO.

393 1883 668 1932 Primogenilus
687 1885 874 1919 universae
893 1889 1080 1918 creaturae
1097 1889 1160 1920 etc.

393 1952 659 1998 Simplicissima
677 1954 852 1986 enarratio
869 1960 919 1987 est
933 1954 974 1985 de
985 1954 1165 1996 dignitate.
1197 1952 1276 1986 Pri-

293 2005 512 2048 mogenitus,
549 2003 615 2037 hoc
635 2011 701 2042 est,
736 2004 902 2037 dominus
926 2005 1084 2037 omnium
1101 2011 1277 2037 creatura-

294 2068 394 2095 rum,
435 2056 531 2088 iuxta
554 2053 638 2088 haec
666 2055 757 2087 dicta
786 2054 926 2087 Psalmo
956 2062 1102 2088 octavo:
1144 2052 1278 2087 Omnia

297 2106 474 2139 subiecisti
497 2107 562 2138 sub
580 2106 727 2149 pedibus
745 2106 829 2139 eins,
885 2104 929 2138 Et
947 2104 1116 2139 Matthaei
1137 2106 1279 2138 ultimo:

299 2158 390 2190 Data
410 2163 459 2188 est
485 2154 573 2189 mihi
595 2157 711 2189 omnis
731 2163 880 2200 potestas
901 2156 936 2188 in
957 2157 1053 2189 coelo
1071 2163 1103 2189 et
1122 2156 1157 2188 in
1176 2163 1281 2191 terra.

300 2206 346 2241 Et
362 2204 419 2239 hic
437 2207 580 2240 dicitur:
616 2207 659 2239 In
684 2219 761 2239 eum
785 2207 902 2239 omnia
928 2214 1009 2239 sunt
1027 2208 1186 2247 condita,
1213 2205 1281 2240 hoc

302 2265 368 2295 est,
398 2266 538 2301 propter
556 2270 653 2297 eum,
680 2258 714 2290 id
736 2264 805 2298 est,
835 2264 871 2290 ut
890 2257 926 2289 in
948 2255 1013 2290 hnc
1038 2258 1110 2290 filio
1135 2269 1170 2290 se
1186 2265 1283 2302 pate—

303 2309 403 2340 faciat
426 2307 540 2349 Deus,
568 2315 600 2341 et
623 2309 781 2341 ostendat
803 2307 841 2341 in
868 2305 931 2341 hac
956 2308 1115 2341 miranda
1140 2309 1283 2352 copula-

306 2359 400 2391 tione
425 2359 566 2391 divinae
592 2365 625 2392 et
649 2356 822 2391 humanae
845 2365 988 2392 naturae
1011 2371 1111 2392 suum
1129 2371 1282 2392 amorem

307 2420 383 2451 erga
402 2419 508 2450 genus
529 2407 733 2444 humanum.

409 2458 455 2491 Et
472 2471 548 2491 cum
572 2472 631 2503 per
648 2458 741 2492 hunc
758 2460 868 2493 filium
886 2460 1085 2494 immediate
1103 2461 1287 2504 colligatur

310 2507 482 2548 Ecclesia,
503 2517 650 2552 potestas
676 2510 748 2542 eius
770 2518 819 2545 est
841 2511 943 2543 etiam
967 2512 1166 2545 immediata
1184 2524 1286 2555 supra

313 2571 433 2592 omnes
451 2567 632 2594 creaturas.
680 2559 791 2593 Filius
807 2568 948 2604 propter
965 2562 1203 2595 collectionem
1219 2561 1287 2596 Ec-

315 2611 434 2642 clesiae
452 2610 650 2643 immediate
674 2618 786 2644 servat
809 2612 943 2644 coelum
960 2619 992 2645 et
1010 2620 1154 2653 terram,
1181 2624 1289 2656 genus

314 2658 524 2702 humanum,
558 2660 790 2694 ministerium
816 2660 1021 2705 Evangelii,
1045 2664 1201 2699 defendit
1221 2662 1288 2698 Ec-

851 95 977 133 PHlL.
1003 94 1120 132 MEL.
1149 94 1359 131 SCRIPTA
1395 93 1700 131 EXEGETICA.

2193 94 2289 130 1240

1308 181 1447 215 clesiam
1466 187 1585 215 contra
1605 181 1736 214 rabiem
1754 181 1998 222 diabolorum,
2023 188 2143 216 contra
2169 187 2288 227 tyran-

1309 245 1372 266 nos
1389 240 1421 267 et
1440 240 1558 265 contra
1576 233 1744 265 fanaticos
1764 233 1918 272 furores,
1946 241 1977 267 et
2001 241 2050 267 est
2073 235 2195 272 iudex,
2224 243 2287 275 pu-

1309 284 1360 316 nit
1386 290 1419 317 et
1439 285 1558 326 puniet
1586 283 1731 327 impios,
1759 283 1889 317 interea
1911 284 2014 316 simul
2041 291 2113 316 orat
2138 296 2200 326 pro
2225 296 2289 314 no-

1309 335 1363 367 bis
1380 341 1559 367 aeternum
1579 342 1721 376 patrem,
1749 341 1781 366 et
1798 341 1847 367 est
1865 335 1982 367 efficax
2003 347 2085 368 voce
2097 333 2290 377 Evangelii,

1309 392 1344 418 ut
1364 385 1474 429 aliqui
1500 391 1767 424 convertantur,
1795 386 1938 417 remittit
1959 392 2094 428 peccata
2115 383 2290 417 credenti·-

1313 437 1396 478 bus,
1425 436 1585 476 exaudit,
1615 436 1782 478 protegit,
1811 435 1897 468 lenit
1922 448 2067 479 poenas,
2094 435 2203 468 multa
2227 434 2293 465 mi·-

1311 487 1395 529 tigat
1417 486 1452 518 in
1472 486 1596 518 ordine
1617 493 1779 526 naturae,
1809 487 1916 529 pascit
1941 499 2023 527 nos,
2050 487 2147 519 iuvat
2168 492 2201 518 et
2225 484 2293 517 sal—

1313 544 1368 570 vat
1387 537 1587 569 invocantes
1606 538 1737 579 ipsum,
1765 537 1853 570 sicut
1871 538 2002 582 inquit:
2037 536 2162 570 Venite
2180 537 2222 568 ad
2240 545 2294 567 me

1313 599 1434 620 omnes
1453 588 1512 631 qui
1531 588 1695 620 laboratis
1711 595 1742 620 et
1762 588 1894 620 onerati
1915 588 2006 624 estis.
2050 587 2152 622 Item:
2182 585 2295 619 Nemo

1314 639 1426 681 rapiet
1441 650 1521 670 oves
1537 649 1628 670 meas
1646 649 1684 670 ex
1705 639 1867 670 manibus
1885 640 1980 673 meis,
2023 637 2110 672 Sine
2129 650 2183 670 me
2203 633 2294 668 nihil

1313 689 1457 732 potestis
1472 689 1594 721 facere.
1646 689 1748 722 Sedet
1767 690 1808 721 ad
1833 690 2009 723 dexteram
2027 689 2158 722 aeterni
2177 687 2295 730 patris,

1314 741 1401 772 dans
1425 741 1516 771 dona
1542 737 1764 778 hominibus,
1800 741 1872 783 ipse
1904 748 1953 774 est
1985 746 2089 784 caput
2111 738 2298 777 Ecclesiae,

1314 791 1494 834 perficiens
1511 790 1629 821 omnia
1651 790 1686 821 in
1706 791 1882 825 omnibus.

1416 839 1509 872 Haec
1525 841 1566 871 de
1584 840 1659 872 iure
1676 840 1990 884 primogeniturae,
2008 839 2073 874 hoc
2090 846 2152 880 est,
2175 839 2217 872 de
2234 838 2298 871 do—

1316 891 1426 923 minio
1445 888 1574 923 Christi
1594 890 1774 931 cogitanda
1791 899 1882 931 sunt,
1910 899 1942 925 et
1962 893 2003 924 ad
2022 890 2298 924 consolationem

1315 949 1347 975 et
1364 943 1406 975 ad
1425 941 1683 974 invocationem
1703 942 1954 982 transferenda,
1977 954 2020 975 ne
2037 942 2208 984 cogitetur
2226 951 2298 972 esse

1316 994 1425 1026 otiosa
1451 991 1664 1031 dominatio,
1691 993 1750 1024 sed
1776 1003 1854 1024 vere
1880 992 1996 1025 efficax
2022 992 2058 1024 in
2075 991 2243 1024 creaturis
2266 996 2300 1023 et

1316 1044 1353 1076 in
1376 1042 1488 1076 nobis.
1541 1040 1641 1074 Hanc
1661 1042 1890 1085 praesentiam
1913 1042 1976 1075 filii
1995 1041 2060 1075 Dei
2087 1048 2120 1076 et
2145 1039 2211 1074 hoc
2235 1042 2300 1074 do-

1316 1094 1464 1127 minium
1482 1099 1605 1136 putant
1620 1093 1741 1125 inanes
1757 1093 1892 1126 fabulas
1909 1105 1981 1126 esse
1999 1094 2068 1132 illi,
2084 1093 2144 1137 qni
2161 1104 2224 1125 nec
2239 1103 2301 1125 cu-

1316 1152 1395 1178 rant
1418 1144 1586 1176 iudicium
1613 1143 1723 1187 ipsius
1748 1155 1810 1176 nec
1833 1143 2012 1178 auxilium.
2065 1142 2221 1177 Additur
2244 1140 2301 1175 hic

1318 1196 1454 1228 illustre
1484 1191 1723 1227 testimonium
1756 1195 1798 1227 de
1834 1195 2076 1237 omnipotente
2105 1200 2231 1227 natura
2263 1193 2301 1225 in

1291 1271 1293 1282 .
1317 1247 1406 1279 filio:
1431 1247 1471 1277 In
1488 1242 1553 1278 hoc
1571 1245 1700 1277 visibili
1718 1245 1789 1278 filio
1808 1252 1856 1277 est
1874 1242 1998 1292 λόγος,
2025 1257 2086 1289 per
2102 1256 2205 1289 quem
2223 1256 2301 1276 om-

1318 1297 1376 1329 nia
1392 1296 1531 1329 condita
1549 1302 1643 1329 sunt.
1688 1294 1781 1339 Ergo
1800 1293 1908 1342 λόγος
1925 1308 1996 1328 non
2015 1303 2063 1329 est
2081 1306 2189 1328 sonus
2205 1306 2301 1327 crea—

1319 1355 1374 1380 tus
1396 1358 1624 1386 evanescens,
1663 1347 1724 1379 sed
1753 1353 1803 1380 est
1837 1344 2089 1392 ὑφιστά,ιιενος
2120 1353 2154 1380 et
2185 1345 2302 1379 omni—

1319 1404 1456 1442 potens.

1504 1477 1654 1514 Throni
1667 1479 1740 1514 sive
1757 1477 2026 1515 dominationes
2042 1484 2104 1515 etc.

1423 1546 1608 1587 Thronos,
1635 1547 1912 1587 dominationes,
1946 1548 2163 1591 principatus
2185 1554 2218 1582 et
2242 1559 2306 1592 po·-

1322 1605 1460 1634 testates
1481 1598 1644 1639 intelligit
1658 1604 1809 1630 vetustas
1825 1598 1986 1640 angelos,
2014 1610 2076 1630 nos
2093 1597 2212 1631 omnia
2235 1598 2304 1630 im-

1323 1647 1467 1694 peria'et
1487 1649 1647 1682 ordinem
1667 1656 1925 1688 creaturarum,
1951 1648 2175 1691 politiarum,
2204 1660 2304 1682 oeco-

1324 1701 1540 1739 nomiarum‚
1575 1699 1748 1742 coniugii,
1784 1699 1921 1742 legum,
1953 1699 2243 1741 gubernationem
2269 1699 2308 1732 in

1324 1752 1421 1785 coelo
1439 1758 1471 1784 et
1489 1751 1525 1782 in
1544 1756 1633 1783 terra
1653 1750 1895 1793 intelligimus.
1948 1749 2050 1783 Certe
2067 1747 2132 1783 hoc
2155 1750 2230 1783 vult
2251 1750 2308 1783 di-

1325 1814 1400 1836 cere
1425 1812 1546 1834 omnes
1567 1807 1741 1834 creaturas
1766 1808 1799 1834 et
1824 1807 1953 1833 creatas
1979 1807 2011 1834 et
2034 1801 2214 1835 ordinatas
2237 1812 2309 1835 esse

1326 1865 1387 1897 per
1418 1850 1511 1885 hunc
1541 1851 1674 1892 filium,
1716 1851 1851 1884 etiamsi
1879 1859 1995 1894 postea
2026 1852 2070 1886 ab
2095 1852 2158 1885 illo
2182 1852 2309 1885 ordine

1327 1904 1559 1937 discesserunt
1576 1902 1708 1936 diaboli
1731 1909 1763 1935 et
1780 1900 1950 1937 homines.

1431 1953 1536 1996 Quod
1561 1953 1653 1985 filius
1677 1953 1719 1986 sit
1746 1960 1869 1985 natura
1893 1951 2007 1993 Deus,
2046 1953 2230 1987 manifesta
2251 1950 2310 1987 hic

1328 2004 1527 2039 testimonia
1552 2004 1659 2045 posita
1686 2011 1785 2044 sunt,
1823 2004 1903 2048 qnia
1921 2004 2065 2038 dicitur:
2092 2002 2226 2038 Omnia
2250 2015 2312 2047 per

1330 2057 1442 2100 ipsum
1465 2066 1536 2087 esse
1553 2055 1714 2092 condita,
1743 2063 1774 2088 et
1799 2054 1999 2088 dulcissime
2016 2052 2073 2088 hic
2089 2056 2204 2090 addit:
2232 2052 2311 2098 Ipse

1331 2114 1378 2140 est
1399 2113 1476 2139 ante
1495 2106 1624 2140 omnia.
1665 2104 1742 2138 Hoc
1759 2118 1837 2138 cum
1855 2105 2002 2148 dicitur,
2028 2118 2165 2139 necesse
2181 2113 2230 2140 est
2252 2105 2310 2138 in-

1331 2157 1440 2199 telligi
1466 2157 1502 2189 in
1530 2169 1570 2189 eo
1595 2162 1757 2189 naturam
1784 2168 1873 2195 esse,
1916 2169 2004 2202 quae
2027 2158 2133 2192 suerit
2154 2163 2235 2191 ante
2256 2167 2312 2190 as-

1332 2208 1541 2242 sumtionem
1577 2205 1752 2240 humanae
1786 2215 1942 2242 naturae.
2010 2206 2104 2241 Hinc
2132 2207 2313 2252 perspicue

1333 2259 1508 2304 sequitur,
1549 2257 1661 2305 λόγον
1693 2270 1765 2291 non
1789 2270 1861 2291 esse
1882 2270 2008 2291 sonum
2036 2265 2311 2299 evanescentem,

1333 2322 1411 2343 cum
1432 2311 1474 2342 de
1492 2305 1631 2342 Christo
1652 2309 1797 2350 dicitur,
1826 2308 1932 2352 Quod
1947 2309 1992 2343 sit
2008 2316 2087 2343 ante
2104 2309 2236 2344 omnia.

1435 2359 1524 2393 Nota
1543 2367 1591 2392 est
1609 2366 1723 2392 autem
1741 2357 1825 2393 haec
1844 2357 1996 2403 phrasis,
2016 2372 2077 2404 per
2100 2360 2212 2394 filium
2238 2373 2314 2394 om-

1335 2411 1393 2444 nia
1419 2410 1559 2443 condita
1586 2421 1668 2446 esse.
1726 2409 1803 2444 Etsi
1829 2411 1921 2443 enim
1949 2422 2071 2444 omnes
2097 2411 2250 2445 actiones
2270 2413 2315 2445 ad

1337 2468 1429 2495 extra
1450 2468 1530 2494 sunt
1552 2472 1754 2494 communes
1776 2461 1889 2494 tribus
1915 2461 2091 2505 personis,
2120 2468 2236 2495 tamen
2253 2474 2315 2497 sua

1338 2512 1506 2561 cuiusque
1521 2523 1687 2556 personae
1703 2518 1752 2545 est
1769 2513 1972 2557 proprietas,
2000 2518 2033 2546 et
2050 2513 2182 2546 dictum
2193 2512 2317 2557 Augu-

1338 2563 1420 2597 stini
1440 2564 1652 2596 concinnum
1673 2569 1733 2596 est.

1439 2614 1522 2657 Agit
1539 2614 1630 2646 filius
1647 2625 1706 2656 per
1723 2624 1774 2653 se,
1801 2624 1874 2645 non
1891 2625 1908 2646 a
1924 2623 1979 2652 se,
2005 2619 2102 2657 pater
2125 2613 2200 2648 vult
2221 2626 2317 2649 crea-

1312 2692 1315 2701 .
1339 2664 1470 2699 tionem
1488 2672 1518 2698 et
1537 2671 1646 2698 totum
1664 2664 1824 2697 ordinem
1845 2675 1974 2706 rerum,
1995 2672 2026 2698 et
2044 2665 2205 2710 exprimit
2224 2663 2315 2700 hanc
