2415 2942
92 99 189 136 1145

90 194 265 220 tantarum
310 199 448 227 rerum,
492 198 613 220 causas
646 186 784 219 consilii
820 187 933 220 divini
969 188 1080 221 disce-

91 250 177 270 mus.

280 320 343 356 'Ez
367 321 502 368 Δμέρους
529 320 601 369 γὰρ
629 319 873 370 γινώσκομεν.

191 389 371 423 Cot-rectio
391 397 449 425 est.
503 390 591 423 Nam
611 402 688 422 cnm
706 390 848 423 dixisset
866 398 1075 425 cessaturam

86 449 159 474 esse
178 441 438 484 cognitionem,
464 442 579 473 statim
601 440 706 473 obiici
732 442 863 484 potuit:
895 441 990 484 Quid
1011 443 1074 485 igi-

248 99 346 136 XIll.
399 93 432 135 4'.
460 99 796 136 COMMENTAR.
826 101 875 136 IN
902 100 1060 136 EPIST.
1089 99 1234 137 PAULI
1263 99 1329 137 AD
1358 101 1676 141 CORINTHIOS.
1725 107 1826 143 CAP.
1850 108 1950 148 XIII.

2030 112 2123 148 1146

1135 200 1225 220 mam
1252 189 1378 230 venio,
1428 197 1459 224 et
1493 192 1611 224 omnia
1639 192 1794 228 aedificia
1819 208 1857 229 ac
1884 197 1989 230 situm
2022 199 2122 231 urbis

1133 250 1248 271 coram
1276 243 1516 284 contemplor,
1559 244 1618 275 sed
1641 256 1719 277 cum
1745 247 1789 279 sit
1823 247 1958 282 incoata
1986 249 2117 282 noticia

1131 289 1284 322 eiusdem
1310 292 1381 332 rei,
1415 305 1519 336 quam
1545 294 1641 336 prius
1666 296 1843 330 absentem
1872 299 2114 343 cogitaveram,

1130 339 1164 372 fit
1192 341 1394 383 perfectior,
1422 350 1460 375 ut
1479 345 1596 376 eadem
1615 345 1673 378 lux
1690 346 1726 378 in
1745 351 1842 388 aere,
1872 362 1958 393 quae
1985 350 2051 383 fuit
2076 351 2112 383 in

1129 392 1354 434 crepusculo,
1383 401 1498 426 manet
1517 395 1552 426 in
1571 396 1669 435 aere,
1691 399 1747 429 sed
1769 399 1845 440 plus
1865 400 1952 432 lucis
1969 402 2112 445 accedit,

1126 453 1204 474 cuin
1241 443 1292 475 sol
1330 443 1397 476 iam
1428 456 1530 487 supra
1561 453 1686 479 terram
1726 448 1828 481 altius
1872 458 2008 484 evectus
2050 459 2111 487 est.

86 500 144 526 tur
169 489 225 524 hic
251 493 294 524 de
318 491 414 531 Deo,
448 493 491 524 de
518 492 589 524 filio
621 491 702 529 Dei,
740 493 782 524 de
805 493 942 531 anima,
981 496 1074 527 etde
1124 491 1224 525 Hanc
1261 493 1488 527 collationem
1526 496 1797 539 imperfectionis
1827 508 1858 533 et
1885 501 2109 544 perfectionis

83 544 161 576 aliis
189 543 292 575 rebus
315 542 425 576 multa
451 542 636 582 discimus,
665 542 692 574 si
713 540 796 575 haec
820 544 948 576 noticia
968 545 1071 587 peni-

83 601 138 626 tus
155 593 341 626 delebitur.
398 594 455 626 An
482 605 554 625 non
580 590 636 625 hic
663 593 764 626 initia
785 606 863 626 vera
891 595 1068 634 discimus,

83 652 114 677 et
133 646 282 676 cundem
303 643 415 676 Deum
434 645 625 686 cogitamus
644 650 675 676 et
694 644 929 689 alloquimur,
964 658 1066 690 quem

82 703 113 729 et
139 704 256 738 postea
283 706 465 727 cernemus
483 702 517 727 et
532 694 774 738 alloquimur?
827 695 865 729 Si
883 697 1066 738 extingue—

80 752 138 779 tur
155 744 259 778 huius
278 746 444 789 temporis
462 745 610 783 noticia,
639 758 701 778 cur
719 746 851 779 dictum
878 753 942 780 est:
970 746 1065 780 Haec

81 804 131 831 est
157 797 224 830 vita
251 804 409 835 aeterna,
452 802 490 828 ut
514 803 703 838 agnoscant
725 803 758 829 te
784 796 896 830 Deum
924 810 1064 839 verum,

78 855 110 881 et
137 859 238 891 quem
268 846 394 879 misisti
428 845 540 879 Iesum
577 858 648 880 esse
678 845 885 882 Christum?
936 848 1063 882 Nonne

78 898 153 930 vult
182 896 356 930 Dominus
388 897 423 929 in
460 894 523 929 hac
557 898 624 930 vita
660 898 793 931 incoari
827 900 1061 941 agnitionem,

77 949 281 981 duraturam
307 948 342 979 in
364 948 461 979 omni
488 949 718 983 aeternitate?
775 949 879 990 Item,
908 950 982 984 Cur
1005 951 1061 983 in-

75 999 152 1043 quit
175 997 320 1031 Daniel:
357 997 459 1031 Docti
477 999 664 1041 fulgebunt
687 1009 725 1034 ut
752 1001 889 1041 stellae,
914 1002 943 1034 si
967 1003 1063 1049 pari-

74 1056 128 1083 ter
165 1049 200 1081 in
237 1049 404 1083 omnibus
443 1051 669 1093 extinguetur
709 1052 767 1084 lux
812 1052 849 1084 in
893 1049 957 1086 hac
992 1053 1063 1087 vita

73 1100 241 1134 accensa?

174 1151 272 1184 Haec
296 1151 402 1184 obiici
427 1157 607 1195 poterant,
636 1161 725 1187 etex
753 1151 820 1186 boc
846 1154 939 1187 dicto
959 1153 1062 1188 Pauli

71 1202 162 1235 male
205 1202 411 1241 intellecto,
463 1203 565 1235 multi
602 1203 770 1237 absurdas
805 1205 1062 1248 disputationes

71 1260 285 1290 sumserunt.
356 1250 468 1285 Addit
502 1253 611 1295 igitur
642 1254 773 1287 Paulus
805 1256 1059 1288 correctionem

71 1315 132 1337 seu
159 1304 506 1346 interpretationem:
545 1303 624 1337 Non
653 1305 765 1349 inquit
798 1308 938 1348 penitus
962 1308 1058 1339 dele-

68 1355 166 1388 bitur
183 1355 279 1398 prior
295 1355 444 1395 noticia,
474 1356 532 1387 sed
555 1355 772 1398 imperfectio
798 1357 1001 1397 abiicietur,
1026 1365 1058 1391 et

69 1418 109 1438 ex
135 1406 263 1438 noticia
290 1406 456 1441 obscura,
490 1406 691 1447 umbratili,
719 1421 756 1440 ac
784 1408 887 1440 mixta
915 1410 1057 1441 dubita—

69 1457 227 1491 tionibus
253 1457 310 1489 iiet
338 1456 485 1489 illustris
513 1464 545 1490 et
572 1457 736 1498 immota,
771 1466 802 1491 et,
820 1466 856 1491 ut
876 1460 1056 1492 vocabulis

67 1508 161 1541 notis
178 1514 338 1545 utamur,
366 1519 404 1539 ex
424 1508 630 1540 abstractiva
659 1510 713 1542 fiet
741 1510 925 1549 intuitiwi,
952 1511 1054 1552 plena

66 1558 154 1592 lucis
173 1566 203 1591 et
222 1558 429 1600 splendoris,
492 1556 539 1591 Ut
556 1559 583 1589 si
600 1560 678 1602 quis
703 1561 855 1605 aliquem
874 1561 909 1592 in
931 1573 1054 1603 crepu-

67 1609 164 1641 sculo
185 1615 363 1652 utcunque
389 1615 633 1651 conspectum,
665 1619 780 1653 postea
800 1612 836 1643 in
858 1611 950 1644 clara
976 1612 1053 1644 luce

65 1659 287 1692 manifestius
314 1659 482 1692 intuetur.

170 1708 290 1753 Inquit
308 1709 431 1751 igitur:
461 1707 512 1742 Ex
532 1716 628 1753 parte
646 1711 908 1757 cognoscimus,
936 1715 969 1747 id
992 1722 1052 1756 est,

64 1761 285 1804 imperfecte,
330 1761 498 1797 obscure,
543 1761 718 1804 languide.
779 1761 911 1797 Eodem
946 1768 1050 1799 modo

64 1811 284 1854 intelligatur
301 1812 396 1856 qnod
424 1811 557 1856 inquit:
586 1811 636 1844 Ex
664 1819 760 1860 parte
789 1814 1052 1858 prophetamus,

63 1863 100 1896 id
118 1869 186 1903 est,
211 1863 412 1905 imperfecte
429 1869 460 1895 et
477 1863 625 1895 obscure
643 1863 874 1905 intelligimus
893 1874 965 1899 tum
994 1869 1051 1901 in—

62 1914 348 1956 terpretationes,
373 1920 445 1946 tum
465 1914 732 1956 praedictiones.
781 1915 1048 1952 Scimusfitium

61 1963 127 1997 Dei
146 1965 368 1997 redditurum
388 1976 459 1996 esse
477 1965 580 1996 nobis
600 1977 744 2007 corpora
770 1975 900 2004 nostra.
955 1969 1050 2003 Haec

59 2014 245 2060 prophetia
272 2022 340 2055 est,
385 2016 442 2047 sed
469 2015 570 2048 valde
595 2017 753 2049 obscura.
816 2018 926 2053 Nemo
954 2022 1046 2054 enim

60 2067 213 2109 cogitare
231 2073 364 2110 potest,
390 2068 569 2110 quomodo
588 2068 688 2100 toties
707 2068 872 2112 dissipata
889 2075 1045 2106 membra

58 2119 95 2151 in
118 2116 264 2154 halitus,
295 2124 327 2150 et
350 2117 386 2148 in
413 2117 479 2149 alia
505 2130 651 2160 corpora
672 2119 752 2151 inde
773 2133 882 2165 usque
899 2135 916 2154 a
937 2125 1045 2167 qnin—

59 2181 125 2214 que
145 2168 302 2201 millibus
326 2180 500 2200 annorum
527 2180 648 2200 rursus
668 2171 708 2201 ad
735 2182 794 2204 sua
823 2185 967 2215 corpora
990 2188 1045 2208 re-

58 2220 173 2254 ditura
198 2220 278 2252 sint.
335 2216 474 2251 Omitto
498 2220 652 2261 exempla
679 2221 759 2255 alia.
811 2222 863 2255 De
889 2221 951 2258 bac.
977 2227 1043 2259 im-

56 2271 270 2315 perfectione
296 2278 327 2303 et
354 2269 565 2302 obscuritate
590 2282 624 2302 se
648 2278 748 2304 antea
782 2273 938 2308 locutum
971 2289 1043 2311 esse

58 2322 190 2367 inquit,
233 2334 311 2354 cum
336 2322 486 2359 diceret,
528 2328 718 2354 cessaturas
743 2335 814 2356 esse
841 2325 1042 2369 prophetias

58 2380 88 2405 et
109 2381 265 2406 nostram
283 2371 530 2414 cognitionem.
584 2372 651 2405 Sed
673 2375 866 2409 manebunt
886 2378 921 2410 in
938 2381 1040 2414 nobis

56 2424 156 2457 initia
184 2424 382 2462 doctrinae,
419 2435 506 2466 quae
524 2435 619 2455 nunc
636 2431 716 2457 sunt
740 2424 776 2456 in
793 2427 870 2459 aliis
896 2431 1039 2469 maiora,

55 2475 92 2508 in
120 2475 196 2507 aliis
223 2475 369 2507 minora.
432 2472 475 2507 Et
497 2486 575 2506 vera
603 2474 667 2506 erit
693 2477 888 2513 sententia:
934 2479 1039 2516 Docti

54 2526 239 2567 fulgebunt
266 2533 304 2558 ut
338 2524 476 2565 stellae,
517 2532 553 2557 ut
589 2525 679 2558 infra
715 2538 836 2559 rursus
870 2530 1038 2568 dicemus,

54 2576 136 2609 Scio
169 2577 237 2607 iam
272 2577 384 2620 qualis
408 2576 452 2608 sit
478 2576 561 2608 urbs
586 2574 720 2615 Roma,
765 2578 837 2610 vidi
871 2581 1038 2624 picturas,

51 2624 166 2659 habeo
192 2627 471 2670 qualemcunque
497 2627 680 2660 obscuram
712 2628 899 2671 imaginem
937 2635 1036 2667 urbis

51 2677 90 2711 in
113 2685 241 2710 mente.
295 2676 389 2710 Haec
413 2677 542 2711 noticia
568 2690 641 2712 non
665 2679 822 2722 deletur,
857 2693 935 2715 cum
960 2683 1035 2719 Ro-

1079 1632 1082 1645 ¹
1107 1626 1164 1657 sed
1187 1623 1252 1658 lioc
1275 1626 1395 1660 statuit
1418 1627 1512 1661 iuxta
1531 1631 1690 1666 verbum.

1079 1673 1221 1718 {adbuc
1263 1678 1410 1711 obscura
1446 1686 1478 1712 et
1515 1680 1638 1714 similis
1673 1684 1872 1727 aenigmati.

1122 544 1275 576 declarat
1300 544 1379 577 aliis
1404 547 1572 588 exemplis
1603 554 1635 579 et
1660 548 1976 585 similitudinibus:
2018 551 2108 586 Cum

1119 605 1226 627 essem
1253 596 1391 634 infans,
1421 604 1457 630 ut
1484 597 1600 630 infans
1626 598 1804 643 loquebar.

1222 677 1303 714 ΓὈτε
1326 679 1419 725 ἦμέν
1444 677 1590 726 νήπιος,
1619 679 1668 721 ὥς
1690 680 1817 728 νήπιος
1842 684 2008 723 ἐλάλουν.

1220 753 1448 788 Manifestum
1478 758 1674 801 exemplum
1708 767 1775 801 est,
1817 764 1910 806 quod
1941 765 2104 805 ostendit,

1117 817 1190 838 non
1213 806 1323 838 deleri
1349 818 1386 839 ea
1415 807 1528 845 bona,
1557 821 1646 852 quae
1664 811 1760 853 prius
1778 813 1923 847 adsunt:
1952 816 2009 847 sed
2040 815 2105 848 iin-

1118 857 1366 900 perfectionem
1394 857 1520 895 obiici,
1547 870 1585 892 ac
1606 861 1705 894 bonis
1725 863 1903 906 prioribus
1922 865 2003 897 addi
2025 866 2103 909 plus

1118 907 1266 941 roboris.
1322 906 1368 941 Ut
1392 920 1469 940 cum
1491 917 1567 951 post
1593 917 1731 945 tenerae
1763 915 1883 947 aetatis
1910 916 2104 949 balbutiem

1116 965 1207 991 recte
1239 958 1337 1003 loqui
1371 960 1641 1001 grandiusculus
1676 963 1821 1008 incipit,
1871 978 1943 999 non
1974 968 2102 1002 amittit

1117 1009 1249 1052 priores
1272 1010 1414 1052 linguae
1440 1017 1575 1054 motus,
1617 1015 1676 1047 sed
1708 1013 1813 1050 habet
1837 1016 1905 1050 iam
1930 1017 2103 1052 faciliores

1116 1067 1148 1093 et
1173 1061 1360 1105 planiores,

1171 1151 1350 1188 Videmus
1365 1153 1441 1188 iam
1458 1167 1522 1203 per
1543 1156 1747 1205 speculum,
1775 1159 1813 1194 in
1831 1161 2047 1208 aenigmate.

1218 1219 1300 1253 Non
1324 1221 1391 1254 hoc
1423 1223 1526 1264 dicit,
1565 1224 1733 1259 incertam
1759 1238 1831 1260 esse
1861 1230 2101 1272 cognitionem

1115 1269 1151 1301 in
1176 1268 1240 1303 hac
1264 1272 1352 1312 vita,
1393 1280 1544 1306 surntam
1576 1288 1613 1308 ex
1641 1278 1747 1310 verbo
1772 1277 1859 1323 Dei,
1899 1282 1957 1313 sed
1985 1293 2099 1325 quan-

1114 1333 1218 1364 quam
1244 1322 1287 1355 sit
1313 1323 1524 1364 certissima,
1552 1332 1668 1358 tamen
1698 1328 1845 1362 obscura
1871 1338 1941 1371 est,
1975 1338 2008 1364 et
2036 1344 2098 1365 ne-

1112 1383 1288 1415 quaquam
1315 1373 1360 1405 ita
1386 1374 1552 1414 illustris,
1576 1384 1613 1410 ut
1638 1378 1701 1411 erit
1725 1378 1784 1412 lux
1809 1380 1868 1413 illa
1888 1381 1925 1414 in
1949 1394 2097 1416 consue-

1112 1425 1235 1454 tudine
1259 1424 1410 1459 coelesti.
1464 1424 1707 1461 Certissimum
1729 1429 1797 1463 iam
1821 1432 1924 1465 nobis
1946 1440 1994 1466 est
2019 1434 2097 1474 fide,

1083 1481 1084 1489 ¹
1110 1473 1146 1504 in
1165 1474 1235 1505 filio
1253 1471 1334 1506 Del
1348 1476 1504 1508 Domino
1522 1486 1641 1511 nostro
1662 1478 1739 1513 Iesu
1758 1479 1898 1516 Christo
1916 1485 2003 1516 duas
2022 1497 2096 1518 esse

1110 1531 1270 1561 naturas,
1306 1525 1463 1558 divinam
1485 1533 1516 1559 et
1539 1525 1749 1571 humanam,
1778 1539 1810 1565 et
1835 1533 2012 1567 invocatio
2039 1536 2095 1568 in-

1108 1581 1210 1607 tuens
1236 1575 1348 1609 filium
1375 1575 1439 1609 Dei
1460 1578 1588 1611 fatetur
1610 1592 1688 1613 eum
1713 1593 1784 1614 esse
1803 1585 2095 1628 omnipotentem,

1744 1632 1840 1667 Haec
1863 1636 2017 1679 cognitio
2043 1644 2095 1672 est

1935 1685 2091 1721 Verbum

1105 1727 1198 1759 enim
1226 1735 1275 1761 est
1303 1729 1399 1762 velut
1422 1730 1645 1765 involucrum
1677 1734 1773 1767 illius
1799 1748 1943 1769 arcanae
1969 1745 2000 1771 et
2024 1739 2093 1771 mi-

1105 1779 1235 1811 randae
1259 1779 1327 1821 rei,
1369 1793 1473 1825 quam
1499 1782 1536 1814 in
1568 1783 1638 1817 vita
1672 1786 1812 1820 coelesti
1842 1799 1959 1821 coram
1996 1790 2090 1834 aspi—

1103 1841 1242 1863 ciemus.

1203 1888 1254 1922 Ita
1281 1901 1375 1923 nunc
1396 1892 1541 1925 verbum
1564 1894 1606 1926 de
1631 1897 1889 1931 resurrectione
1915 1906 1964 1933 est
1990 1901 2088 1936 velut

1101 1939 1278 1982 aenigma,
1315 1941 1349 1973 id
1371 1950 1438 1985 est,
1468 1943 1693 1979 involucrum
1719 1956 1864 1982 eventus
1889 1957 2006 1994 postea
2034 1964 2089 1985 se·

1101 1992 1235 2031 cuturi,
1280 1993 1341 2036 qui
1370 2000 1454 2026 tunc
1489 1995 1580 2027 clare
1616 1999 1861 2042 conspicietur.
1917 2000 1967 2035 Ita
2001 2003 2089 2036 fides

1100 2049 1283 2084 expectans
1300 2046 1507 2086 promissam
1526 2046 1770 2082 liberationem
1790 2052 1901 2085 cernit
1919 2060 2085 2087 eventum

1099 2091 1299 2126 involutum
1326 2098 1432 2127 verbo
1458 2104 1624 2142 tanquam
1650 2101 1856 2143 aenigmate.

1195 2151 1363 2186 Israelitis
1396 2156 1565 2198 promissa
1600 2165 1649 2191 est
1676 2160 1814 2193 eductio
1846 2174 1886 2194 ex
1911 2160 2086 2209 Aegypto.

1096 2200 1197 2235 Hanc
1215 2205 1325 2237 cernit
1344 2204 1486 2251 Moyses
1506 2207 1540 2239 in
1560 2209 1683 2249 verbo,
1712 2218 1743 2243 et
1769 2224 1968 2257 quanquam
1999 2215 2086 2249 fides

1095 2261 1145 2286 est
1173 2253 1291 2293 firma,
1329 2263 1444 2290 tamen
1471 2258 1604 2302 qualis,
1638 2267 1697 2293 aut
1722 2264 1866 2306 quando
1891 2265 1934 2298 sit
1963 2265 2084 2300 futura

1095 2316 1167 2337 non
1193 2314 1314 2339 cernit.

1198 2364 1299 2398 Talia
1320 2369 1476 2412 exempla
1495 2375 1675 2415 utcunque
1695 2373 1906 2414 ostendunt,
1934 2376 2083 2410 verbum

1093 2421 1172 2457 apte
1207 2418 1383 2451 nominari
1419 2420 1598 2462 aenigma,
1643 2428 1808 2466 tanquam
1844 2425 2083 2460 involucrum.

1093 2465 1273 2508 Significat
1308 2470 1402 2502 enim
1439 2471 1598 2513 aenigma
1626 2482 1825 2507 sermonem
1862 2483 1950 2510 tecte
1983 2478 2079 2511 aliud

1091 2517 1358 2560 significantem.

1194 2577 1262 2610 Sed
1286 2579 1370 2622 quid
1394 2580 1553 2613 nominat
1571 2583 1771 2625 speculum,
1798 2596 1858 2618 seu
1881 2587 2000 2620 videre
2019 2600 2083 2630 per

1090 2628 1297 2670 speculum?
1365 2629 1444 2662 Duo
1470 2638 1570 2672 sunt,
1611 2634 1787 2668 obiectum
1817 2645 1849 2670 et
1877 2637 1954 2681 ipsa
1983 2638 2087 2672 visio.

1088 2679 1261 2722 Aenigma
1294 2687 1345 2714 est
1377 2681 1574 2722 obiectum,
1617 2691 1656 2718 ut
1691 2687 1838 2719 verbum
1876 2696 2087 2723 monstrans
