2415 2942
95 81 189 118 1122
269 80 369 115 XIII.
420 79 455 116 4.
482 79 820 119 COMMENTAR.
848 82 897 117 IN
924 82 1075 118 EPIST.
1102 82 1250 119 PAULI
1275 80 1343 118 AD
1369 84 1692 121 comminus.
1749 88 1852 123 mr.
1882 89 1946 124 321.
2020 93 2114 128 1022

93 171 161 207 Dei
186 178 219 205 et
241 169 396 211 iusticia,
429 175 462 204 et
480 169 636 204 serviens
657 169 693 202 in
719 170 840 204 eodem
863 171 1073 211 ministerio,

91 233 293 269 quanquam
317 221 538 264 angustiore,
575 228 609 254 et
631 221 723 254 socia
748 223 1003 262 generationis,
1040 231 1072 257 et

91 272 298 318 opitulatrix
316 271 392 305 viro
407 272 445 304 in
462 271 584 305 multis
600 271 690 305 vitae
707 272 831 305 officiis
847 279 879 306 et
898 274 1073 316 periculis„

92 323 246 368 Ideoque
271 329 305 356 et
329 322 441 366 gloria
465 322 534 356 viri
556 329 625 363 est,
651 322 733 367 quia
756 329 807 356 est
831 331 997 366 cognata,
1026 326 1073 358 si-

90 375 202 413 mitis,
233 373 324 407 socia
351 373 606 417 generationis,
640 380 672 406 et
697 373 902 416 opitulatrix
927 376 965 408 in
990 376 1072 411 vita.

90 424 208 459 Huius
226 425 379 457 mirandi
396 424 532 457 ordinis
549 423 718 466 sapientia
735 430 771 457 et
791 425 949 464 bonitas,
977 438 1073 459 nunc

91 483 167 521 post
193 476 329 520 lapsum
360 487 424 508 nec
452 474 622 517 intelligi,
671 486 735 507 nec
768 476 883 508 verbis
916 477 1072 509 enarrari

90 534 220 570 potest,
262 527 352 560 sicut
379 525 529 568 intelligi
556 532 588 558 et
615 526 770 558 enarrari
803 527 949 569 poterit,
993 540 1071 560 cum

90 576 174 611 haec
198 576 344 611 consilia
370 575 435 610 Dei
464 575 765 609 considerabimus
789 577 824 609 in
848 578 907 610 illa
933 585 1072 611 aeterna

89 628 346 662 consuetudine
372 625 460 667 Dei,
489 627 530 659 ad
550 638 653 671 qnam
673 626 748 660 sine
764 628 836 661 ulla
853 629 1074 662 dubitatione

90 679 226 713 conditi
249 686 283 713 et
306 677 455 711 redemti
481 689 612 712 sumus.

190 727 238 763 At
255 729 386 763 Paulus
408 740 463 762 res
486 727 653 760 maximas
675 728 830 762 breviter
852 730 983 773 attigit,
1010 742 1074 763 nec

90 780 204 814 voluit
230 787 366 814 tantum
390 779 574 823 pueriliter
596 776 826 820 rhetoricari,
857 782 915 813 sed
940 782 1074 824 gravis-

90 832 179 865 sime
202 831 429 864 concionatus
460 836 510 862 est
537 830 581 862 de
605 830 768 863 mirando
792 831 932 864 foedere
957 839 990 865 et
1012 844 1072 865 or-

89 882 172 916 dine
188 879 272 920 Dei,
296 879 448 920 Christi,
475 880 579 912 maris
597 887 628 913 et
647 881 833 916 foeminae.
885 881 960 925 Ego
978 895 1075 916 sum-

87 944 144 965 ma
161 932 210 965 rei
227 939 407 976 utcunque
430 931 602 970 indicata,
629 931 795 965 lectorem
820 931 1009 975 adhortor,
1036 940 1075 967 ut

89 984 132 1016 de
165 980 219 1016 his
251 983 355 1016 relius
386 982 546 1015 maximis
579 981 670 1026 piam
708 984 972 1017 meditationem
1010 985 1074 1017 ad-

88 1031 220 1067 hibeat.

89 1114 389 1162 Συνερχομένων
417 1114 529 1160 ὖμῶν
562 1115 601 1151 ἐν
625 1118 671 1161 τῇ
707 1114 876 1163 ἐκκλησίᾳ
894 1144 904 1158 ,
949 1115 1075 1152 ἀκούω

90 1166 276 1213 σχίσματα
295 1168 334 1202 ἐν
351 1166 442 1212 ὑμῖν
457 1164 650 1212 ὑπάρχειν.
689 1162 997 1201 Ουηυεηιιέηίίὐιιε
1015 1181 1074 1202 νο-

139 1218 194 1253 his
229 1218 268 1252 in
300 1217 497 1260 Ecclesia,
545 1216 659 1251 audio
689 1215 893 1252 schismata
932 1219 1024 1252 inter

509 1281 569 1302 ros
588 1280 672 1303 esse.

190 1337 333 1372 Dictum
355 1344 404 1372 est
423 1349 547 1381 supra,
575 1337 688 1370 Deum
712 1338 818 1378 velle,
846 1347 883 1370 nt
905 1338 987 1372 fiant
1008 1336 1073 1371 ho-

89 1389 178 1423 nesti
211 1400 416 1432 congressus
444 1388 599 1432 publici,
644 1389 680 1420 in
712 1389 840 1433 quibus
874 1396 974 1422 sonet
1007 1402 1073 1422 vox

87 1439 326 1484 Evangelii,et
345 1452 492 1472 nervum
512 1446 713 1471 nostrorum
734 1450 981 1482 congressuum
1001 1452 1073 1472 esse

88 1503 232 1525 coenam
257 1490 422 1526 Domini,
457 1489 536 1535 quia
563 1490 637 1523 vult
656 1490 749 1523 Deus
771 1488 963 1523 Ecclesiam
988 1503 1072 1523 con-

87 1542 174 1586 spici
199 1550 231 1576 et
263 1542 397 1581 audiri,
425 1548 461 1574 ut
486 1541 577 1573 filius
602 1541 638 1573 in
667 1548 739 1574 toto
765 1552 890 1583 genere
916 1539 1072 1573 lnnnano

89 1600 316 1635 agnoscatur,
344 1600 375 1625 et
405 1599 485 1624 nota
510 1592 578 1624 sint
600 1591 785 1629 beneficia,
815 1604 902 1636 quae
929 1600 1073 1635 propter

88 1644 200 1676 filium
225 1643 345 1687 generi
367 1640 523 1675 hnmano
543 1643 732 1675 donantur.
786 1641 859 1674 Hos
884 1643 990 1684 igitur
1008 1655 1073 1685 pu-

89 1694 202 1727 blicos
226 1705 429 1738 congressus
457 1690 513 1725 hic
543 1693 683 1726 ordinat
713 1691 853 1727 Paulus,
906 1692 951 1726 Et
982 1705 1073 1739 quo-

87 1746 195 1778 modo
218 1757 274 1778 eos
299 1745 456 1782 ordinet,
485 1750 516 1776 et
539 1744 718 1788 quomodo
735 1743 929 1777 discesserit
949 1744 991 1775 ab
1008 1741 1072 1776 hac

86 1796 199 1829 forma
220 1796 319 1829 Pauli
340 1794 516 1828 recensior
533 1801 642 1834 aetas,
665 1801 780 1837 postea
800 1794 968 1829 dicemus.

191 1846 294 1880 Prius
317 1846 561 1879 admonendus
589 1852 637 1878 est
671 1846 776 1878 lector
801 1845 843 1877 de
866 1842 931 1877 hoc
958 1844 1070 1878 dicto:

88 1895 240 1942 Oportet
267 1896 424 1931 haereses
447 1908 529 1931 esse.
583 1895 670 1928 Nota
691 1895 733 1929 sit
752 1896 910 1929 doctrina
936 1903 969 1929 et
992 1896 1071 1929 aliis

85 1949 381 1982 manifestissimis
409 1946 635 1987 testimoniis,
664 1945 775 1979 Deum
801 1959 871 1980 non
893 1958 964 1979 esse
988 1959 1069 1979 cau-

87 2010 160 2032 sam
186 2000 336 2044 peccati,
374 2011 437 2031 nec
464 1998 553 2030 velle
577 2010 640 2030 nec
664 1999 880 2041 adprobare,
909 2010 971 2030 nec
996 1998 1068 2030 esti-

89 2062 165 2083 cere
182 2063 245 2083 nec
262 2051 427 2083 adiuvare
454 2055 608 2091 peccata,
636 2049 731 2081 iuxta
750 2049 855 2081 illud:
889 2046 979 2081 Deus
997 2061 1068 2081 non

89 2100 212 2133 volens
232 2101 444 2145 impietatem
469 2106 508 2132 tu
538 2111 583 2134 es.
637 2098 708 2132 Nec
728 2100 764 2131 in
784 2100 861 2132 Deo
879 2107 960 2132 sunt
985 2112 1067 2132 ron—

87 2152 313 2185 tradictoriae
340 2152 557 2190 voluntates,
591 2150 671 2195 quia
699 2163 801 2183 verax
828 2157 887 2185 est.
941 2150 984 2184 Et
1012 2149 1068 2183 Io-

86 2200 214 2236 hannis
234 2204 265 2237 8.
283 2203 429 2236 dicitur:
465 2199 554 2234 Cum
576 2200 799 2235 mendacium
825 2201 1000 2246 loquitur,
1029 2214 1067 2235 ex

83 2255 236 2299 propriis
262 2254 429 2298 loquitur.

187 2304 239 2338 Ex
266 2303 318 2338 his
341 2303 600 2341 fundamentis,
629 2315 717 2347 quae
737 2310 818 2336 sunt
837 2303 1016 2336 verissima
1037 2310 1068 2336 et

86 2356 303 2396 firmissima,
331 2362 489 2388 sumatur
513 2354 755 2398 interpretatio
779 2354 878 2387 dicti:
916 2352 1067 2398 Oportet

87 2405 244 2441 haereses
270 2419 352 2440 esse.
405 2405 633 2450 Nequaquam
655 2405 747 2438 enim
767 2405 994 2447 intelligenda
1017 2412 1067 2438 est

87 2460 271 2492 necessitas
293 2459 413 2498 aliter,
455 2456 524 2489 nisi
555 2457 598 2489 de
622 2457 826 2490 necessitate
851 2467 1066 2501 consequen-

86 2509 176 2551 tiae,
206 2510 355 2550 scilicet,
382 2509 462 2554 quia
483 2520 559 2540 cum
580 2507 743 2540 diabolus
759 2508 886 2540 ardens
905 2507 985 2540 odio
1002 2507 1065 2539 filii

87 2558 172 2599 Dei,
199 2572 271 2593 non
298 2560 433 2593 desinat
458 2559 600 2593 turbare
622 2557 812 2597 Ecclesias‚
841 2565 874 2592 et
896 2558 984 2591 levia
1009 2558 1064 2590 in—

88 2610 188 2653 genia
211 2611 312 2644 facile
336 2611 514 2654 impellat,
545 2621 618 2643 non
643 2616 777 2643 cessant
803 2621 924 2642 causae
948 2607 1064 2642 horri-

86 2661 211 2694 bilium
243 2661 480 2695 dissidiorum.
557 2659 608 2693 Ita
641 2661 816 2706 sequitur,
864 2667 903 2694 ut
933 2660 1064 2693 multae

136 2711 319 2745 Manu-ru.
340 2714 442 2746 Ona.
471 2710 556 2747 Vox..
574 2713 653 2748 XV.

1129 170 1290 205 oriantur
1314 168 1488 213 haereses,
1533 173 1669 206 etiamsi
1696 173 1790 210 Deus
1817 187 1897 209 vere
1928 175 1980 210 his
2010 179 2110 212 furo-

1129 222 1226 254 ribus
1251 222 1431 264 irascitur,
1459 230 1492 256 et
1513 236 1734 270 nequaqnam
1762 240 1899 260 necesse
1917 236 1964 262 est
1984 231 2110 262 volun-

1128 279 1213 305 tates
1236 270 1407 306 humanas
1432 274 1480 307 eis
1505 274 1688 317 implicari.
1742 277 1810 310 Sed
1840 280 1887 322 pii
1912 280 2112 313 invocantes

1128 323 1260 363 Deum,
1288 331 1321 357 et
1339 325 1519 357 veritatem
1546 336 1768 370 quaerentes,
1807 338 1951 371 possunt
1979 343 2035 363 eas
2059 331 2110 363 xi-

1126 380 1218 414 tare,
1260 374 1349 407 sicut
1379 373 1434 407 hic
1463 388 1604 420 quoque
1636 378 1804 420 significat
1830 379 1961 413 Paulus
1985 383 2109 414 discri-

1128 425 1222 458 mina
1250 424 1470 458 voluntatum
1496 437 1590 459 esse:
1640 427 1789 462 Talibus
1813 431 1937 472 signis,
1975 432 2109 476 inquit,

1127 475 1377 508 discernuntur
1411 475 1537 508 sinceri
1563 489 1582 509 a
1612 479 1747 514 fucatis.
1819 480 1957 514 Sinceri
1992 490 2107 515 amant

1128 527 1309 559 veritatem
1329 533 1360 559 et
1379 533 1580 559 constanter
1600 541 1672 560 eam
1695 530 1858 565 retinent.
1912 533 1985 565 Alii
2005 534 2110 573 leves,

1127 584 1188 610 aut
1204 576 1383 610 ambitiosi
1400 583 1459 609 aut
1475 578 1569 609 avari
1590 579 1688 611 facile
1704 580 1946 623 impelluntur,
1965 591 2001 617 ut
2018 596 2108 617 nova

1127 628 1288 671 dogmata
1314 627 1581 670 amplectantur.

1228 678 1303 711 Hac
1329 690 1410 711 vera
1440 679 1683 712 admonitione
1713 682 1756 713 de
1783 683 1875 715 dicto
1906 682 2006 716 Pauli
2044 682 2110 717 hoc

1127 730 1203 763 loco
1226 729 1381 762 contenti
1407 729 1525 762 simus.
1582 730 1684 764 Nunc
1715 732 1895 766 videamus
1931 737 2108 778 quomodo

1127 792 1269 814 coenam
1294 780 1437 814 Domini
1464 781 1615 816 ordinet.

1230 830 1389 864 Primum
1415 830 1489 864 vult
1514 844 1586 864 esse
1609 845 1853 871 communem,
1888 841 1920 868 et
1946 833 2109 878 prohihet

1128 882 1354 927 particulares
1371 894 1495 914 coenas
1513 882 1546 914 in
1569 896 1639 916 nno
1661 884 1747 918 loeo.
1801 883 1883 918 Fuit
1912 886 2021 928 igitur
2039 899 2109 919 una

1128 933 1325 966 communis
1348 945 1471 970 coena,
1507 940 1536 965 et
1566 947 1636 966 non
1659 935 1765 967 nnius
1791 936 1934 969 oblatio.
1991 937 2110 979 Quare

1129 981 1194 1017 hoc
1223 983 1424 1017 testimonio
1452 984 1644 1026 improbari
1671 987 1962 1019 consuetudinem
1992 988 2111 1032 priva-

1129 1043 1182 1068 tae
1200 1035 1330 1068 Missae
1346 1041 1462 1078 postea
1480 1043 1615 1075 natam,
1644 1037 1868 1070 manifestum
1890 1045 1949 1071 est.

1232 1085 1354 1119 Postea
1380 1085 1455 1118 vult
1483 1087 1564 1118 addi
1589 1087 1811 1119 cour-ionem.
1866 1087 1947 1121 Ideo
1974 1089 2107 1134 inquit:

1130 1135 1276 1178 Quoties
1299 1136 1401 1169 editis
1427 1148 1551 1179 panem
1577 1135 1688 1178 hunc,
1717 1145 1748 1170 et
1774 1136 1838 1171 boc
1860 1141 2023 1183 poculum
2050 1141 2109 1173 bi—

1128 1187 1240 1226 hetis‚
1268 1195 1416 1221 mortem
1433 1185 1580 1220 Domini
1601 1190 1825 1222 annunciate.

1230 1237 1352 1271 Tertio
1377 1238 1450 1270 vult
1473 1251 1595 1271 omnes
1620 1240 1756 1272 adferre
1780 1241 2053 1282 poenitentiam,
2079 1250 2107 1274 et

1129 1286 1292 1332 prohibet
1308 1288 1615 1321 manducationem
1632 1290 1704 1322 fieri
1725 1291 1843 1328 abiis,
1871 1293 1929 1335 qui
1948 1304 2107 1335 perseve-

1127 1346 1207 1372 rant
1224 1339 1259 1370 in
1279 1339 1415 1371 delictis
1432 1345 1553 1372 contra
1572 1341 1832 1376 conscientiam.
1872 1341 1953 1374 Ideo
1977 1343 2108 1386 inquit:

1128 1388 1199 1431 Qui
1224 1389 1369 1431 indigue
1394 1391 1600 1429 manducat,
1628 1403 1706 1423 reus
1732 1399 1781 1425 est
1804 1392 1960 1436 corporis
1980 1400 2012 1426 et
2029 1405 2108 1426 san-

1126 1440 1243 1482 guinis
1262 1439 1419 1475 Domini,
1474 1439 1579 1473 Item:
1610 1440 1739 1475 Probet
1757 1440 1862 1475 homo
1881 1444 2048 1487 seipsum,
2078 1452 2107 1477 et

1126 1491 1174 1523 sic
1192 1492 1234 1523 de
1256 1502 1344 1534 pane
1367 1491 1569 1529 manducet,
1598 1499 1629 1524 et
1648 1494 1690 1524 de
1709 1494 1833 1535 poculo
1860 1495 1965 1528 bibat.
2019 1493 2107 1528 Cum

1126 1543 1220 1574 enim
1239 1540 1322 1574 haec
1339 1553 1444 1573 coena
1468 1543 1691 1582 nominetur,
1721 1551 1753 1576 et
1772 1544 1815 1576 sit
1834 1544 1920 1577 ritus
1937 1545 2019 1577 novi
2038 1545 2107 1578 Te-

1127 1592 1307 1632 stamenti,
1335 1592 1370 1624 id
1396 1598 1464 1630 est,
1499 1604 1610 1625 novae
1638 1594 1881 1636 promissionis
1904 1596 2107 1638 obsignatae

1126 1650 1238 1676 morte
1265 1643 1327 1675 filii
1357 1642 1445 1683 Dei,
1497 1650 1529 1676 et
1555 1644 1597 1676 sit
1625 1645 1863 1678 testimonium
1893 1647 2108 1680 remissionis

1126 1701 1372 1737 peccatorum,
1428 1705 1491 1726 nec
1524 1695 1748 1729 remittantur
1780 1703 1916 1739 peccata
1950 1709 2107 1740 perseve-

1126 1745 1217 1777 ranti
1236 1745 1271 1776 in
1290 1744 1426 1777 delictis
1447 1751 1569 1778 contra
1596 1747 1866 1787 conscientiam,
1893 1754 1926 1781 et
1950 1755 2105 1781 contem-

1125 1796 1222 1828 nenti
1256 1795 1518 1835 remissionem,
1561 1797 1784 1831 manifestum
1814 1806 1880 1838 est,
1929 1801 2104 1832 contemni

1124 1844 1190 1879 hoc
1214 1846 1455 1880 testimouium
1481 1848 1698 1880 remissionis
1722 1860 1739 1880 a
1763 1848 1901 1882 talibus.

1228 1896 1347 1942 Itaque
1367 1897 1478 1929 sciant
1496 1898 1609 1930 bonae
1629 1906 1773 1940 mentes,
1800 1900 1881 1944 qnid
1902 1899 1945 1934 sit
1963 1899 2105 1945 indigne

1124 1949 1355 1989 manducare,
1383 1955 1415 1981 et
1437 1948 1549 1992 qualis
1569 1950 1761 1993 exploratio
1780 1951 1990 1995 requiratur.

1225 1999 1343 2041 Digne
1366 2000 1575 2037 manducat,
1604 2001 1665 2045 qui
1687 2008 1833 2034 mortem
1852 2002 1914 2034 filii
1931 2002 1995 2036 Dei
2013 2003 2105 2045 cogi-

1123 2057 1217 2089 tans,
1243 2050 1398 2092 agnoscit
1424 2049 1511 2082 iram
1530 2049 1595 2083 Dei
1622 2053 1789 2085 adversus
1813 2060 1931 2086 nostra
1957 2061 2105 2096 peccata,

1122 2107 1154 2133 et
1178 2101 1248 2143 agit
1275 2101 1545 2143 poenitentiam,
1574 2108 1606 2135 et
1623 2102 1728 2135 simul
1754 2104 1909 2146 agnoscit
1935 2104 2102 2147 placatam

1121 2163 1192 2184 esse
1212 2152 1297 2184 iram
1323 2150 1407 2192 Dei,
1443 2158 1476 2185 et
1499 2153 1631 2185 remitti
1656 2161 1790 2196 peccata
1817 2160 1959 2198 propter
1983 2155 2105 2189 filium.

1122 2209 1152 2235 et
1174 2200 1263 2235 hanc
1282 2202 1478 2235 mirandam
1497 2204 1763 2245 promissionem
1789 2204 1853 2237 Dei
1880 2216 1951 2237 esse
1972 2218 2103 2238 novun:

1121 2252 1401 2294 Testamentum,
1416 2254 1659 2288 confirmatum
1679 2262 1790 2289 morte
1806 2255 1868 2287 filii
1886 2255 1968 2297 Dei,
1993 2264 2027 2290 et
2042 2254 2106 2289 hac

1121 2305 1362 2338 consolatione
1387 2312 1538 2343 erectuS‚
1567 2305 1679 2339 credit
1702 2318 1737 2338 se
1755 2306 1882 2349 recipi,
1911 2313 1943 2339 et
1968 2307 2105 2351 placere

1120 2354 1208 2395 Deo,
1225 2363 1254 2388 et
1276 2353 1369 2388 hunc
1385 2356 1492 2389 ritum
1511 2357 1632 2390 statuit
1650 2357 1891 2390 testimonium
1909 2369 1980 2390 esse
1999 2356 2104 2391 huius

1120 2406 1279 2439 beneficii
1303 2407 1426 2439 divini.

1221 2456 1430 2501 Requiritur
1447 2469 1527 2500 ergo
1550 2464 1581 2490 et
1600 2455 1683 2491 haec
1708 2458 1890 2491 scrutatio:
1919 2459 1976 2492 ΛΠ
2005 2461 2047 2494 sit
2068 2462 2101 2493 in

1119 2509 1221 2541 nobis
1241 2509 1372 2541 malum
1398 2508 1637 2552 propositum,
1674 2521 1718 2541 an
1737 2510 1780 2542 sit
1798 2510 2032 2553 poenitentia,
2059 2525 2102 2544 an

1117 2559 1161 2592 sit
1181 2560 1282 2599 fides,
1309 2571 1376 2604 qua
1401 2559 1533 2592 remitti
1554 2559 1657 2593 nobis
1674 2568 1811 2604 peccata
1829 2569 1948 2595 nostra
1972 2568 2103 2595 statua-

1117 2621 1214 2652 mus,
1236 2616 1268 2642 et
1288 2622 1334 2642 an
1352 2608 1415 2644 bac
1435 2610 1675 2644 consolatione
1693 2611 1798 2645 erecti
1815 2612 1856 2645 ad
1875 2612 2104 2646 mediatorem

1117 2662 1330 2696 accedamus.

1266 2711 1311 2744 71
