2415 2942
290 105 384 140 1135
870 96 994 136 rint„
1020 95 1138 135 'it-131..
1166 95 1375 134 SCRIPTA
1404 92 1703 134 EXEGEths..
2210 94 2306 135 1135

391 191 431 223 ιζ,
456 185 581 222 Manli.
599 185 740 218 ultimo:
768 183 943 218 Docentes
961 197 1018 219 eos
1037 196 1175 219 servare
1192 197 1269 217 om-
1322 186 1529 225 cessarium,
1557 193 1595 220 ut
1613 186 1754 219 effectus
1772 197 1919 231 sequens
1939 187 2215 223 iusificationem.
2259 188 2306 224 Ut

289 244 364 280 uia,
392 252 479 284 quae
500 238 662 270 mandavi
681 237 792 268 vobis.
1321 237 1347 269 si
1367 237 1499 270 dicam:
1529 237 1639 270 Aliud
1660 243 1709 269 est
1729 237 1818 270 vitae
1842 249 1964 276 causa,
1993 238 2088 272 aliud
2114 247 2162 273 est
2186 251 2306 273 neces·

390 291 430 323 lit
451 291 484 322 in
503 289 613 330 capite
632 288 756 320 ultimo
767 286 1014 320 licctesiastae:
1045 286 1158 320 Deum
1178 287 1271 325 time,
1322 287 1452 320 sarium
1477 286 1519 320 iu
1541 288 1699 325 vivente,
1726 294 1764 321 ut
1789 287 1929 321 esst-ctus
1954 300 2111 333 sequens.
2165 289 2212 324 Ut
2228 302 2305 323 mo-

289 352 319 375 et
338 343 498 374 mandata
514 340 588 372 eius
607 346 755 372 servato,
808 336 885 370 lloe
901 339 944 370 ad
969 349 1090 371 omnes
1111 336 1272 371 homines
1322 345 1377 371 tus
1397 338 1432 370 in
1452 339 1589 371 vivente
1608 339 1820 372 necessarius
1837 346 1905 377 est,
1933 351 2005 371 non
2031 346 2069 372 ut
2085 339 2175 373 vitae
2192 352 2305 379 causa,

290 394 451 437 pertinet.
1323 389 1381 420 sed
1407 395 1445 421 ut
1469 389 1611 421 effectus
1634 400 1792 432 sequens,
1846 388 1922 422 lloc
1947 389 2143 432 exemplum
2170 391 2305 436 aliquid

392 439 550 475 Mitlieae
575 438 624 473 5.:
664 439 829 471 lndicalio
854 452 873 471 o
900 437 1004 472 homo
1030 439 1113 484 quid
1141 439 1183 472 sit
1210 440 1274 472 bo-
1325 439 1411 471 lucis
1444 440 1540 472 addit
1573 437 1654 472 huic
1681 440 1933 474 declarationi:
1977 439 2308 475 manifestissimum

292 506 394 527 uum,
424 500 454 525 et
482 492 564 536 quid
590 490 765 523 Dominus
792 491 940 533 postulet
965 491 1026 522 abs
1055 497 1105 522 te:
1146 489 1274 523 Facere
1326 498 1394 527 est,
1423 491 1692 529 contritionem,
1720 490 1966 529 dilectionem,
1993 491 2126 523 bonum
2146 492 2306 536 proposi·

293 545 461 577 iudicium
490 549 522 574 et
546 542 692 583 diligere
719 542 994 574 misericordiam
1009 567 1018 581 ‚
1045 548 1077 573 et
1098 540 1273 574 solicitum
1326 548 1399 573 tuin
1420 553 1489 572 uon
1507 553 1577 572 esse
1597 552 1716 573 causas
1735 541 2007 580 iustificationis,
2036 541 2071 573 id
2089 547 2156 582 est,
2185 543 2308 576 remis-

292 594 470 627 anihulare
487 604 602 625 coram
625 592 697 625 Deo
722 598 793 624 tuo.
1326 591 1434 623 sionis
1452 598 1668 634 peccatorum
1688 598 1721 624 et
1739 591 1980 634 imputationis
1995 591 2167 632 iusticiae,
2194 599 2227 627 et
2245 594 2310 627 do.

395 643 439 677 Et
458 641 651 676 Ezechielis
669 643 749 677 20.:
780 641 817 673 lu
838 641 1028 684 praeceptis
1048 641 1133 673 meis
1152 642 1276 674 aniliu-
1328 642 1480 674 nationis
1503 642 1655 684 Spiritus
1680 642 1789 674 sancti
1816 650 1847 675 et
1873 643 1962 675 vitae
1988 648 2160 676 aeternae.
2242 643 2311 678 Sed

296 698 372 730 tate.
419 695 470 727 Ac
489 693 597 735 magis
617 693 765 726 illustria
785 699 864 723 suut
881 691 972 724 dicta
993 692 1162 734 ..i-gativa.
1328 704 1428 724 causa
1464 694 1614 724 esni-ivus
1633 720 1640 730 ,
1687 693 1848 726 videlicet
1881 693 2092 732 iustificam,
2134 701 2183 728 est
2216 694 2312 731 Deus

397 745 435 778 lu
464 744 575 787 prima
595 741 752 787 Epistola
780 739 945 774 lolianuis
970 745 1080 786 capite
1099 742 1148 777 3.:
1186 740 1277 775 Om-
1331 750 1471 785 propter
1486 743 1594 775 solius
1617 743 1678 775 silii
1699 743 1876 778 meritum.
1930 743 2033 777 Fides
2052 751 2166 777 autem
2190 752 2241 779 est
2257 746 2314 779 in-

296 798 350 830 uis
367 797 425 841 qui
447 796 521 827 odit
539 795 694 833 fratrem,
713 792 887 825 homicida
907 801 967 828 est.
1001 793 1043 826 Et
1061 794 1166 833 scitis,
1184 794 1277 838 quod
1330 801 1582 830 strumentum,
1611 806 1680 838 quo
1702 794 1738 827 fit
1762 795 1961 837 applicatio.
2020 794 2109 827 Nam
2134 795 2201 828 fide
2222 796 2313 829 acei-

295 848 409 881 omnis
426 844 601 878 homicida
625 856 697 877 non
724 841 829 876 habet
856 843 961 876 vitam
989 851 1164 876 aeternam
1185 845 1221 877 in
1245 856 1279 876 se
1332 845 1478 887 piuntur
1498 844 1652 875 remissio
1673 852 1908 887 peccatorum„
1935 846 2119 889 imputatio
2146 846 2314 888 iusticiae‚

296 904 508 932 manentem.
1332 896 1476 927 donam
1497 894 1650 937 Spiritus
1667 896 1796 935 sancti,
1826 903 1858 928 et
1878 896 1968 929 vitae
1983 903 2152 930 aeternae.

399 946 445 980 Et
472 946 593 978 eodem
627 945 738 988 capite
770 956 927 988 expresse
952 945 1118 978 recitatur
1144 957 1221 977 vera
1248 952 1281 978 et
1435 945 1623 989 Postquam
1653 954 1766 977 autem
1797 953 1957 989 acceptus
1980 953 2029 980 est
2054 946 2207 991 Spiritus
2232 959 2313 980 san-

298 998 482 1032 artificiose
515 995 703 1029 constituta
736 995 893 1028 definitio
926 997 1072 1040 peccati:
1117 993 1282 1039 ἇλιιαρτιά
1333 1004 1408 1033 tus,
1439 996 1560 1028 iamin
1588 995 1717 1029 renatis
1743 1003 1824 1030 sunt
1848 1004 1961 1031 motus
1986 997 2092 1040 tales,
2120 997 2240 1041 quales
2264 1005 2316 1032 est

300 1048 398 1083 ἐστὶν
431 1045 567 1091 ἀνομία
584 1073 598 1089 ,
640 1053 816 1090 peccatum
849 1054 897 1079 est
933 1059 1003 1079 nou
1031 1048 1175 1079 obedire
1204 1048 1281 1087 legi.
1334 1047 1486 1089 Spiritus
1504 1054 1654 1079 sanctus.
1707 1045 1751 1079 Et
1770 1047 1798 1080 si
1817 1047 1895 1092 quis
1919 1047 2017 1090 fingit
2041 1047 2077 1079 in
2100 1048 2218 1092 aliquo
2234 1046 2316 1092 Spi-

299 1101 361 1133 Est
384 1099 475 1131 enim
506 1098 676 1140 privative
708 1097 866 1141 opposita
899 1098 1095 1131 definitioni
1127 1098 1283 1130 iusticiae
1335 1099 1441 1129 ritum
1463 1105 1619 1129 sanctum
1645 1109 1734 1137 esse,
1763 1104 1795 1130 et
1823 1110 1895 1130 non
1919 1110 1989 1131 esse
2007 1097 2057 1130 ibi
2081 1098 2317 1139 dilectionem,

299 1149 524 1184 universalis:
552 1146 592 1181 τὸ
610 1145 755 1181 δίκαιον
773 1145 1004 1192 νόμιλιιονμιῖ
1027 1148 1144 1188 Ptao,
1163 1147 1282 1181 Xeno-
1337 1148 1526 1191 pugnantia
1560 1148 1677 1190 fingit„
1713 1153 1750 1180 ut
1784 1148 1811 1180 si
1850 1149 1926 1192 quis
1955 1149 2099 1191 fingeret
2134 1149 2169 1181 in
2198 1149 2316 1194 aliquo

301 1200 397 1245 plion
423 1208 452 1233 et
478 1199 685 1232 Aristoteles
711 1199 917 1242 loquuntur.
974 1199 1113 1232 lusticia
1132 1207 1179 1232 est
1199 1202 1282 1232 ohe·
1307 1228 1311 1252 Ι
1337 1212 1461 1243 aquam
1481 1210 1569 1238 esse,
1596 1205 1627 1231 et
1647 1196 1734 1231 nihil
1754 1195 1910 1232 humoris
1929 1211 2012 1232 esse.

300 1251 432 1285 dientia
451 1251 585 1293 legibus
602 1249 767 1282 omnibus
790 1250 918 1283 debita.
1308 1258 1314 1316 Ι
1439 1249 1637 1282 Necessaria
1663 1256 1711 1282 est
1738 1249 1843 1291 igitur
1868 1250 2009 1283 dilectio
2036 1249 2070 1282 in
2096 1250 2246 1291 renatis,
2281 1257 2318 1284 ut

403 1301 447 1334 Et
466 1298 643 1335 Galat.5.:
674 1299 823 1332 Fructus
839 1300 995 1343 spirimS,
1024 1301 1177 1340 dilectio,
1201 1312 1286 1343 gau-
1309 1317 1313 1373 Ι
1338 1300 1480 1333 effectus
1510 1300 1703 1332 necessario
1727 1311 1885 1344 sequens.
1937 1300 1984 1335 Ut
2007 1300 2043 1332 in
2069 1301 2207 1334 vivente
2232 1301 2320 1334 dici-

303 1354 424 1395 dium,
455 1363 536 1395 pax,
565 1351 744 1394 patientia,
771 1350 979 1393 benignitas,
1010 1352 1160 1390 bonitas,
1187 1350 1284 1391 fides,
1310 1381 1313 1399 ¹
1338 1363 1415 1382 mus
1442 1351 1633 1383 necessario
1659 1357 1791 1383 motum
1817 1363 1909 1389 esse,
1951 1351 2010 1395 qui
2035 1357 2150 1384 tamen
2173 1363 2245 1384 non
2270 1358 2321 1386 est

302 1403 553 1439 mansuetudo,
571 1400 797 1433 continentia.
851 1400 982 1433 Contra
1003 1401 1083 1433 talia
1103 1402 1196 1432 enim
1215 1414 1285 1434 non
1311 1413 1313 1438 ε
1340 1402 1428 1433 vitae
1452 1413 1564 1434 causa.
1620 1400 1714 1433 llaec
1740 1402 1919 1444 perspicua
1942 1409 2022 1435 sunt
2047 1403 2168 1435 dextre
2192 1410 2224 1437 et
2246 1415 2319 1436 non

305 1448 353 1488 est
371 1455 434 1486 lex.
480 1451 548 1486 [lbi
569 1453 669 1485 etiarn
688 1463 845 1483 normam
864 1452 988 1492 tradit,
1016 1452 1145 1484 scilicet
1164 1452 1286 1495 legem,
1310 1440 1314 1485 l
1338 1452 1552 1484 calumniose
1578 1451 1826 1484 iudicantibus.
2056 1480 2060 1483 .

307 1512 335 1537 et
356 1504 526 1547 adprobat
543 1504 696 1535 actiones
713 1509 942 1543 congruentes
954 1504 994 1534 ad
1012 1499 1100 1534 hanc
1117 1515 1287 1542 normam,
1311 1492 1314 1542 l
1440 1502 1506 1533 Sed
1533 1502 1768 1534 vociferantur
1795 1502 1903 1546 aliqui
1929 1502 2039 1535 multo
2067 1500 2320 1539 vehementius.

305 1566 335 1588 et
354 1557 497 1587 damnat
520 1553 732 1592 contrarias,
766 1560 803 1584 ut
823 1553 944 1584 eodem
969 1553 1045 1584 loco
1070 1552 1168 1584 dicit:
1208 1552 1286 1585 Ma·
1340 1552 1428 1585 Cum
1449 1551 1577 1584 Paulus
1594 1552 1696 1593 dicat,
1717 1551 1864 1584 Etiamsi
1881 1564 2020 1584 omnem
2039 1554 2141 1585 fidem
2161 1551 2320 1591 habeam,

306 1606 450 1639 nisestae
469 1610 547 1636 sunt
568 1604 720 1636 actiones
737 1603 871 1642 carnis,
894 1603 1128 1643 adulterium,
1157 1610 1287 1635 scorta-
1342 1601 1431 1635 nihit
1457 1614 1551 1634 sum:
1587 1609 1686 1645 negat
1712 1600 1888 1634 homiuem
1912 1602 2040 1636 iustum
2065 1615 2153 1644 esse,
2185 1605 2321 1638 etiamsi

305 1658 372 1694 tio,
409 1655 584 1687 idolorum
611 1654 742 1693 cultus,
771 1654 853 1686 talia
880 1660 1018 1696 agentes
1049 1665 1196 1696 reguum
1223 1652 1287 1686 Dei
1341 1653 1428 1686 adsit
1448 1653 1547 1692 fidos,
1575 1664 1637 1685 nec
1653 1659 1768 1685 tamen
1788 1654 1927 1686 accedat
1943 1654 2093 1687 dilectio.
2135 1652 2204 1688 Nec
2223 1656 2320 1689 aliud

304 1719 376 1740 nou
397 1705 637 1749 possidebunt.
1340 1711 1582 1743 argumentum
1611 1703 1799 1745 speciosius
1823 1704 2016 1747 opponitur
2034 1711 2152 1738 contra
2173 1707 2321 1740 exclusi-

407 1756 618 1789 Constitutis
643 1754 749 1797 igitur
766 1751 820 1787 his
839 1754 984 1796 regulis:
1019 1753 1218 1788 Necessaria
1237 1755 1286 1788 fa-
1341 1767 1434 1787 vam:
1465 1754 1545 1787 Sola
1567 1754 1633 1786 fide
1653 1754 1891 1789 iustificantur.

305 1808 427 1842 cienda
454 1818 544 1849 esse,
571 1813 602 1838 et
628 1812 807 1849 praecepta
833 1805 908 1850 lege
931 1806 1068 1846 divina,
1097 1806 1288 1839 necessaria
1443 1804 1575 1839 Usitata
1594 1805 1772 1848 responsio
1790 1812 1857 1845 est,
1883 1804 2033 1838 Paulum
2051 1806 2148 1851 loqui
2167 1806 2209 1839 de
2226 1807 2320 1840 dono

307 1870 401 1892 esse:
444 1856 625 1901 perspicue
661 1856 837 1900 sequitur,
878 1856 1102 1889 dilectionem
1139 1856 1287 1899 proximi
1342 1856 1613 1895 miraculorum,
1641 1867 1712 1887 non
1738 1856 1779 1887 de
1803 1856 1870 1889 fide
1892 1856 2109 1892 iustificante.
2168 1856 2235 1890 Sed
2266 1856 2321 1892 hic

309 1908 536 1943 necessariam
566 1918 658 1946 esse,
693 1914 726 1939 et
748 1907 1008 1940 anteferendam
1038 1908 1161 1947 donis,
1201 1919 1289 1952 quae
1342 1919 1461 1940 rursus
1486 1907 1682 1951 quaeritur,
1727 1918 1770 1938 an
1798 1908 1930 1939 donum
1959 1908 2067 1950 possit
2092 1919 2163 1940 esse
2190 1907 2225 1940 in
2254 1905 2320 1947 his,

307 1966 389 1994 sunt
412 1965 617 1992 ornamenta
645 1970 716 1990 non
742 1958 889 1997 singulis
916 1959 1126 1998 necessaria,
1158 1965 1288 1992 utnon
1342 1959 1400 2003 qui
1445 1970 1516 1990 non
1557 1964 1639 1990 sunt
1677 1957 1781 1996 iusti,
1823 1958 1882 2002 qui
1927 1958 2106 1992 excutiunt
2148 1957 2320 2002 Spiritum

309 2022 447 2044 necesse
464 2015 512 2042 est
531 2008 686 2051 singulos
704 2008 791 2040 scire
807 2009 933 2041 multas
951 2009 1095 2049 linguas.
1342 2008 1522 2042 sanctum?

410 2059 512 2093 Hanc
535 2059 815 2091 admonitionem
846 2060 889 2092 de
921 2060 1123 2092 necessitate
1156 2059 1290 2093 utiliter
1445 2058 1555 2091 Valde
1573 2059 1785 2102 deploranda
1811 2065 1843 2092 et
1866 2059 2069 2093 detestanda
2088 2066 2136 2093 est
2155 2056 2239 2093 haec
2257 2057 2322 2094 ho-

308 2111 365 2145 hic
384 2110 507 2144 inserit
525 2109 673 2146 Paulus,
701 2117 821 2142 taxans
838 2121 915 2149 eos,
937 2110 997 2154 qui
1024 2111 1219 2143 libertatem
1245 2110 1288 2143 ita
1342 2110 1477 2142 minum
1495 2110 1718 2153 perversitas,
1745 2111 1838 2155 quod
1867 2116 2056 2144 monstrata
2080 2111 2244 2151 veritate,
2271 2117 2322 2144 ta-

310 2163 490 2200 laxabant,
517 2166 555 2193 ut
573 2161 828 2192 arbitrarentur
851 2172 886 2192 se
911 2173 981 2192 non
1001 2173 1159 2204 peccare,
1185 2161 1288 2193 etiam
1342 2173 1420 2193 men
1438 2172 1509 2193 non
1531 2161 1771 2205 acquiescunt,
1800 2173 1862 2194 nec
1877 2160 1951 2194 Deo
1967 2161 2093 2203 gratias
2112 2167 2230 2204 agunt,
2259 2173 2321 2195 nec

310 2226 387 2247 cum
405 2213 552 2245 scientes
568 2210 741 2243 sariebant
756 2217 875 2243 contra
893 2212 1053 2243 mandata
1072 2211 1146 2244 Dei.
1182 2210 1289 2244 Seve-
1344 2212 1558 2245 transferunt
1584 2223 1657 2244 eam
1683 2213 1725 2243 ad
1751 2224 1872 2251 usum,
1899 2213 1957 2245 sed
1981 2221 2153 2256 quaerunt
2178 2212 2321 2245 cavilla·

312 2264 449 2296 rissime
466 2262 573 2303 igitur
590 2261 844 2293 concionantur
862 2262 904 2292 de
924 2262 1141 2294 necessitate:
1171 2261 1290 2294 Silin-
1344 2262 1455 2295 tiones
1479 2262 1553 2295 sine
1581 2262 1661 2295 fine.
1737 2262 1819 2297 Sive
1844 2264 1935 2295 dona
1966 2270 2106 2295 manent
2131 2263 2246 2307 aliqua
2281 2274 2320 2296 ex

310 2315 386 2355 guis
403 2312 587 2346 hominum
607 2319 639 2344 et
664 2311 867 2353 angelorum
896 2312 1038 2356 loquar,
1065 2313 1290 2346 dilectionem
1343 2319 1457 2355 parte,
1492 2313 1564 2345 sive
1587 2325 1658 2346 non
1676 2321 1838 2354 rnanent,
1874 2325 1953 2346 vera
1976 2319 2025 2346 est
2049 2313 2254 2356 propositio:
2282 2312 2319 2348 Si

311 2372 425 2396 autem
450 2375 521 2395 non
547 2360 715 2402 habeam,
748 2373 824 2394 sum
851 2374 907 2394 aes
927 2374 1067 2397 sonans.
1121 2362 1195 2396 Etsi
1212 2376 1289 2396 om—
1342 2363 1563 2396 dilectionem
1580 2376 1651 2396 non
1671 2362 1834 2402 habeam,
1862 2362 1950 2397 nihil
1968 2375 2054 2395 sum.
2108 2362 2200 2406 Quia
2218 2376 2320 2398 nemo

312 2426 390 2446 nem
417 2415 518 2445 fidem
547 2411 692 2445 habeam
710 2439 717 2451 ‚
758 2413 804 2445 ita
832 2420 892 2446 aut
918 2420 1052 2445 montes
1075 2414 1290 2456 transferam,
1342 2421 1393 2447 est
1411 2415 1520 2447 iustus
1540 2421 1681 2458 propter
1698 2417 1830 2448 donum
1856 2414 2119 2449 miraculorum.
2175 2413 2221 2449 Et
2237 2427 2322 2449 con-

311 2464 533 2497 dilectionem
551 2470 664 2495 autem
683 2474 754 2495 non
775 2461 939 2501 habeam,
967 2461 1055 2496 nibil
1075 2476 1162 2499 sum.
1342 2472 1614 2498 consentaneum
1635 2472 1703 2505 est,
1731 2466 1845 2510 aliqua
1865 2466 1955 2498 dona
1982 2477 2123 2498 manere
2148 2466 2184 2498 in
2211 2464 2321 2512 hypo-

413 2513 479 2547 llic
501 2525 644 2554 magnae
667 2514 910 2546 contentiones
927 2521 1026 2555 sunt,
1054 2515 1096 2547 de
1123 2515 1289 2548 iustifica—
1342 2516 1456 2556 critis,
1493 2523 1531 2549 ut
1558 2516 1594 2548 in
1622 2514 1801 2550 Matthaeo
1833 2516 1977 2550 dicitur:
2013 2516 2054 2549 In
2086 2518 2230 2550 nomine
2261 2524 2320 2552 tuo

311 2566 417 2600 tione.
468 2562 558 2596 Cum
582 2564 772 2596 necessaria
795 2564 839 2597 sit
863 2565 1023 2605 dilectio,
1053 2577 1115 2598 eur
1135 2578 1209 2599 non
1235 2566 1290 2599 di-
1343 2567 1468 2600 multas
1489 2567 1636 2600 'virtutes
1651 2567 1806 2600 fecimus.

311 2617 420 2649 cimus
445 2612 606 2647 homines
631 2614 817 2646 dilectione
845 2616 953 2648 iustos
977 2617 1074 2650 esse?
1126 2615 1287 2661 Respon·
1442 2615 1625 2651 Caeterum
1644 2629 1854 2662 quocunque
1875 2618 1980 2651 modo
2007 2618 2216 2652 vocabulum
2241 2618 2320 2653 fidei

311 2667 394 2699 deo:
424 2665 532 2699 Aliud
551 2671 600 2698 est
616 2675 718 2697 causa
735 2664 1008 2707 iustificationis,
1035 2666 1131 2701 aliud
1159 2675 1207 2702 est
1226 2679 1288 2701 ne-
1341 2665 1397 2701 hic
1423 2667 1650 2711 intelligitur,
1674 2679 1816 2712 prorsus
1837 2679 1916 2701 vera
1935 2675 1967 2703 et
1985 2669 2130 2703 immota
2155 2677 2202 2704 est
2218 2668 2322 2705 Pauli
