2415 2942
10 1308 18 1393 v---.·—
10 1284 14 1296 —
12 1230 16 1250 ἡ
11 1165 21 1220 cem.
13 1146 19 1158 x-
15 689 31 1135 ——n———m——Q--w
22 658 26 685 —›

129 97 178 132 69
549 98 628 135 XII.

130 192 260 219 terram
272 213 281 227 ,
308 185 476 231 quicquid
496 191 633 229 petent,
662 185 721 219 fiet
737 186 787 218 eis
804 196 821 218 a
838 191 937 228 patre
954 195 1029 217 meo
1047 197 1127 218 coe-

131 237 228 270 lesti:
257 238 304 271 ita
326 245 358 270 ct
376 237 581 281 imprecatio
600 238 767 270 adversus
785 235 913 277 impios
929 243 978 268 est
997 236 1127 277 efficax,

129 294 170 321 ut
187 287 336 323 Davidis
361 301 444 321 vox:
475 287 614 321 infatua
631 286 726 320 Deus
749 286 895 319 consilia
914 284 1126 330 Ahitophel.

130 338 208 373 Hae
243 340 439 373 sententiae
478 337 666 372 hortantur
701 349 766 370 nos
797 338 839 370 ad
875 337 1125 380 precationem,

130 391 213 424 item
253 393 297 424 ad
335 392 529 424 timendam
562 401 678 421 veram
711 388 1124 429 excommunicationem,

129 450 277 475 monent
296 442 398 477 etiam
419 453 508 486 quae
525 440 594 473 sint
612 451 708 472 arma
720 437 916 479 Ecclesiae,
944 437 999 472 his
1016 440 1124 472 armis

130 494 359 537 depelluntur
393 491 543 530 diaboli,
582 490 827 534 reprimuntur
857 491 1018 536 tyranni,
1051 491 1122 524 imo

129 556 169 577 ex
195 545 280 588 ipsis
298 543 414 585 regnis
431 541 675 581 excutiuntur,
703 542 937 585 profligantur
952 541 1122 575 exercitus

128 593 416 628 AmalechiticuS.
471 591 565 635 Quia
590 591 686 625 Deus
710 593 786 626 vult
803 591 998 626 Ecclesiam
1023 605 1120 626 exer-

127 657 204 679 cere
227 646 330 677 fidem
354 645 390 677 i11
416 644 663 684 invocatione,
693 650 726 677 et
747 644 889 677 exaudit
911 641 972 676 has
992 656 1121 687 preces,

125 708 170 729 ne
199 697 362 729 funditus
388 702 507 740 pereat
530 694 699 728 Ecclesia.
769 694 878 735 Item,
911 702 949 728 ut
975 702 1120 728 testetur

123 747 192 782 sibi
211 759 314 781 curae
331 759 403 780 esse
419 745 631 786 Ecclesiam,
656 753 687 779 et
707 746 871 779 exaudire
891 758 1018 790 preces.

174 801 183 805 ’
227 798 316 832 Nam
342 805 380 831 ut
397 795 560 831 Christus
583 797 722 830 ardenti
741 797 867 840 spiritu
887 797 1019 840 expulit
1036 809 1119 830 cau-

123 862 253 896 pones,
280 850 327 882 ita
350 861 488 893 semper
511 849 560 892 pii
582 849 744 881 doctores
770 849 899 888 verbo,
926 855 959 881 et
978 860 1118 881 excom-

121 901 362 935 municatione
390 900 563 944 expellere
587 912 626 932 ex
644 898 800 932 Ecclesia
823 900 951 933 debent
979 899 1118 943 impios,

121 953 184 998 qui
208 958 425 986 sacramenta
448 952 485 984 in
510 957 693 995 quaestum
710 951 896 984 conferunt
913 957 974 984 aut
992 962 1117 983 cumu-

122 1005 197 1037 lant
232 1003 467 1041 ceremonias,
502 1010 541 1035 ut
572 1003 668 1035 lucra
695 1009 856 1045 captent,
892 1002 982 1035 sicut
1008 1013 1114 1035 coena

120 1054 269 1089 Domini
294 1055 482 1098 depravata
510 1060 541 1086 et
565 1055 607 1086 ad
634 1060 816 1098 quaestum
844 1054 970 1086 collata
987 1060 1054 1093 est,
1083 1060 1115 1086 et

123 1113 266 1150 possent
283 1106 420 1138 infinita
443 1105 599 1147 exempla
627 1104 778 1138 recitari.
834 1104 903 1138 Nec
930 1116 1012 1137 vero
1036 1104 1112 1137 ina-

120 1159 176 1191 nis
202 1164 251 1190 est
276 1169 342 1189 vox
371 1157 430 1188 illa
449 1155 604 1199 Spiritus
630 1156 740 1188 sancti
762 1156 797 1187 in
815 1156 882 1199 piis
899 1155 1114 1196 doctoribus,

121 1208 351 1252 arguentibus
375 1207 454 1239 illas
478 1205 778 1250 prophanationes
802 1214 835 1238 et
852 1207 1003 1239 nefarias
1020 1218 1113 1239 nun-

120 1259 339 1296 dinationes,
368 1259 424 1291 sed
452 1258 607 1291 mirabili
631 1269 735 1300 opere
752 1256 818 1290 Dei
839 1264 934 1297 ruet,
962 1264 994 1290 et
1013 1257 1110 1289 labe-

118 1311 176 1344 fiet
205 1310 360 1354 potentia
396 1309 587 1352 impiorum
619 1308 915 1349 sacrificulorum,
949 1308 1010 1353 qui
1039 1308 1110 1341 illis

116 1361 276 1404 aucupiis
295 1367 459 1405 quaestus
473 1360 762 1393 deformaverunt
778 1360 912 1392 donum
930 1359 1007 1394 Dei.

219 1411 405 1445 Caeterum
430 1412 524 1456 quod
552 1411 596 1443 sit
621 1411 775 1443 officium
801 1411 1023 1453 magistratus
1045 1411 1109 1443 ad-

116 1475 237 1497 versus
269 1463 422 1496 cultores
454 1462 654 1500 idolorum,
691 1468 723 1494 et
748 1463 968 1495 conferentes
992 1474 1108 1494 sacra-

114 1522 231 1549 menta
254 1514 291 1546 in
316 1521 521 1559 quaestum,
550 1513 619 1545 alio
644 1514 720 1546 loco
739 1514 887 1548 dicetur.
940 1512 1009 1546 Hic
1025 1513 1108 1546 satis

113 1574 164 1600 est
204 1565 446 1605 admonuisse,
498 1565 593 1609 quod
630 1564 869 1606 magistratus,
920 1572 1107 1609 postquam

114 1629 214 1651 error
241 1628 302 1660 per
327 1614 562 1659 Evangelium
590 1615 738 1648 reiectus
763 1624 832 1654 est,
868 1616 972 1649 debet
999 1628 1107 1648 manu

115 1669 256 1701 abolere
280 1674 442 1701 externos
464 1667 578 1700 cultus
603 1667 801 1705 idolorum,
831 1674 862 1700 et
880 1667 938 1699 illa
958 1667 1105 1710 aucupia

117 1725 325 1763 quaestuum
352 1718 389 1749 in
414 1718 572 1759 templis,
602 1724 635 1750 et
658 1718 784 1759 punire
808 1725 959 1751 autores·
1011 1717 1107 1751 Haec

116 1768 284 1813 praecipit
321 1768 376 1800 lex
416 1768 537 1800 divina
579 1769 621 1799 de
658 1769 849 1810 puniendis
879 1767 1107 1812 blasphemis,

116 1832 205 1865 quae
222 1821 326 1853 etiam
344 1820 386 1851 ad
405 1818 588 1861 politicum
606 1818 848 1860 magistratum
870 1820 1029 1862 pertinet.

284 1902 398 1937 Zelus
427 1900 556 1936 domus
580 1907 664 1936 tuac
691 1901 841 1936 comedit
866 1915 930 1940 me,

216 1971 315 2006 Duae
354 1972 546 2006 sententiae
585 1972 739 2005 citantur
774 1972 812 2004 in
843 1970 907 2005 hac
940 1969 1104 2006 historia:

111 2025 220 2059 altera
252 2024 422 2064 declarat,
466 2023 560 2055 unde
594 2020 679 2056 haec
711 2023 762 2056 ira
786 2021 918 2056 Christi
948 2031 1023 2057 orta
1050 2025 1104 2065 sit,

110 2084 143 2110 et
179 2077 280 2109 docet
313 2073 379 2108 hoc
411 2086 519 2118 opuS,
552 2081 688 2107 motum
723 2086 795 2107 esse
820 2075 1037 2117 singularem
1066 2076 1102 2108 in

109 2127 255 2167 sanctis,
284 2132 317 2159 et
341 2123 522 2163 hortatur,
548 2132 585 2159 ut
610 2125 735 2158 similis
760 2126 810 2158 ira
834 2138 893 2159 seu
913 2127 1101 2160 aemulatio

108 2179 232 2221 flagret
251 2178 288 2210 in
307 2177 445 2211 sanctis.
500 2175 563 2210 Est
578 2183 693 2210 autem
712 2178 806 2210 zelus
825 2177 1022 2219 indignatio
1041 2180 1101 2211 de-

109 2231 243 2275 pellens
266 2229 434 2261 iniuriam
460 2229 503 2260 ab
526 2235 660 2267 amato,
694 2235 755 2262 aut
779 2240 940 2272 pugnans
965 2241 1009 2262 ne
1034 2229 1101 2263 sibi

108 2292 257 2326 persona
277 2287 390 2313 amata
410 2280 590 2322 eripiatur.
647 2278 694 2313 Ut
713 2292 791 2312 cum
811 2279 976 2313 Samsoni
995 2281 1100 2324 eripi-

108 2341 166 2367 tur
189 2344 297 2371 uxor,
323 2331 479 2375 concipit
501 2331 554 2363 vir
577 2331 823 2373 magnanimus
841 2331 1017 2373 ingentem
1037 2333 1100 2365 do—

107 2385 238 2423 lorem,
268 2383 444 2415 desiderio
465 2382 603 2423 uxoris,
631 2382 785 2426 concipit
803 2389 834 2415 et
853 2383 962 2424 iram,
989 2390 1028 2416 ut
1045 2384 1099 2416 vel

109 2435 232 2478 puniat
254 2431 481 2473 Philistaeos,
517 2434 572 2466 vel
602 2434 747 2477 recipiat
776 2446 940 2474 uxorem,
976 2442 1009 2468 et
1032 2435 1099 2467 mi-

108 2492 247 2519 scentur
276 2486 379 2518 multi
410 2485 567 2518 affectus.
628 2484 728 2518 Sicut
758 2484 932 2526 Virgilius
964 2485 1098 2530 inquit:

109 2535 219 2569 blixta
239 2544 287 2570 est
304 2537 441 2569 insania
459 2537 567 2571 luctu.
621 2535 680 2570 Sic
698 2535 817 2580 Scipio
834 2536 946 2569 tribus
964 2537 1098 2580 magnis

106 2587 249 2631 praeliis
270 2588 496 2627 interfuerat,
523 2588 654 2632 quibus
671 2587 807 2621 viderat
826 2587 920 2620 vinci
937 2589 1098 2632 patriam,

107 2638 173 2672 hae
204 2639 337 2679 clades,
370 2646 403 2673 et
431 2640 611 2682 ingentem
643 2639 801 2672 dolorem
832 2639 863 2671 ei
892 2640 1099 2681 attulerunt,

106 2696 141 2724 et
171 2690 408 2725 accenderunt
440 2691 527 2724 iram
559 2691 602 2724 ad
630 2690 883 2725 restituendam
911 2691 1098 2736 pristinam

690 95 990 134 ENARRATIO
1020 96 1069 131 IN
1095 95 1280 133 EVANG.
1309 96 1522 136 IOANNlS.

1151 185 1157 199 1

1581 98 1685 137 CAP.
1714 102 1759 142 ΙΙ,
2134 109 2182 143 70

1180 184 1330 230 gloriam
1358 190 1509 233 patriae,
1535 197 1569 224 et
1592 192 1633 224 ad
1660 192 1926 235 reprimendum
1946 192 2176 231 Annibalem.

1180 238 1239 271 Sic
1274 241 1483 281 generaliter
1518 243 1643 275 ardere
1679 243 1753 275 zelo
1788 244 1902 277 bonos
1925 246 2176 287 gubernatores

1179 297 1335 332 oportet,
1372 299 1409 324 ut
1443 305 1543 336 saepe
1566 293 1698 326 Psalmi
1732 294 1877 330 dicunt:
1916 295 2062 341 luiquos
2094 299 2175 330 odio

1180 337 1309 380 habui,
1339 349 1370 374 et
1400 343 1509 383 legem
1538 351 1632 377 tuam
1656 345 1774 378 dilexi.
1829 346 2171 392 Aureli1'1nus1mp1-

1177 397 1285 431 rator,
1316 404 1395 424 cum
1413 394 1569 427 rescisset
1586 396 1731 428 militem
1751 397 1782 428 vi
1798 405 1973 442 stuprasse
1986 397 2174 443 l1ospit111

1177 441 1290 474 disce]
1294 442 1362 486 psit
1380 455 1458 475 eum
1485 444 1666 487 alligatum
1685 447 1822 480 duabus
1846 450 2057 483 arboribus
2049 464 2151 484 luctu·

1177 493 1277 527 vatis.
1332 493 1423 527 Sic
1414 507 1450 526 111
1469 496 1725 537 guber11⁶1tioue
1743 510 1842 531 amor
1859 500 1985 533 iustici
1979 515 2035 545 ie,
2067 505 2171 546 pudi-

1176 543 1299 584 citiae,
1333 544 1508 584 veritatis,
1545 555 1578 580 et
1607 548 1734 580 ardens
1762 549 1883 582 odium
1911 552 2096 592 vitiorum,
2134 563 2171 587 ut

1176 606 1256 627 vera
1282 595 1528 638 indignatione
1549 599 1715 641 suscipiat
1734 599 1889 632 laborem
1909 604 1951 633 ad
1972 605 2137 645 puniensh
2133 620 2169 637 is

1175 647 1379 685 sceleratos,
1407 656 1439 681 ct
1464 649 1686 681 sanciendam
1712 650 1947 693 disciplinam.
2001 652 2069 687 llic
2085 655 2169 687 afle-

1174 703 1249 729 ctus
1283 698 1474 731 acerrimus
1500 700 1566 733 suit
1593 700 1628 732 in
1654 699 1754 739 Elia,
1789 699 1948 742 Elisae0‚
1982 704 2049 737 fuit
2074 712 2105 738 et
2132 707 2167 737 in

1175 746 1333 784 Christo.
1401 750 1470 783 Sed
1505 763 1577 783 non
1611 763 1710 795 saepe
1738 752 1774 784 in
1798 754 1980 796 puniendo
2005 753 2168 789 Christus

1174 796 1268 832 hunc
1299 800 1478 843 ingentem
1507 809 1643 835 motum
1669 805 1841 844 exercuit,
1877 806 1987 848 magis
2015 808 2166 840 exercuit

1172 862 1251 883 eum
1269 851 1306 882 in
1326 852 1519 885 tolerandis
1536 853 1708 894 adversis,
1737 867 1826 899 quae
1844 856 1988 890 serenda
2007 866 2106 890 erant
2124 861 2164 890 ad

1171 903 1425 935 restituendam
1459 904 1605 945 gloriam
1630 906 1763 938 aeterni
1791 907 1916 950 patris,
1950 915 1983 940 et
2009 910 2050 940 ad
2079 910 2166 942 libe-

1171 953 1318 985 randam
1345 952 1558 995 Ecclesiam,
1594 969 1697 1000 quam
1731 964 1763 991 et
1794 961 1959 992 ardenter
1984 960 2164 1001 diligebat,

1170 1012 1201 1037 et
1226 1004 1356 1038 sciebat
1380 1006 1481 1038 aliter
1498 1019 1569 1038 nnn
1587 1019 1686 1050 posse
1704 1008 1865 1049 liberari,
1893 1010 1961 1041 nisi
1980 1010 2051 1054 ipse
2069 1012 2161 1044 tieret

1170 1055 1322 1090 victima.
1377 1055 1459 1089 Ideo
1487 1057 1619 1091 dicitur
1642 1059 1677 1090 in
1697 1057 1787 1091 Psnt.
1805 1060 1885 1092 68.:
1914 1060 2019 1094 Zelus
2037 1063 2164 1095 domes

1168 1113 1248 1139 tuae
1279 1108 1430 1139 comedit
1460 1120 1534 1148 me,
1570 1109 1604 1140 id
1637 1116 1704 1146 est,
1741 1110 1893 1143 absumit
1917 1124 1990 1151 me,
2026 1115 2162 1146 adduco

1168 1157 1275 1189 vitam
1316 1158 1351 1189 in
1391 1158 1580 1191 disclimen
1618 1161 1658 1191 ad
1700 1160 1921 1193 liberandam
1959 1160 2163 1203 Ecclesimn,

1167 1220 1223 1252 qu.
1218 1220 1271 1239 am
1293 1208 1422 1249 diligo,
1451 1216 1482 1242 et
1500 1210 1541 1242 ad
1565 1211 1790 1253 depellendas
1808 1214 2056 1255 contumelias,
2082 1220 2161 1260 qui-

1166 1259 1231 1290 bus
1256 1257 1351 1292 Deus
1375 1236 1545 1299 aflicitur
1572 1273 1661 1305 quae
1683 1261 1771 1294 mihi
1798 1263 1975 1306 ingentem
2001 1266 2159 1299 dolorem

1164 1309 1316 1343 asselunt
1327 1337 1336 1350 ,
1380 1318 1411 1344 et
1445 1313 1488 1344 ad
1524 1312 1611 1344 ir⁶1m
1644 1290 1855 1348 accendunt¹3
1872 1317 2041 1350 adversus
2065 1319 2159 1351 blas—

1166 1358 1324 1405 pl1emos.

1226 1445 1374 1482 Domus
1400 1459 1497 1489 mea,
1534 1446 1663 1482 domus
1687 1462 1763 1483 ora
1759 1450 1867 1484 ‘ionis
1898 1451 2095 1489 uocabitur.

1265 1515 1428 1550 Alterum
1454 1516 1586 1550 dictum
1607 1524 1694 1551 extat
1714 1521 1804 1562 apud
1826 1519 1966 1554 Esaiam
1984 1534 2058 1566 cap.
2078 1522 2156 1557 56..

1162 1565 1297 1600 Domus
1328 1580 1422 1604 mea,
1458 1568 1582 1601 domus
1614 1569 1785 1602 or⁶1ti011is
1814 1572 1996 1606 v121c1l1itur
2022 1577 2156 1608 cunctis

1162 1619 1337 1660 gentibus
1398 1618 1522 1651 Brevis
1550 1621 1738 1663 descriptio
1764 1629 1813 1654 est
1840 1634 1940 1655 verae
1966 1623 2155 1663 Ecclesiae,

1162 1681 1199 1701 ac
1216 1670 1290 1702 veri
1310 1677 1341 1703 et
1360 1670 1536 1713 praecipui
1557 1671 1683 1706 cultus,
1737 1671 1895 1705 Primum
1915 1687 1995 1717 ergo
2013 1684 2153 1710 senten—

1162 1721 1206 1753 tia
1234 1719 1358 1753 Esaiae
1391 1721 1608 1763 intelligatur
1630 1723 1672 1754 de
1695 1723 1769 1765 ipso
1795 1725 1926 1767 populo
1952 1725 2036 1765 Dei,
2075 1742 2153 1760 ιιε1111

1161 1772 1203 1804 de
1228 1769 1294 1804 hoc
1317 1772 1476 1818 loquitur
1492 1770 1684 1815 Propheta:
1715 1772 1880 1808 Clu-istus
1903 1784 2018 1810 antem
2038 1781 2079 1811 ad
2103 1781 2154 1811 lo-

1161 1835 1238 1855 cum
1264 1822 1450 1857 ministerii
1476 1827 1729 1858 accommodat.
1783 1826 1894 1859 Porro
1918 1829 2002 1872 quid
2022 1830 2065 1862 sit
2084 1830 2153 1863 lic-

1160 1873 1282 1913 clesia,
1310 1874 1396 1907 alias
1420 1875 1552 1907 dictum
1579 1883 1646 1914 est,
1674 1889 1768 1909 nunc
1793 1879 1875 1910 satis
1898 1886 1946 1912 est
1967 1877 2032 1913 hoc
2051 1882 2151 1922 scire,

1160 1925 1254 1968 quod
1282 1925 1327 1957 sit
1353 1926 1504 1968 populus
1528 1938 1607 1959 vere
1631 1927 1799 1960 invocans
1825 1927 1957 1970 Deum,
1985 1935 2078 1975 quod
2107 1934 2150 1965 sit

1159 1975 1195 2006 in
1222 1976 1404 2017 agnitione
1428 1977 1502 2009 eius
1525 1978 1642 2015 verbi,
1679 1982 1772 2024 quod
1801 1980 1873 2023 ipse
1897 1982 2052 2015 tr;.1di1tit
2105 1983 2149 2016 Et

1158 2027 1370 2059 transferant
1394 2028 1488 2060 dictu
1483 2040 1526 2060 111
1552 2029 1653 2071 singu
1647 2030 1681 2061 ,ti
1708 2033 1749 2063 ad
1775 2044 1865 2072 sese,
1892 2033 1950 2065 sci
1954 2040 1975 2065 1t
2000 2035 2149 2079 quisqu«

1159 2077 1254 2121 pius,
1290 2090 1325 2110 se
1351 2091 1423 2111 esse
1448 2080 1594 2112 domum
1619 2079 1697 2116 Dei
1752 2081 2028 2124 ()11a·1e?Non
2054 2092 2147 2130 quod

1157 2139 1282 2170 magna
1307 2142 1453 2163 munera
1479 2131 1537 2163 det
1553 2131 1645 2175 Deo,
1675 2133 1732 2165 sed
1753 2135 1845 2177 quod
1867 2134 2006 2168 invocet
2023 2135 2148 2176 Deum,

1156 2186 1188 2213 et
1206 2181 1300 2225 quod
1317 2182 1360 2213 ab
1375 2181 1450 2224 ipso
1467 2194 1547 2214 vere
1562 2190 1667 2226 petat,
1694 2190 1725 2216 et
1743 2193 1893 2228 expectet
1912 2187 2017 2222 bona.
2072 2188 2148 2221 Hoc

1155 2243 1261 2274 opus,
1295 2232 1458 2266 videlicet
1490 2246 1570 2267 vera
1600 2235 1796 2273 invocatio,
1833 2236 2002 2271 discernit
2026 2238 2146 2272 Eccle-

1155 2283 1241 2315 siam
1266 2295 1284 2315 a
1311 2284 1492 2326 gentibus,
1528 2292 1566 2319 ut
1592 2286 1677 2317 alias
1700 2297 1800 2328 saepe
1825 2287 1966 2323 dicitur.
2020 2288 2064 2323 Et
2090 2289 2146 2325 bic

1153 2334 1227 2377 ipse
1244 2332 1420 2377 Propheta
1437 2333 1558 2369 Ε511115
1579 2349 1650 2379 cap.
1675 2335 1732 2369 43
1752 2338 1924 2372 definiens
1942 2338 2087 2374 Ecclesi⁶
2081 2356 2147 2380 am,

1153 2385 1287 2430 inquit:
1324 2384 1500 2426 Omnem,
1534 2387 1593 2432 qui
1620 2387 1759 2421 invocat
1782 2401 1910 2422 nomen
1936 2404 2072 2434 meum,
2109 2395 2145 2426 in

1152 2437 1300 2479 gloriam
1329 2449 1442 2471 meam
1467 2439 1579 2470 creavi
1606 2450 1704 2479 eum,
1741 2440 1775 2471 id
1802 2447 1870 2481 est,
1900 2442 1933 2484 pi
1927 2443 1949 2474 i
1974 2444 2041 2476 soli
2065 2458 2144 2478 mre

1153 2500 1208 2520 me
1232 2488 1446 2530 glorificant,
1475 2489 1540 2521 soli
1564 2496 1644 2522 suut
1668 2488 1846 2524 Ecclesiae
1870 2493 1948 2526 viva
1974 2498 2121 2529 membr:
2125 2512 2143 2533 1,

1152 2540 1214 2584 qui
1245 2537 1340 2573 hunc
1371 2541 1525 2581 cultum,
1558 2541 1722 2575 videlicet
1751 2542 1927 2576 ἰηνοεεῐὶ1
1933 2557 2011 2578 nem
2043 2560 2142 2591 prm-

1152 2597 1256 2624 stant.
1318 2590 1463 2625 Constat
1494 2598 1609 2625 autem
1641 2592 1902 2627 invocationem
1936 2609 2007 2629 non
2044 2611 2143 2640 posse

1150 2642 1245 2683 fieri,
1272 2642 1342 2674 nisi
1361 2643 1398 2675 in
1417 2642 1596 2684 agnitione
1614 2645 1732 2685 verbi,
1761 2648 1853 2690 qnod
1872 2645 1966 2680 Deus
1984 2655 2027 2681 tr
2029 2649 2142 2690 1didit,

1151 2700 1184 2728 et
1206 2693 1385 2737 agnitione
1410 2694 1493 2736 filii,
1532 2703 1571 2729 ut
1596 2692 1759 2730 Christus
1786 2697 1917 2743 inquit:
1961 2698 2142 2746 Quicquid

1569 2745 1627 2780 5*
1675 2754 1680 2755 ⁷
