2415 2942
97 92 193 130 1049
347 92 447 127 XIII.

95 187 128 215 et
145 175 364 212 Manichaeis
378 176 548 212 historiis.
598 178 689 213 Cum
715 186 832 214 autem
852 180 939 213 tales
962 188 1079 223 gestus

95 233 140 265 de
157 229 330 263 industria
349 230 503 264 simulati
530 238 630 272 sunt,
656 238 695 264 ut
716 231 818 264 facile
843 228 1081 274 deprehendi-

94 289 152 316 tur
176 281 375 321 simulatio,
403 282 500 324 digni
523 289 604 314 sunt
628 282 731 322 odio,
758 281 840 325 quia
865 289 947 315 sunt
968 283 1081 314 mani-

93 333 176 365 festa
195 333 388 364 mendacia.
438 333 529 367 Cum
547 345 628 366 vero
646 332 776 365 diaboli
794 333 843 364 sic
861 332 953 365 cient
971 344 1082 364 mem-

91 383 154 416 bra
173 383 413 426 ignorantium
427 410 435 423 ,
462 385 546 428 quid
562 391 682 426 agant,
715 383 921 427 praestigiae
938 390 970 417 et
995 383 1082 416 insi-

95 434 174 467 diae
193 434 388 467 diabolicae
408 435 655 477 intelligendae
674 441 706 467 et
722 434 946 466 detestandae
965 441 1057 467 sunt.

193 484 260 518 Sed
287 485 323 516 in
348 485 430 527 ipsis
457 486 678 527 dogmatibus
710 484 822 518 multo
856 485 972 528 plures
999 492 1081 518 sunt

91 532 291 569 κολακειάι.
357 535 430 568 Has
463 536 621 569 existimo
652 533 709 568 hic
733 535 874 579 proprie
903 535 1079 568 nominari

87 583 366 633 χρηστολογίας.
400 586 491 620 Sunt
507 594 622 619 autem
640 587 771 630 ubique
790 587 892 619 obvia
910 587 1078 630 exempla.

92 636 203 670 Grata
222 644 293 669 erat
312 638 424 671 oratio
442 636 597 671 Rusticis
613 644 771 680 tempore
786 637 984 677 seditionis,
1002 650 1080 669 cum

90 687 285 720 turbulenti
314 689 473 721 doctores
501 688 737 720 vociferentur
764 686 1004 721 Christianam
1035 688 1078 720 li-

89 739 258 771 bertatem
285 750 374 777 esse,
400 751 472 771 non
501 740 654 782 pendere
679 737 835 781 legitima
859 739 989 772 tributa
1015 739 1079 771 do-

91 789 197 822 minis
224 796 256 822 et
282 790 555 832 magistratibus.
609 788 665 822 Ad
683 787 931 833 Anabaptistas
949 789 1079 822 multos

91 840 236 882 ignavos
266 840 409 873 attrahit
435 840 605 873 blandum
630 841 778 883 dogma,
820 852 900 874 cum
928 841 1079 873 audiunt

89 902 124 924 se
149 890 198 923 ibi
223 891 348 923 alienis
370 891 597 925 facultatibus
621 892 691 925 frui
712 902 823 934 posse.
878 891 929 926 lta
948 891 1079 924 multos

88 941 226 975 culinae
244 949 462 976 attraxerunt
482 943 523 975 ad
541 942 763 976 monasteria.
815 941 919 976 Nunc
937 954 1079 987 quoqne

90 993 260 1026 blandum
289 993 414 1036 dogma
439 1000 489 1027 est
516 993 819 1034 Antinomorum,
861 995 922 1039 qui
955 993 1078 1026 dicunt

87 1051 346 1088 perseverantes
383 1045 419 1076 in
462 1045 598 1077 delictis
644 1051 767 1078 contra
815 1044 1077 1083 conscientiam,

85 1101 202 1127 tamen
227 1094 300 1127 Deo
328 1096 484 1139 placere,
512 1096 540 1128 si
564 1095 696 1128 interea
717 1096 851 1139 fingant
877 1108 912 1129 se
936 1096 1078 1130 credere

85 1143 295 1187 Evangelio,

186 1195 350 1240 Denique
365 1196 433 1228 late
448 1202 540 1240 patet
559 1208 632 1236 res,
656 1196 801 1230 Placent
818 1196 1078 1236 assentationes,

85 1246 166 1291 quia
183 1258 338 1279 amamus
353 1258 415 1278 nos
431 1246 523 1290 ipsos
535 1254 567 1280 et
585 1248 678 1280 vitiis
694 1247 821 1280 nostris
833 1247 1000 1288 favemus,
1013 1248 1075 1279 de-

85 1298 255 1330 lectamur
272 1309 351 1340 ergo
378 1297 437 1334 iis,
466 1299 525 1342 qui
545 1299 699 1331 adfectus
717 1305 855 1331 nostros
873 1299 1075 1338 adsumunt,

85 1355 118 1381 et
138 1360 202 1380 nos
220 1348 376 1383 laudant.
411 1347 483 1381 Nec
500 1349 644 1381 difficile
661 1355 712 1381 est
728 1349 969 1390 considerare,
991 1360 1078 1394 quas

83 1399 282 1442 opinione5‚
300 1410 387 1443 quos
405 1396 566 1432 homines
584 1399 636 1431 illi
655 1399 816 1443 probent,
833 1399 962 1444 quibus
979 1400 1076 1444 quis-

83 1461 151 1495 que
167 1449 287 1489 servit,
306 1456 337 1482 et
355 1451 489 1482 easdem
505 1450 690 1494 opiniones
706 1457 738 1484 et
756 1451 894 1483 eosdem
913 1448 1073 1484 homines

82 1512 228 1540 ornare,
256 1501 430 1533 contraria
458 1513 539 1534 vero
564 1502 775 1544 vituperare.
824 1499 872 1535 Et
896 1508 1001 1535 notus
1024 1508 1072 1534 est

81 1563 219 1585 versus:
248 1551 380 1594 Nempe
399 1564 500 1585 cocus
517 1552 654 1584 domini
673 1553 778 1585 debet
794 1549 924 1586 habere
940 1553 1071 1595 gulam.

81 1600 241 1646 Cumque
258 1613 340 1646 opes
357 1609 388 1635 et
407 1603 598 1645 potentiam
619 1601 704 1635 haec
723 1603 902 1636 simulatio
922 1605 1066 1641 adferat,

85 1653 212 1686 usitata
235 1659 283 1684 est
313 1652 349 1684 in
375 1653 464 1686 aulis
486 1660 518 1686 et
538 1654 574 1685 in
592 1653 769 1687 Ecclesiis.
822 1652 938 1695 Quam
963 1655 1066 1687 multi

81 1711 202 1737 contra
221 1703 470 1736 conscientiam
496 1711 581 1738 tetra
602 1704 695 1737 idola
714 1705 862 1737 adorant
886 1712 918 1738 et
945 1706 1066 1738 defen-

79 1756 188 1793 dunt,
216 1761 248 1787 et
264 1754 430 1787 iniustam
449 1755 647 1795 saevitiam,
675 1767 764 1800 quae
781 1762 960 1789 exercetur
980 1768 1065 1789 con-

79 1812 133 1839 tra
157 1806 381 1845 innocentes,
417 1806 563 1840 laudant
586 1814 619 1839 et
643 1806 836 1848 adiuvant,
864 1813 903 1841 ut
924 1805 1065 1840 Princi-

79 1869 164 1902 pum
183 1864 241 1891 aut
260 1857 382 1901 populi
398 1857 517 1890 favore
536 1864 701 1890 crescant.

180 1908 286 1952 Apud
309 1905 449 1941 Esaiam
477 1920 552 1952 cap.
575 1908 635 1944 30.
667 1907 871 1952 gravissime
898 1920 1065 1942 accusan-

79 1966 136 1993 tur
153 1959 313 2004 utrique,
339 1965 371 1991 et
391 1959 560 2002 populus,
588 1959 648 2005 qui
667 1971 739 1992 non
757 1959 832 1993 vult
854 1960 977 1993 audire
994 1961 1062 1993 nisi

80 2011 339 2048 adsentatores,
380 2016 414 2043 et
441 2010 507 2054 ipsi
530 2012 689 2044 doctores
715 2010 776 2055 qui
809 2011 1064 2055 cupiditatibus

79 2060 305 2093 dominorum
331 2060 508 2098 serviunt,
535 2060 742 2106 Loquimiui
761 2061 865 2094 nobis
883 2062 1063 2105 placentia,

77 2111 193 2144 videte
210 2111 312 2143 nobis
329 2122 473 2144 errores.
509 2110 603 2145 Haec
618 2112 708 2145 mala
723 2123 860 2156 semper
875 2113 912 2146 in
928 2114 1061 2146 mundo

77 2162 204 2195 usitata
230 2162 336 2194 fuisse
361 2167 394 2194 et
421 2173 493 2194 esse
519 2174 572 2195 res
597 2163 670 2207 ipsa
702 2163 868 2197 ostendit.
936 2163 1062 2197 Monet

77 2212 184 2255 igitur
198 2211 348 2250 Paulus,
376 2219 414 2245 ut
437 2225 638 2254 caveamus,
664 2225 708 2246 ne
731 2214 950 2258 decipiamur
968 2227 1059 2260 χρη-

77 2260 300 2311 στολογίαις,
326 2270 359 2296 et
382 2264 431 2296 sic
448 2265 607 2297 nominat
625 2264 828 2298 artificiosas
845 2266 1061 2299 adsentatio-

75 2325 155 2356 nes,
181 2326 269 2359 quae
287 2314 463 2357 pertinent
481 2316 523 2347 ad
542 2315 667 2348 vitium
685 2326 846 2359 pugnans
863 2328 942 2349 cum
967 2316 1060 2349 veri—

77 2371 164 2405 tate,
208 2365 369 2399 videlicet
404 2366 447 2398 ad
476 2365 667 2400 blanditias
702 2378 824 2399 omnes
860 2367 1060 2412 decipiendi

79 2427 180 2449 causa
196 2415 386 2449 simulatas.

177 2465 246 2500 Sed
267 2464 429 2514 εὐλογίαι
444 2465 582 2500 Ebraea
603 2465 720 2511 phrasi
737 2467 935 2510 significant
952 2467 1057 2501 bene-

76 2517 264 2556 dictiones,
290 2517 325 2549 id
352 2525 420 2558 est,
447 2519 557 2551 bonas
586 2519 856 2563 imprecationes
882 2525 915 2552 et
939 2519 1056 2551 dulces

73 2567 324 2612 promissiones
340 2595 348 2608 ,
385 2576 424 2602 ut
459 2567 625 2602 monachi
661 2569 872 2614 promittunt
907 2569 1054 2603 salutem

74 2618 271 2651 animarum
303 2631 365 2663 pro
399 2620 574 2653 sacrifisiIs
603 2620 751 2661 Missae,
792 2627 831 2653 ut
853 2620 1052 2655 nominant.

73 2667 151 2704 Hoc
167 2669 314 2704 artificio
331 2670 533 2705 confirmata
557 2678 608 2706 est
629 2672 806 2706 invocatio
829 2678 1051 2705 mortuorum

500 93 535 130 3.
569 89 867 129 ENARRATIO
894 92 1050 133 EPIST.
1077 94 1225 130 PAULI
1253 94 1320 130 AD
1347 93 1610 132 ROMANOS.
1664 96 1768 135 CAP.
1796 99 1894 136 XVI.

2037 103 2135 139 1050

1138 177 1324 213 hominum
1343 208 1352 221 ,
1393 188 1431 215 ut
1469 182 1718 217 invocantibus
1753 185 1897 218 Annam
1934 189 2129 230 promissae

1137 238 1219 263 sunt
1245 232 1412 272 divitiae,
1443 231 1636 276 Georgium
1662 235 1849 277 victoriae,
1878 245 1910 270 et
1935 238 2012 270 aliis
2030 241 2130 272 attri-

1135 281 1256 313 buitur
1274 282 1424 315 aliornm
1445 285 1649 317 morborum
1671 287 1818 322 sanatio.
1870 286 1964 331 Papa
1982 290 2127 324 damnat

1136 343 1271 369 omnes,
1292 333 1593 376 quiadversantur
1613 336 1718 369 idolis
1737 344 1769 370 et
1789 338 1967 372 erroribus
1984 341 2129 384 pontifi—

1138 381 1217 414 ciis:
1247 389 1280 415 et
1298 395 1392 415 nunc
1413 383 1576 417 monachi
1594 386 1790 420 incendunt
1814 400 1910 430 reges
1936 397 1968 423 et
1992 391 2127 434 princi-

1135 443 1193 475 pes
1218 440 1340 465 coutra
1370 435 1550 467 veritatem
1579 434 1632 469 his
1660 438 1974 479 promissionibus,
2009 442 2035 474 si
2063 455 2126 484 op-

1136 484 1290 526 primant
1309 480 1399 516 hanc
1416 485 1632 526 doctrinam,
1661 500 1748 531 quae
1773 496 1873 522 sonat
1900 491 1936 523 in
1959 489 2127 525 Ecclesiis

1134 534 1283 573 nostris,
1313 534 1430 567 Deum
1455 536 1620 569 daturum
1645 549 1716 570 esse
1742 539 1825 582 ipsis
1844 540 2000 583 ingentia
2025 555 2126 587 prae—

1134 585 1222 623 mia,
1253 585 1419 618 victorias
1446 593 1477 618 et
1495 598 1585 619 nova
1603 599 1708 630 regna
1726 596 1757 622 et
1777 592 1931 623 mundos
1949 592 2047 627 alios.

1235 635 1341 668 Tales
1379 637 1630 679 promissiones
1669 635 1725 671 hic
1769 641 1947 674 nominari
1984 644 2125 687 proprie

1132 683 1447 732 ei').071'agiutlico.
1501 687 1576 720 Hae
1594 689 1672 732 plus
1690 690 1806 723 valent
1826 703 1930 734 quam
1949 693 2125 736 simplices

1133 738 1331 777 blandtiae,
1360 738 1440 782 quia
1472 739 1615 771 additur
1642 741 1859 774 adseveratio
1886 743 1928 774 de
1958 755 2123 787 praesen-

1131 788 1176 820 tia
1196 786 1281 829 Dei,
1308 790 1350 821 de
1375 790 1538 832 praemiis
1563 797 1594 822 et
1621 791 1663 823 de
1688 791 1819 833 poenis.
1875 791 1949 826 Hac
1974 795 2121 828 adseve-

1131 839 1267 872 ratione
1290 840 1394 872 etiam
1419 841 1570 873 absurda
1596 841 1757 883 dogmata
1786 854 1886 886 saepe
1908 845 2121 879 confirman-

1131 897 1206 928 tur,
1243 903 1331 935 quae
1366 903 1437 923 non
1473 892 1708 926 blandiuntur
1733 894 1887 934 rationi,
1924 896 2004 939 quia
2038 905 2121 931 sunt

1134 942 1303 985 quaedam
1323 949 1518 974 monstrosa
1541 942 1698 986 ingenia,
1731 956 1819 988 quae
1842 946 1990 988 gignunt
2009 954 2040 981 et
2059 949 2120 982 de-

1133 992 1300 1032 fendunt,
1329 1004 1388 1025 seu
1408 993 1611 1034 ambitione,
1642 1005 1701 1026 seu
1720 1001 1855 1028 tantum
1875 1003 2021 1030 naturae
2039 1010 2118 1042 per-

1132 1043 1292 1075 versitate
1311 1044 1496 1086 opiniones
1522 1052 1718 1087 pugnantes
1737 1057 1814 1077 cnm
1833 1047 1990 1080 omnium
2013 1061 2118 1082 sano-

1130 1105 1208 1126 rum
1228 1094 1379 1128 iudiciis.
1424 1094 1548 1127 Talem
1566 1095 1647 1127 novi
1667 1108 1738 1128 esse
1756 1093 2027 1140 Thammmum,
2055 1101 2117 1145 qui

1130 1143 1246 1177 adhuc
1264 1146 1390 1188 passim
1410 1153 1571 1188 vagatur,
1597 1146 1656 1191 qui
1677 1148 1911 1181 contendebat
1930 1161 2026 1191 eum,
2054 1151 2116 1196 qui

1130 1195 1276 1228 iurasset
1292 1207 1326 1227 se
1343 1195 1515 1229 facturum
1541 1208 1613 1230 esse
1637 1197 1802 1230 iniustam
1829 1200 1988 1241 caedem,
2011 1214 2117 1246 opor-

1130 1251 1201 1278 tere
1220 1257 1294 1277 eam
1312 1247 1452 1278 caedem
1472 1247 1592 1279 facere.
1646 1247 1769 1281 Postea
1795 1250 2006 1285 defendebat
2030 1253 2116 1286 stoi-

1128 1308 1203 1328 cam
1240 1296 1496 1335 necessitatem,
1533 1299 1739 1332 adfirmabat
1768 1300 1888 1333 omnia
1917 1304 2112 1337 necessario

1128 1346 1221 1386 fieri,
1257 1347 1350 1379 bona
1378 1354 1413 1380 et
1432 1348 1533 1383 mala.
1569 1347 1715 1381 Etcum
1741 1350 1970 1393 obiiceretur,
1997 1352 2113 1387 Deum

1128 1408 1200 1429 non
1227 1409 1299 1430 esse
1322 1409 1460 1431 causam
1486 1400 1636 1442 peccati,
1676 1401 1735 1433 ille
1761 1403 1962 1444 respondit,
1998 1404 2112 1438 Deum

1126 1459 1197 1480 non
1227 1449 1337 1481 teneri
1365 1461 1424 1481 sua
1450 1449 1544 1491 lege,
1575 1452 1634 1482 sed
1661 1451 1756 1484 velut
1780 1458 1971 1497 tyrannum
2000 1455 2112 1490 facere

1125 1499 1294 1543 quicquid
1315 1500 1430 1533 vellet.
1481 1499 1697 1533 Cohorresco
1718 1500 1780 1534 hos
1796 1503 1934 1536 furores
1951 1506 2112 1548 recitans,

1123 1561 1196 1582 non
1223 1551 1331 1592 igitur
1353 1552 1480 1582 addam
1504 1552 1604 1595 plura
1635 1553 1808 1595 exempla,
1843 1555 1903 1587 sed
1935 1556 1997 1600 qui
2026 1557 2110 1592 talia

1122 1601 1273 1633 absurda
1302 1602 1497 1634 defendunt
1515 1629 1524 1642 ‚
1567 1614 1644 1634 cum
1670 1604 1797 1637 desunt
1821 1604 1869 1637 eis
1891 1615 2108 1648 argumenta,

1121 1653 1314 1684 decurrunt
1339 1654 1381 1685 ad
1409 1652 1557 1685 fulmina
1586 1655 1863 1695 execrationum,
1890 1657 2107 1693 maledicunt

1120 1702 1347 1736 discentibus.
1417 1703 1486 1736 Sed
1513 1705 1554 1736 de
1580 1705 1711 1737 talibus
1736 1707 2017 1741 execrationibus
2044 1721 2106 1743 seu

1121 1753 1782 1788 maledictionibusiniustistenendum
1802 1759 1995 1791 estdictum
2006 1759 2105 1794 Psal-

1121 1803 1170 1837 mi
1192 1804 1292 1839 108.:
1327 1804 1541 1838 Maledicent
1560 1806 1631 1847 illi,
1659 1813 1690 1839 et
1708 1814 1744 1840 tu
1763 1807 1959 1845 benedices,

1219 1855 1512 1890 praemuniamus
1546 1865 1661 1890 autem
1690 1869 1754 1890 nos
1782 1859 1952 1893 adversus
1983 1872 2104 1894 omnes

1117 1907 1332 1950 corruptelas
1351 1908 1533 1941 doctrinae
1552 1905 1606 1941 his
1625 1909 1761 1942 duabus
1780 1910 1894 1944 rebus.
1943 1910 2104 1954 Diligen-

1116 1957 1162 1990 tia
1181 1965 1271 1990 recte
1287 1958 1459 1998 discendi,
1477 1966 1509 1992 et
1526 1960 1663 1993 ardenti
1682 1961 1890 2003 precatione.
1919 1960 1972 1995 De
1983 1963 2100 2006 priore

1115 2009 1221 2040 modo
1240 2008 1355 2053 inquit
1373 2008 1523 2042 Paulus:
1554 2009 1707 2044 Attende
1725 2011 1889 2052 lectioni,
1921 2013 2101 2046 doctrinae

1115 2066 1147 2092 et
1164 2060 1410 2094 consolationi.
1457 2058 1499 2093 Et
1516 2062 1559 2093 ad
1580 2061 1827 2097 Colossenses:
1857 2063 1980 2096 Sermo
1998 2062 2102 2098 Chri-

1115 2110 1156 2143 sti
1180 2107 1313 2144 habitet
1336 2111 1374 2143 in
1402 2112 1501 2144 vobis
1529 2113 1713 2155 opulenter
1739 2113 1892 2146 inomni
1919 2115 2100 2157 sapientia,

1113 2167 1145 2194 et
1174 2162 1294 2194 docete
1330 2169 1363 2195 et
1395 2163 1576 2196 emendate
1605 2175 1666 2196 vos
1696 2170 1829 2197 mutuo.
1898 2163 1975 2197 Hae
2006 2167 2097 2199 duae

1113 2212 1337 2254 gravissimae
1371 2214 1633 2247 admonitiones
1667 2226 1803 2258 semper
1840 2214 1875 2246 in
1910 2223 2099 2260 conspectu

1112 2263 1200 2301 sint,
1241 2270 1274 2296 et
1296 2264 1485 2306 diligenter
1509 2266 1785 2298 considerentur.
1849 2265 2007 2299 Primum
2034 2279 2099 2300 no-

1113 2312 1222 2346 minat
1244 2313 1373 2347 Paulus
1401 2315 1606 2355 lectionem,
1635 2316 1715 2359 quia
1741 2316 1900 2349 doctrina
1921 2315 2098 2351 Ecclesiae

1116 2364 1297 2397 dissimilis
1328 2371 1378 2398 est
1409 2364 1666 2410 philosophicis
1691 2367 1871 2399 doctrinis.
1950 2367 2097 2402 Initium

1112 2413 1365 2449 Arithmeticae
1384 2428 1456 2449 non
1474 2424 1526 2449 est
1542 2429 1558 2449 a
1577 2417 1740 2456 lectione,
1769 2419 1827 2449 sed
1847 2429 1865 2450 a
1883 2418 2012 2451 noticia
2031 2432 2096 2452 na-

1110 2466 1215 2498 turali
1237 2478 1464 2499 numerorum
1479 2494 1487 2507 ,
1522 2469 1580 2500 sed
1601 2469 1778 2500 decretum
1798 2468 1841 2501 de
1866 2468 1937 2501 filio
1954 2467 2034 2502 Dei:
2063 2476 2095 2503 et

1109 2517 1152 2549 de
1177 2518 1464 2550 reconciliatione
1490 2525 1520 2550 et
1549 2519 1770 2550 restitutione
1803 2518 1894 2552 vitae
1922 2527 2093 2560 aeternae,

1108 2569 1273 2601 omnibns
1306 2569 1473 2601 creaturis
1500 2569 1658 2609 ignotum
1689 2570 1753 2601 suit
1785 2577 1864 2602 ante
1893 2571 2095 2614 patefactio-

1106 2631 1202 2658 nem,
1238 2619 1274 2651 in
1296 2632 1363 2663 qna
1385 2619 1455 2661 ipse
1482 2619 1573 2650 filius
1593 2620 1655 2651 Dei
1676 2620 1942 2662 promissionem
1961 2621 2091 2663 gratiae

1105 2682 1144 2703 ex
1178 2671 1259 2703 sinu
1295 2670 1425 2703 aeterni
1462 2670 1570 2713 patris
1605 2671 1764 2714 protulit.
1842 2671 1943 2704 Hanc
1979 2679 2094 2705 autem
