2415 2942
77 106 153 145 593

79 193 141 240 qui
165 193 301 236 fingunt
325 188 489 225 homines
518 187 700 223 iustificari
727 194 875 233 propter
898 188 1076 233 propriam

77 244 304 289 dignitatem,
332 254 392 276 seu
419 241 662 286 impletionem
688 240 774 282 legis
796 238 952 272 moralis.
1004 239 1074 272 Ex-

76 296 189 330 cludit
215 305 297 337 ergo
322 294 428 328 etiam
455 292 604 326 moralia
627 303 645 324 a
673 301 776 324 causa
802 289 1074 329 iustificationis,

74 346 155 392 quia
181 357 286 379 nemo
314 344 479 378 satisfacit
502 343 567 386 legi
593 340 735 375 morali.
787 339 974 374 Caeterum
1000 353 1071 374 non

75 397 232 431 excludit
255 397 299 429 ab
325 396 468 429 effectu:
510 404 648 427 necesse
675 399 726 427 est
754 391 848 425 enim
877 391 977 437 sequi
1005 404 1070 426 no—

74 460 152 482 vam
172 455 206 482 et
222 447 395 481 iucoatam
413 444 666 480 obedientiam.

236 545 373 594 Legem
400 546 516 592 Igitur
540 543 687 579 irritam
701 541 873 592 facimus
883 542 902 575 P

174 622 372 669 Occupatio
395 621 588 656 necessaria
609 627 670 657 est.
724 620 818 664 Quia
845 631 970 654 omnes
997 627 1065 653 sta-

71 676 156 717 tim,
184 688 264 710 cum
289 675 438 708 audiunt
464 671 555 706 hanc
578 684 708 705 novam
733 671 960 712 concionem,
1001 669 1065 704 ho-

71 728 184 760 mines
202 726 354 774 reputari
375 725 483 758 iustos
496 735 557 768 per
572 722 865 763 misericordiam,
884 734 961 755 non
980 735 1063 767 pro-

69 785 147 823 pter
172 778 300 821 legem,
334 776 570 818 interrogant,
608 786 652 808 an
684 775 898 808 concedatur
922 773 1061 807 licentia

68 828 262 872 peccandi?
313 828 371 860 An
400 827 446 860 ita
479 826 524 859 sit
546 826 711 868 abrogata
739 825 811 864 lex,
845 833 882 859 ut
905 825 949 859 sit
975 837 1061 858 cou-

67 891 159 913 cessa
173 879 312 912 licentia
331 877 523 922 peccandi?
564 875 696 910 Paulus
719 878 930 921 respondet,
974 875 1058 909 Non

64 930 197 962 aboleri
221 930 330 972 legem
359 940 421 972 per
444 928 567 967 fidem,
596 928 655 961 sed
679 927 790 961 multo
818 927 927 971 magis
949 927 1059 961 stabi-

64 979 140 1022 liri,
168 981 202 1013 id
223 988 294 1021 est,
322 979 473 1023 impleri.

167 1038 236 1073 Hie
254 1040 352 1073 locus
369 1040 469 1072 docet
488 1049 554 1071 nos
573 1037 798 1082 interpretari
823 1036 941 1069 omnia
965 1036 1055 1069 dicta

67 1091 110 1125 de
134 1091 301 1134 operibus
323 1097 356 1123 et
381 1090 466 1133 lege.
520 1088 635 1132 Quale
655 1096 719 1122 est:
749 1088 786 1122 Si
813 1088 864 1121 vis
888 1088 924 1120 in
948 1087 1055 1120 vitam

65 1141 205 1186 ingredi
228 1153 327 1175 serva
361 1141 548 1182 mandata,
585 1147 618 1173 et
651 1139 792 1174 similia.
864 1137 930 1171 Hic
962 1138 1054 1170 enim

62 1192 196 1227 Paulus
213 1199 378 1232 testatur,
401 1191 471 1235 legi
495 1192 699 1224 addendum
725 1201 798 1223 esse
821 1187 1054 1232 Evangelium

64 1245 108 1277 de
126 1244 205 1276 fide.
261 1242 468 1276 Teneantur
486 1253 566 1285 ergo
582 1239 647 1274 hae
667 1243 755 1274 duae
773 1240 945 1283 Regulae:
972 1239 1057 1273 Sine

66 1294 135 1327 fide
152 1293 370 1338 impossibile
395 1300 445 1327 est
469 1293 578 1335 legem
598 1292 683 1326 fieri.
736 1291 840 1325 Item:
868 1290 956 1323 Fide
973 1291 1008 1324 fit
1025 1297 1056 1323 et

62 1345 174 1390 placet
190 1344 263 1382 lex,
292 1343 379 1377 Fide
395 1343 557 1376 incoatur
576 1343 775 1376 obedientia
795 1348 827 1375 et
846 1342 968 1386 placet.

170 1402 274 1436 Prior
300 1402 440 1445 regula,
477 1401 700 1445 Impossibile
723 1407 773 1434 est
794 1401 869 1433 sine
893 1400 960 1432 fide
984 1399 1056 1433 fieri

59 1454 185 1496 legem,
214 1453 431 1496 intelligatur
455 1453 654 1496 dupliciter.
717 1451 876 1484 PrImum
904 1452 947 1483 de
979 1451 1051 1495 ipsa

62 1504 264 1538 obedientia
297 1504 489 1548 spirituali:
535 1502 596 1536 Pia
633 1504 737 1536 corda
781 1514 859 1535 cum
896 1502 1052 1535 sentiunt

61 1556 150 1589 iram
168 1554 253 1596 Dei,
286 1567 364 1589 cum
385 1555 569 1592 dubitant,
602 1554 742 1597 fugiunt
760 1552 896 1593 Deum,
932 1555 1054 1596 despe-

61 1613 163 1647 rant,
204 1618 277 1638 non
312 1605 466 1648 diligunt
493 1606 634 1645 Deum,
671 1617 743 1638 non
775 1604 958 1643 invocant,
993 1606 1050 1636 sed

60 1657 276 1692 conscientia
300 1657 367 1690 fide
400 1664 509 1689 erecta
529 1683 537 1695 ‚
581 1668 660 1689 cum
686 1655 830 1698 agnovit
854 1655 1051 1687 misericor-

60 1708 156 1742 diam
177 1708 244 1741 fide
261 1708 498 1752 propositam,
526 1707 594 1739 iam
619 1707 744 1749 incipit
769 1706 916 1749 diligere
940 1712 973 1739 et
995 1706 1051 1738 iu-

60 1772 185 1794 vocare
204 1759 297 1792 iuxta
315 1759 403 1791 illud
424 1757 542 1791 Pauli:
578 1756 646 1790 Per
668 1756 773 1791 fidem
799 1754 969 1790 habemus
994 1769 1052 1789 ac—

60 1822 194 1845 cessum
222 1811 264 1843 ad
293 1808 419 1843 Deum.
488 1809 652 1842 Secundo
682 1807 901 1851 intelligatur
925 1809 968 1840 de
996 1819 1052 1840 ac-

62 1862 277 1906 ceptatione,
306 1861 341 1894 id
366 1868 435 1901 est,
462 1860 565 1892 etiam
593 1857 676 1900 hoc,
711 1860 806 1904 quod
839 1859 921 1892 facit
946 1855 1052 1892 homo

62 1913 138 1947 sine
157 1913 241 1952 fide,
265 1919 380 1946 tamen
401 1923 471 1944 non
492 1911 602 1954 placet
617 1910 693 1943 sine
711 1911 790 1943 fide.
849 1908 944 1943 Hinc
961 1910 1052 1943 clare

60 1964 210 2006 intelligi
245 1970 356 2007 potest
382 1963 493 2006 legem
524 1974 596 1994 non
630 1973 728 2005 posse
761 1961 836 1994 fieri
871 1961 946 1994 sine
971 1961 1049 1994 fide.

62 2014 181 2057 Quare
198 2026 276 2047 cum
297 2014 488 2047 laudantur
509 2013 600 2046 boua
625 2024 749 2056 opera,
777 2023 913 2045 necesse
937 2018 988 2045 est
1016 2012 1050 2045 id

62 2065 213 2107 intelligi
231 2065 290 2105 ita,
306 2072 345 2098 ut
364 2065 618 2098 memineribus
633 2064 835 2097 addendum
852 2061 1051 2096 esseEvan-

63 2115 192 2158 gelium
219 2116 261 2147 ‹te
281 2113 443 2155 Christo,
470 2122 501 2148 et
527 2115 676 2148 sciamus
699 2115 802 2148 fidem
822 2114 1050 2147 necessariam

64 2178 137 2199 esse
172 2167 214 2198 ad
254 2166 449 2199 faciendam
487 2166 627 2209 legem,
673 2178 737 2199 nec
771 2166 906 2210 placere
941 2165 1052 2208 legem

60 2217 135 2251 siue
159 2217 238 2251 fide.

161 2276 281 2310 Altera
315 2275 434 2318 regula
471 2274 688 2318 intelligatur
719 2275 823 2309 etiam
854 2275 1051 2319 dupliciter.

60 2325 131 2361 Lex
153 2327 192 2361 fit
216 2328 282 2360 fide
308 2328 482 2371 primum,
518 2326 599 2371 quia
624 2327 707 2359 fides
730 2333 780 2360 est
805 2334 920 2360 motus
946 2326 1050 2370 spiri-

60 2378 182 2418 tualis,
224 2391 294 2424 quo
328 2377 548 2421 agnoscimus
581 2377 857 2411 misericordiam
892 2376 976 2417 Dei,
1013 2378 1049 2409 in

60 2426 201 2462 Christo
230 2430 443 2474 propositam
461 2456 469 2468 ,
504 2429 584 2462 ideo
616 2429 707 2472 parit
731 2428 946 2471 agnitionem
974 2428 1049 2469 Dei,

62 2479 283 2514 dilectionem
330 2488 362 2514 et
396 2480 483 2513 alios
527 2480 640 2512 bonos
680 2487 815 2516 motus,
855 2479 1050 2513 invocatio-

64 2541 144 2562 nem
172 2538 234 2564 etc.
287 2531 392 2573 Item,
426 2532 493 2564 fide
514 2531 685 2574 accipitur
715 2530 870 2575 Spiritus
898 2537 1050 2571 sanctus,

64 2580 123 2625 qui
142 2582 266 2616 excitat
285 2584 395 2616 bonos
412 2589 528 2616 motus
547 2589 579 2615 et
597 2594 724 2614 novam
750 2581 987 2615 obedientiam
1011 2581 1048 2614 in

63 2632 239 2666 cordibus.
307 2634 488 2674 Secundo,
520 2632 593 2666 Lex
619 2633 730 2678 placet
764 2639 909 2676 propter
933 2632 1049 2673 fidem,

62 2682 98 2715 id
122 2689 189 2723 est,
219 2682 430 2729 Quanquam
448 2685 514 2728 legi
532 2696 604 2717 non
621 2684 892 2723 satisfaciamus,
920 2689 1048 2725 tamen,

111 2736 291 2771 MELANTH.
321 2738 423 2771 Ormi.
464 2738 546 2768 VoL.
571 2737 649 2769 XV.

279 103 381 142 Xlll.
431 105 466 138 2.
496 99 861 138 COMMENTARH
888 100 938 138 ΙΝ
964 100 1119 141 ΕΡ18Τ.
1147 103 1295 140 PAULI
1314 104 1389 149 ‚AD
1417 103 1682 144 ROMANOS.
1734 106 1838 145 CAP.
1866 108 1929 148 IV.

2042 113 2119 151 594

1126 189 1210 234 quia
1225 201 1345 225 sumus
1361 190 1398 225 in
1414 189 1575 235 Christo,
1602 193 1714 238 placet
1734 194 1802 228 iam
1828 207 1920 230 nova
1945 198 2115 234 obedien-

1125 241 1171 274 tia
1184 266 1193 280 ,
1220 249 1251 275 et
1273 242 1307 274 id
1327 243 1422 287 quod
1439 245 1533 278 deest
1549 246 1774 280 condonatur
1789 248 2012 283 credentibus
2030 263 2113 295 pro-

1127 298 1202 335 pter
1227 288 1485 330 Christum.

1224 341 1292 376 Hic
1316 344 1515 378 intellectus
1538 347 1753 382 necessarius
1774 356 1843 389 est,
1872 357 1911 385 ut
1929 352 2112 386 conscien-

1123 392 1190 425 tiae
1216 399 1357 428 teneant
1378 395 1514 428 firmam
1538 397 1836 443 consolationem,
1863 408 1897 436 et
1920 411 2112 446 agnoscant

1121 444 1336 477 ineffabilem
1364 446 1641 480 misericordiam
1667 449 1759 490 Dei,
1800 453 2029 496 approbantis
2055 455 2111 488 in-

1119 501 1252 528 coatam
1276 495 1535 538 obedientiam,
1563 499 1598 531 in
1616 511 1683 544 qua
1714 500 1907 543 plurimum
1934 511 1984 538 est
2010 505 2109 538 infir-

1120 545 1249 579 mitatis
1285 553 1316 580 et
1341 547 1572 584 obedieutiae.
1650 548 1701 583 Ita
1730 548 1787 584 bic
1812 552 1943 587 Paulus
1973 556 2107 601 inquit:

1120 595 1244 639 Legem
1263 597 1473 638 stabilimus,
1503 599 1536 631 id
1559 607 1627 640 est,
1655 601 1722 634 fide
1742 601 1944 646 implemus,
1972 613 2005 639 et
2022 607 2105 651 quia

1117 648 1350 681 conscientiae
1383 648 1538 692 placatae
1567 651 1634 684 fide
1666 661 1862 694 agnoscunt
1889 652 2030 697 Deum,
2072 665 2106 692 et

1116 699 1270 742 diligunt
1285 706 1317 733 et
1335 700 1520 740 invocant,
1548 708 1579 735 et
1598 702 1679 747 quia
1698 703 1835 738 incoata
1853 705 1915 739 illa
1934 707 2105 742 obedien-

1116 749 1161 783 tia
1180 762 1253 783 nou
1270 751 1440 795 placeret,
1467 751 1537 785 nisi
1556 752 1622 787 fide
1642 765 1794 788 essemus
1811 757 2040 792 reconciliati.

1482 898 1617 953 Caput
1659 902 1737 945 IV.

1145 985 1252 1034 Quid
1285 987 1400 1035 igilur
1443 987 1601 1024 dicemus
1645 990 1824 1027 invenisse
1870 992 2064 1031 Abraham

1427 1045 1570 1087 patrem
1598 1043 1791 1077 nostrum?

1211 1114 1381 1161 Sequitur
1404 1117 1647 1158 confirmatio,
1674 1118 1711 1151 in
1730 1132 1798 1164 qua
1822 1121 2011 1165 diligenter
2029 1124 2102 1158 dis-

1109 1166 1296 1200 tribuenda
1326 1174 1408 1201 sunt
1434 1166 1671 1210 Argumenta,
1698 1176 1733 1203 et
1756 1171 1797 1203 ad
1825 1173 2102 1216 propositionem

1110 1218 1304 1251 referenda.
1375 1217 1471 1251 Haec
1511 1219 1605 1250 enim
1638 1231 1712 1253 non
1748 1221 1862 1255 solum
1892 1225 2103 1261 confirmant

1110 1269 1406 1312 propositionem,
1433 1269 1492 1302 sed
1524 1270 1719 1313 plurimum
1741 1272 1845 1306 etiam
1873 1274 1960 1308 lucis
1986 1277 2017 1309 ei
2039 1278 2102 1310 ad-

1109 1320 1209 1354 dunt.
1275 1318 1458 1352 Praeclare
1484 1321 1588 1353 etiam
1616 1322 1762 1363 docent,
1797 1326 1984 1367 muniunt,
2017 1339 2101 1361 con-

1107 1371 1269 1403 solantur
1300 1376 1335 1404 et
1366 1371 1506 1414 erigunt
1545 1379 1680 1405 nostras
1717 1375 1974 1420 conscientias,
2019 1390 2100 1413 cum

1108 1428 1288 1464 anguntur
1321 1422 1364 1454 de
1395 1422 1601 1455 remissione
1632 1432 1852 1467 peccatorum
1882 1435 1915 1462 et
1948 1429 1990 1461 de
2020 1440 2100 1472 gra-

1108 1471 1166 1507 tia.
1222 1471 1425 1506 Monstrant
1444 1473 1538 1506 euim
1555 1474 1669 1508 fontes
1689 1472 1793 1509 huius
1810 1479 2037 1522 quaestioniS,
2067 1487 2100 1515 et.

1109 1523 1377 1566 promissionem
1405 1521 1589 1568 Evangelii
1624 1528 1863 1562 eruditissime
1893 1530 2099 1567 discernunt

1106 1586 1123 1606 a
1158 1573 1255 1617 lege,
1296 1575 1501 1608 discernunt
1530 1582 1561 1609 et
1594 1575 1768 1610 iusticiam
1795 1579 1880 1623 legis
1915 1588 1947 1615 et
1978 1581 2098 1616 Evan-

1106 1625 1201 1668 getii.

1208 1691 1320 1726 Porro
1336 1692 1466 1726 mirum
1486 1693 1522 1726 in
1542 1695 1686 1728 modum
1705 1693 1762 1730 hie
1780 1704 1945 1733 extenuat
1964 1699 2096 1735 Paulus

1107 1750 1139 1777 et
1168 1743 1289 1777 abiicit
1316 1744 1489 1777 iusticiam
1516 1745 1619 1787 legis,
1642 1754 1867 1793 utnusquam
1884 1750 1980 1786 alias.
2013 1751 2097 1786 Ideo

1105 1796 1295 1839 prudenter
1311 1795 1504 1829 videndum
1523 1805 1592 1836 est,
1619 1811 1690 1842 quo
1717 1800 1888 1842 pertineat
1915 1799 2000 1836 haec
2024 1804 2096 1837 dis-

1105 1846 1252 1889 putatio.
1289 1845 1436 1889 Quaerit
1457 1847 1549 1879 enim
1568 1850 1610 1881 de
1630 1849 1765 1883 iusticia
1787 1864 1901 1884 coram
1914 1851 2009 1886 Deo:
2036 1854 2093 1888 An

1104 1897 1240 1930 iusticia
1267 1905 1385 1930 nostra
1419 1898 1525 1940 possit
1551 1901 1682 1943 opponi
1720 1903 1915 1936 terroribus
1949 1906 2093 1947 peceati,

1104 1948 1175 1981 irae
1191 1955 1223 1981 et
1240 1948 1372 1981 iudicio
1384 1949 1473 1982 Dei?
1502 1949 1559 1982 An
1578 1963 1836 1997 consequamur
1852 1954 2092 1989 remissionem

1106 2006 1324 2043 peccatorum
1343 2007 1487 2044 propter
1508 2008 1662 2034 nostram
1689 2004 1913 2046 dignitatem:
1942 2006 1999 2039 An
2026 2019 2093 2040 no-

1103 2057 1173 2084 stra
1202 2050 1353 2094 dignitas
1386 2052 1510 2085 liberet
1542 2064 1606 2085 nos
1632 2065 1649 2085 a
1676 2062 1814 2098 peccato
1844 2063 1876 2089 et
1906 2068 1923 2089 a
1957 2058 2093 2092 morte?

1104 2101 1160 2135 An
1180 2101 1217 2134 in
1238 2114 1319 2135 vero
1338 2114 1448 2145 agone
1468 2103 1680 2138 conscientia
1707 2106 1832 2140 debeat
1859 2108 1923 2140 niti
1949 2109 2091 2152 propria

1104 2152 1299 2196 dignitate?
1348 2154 1406 2186 An
1431 2165 1513 2187 vero
1540 2155 1779 2190 misericordia
1815 2165 1957 2202 propter
1985 2157 2090 2193 Citri-

1103 2213 1193 2237 stum
1210 2204 1406 2251 promissa?
1440 2203 1496 2238 Ad
1515 2203 1581 2238 hoc
1599 2214 1773 2240 certamen
1792 2209 1993 2243 referendae
2009 2218 2089 2245 sunt

1105 2253 1168 2288 bae
1193 2256 1458 2289 extenuationes
1475 2256 1633 2290 iusticiae
1660 2258 1762 2300 legis,
1791 2271 1862 2292 non
1887 2261 1929 2293 ad
1953 2273 2090 2296 securas

1104 2306 1352 2347 conscientias,
1380 2314 1439 2340 aut
1464 2308 1505 2339 ad
1535 2309 1640 2340 vitam
1669 2310 1894 2351 exteriorem,
1921 2319 1981 2345 aut
2003 2313 2090 2346 civi-

1102 2357 1182 2391 lem.
1236 2356 1324 2390 Nam
1345 2356 1576 2400 Evangelium
1595 2360 1824 2394 concionatur
1846 2363 1888 2395 de
1911 2363 2086 2411 spirituali

1102 2415 1134 2441 et
1155 2415 1294 2441 aeterna
1319 2409 1407 2449 vita,
1436 2410 1666 2443 concionatur
1689 2412 1731 2443 de
1756 2424 1835 2445 vera
1862 2415 2088 2457 poenitentia,

1101 2466 1134 2493 et
1159 2459 1287 2493 liberat
1310 2472 1328 2493 a
1355 2467 1494 2502 peccato
1520 2466 1552 2492 et
1580 2471 1595 2492 a
1625 2469 1751 2498 morte.
1825 2461 1989 2498 Exterior
2017 2467 2086 2499 vita

1101 2508 1204 2545 habet
1229 2522 1316 2555 opus
1342 2510 1527 2554 disciplina
1552 2517 1584 2544 et
1609 2511 1696 2555 lege.
1750 2512 1819 2547 Sed
1845 2516 1887 2549 de
1910 2514 1975 2549 hac
1995 2524 2086 2550 exte·

1100 2562 1192 2595 riore
1211 2562 1280 2596 vita
1302 2573 1374 2594 non
1393 2561 1593 2605 disputatur
1608 2560 1675 2596 boc
1693 2564 1781 2598 loco.

1202 2629 1284 2663 Ideo
1310 2628 1441 2662 Paulus
1468 2629 1597 2663 diserte
1622 2633 1800 2674 praefatur
1825 2634 1867 2667 de
1894 2632 2086 2673 Abrabam,

1100 2681 1161 2727 qui
1179 2678 1303 2715 babuit
1320 2680 1449 2713 multas
1467 2681 1673 2715 excellentes
1693 2690 1724 2718 et
1750 2682 1906 2719 heroicas
1930 2686 2087 2728 virtutes,

1407 2731 1455 2765 38
