2415 2942
260 108 333 144 695

264 193 460 228 doctrinam
480 191 522 223 de
541 188 625 228 fide,
656 192 690 220 et
710 182 969 224 vociferantur,
1003 181 1164 217 homines
1188 182 1242 216 iu-

264 252 334 279 stos
360 254 429 276 csse
452 238 696 283 magnitudine
721 235 970 273 afflictionum,
1014 241 1046 268 et
1074 234 1145 268 suis
1166 234 1246 279 qui-

265 294 411 328 busdam
430 287 771 327 illuminationibus,
798 292 901 330 atque
919 285 966 319 ita
982 286 1153 319 abiiciunt
1171 297 1249 318 ver-

266 347 350 377 bum
367 350 398 375 et
415 342 611 375 doctrinam
635 340 679 372 de
700 338 778 370 fide.
828 336 976 370 Prorsus
1001 337 1082 369 talia
1107 337 1251 369 fuerunt

268 395 352 428 olim
397 393 626 425 deliramenta
667 385 958 422 Manichaeorum
993 394 1025 421 et
1059 385 1252 420 Enthusia-

270 453 412 478 starum.
448 442 518 475 Nec
535 448 583 474 est
602 440 707 473 nnius
724 438 891 482 temporis
910 449 1026 478 error,
1042 438 1142 470 facile
1159 438 1251 470 enim

269 495 482 529 delabuntur
500 490 660 525 homines
686 490 722 522 in
748 489 832 522 tales
855 489 1139 532 imaginationes,
1175 500 1253 522 cum

271 546 393 579 leviter
409 544 563 576 sentiunt
581 543 622 575 de
639 541 746 573 verbo
764 539 840 572 Dei.

373 594 420 627 l‘li
446 591 692 627 Enthusiastae
713 590 872 632 fugiendi
897 596 930 623 et
953 589 1136 623 execrandi
1163 595 1255 623 sunt.

274 646 318 680 Et
332 646 532 683 sciendum,
559 643 652 688 quod
673 643 769 675 Deus
789 652 862 673 non
880 641 964 674 velit
990 641 1092 673 aliter
1116 639 1256 682 agnosci

274 705 307 731 et
325 693 541 740 apprehendi
560 706 656 726 suam
683 693 899 725 voluntatem
924 692 967 723 de
992 697 1130 733 peccato
1157 696 1189 722 et
1215 690 1257 721 de

276 748 403 791 gratia,
439 746 506 779 nisi
533 745 569 776 in
597 744 725 782 verbo,
767 749 798 775 et
821 741 916 786 quod
942 740 1094 784 Spiritus
1120 746 1258 773 sanctus

276 810 338 843 per
355 797 499 829 verbum
519 796 561 827 sit
579 794 708 827 efficax.
762 791 863 824 Hanc
884 792 1039 834 regulam
1067 798 1259 831 teneamus,

278 857 309 882 et
331 854 471 892 propter
492 844 581 878 hanc
598 851 728 876 tantam
747 853 884 875 causam
902 842 998 874 omni
1023 840 1159 875 honore
1184 841 1259 874 asfl-

278 900 410 933 ciamus
424 924 433 936 ,
460 903 492 929 et
512 895 740 927 defendamus
758 892 992 925 ministerium
1017 892 1115 925 verbi
1141 891 1260 934 publi-

279 961 368 983 cum.
416 945 461 980 Et
481 944 541 978 has
559 944 748 978 sententias
765 954 901 987 semper
919 941 1107 976 habeamus
1122 943 1158 975 in
1177 954 1261 975 con-

279 1005 415 1043 spectu:
445 996 549 1029 Fides
565 1008 604 1028 ex
626 995 749 1027 auditu
767 1001 834 1033 est,
867 994 1007 1026 auditus
1025 1005 1086 1037 per
1113 994 1261 1026 verbum

279 1050 357 1084 Dei.
413 1047 515 1080 Item:
545 1047 733 1088 Quomodo
751 1044 895 1077 audient
914 1044 989 1076 sine
1019 1042 1265 1087 praedicante?

283 1101 385 1135 Item:
422 1099 538 1141 Quam
566 1096 711 1140 speciosi
736 1096 840 1139 pedes
864 1095 1178 1138 evangelizantium
1203 1105 1265 1142 pa-

281 1163 368 1185 cem.

384 1199 546 1233 Secundo
573 1199 671 1231 docet
702 1194 758 1230 hic
784 1197 897 1235 locus,
933 1197 1027 1241 quod
1052 1196 1089 1229 in
1123 1196 1266 1228 invoca-

283 1253 378 1286 tione
403 1250 602 1294 requiratur
624 1249 725 1288 fides,
761 1248 795 1279 id
820 1254 890 1287 est,
925 1244 1008 1280 haec
1034 1247 1106 1290 ipsa
1129 1246 1267 1286 fiducia,

285 1315 352 1346 qua
374 1302 547 1334 credimus
565 1300 666 1332 nobis
682 1298 811 1331 remitti
829 1304 983 1340 peccata,
1017 1305 1047 1331 et
1074 1308 1136 1329 nos
1162 1309 1263 1329 exau-

285 1353 351 1386 diri
373 1348 715 1395 propterChristum‚
734 1345 1137 1392 sicutinquitChristus:
1157 1346 1267 1389 Quic-

285 1404 369 1448 quid
387 1401 555 1445 petieritis
572 1407 702 1443 patrem
723 1399 758 1430 in
776 1399 919 1431 nomine
936 1410 1030 1436 meo,
1052 1398 1086 1430 id
1103 1403 1170 1437 est,
1195 1408 1267 1429 non

286 1455 469 1487 atterentes
488 1458 634 1483 vestram
651 1449 874 1491 dignitatem,
890 1449 948 1481 sed
965 1449 1143 1481 credentes
1161 1447 1268 1490 recipi

287 1516 348 1537 vos
365 1510 398 1536 et
413 1501 568 1535 exaudiri
592 1507 733 1543 propter
752 1497 941 1532 (jhristum.
995 1498 1045 1531 lta
1067 1506 1099 1532 et
1124 1496 1180 1530 hic
1204 1499 1268 1530 do—

288 1561 355 1588 cet:
383 1552 571 1595 Quomodo
590 1551 821 1589 invocabunt,
848 1550 883 1581 in
901 1560 1002 1592 quern
1021 1561 1093 1581 non
1111 1549 1269 1581 credide-

288 1604 396 1638 runt'?
430 1604 462 1634 id
490 1609 557 1642 est,
592 1601 619 1633 si
646 1612 719 1633 non
746 1600 888 1632 credant
913 1598 1028 1632 Deum
1053 1610 1126 1631 esse
1150 1598 1269 1642 propi-

289 1656 383 1689 cium
398 1653 500 1697 ipsis,
527 1658 559 1685 et
580 1651 742 1684 exaudire
761 1662 876 1694 preces
894 1650 1067 1692 ipsorum,
1096 1661 1166 1682 non
1188 1660 1269 1692 pos-

291 1713 371 1739 sunt
388 1716 466 1737 eum
487 1704 661 1735 invocare.
713 1700 858 1734 Constat
875 1701 980 1743 igitur
997 1700 1129 1744 requiri
1157 1700 1192 1731 in
1216 1700 1269 1731 in-

291 1755 473 1789 vocatione
498 1754 612 1786 fidem.
675 1751 719 1785 Et
742 1750 824 1784 haec
850 1751 1037 1783 discrimen
1062 1751 1144 1784 facit
1179 1750 1271 1783 inter

293 1805 550 1839 invocationem
569 1803 726 1847 piorum,
761 1809 793 1835 et
819 1800 993 1835 ethnicam
1018 1813 1077 1835 seu
1105 1798 1271 1846 hypocri-

292 1859 406 1891 ticam.
459 1852 601 1888 Ethnici
621 1853 722 1886 etiam
742 1853 926 1892 invocant,
952 1853 1009 1884 sed
1029 1864 1106 1885 cum
1124 1849 1188 1884 hac
1207 1852 1272 1884 du-

293 1908 481 1946 bitatione,
514 1917 586 1937 non
603 1905 750 1936 credunt
773 1903 839 1936 sihi
856 1902 968 1935 Deum
997 1915 1067 1936 esse
1089 1903 1272 1945 placatum,

295 1967 327 1993 et
351 1968 469 2002 preces
493 1967 571 1988 suas
598 1954 742 1997 respici,
775 1960 834 1987 aut
856 1953 1026 1986 exaudiri.
1085 1952 1144 1986 Sic
1168 1953 1271 1985 etiam

295 2011 460 2041 invocant
483 2017 622 2043 omnes,
665 2005 724 2049 qui
751 2017 821 2037 non
847 2004 1050 2046 intelligunt
1076 2003 1271 2036 doctrinam

294 2057 480 2101 Evangelii
505 2059 547 2089 de
570 2055 814 2088 iustificatione
838 2062 869 2088 et
893 2055 971 2087 side.
1034 2053 1132 2087 Talis
1157 2061 1271 2086 autem

298 2108 474 2143 invocatio
491 2114 540 2140 est
557 2105 691 2138 inutilis
709 2112 740 2138 et
757 2106 933 2139 damnata.

397 2158 489 2192 llinc
506 2156 655 2199 intelligi
675 2162 804 2199 potest,
839 2161 989 2199 quantae
1014 2154 1179 2187 tenebrae
1206 2152 1274 2186 sint

299 2212 460 2252 illorum,
496 2208 556 2253 qui
586 2207 743 2240 iactitant
766 2217 800 2238 se
823 2217 895 2238 esse
918 2206 1079 2237 doctores
1099 2205 1273 2237 bonorum

299 2272 462 2304 operum,
488 2267 519 2292 et
537 2265 653 2291 tamen
677 2262 882 2288 aversantur
906 2255 1103 2288 doctrinam
1130 2256 1171 2287 de
1197 2254 1275 2288 fide.

299 2312 453 2344 Abolent
469 2310 562 2342 enim
582 2308 764 2351 praecipua
786 2318 890 2349 opera
906 2313 938 2338 et
958 2305 1099 2348 propria
1126 2305 1276 2349 piorum,

299 2362 426 2393 scilicet
444 2360 718 2398 invocationem,
751 2355 844 2398 Ergo
863 2368 933 2389 non
949 2356 1061 2388 solum
1080 2356 1160 2387 illae
1183 2367 1275 2387 cere-

299 2411 437 2443 moniae
463 2418 493 2443 et
521 2410 695 2442 orationes
721 2408 881 2451 publicae
906 2404 1058 2439 hostium
1083 2405 1276 2448 Evangelii,

299 2463 356 2493 sed
377 2472 496 2492 omnes
514 2472 631 2492 eorum
653 2459 805 2501 privatae
824 2469 941 2501 preces
966 2456 1067 2489 etiam
1094 2458 1277 2489 damnatae

299 2518 397 2550 sunt,
421 2510 549 2543 similes
567 2507 716 2542 ethnicis
733 2508 1033 2546 invocationibus,
1061 2507 1180 2551 quales
1200 2519 1277 2549 pas-

299 2563 363 2594 sim
383 2568 497 2594 extant
512 2560 547 2591 in
572 2559 752 2602 poematis.
807 2558 884 2592 Hoc
909 2558 1094 2599 diligenter
1116 2557 1275 2589 conside-

298 2613 447 2644 randum
466 2618 535 2650 est,
567 2616 604 2642 ut
622 2609 812 2645 discamus,
847 2609 960 2653 qualis
978 2620 1048 2640 esse
1073 2609 1195 2640 debeat
1222 2607 1277 2639 in—

298 2663 432 2696 vocatio
454 2673 513 2695 seu
538 2659 663 2693 oratio.
727 2658 830 2699 ltem,
860 2660 942 2703 quid
965 2659 1102 2692 intersit
1118 2659 1209 2691 inter
1229 2658 1275 2701 pii

829 95 954 132 PHlL.
984 96 1099 135 MEL.
1126 95 1338 133 SCRIPTA
1367 94 1681 134 EXEGETICA.'

2211 100 2285 135 696

1301 190 1333 218 et
1350 182 1451 228 impii
1467 183 1675 217 orationem.
1729 181 1838 224 Item,
1870 184 2007 229 qualem
2032 183 2134 217 fidem
2159 185 2285 220 afferre

1303 234 1378 278 pios
1410 235 1453 268 ad
1485 235 1723 268 invocandum
1750 240 1908 278 oporteat
1924 248 1931 268 :
1975 246 2057 268 nam
2081 234 2285 281 ubicunque

1304 286 1486 329 ignoratur
1503 285 1661 319 doctrina
1681 285 1724 317 de
1743 282 1808 318 hac
1825 284 1911 325 fide,
1944 286 1986 318 de
2002 297 2069 330 qua
2088 282 2145 318 hic
2164 286 2282 331 loqui—

1304 348 1401 376 mur,
1424 335 1639 380 impossibile
1655 342 1704 369 est
1723 335 1866 368 existere
1882 346 1998 367 veram
2016 335 2286 371 invocationem.

1303 385 1541 420 Confirmatur
1558 387 1650 419 enim
1670 385 1842 420 dubitatio
1864 392 1895 418 et
1915 385 2160 426 incredulitas,
2189 389 2284 432 quod

1304 436 1399 470 Deus
1417 449 1489 469 non
1509 437 1688 479 exaudiat,
1715 448 1787 470 non
1801 443 1917 477 curet,
1952 436 2023 468 imo
2041 435 2206 471 abiecerit
2231 438 2287 471 in-

1307 494 1503 523 vocantem.

1407 537 1479 571 Nos
1502 544 1618 571 autem
1644 535 1840 571 Christiani
1864 537 2039 570 discamus
2060 533 2150 570 hanc
2176 537 2290 572 incre-

1307 588 1489 622 dulitatem
1507 596 1684 632 peccatum
1703 600 1794 629 esse,
1811 595 1843 621 et
1861 599 2094 631 repugnemus
2110 585 2192 621 huic
2210 600 2289 632 pec-

1309 646 1402 677 cato,
1430 645 1463 672 et
1479 640 1651 682 erigamus
1668 652 1731 672 nos
1748 651 1827 672 vera
1844 639 2002 672 doctrina
2018 638 2060 671 de
2084 637 2170 680 fide,
2197 650 2291 672 eam-

1309 701 1376 734 que
1393 690 1541 723 sciamus
1558 691 1599 722 ad
1618 690 1877 724 invocationem
1892 689 2103 722 asserendam
2121 700 2210 730 esse,
2239 690 2293 722 vi-

1310 740 1452 781 delicet,
1481 747 1517 773 ut
1534 741 1717 774 credamus
1734 740 1847 774 Deum
1867 752 1946 773 vere
1970 739 2073 773 nobis
2096 740 2293 787 propicium

1310 802 1401 829 esse,
1428 798 1461 824 et
1479 791 1633 834 recipere
1649 798 1786 826 nostras
1810 801 1950 836 preces,
1986 796 2129 834 propter
2151 790 2295 835 pontifi-

1311 853 1384 874 cem
1404 839 1594 875 Christum.

1422 921 1613 970 Quomodo
1633 922 1792 966 credent,
1818 924 1942 959 sinon
1964 920 2189 958 audierunt?

1415 991 1538 1026 Tertio
1556 993 1655 1025 docet
1674 990 1730 1025 hie
1748 993 1864 1033 locus,
1886 1004 1958 1025 non
1977 992 2112 1036 placere
2128 990 2202 1025 Deo
2218 993 2294 1025 cul-

1313 1049 1370 1077 tus
1390 1042 1568 1076 institutos
1589 1043 1664 1075 sine
1679 1044 1786 1076 verbo
1801 1041 1888 1081 Dei,
1917 1043 1997 1088 quia
2014 1043 2088 1075 sine
2104 1043 2211 1076 verbo
2227 1041 2295 1076 Dei

1316 1105 1390 1126 non
1408 1100 1519 1137 potest
1536 1093 1681 1126 existere
1699 1094 1794 1129 fides.
1846 1092 1928 1126 Ideo
1947 1091 2004 1126 hic
2020 1093 2164 1126 dicitur:
2195 1092 2296 1135 Quo-

1317 1145 1423 1177 modo
1452 1145 1614 1184 credent,
1648 1143 1677 1177 si
1702 1156 1775 1177 non
1797 1144 2006 1177 audierint?
2038 1142 2208 1177 Continet
2231 1143 2298 1186 igi-

1319 1202 1375 1229 tur
1405 1192 1461 1227 hic
1490 1195 1587 1227 locus
1615 1195 1845 1238 multiplicem
1878 1194 2073 1228 doctrinam
2085 1218 2095 1233 ‚
2128 1193 2300 1236 videlicet,

1319 1246 1412 1290 quod
1432 1245 1636 1287 contingant
1652 1245 1818 1278 beneficia
1835 1243 1968 1278 Christi
1985 1257 2046 1289 per
2063 1244 2299 1279 ministerium

1320 1296 1429 1329 verbi.
1486 1295 1590 1336 Item,
1608 1303 1737 1340 quanta
1753 1296 1798 1330 sit
1815 1296 1999 1328 necessitas
2016 1302 2047 1328 et
2063 1295 2214 1337 dignitas
2231 1295 2300 1328 mi-

1320 1345 1467 1378 nisterii.
1522 1345 1625 1385 Item,
1653 1358 1739 1390 quae
1755 1346 1799 1380 sit
1816 1357 1896 1379 vera
1918 1345 2112 1386 invocatio,
2140 1345 2199 1389 qui
2223 1345 2298 1378 cul-

1320 1403 1375 1430 tus
1392 1395 1466 1428 Deo
1483 1396 1651 1439 placeant.

1365 1476 1489 1524 Quam
1508 1475 1661 1524 speciosi
1674 1474 1781 1524 pedes
1800 1476 2107 1510 annunciantium
2123 1487 2256 1522 pacem.

1422 1545 1533 1579 Addit
1576 1551 1692 1579 autern
1734 1544 1971 1577 dulcissimam
2011 1544 2216 1578 sententiam
2260 1556 2301 1578 ex

1321 1594 1445 1633 Esaia,
1480 1607 1567 1639 quae
1585 1595 1752 1627 describit
1774 1605 1919 1635 regnum
1938 1592 2086 1631 Christi,
2123 1601 2154 1627 et
2177 1596 2301 1628 admo-

1323 1653 1382 1680 net
1412 1657 1559 1688 regnum
1584 1645 1671 1678 illud
1697 1644 2015 1678 administrandum
2041 1655 2112 1676 esse
2139 1656 2200 1687 per
2222 1658 2300 1679 ver-

1324 1698 1406 1731 bum
1421 1723 1429 1737 ,
1457 1703 1489 1729 et
1507 1696 1648 1740 quidem
1665 1695 1923 1739 praedicatione
1941 1694 2023 1727 novi
2053 1695 2167 1735 verbi,
2204 1696 2300 1729 scili-

1324 1755 1376 1781 cet
1392 1746 1597 1789 Evangelii,
1627 1747 1662 1778 in
1681 1759 1750 1790 quo
1768 1745 2042 1779 annunciabitur
2062 1757 2146 1788 pax,
2180 1745 2214 1778 id
2242 1754 2302 1788 est,

1324 1799 1416 1831 salus
1434 1809 1492 1830 seu
1510 1797 1654 1830 salvatio
1671 1797 1841 1829 divinitus
1861 1797 2002 1831 donata.
2055 1795 2185 1840 Estque
2209 1797 2302 1830 anti-

1325 1847 1429 1883 thesis
1445 1848 1603 1892 opposita
1622 1847 1687 1890 legi
1706 1854 1737 1880 et
1758 1853 1914 1890 peccato,
1946 1852 1979 1879 et
2003 1846 2151 1879 miseriis
2178 1844 2303 1880 huma-

1325 1901 1399 1938 nis,
1428 1899 1526 1943 quasi
1543 1899 1650 1931 dicat:
1680 1897 1783 1931 Tune
1803 1897 1944 1930 tolletur
1960 1903 2157 1940 peccatum,
2187 1904 2218 1929 et
2235 1898 2304 1930 tol—

1326 1951 1443 1983 lentur
1460 1956 1591 1982 caetera
1609 1949 1717 1986 mala,
1746 1959 1833 1992 quae
1850 1959 1922 1980 non
1941 1946 2055 1990 potuit
2077 1946 2129 1979 lex
2155 1948 2302 1986 auferre,

1326 2008 1356 2034 et
1380 2000 1544 2033 afferetur
1569 2011 1648 2031 vera
1673 1998 1886 2039 consolatio,
1922 2004 1955 2032 et
1976 1997 2120 2030 donatio
2146 1998 2302 2032 iusticiae

1326 2058 1356 2085 et
1374 2051 1463 2083 vitae
1482 2057 1651 2084 aeternae.

1426 2100 1528 2142 Quod
1547 2100 1593 2133 ait
1607 2100 1711 2144 pedes
1728 2111 1799 2133 esse
1815 2098 1999 2139 amabiles,
2035 2095 2236 2142 metaphora
2253 2107 2303 2134 est

1325 2153 1367 2185 de
1383 2151 1521 2184 nunciis
1538 2152 1629 2184 etde
1647 2151 1772 2190 verbo,
1805 2150 1903 2195 quasi
1920 2149 2025 2182 dicat:
2061 2148 2302 2182 Ministerium

1324 2215 1384 2236 seu
1402 2203 1545 2235 verbum
1560 2227 1567 2241 ,
1597 2201 1688 2245 quod
1705 2201 1741 2233 in
1761 2201 1821 2233 illo
1839 2213 1932 2233 novo
1950 2210 2055 2241 regno
2081 2200 2302 2242 praedicabi-

1325 2260 1401 2296 tur,
1437 2253 1564 2285 mirum
1582 2252 1617 2283 in
1644 2252 1787 2284 modum
1809 2251 1957 2284 amabile
1984 2250 2065 2289 erit,
2098 2249 2177 2294 quia
2201 2250 2304 2284 assert

1324 2315 1377 2336 res
1404 2303 1572 2346 optimas,
1610 2303 1824 2344 agnitionem
1851 2300 2109 2334 misericordiae
2130 2299 2212 2340 Dei,
2248 2301 2304 2334 iu·-

1326 2354 1458 2388 sticiam
1480 2360 1511 2386 et
1528 2354 1634 2385 vitam
1659 2359 1846 2386 aeternam.
1900 2349 2062 2395 Opponit
2085 2356 2199 2383 autem
2217 2350 2305 2385 Pro-

1326 2403 1427 2448 pheta
1447 2402 1536 2436 hanc
1552 2415 1647 2436 snam
1666 2403 1902 2435 laudationem
1922 2401 2062 2434 iudiciis
2079 2401 2214 2436 mundi.
2242 2399 2305 2435 Est

1326 2455 1418 2487 enim
1443 2467 1576 2487 summa
1599 2453 1768 2487 acerbitas
1795 2453 1867 2486 odii
1892 2453 2055 2485 adversus
2074 2450 2304 2495 Evangelium

1326 2513 1357 2538 et
1384 2504 1566 2547 Evangelii
1604 2505 1802 2542 ministros,
1848 2503 1935 2536 sicut
1965 2502 2095 2535 Paulus
2134 2502 2304 2545 significat

1328 2556 1514 2599 Apostolos
1534 2552 1655 2588 haberi
1676 2567 1736 2598 pro
1759 2549 2033 2599 καθαρμάῑοις,
2068 2564 2174 2597 quare
2198 2565 2301 2586 mun-

1327 2608 1391 2639 ‹lus
1407 2617 1625 2650 nequaquam
1646 2603 1707 2638 hos
1722 2606 1843 2649 pedes,
1879 2605 1911 2636 id
1932 2611 1998 2646 est,
2032 2603 2180 2636 nuncios
2206 2603 2295 2636 iudi‘

1327 2664 1377 2690 cat
1410 2668 1481 2690 esse
1510 2656 1676 2689 salutares
1709 2662 1741 2690 et
1772 2655 1949 2691 amabiles.
2009 2653 2186 2688 Adversus
2218 2653 2298 2687 talia
