2415 2942
263 120 310 154 83
847 115 972 152 PI‘IIL.
1006 114 1123 149 MEL.
1161 112 1369 148 SCRIPTA
1404 112 1704 150 EXEGETICA.
2247 113 2301 151 84

262 206 527 252 consequimur,
555 205 658 248 iusti,
686 203 751 237 linc
775 210 841 243 cst,
869 203 1000 246 accepti
1020 202 1092 236 Deo
1110 209 1252 246 reputa·
1278 209 1286 251 [
1307 214 1441 247 poenae
1457 213 1578 235 omnes
1595 202 1778 235 inferiores
1793 207 1875 235 sunt
1898 208 2011 236 morte
2027 201 2091 235 filii
2108 199 2188 238 Dei.
2225 200 2297 235 Ne-

264 270 362 293 mur.
392 265 421 290 ct
446 258 679 291 xix-iticannir,
709 253 773 286 lxoc
801 261 869 294 est,
907 266 997 286 nova
1024 254 1093 286 xita
1121 260 1154 287 et
1177 254 1254 286 luce

266 309 468 344 induimur,
504 320 590 349 quae
617 312 664 337 cst
690 305 841 336 inem-:tio
867 304 956 337 vitae
981 311 1153 338 aeternae.
1210 303 1255 338 Et

267 357 372 390 Zaa-li.
394 360 463 389 12.-
504 355 693 389 Effundam
713 367 817 402 super
838 356 981 388 domum
999 354 1111 388 David
1142 363 1173 389 ct
1198 367 1256 389 su-

270 421 330 451 per
367 406 595 438 habitatorem
626 405 731 438 tsi-..Ul
764 406 928 449 spiritum
955 406 1086 448 gratiae
1119 414 1151 440 et
1178 418 1257 450 pre-

270 470 359 491 cum.
412 455 473 489 Est
490 464 522 489 et
542 455 623 489 lucc
640 457 815 490 luculenta
836 456 1023 499 descriptio
1051 458 1258 490 reconcilia-

270 508 376 541 tionis
395 515 422 539 ct
443 507 726 549 regenerationis.
781 508 934 551 Spiritus
952 508 1101 549 gratiae,
1136 509 1169 541 id
1197 515 1259 547 est,

270 559 328 602 qui
356 559 557 591 testificatur
589 558 624 589 in
654 558 775 594 noliis,
819 569 882 590 nos
908 558 981 591 Deo
1007 566 1122 600 gratos
1148 567 1179 592 et
1202 571 1258 591 ac-

271 617 386 651 ceptus
403 621 492 647 esse,
522 610 554 640 id
581 609 635 645 lit,
663 621 741 640 cum
767 609 833 641 title
852 609 1038 650 erigimur,
1074 622 1112 642 ae
1136 610 1259 642 statui-

272 671 349 691 mus
390 660 492 691 noliis
537 660 664 691 remitti
708 666 843 702 peccata
886 666 1029 703 propter
1069 658 1261 693 Christum.

270 708 408 743 Deinde
437 711 553 753 agnita
580 710 818 742 misericordia
846 709 930 749 Dei,
965 710 1151 753 incipimus
1182 722 1261 743 eum

273 762 455 797 invocare,
483 769 513 793 ct
534 772 595 792 nus
615 761 642 793 ci
667 761 855 800 subiicere,
882 761 969 793 sicut
987 760 1116 793 Paulus
1135 761 1262 804 inquit,

272 811 378 845 lium.
394 813 445 846 8.:
476 811 668 854 .ch‹‘pistis
694 811 856 854 spiritum
878 811 1078 854 adoptionis
1098 811 1263 849 liliorum,

273 875 343 906 quo
361 863 551 895 clamamus
567 863 668 894 Abba
693 869 801 904 pater.
856 861 974 903 Quare
995 859 1183 893 Zacharias
1202 873 1264 903 ap-

274 913 404 946 tissime
421 913 543 944 nomin
558 919 580 945 1t
599 912 760 954 spirltum
781 924 942 955 precum,
977 911 1058 955 quia
1086 912 1263 944 invocatio

274 964 440 1006 proprius
458 964 571 995 cultus
597 969 645 994 est
664 963 773 994 solius
792 960 986 1002 Ecclesiae,
1011 974 1049 994 ac
1067 962 1195 995 deinde
1211 973 1265 994 re-

274 1013 404 1058 liquam
425 1013 661 1045 obedientiam
680 1013 936 1056 complectitur.

395 1095 456 1130 Sic
473 1096 566 1130 enim
587 1095 690 1129 Deus
709 1093 842 1129 dilexit
859 1093 1055 1138 mundum,
1082 1101 1143 1132 clf.

375 1165 428 1198 De
455 1166 521 1198 lide
548 1172 580 1198 et
603 1164 849 1197 iustificatione
882 1165 950 1197 iam
978 1165 1061 1198 satis
1086 1164 1267 1208 perspicue

274 1217 502 1250 concionatus
526 1223 575 1249 est
595 1213 776 1252 Cliristus,
814 1222 927 1248 tamen
953 1217 1099 1247 candem
1125 1223 1267 1248 senten—

276 1269 360 1301 tiam
389 1269 456 1299 iam
491 1278 613 1300 rursus
641 1266 812 1307 inculcat,
849 1266 967 1299 addita
990 1266 1089 1299 brevi
1113 1278 1266 1298 comme-

274 1319 469 1351 moratione
501 1330 633 1350 causae.
704 1316 762 1349 Sic
794 1316 887 1349 Deus
920 1317 1041 1349 dilexit
1080 1318 1266 1351 mnndum.

275 1369 370 1402 Ilaec
395 1381 472 1412 pars
495 1368 677 1401 concionis
700 1368 803 1399 etiam
831 1367 939 1409 magis
962 1374 1101 1411 superat
1127 1374 1266 1410 captum
1289 1375 1290 1378 ’

276 1418 491 1459 humanum,
534 1432 637 1464 quain
668 1419 859 1461 superiora.
922 1417 1001 1450 Non
1034 1419 1145 1451 cernit
1178 1418 1265 1451 ratio

276 1472 375 1511 diligi
395 1469 556 1503 homines
575 1482 591 1502 a
608 1468 704 1509 Deo,
733 1481 811 1501 cum
833 1468 939 1501 tantis
964 1469 1143 1501 aerumnis
1158 1475 1190 1501 et
1210 1481 1268 1500 ca-

276 1522 494 1555 lamitatibus
521 1519 674 1553 humana
701 1527 824 1553 natura
854 1531 1017 1563 oppressa
1044 1520 1105 1559 sit,
1140 1519 1267 1551 deinde

278 1573 407 1606 accedit
440 1585 506 1604 vox
539 1571 642 1614 legis,
683 1583 771 1615 quae
805 1571 913 1613 magis
946 1571 1049 1602 etiam
1079 1570 1268 1603 denunciat

279 1737 359 1764 nos,
404 1725 439 1756 id
472 1730 616 1757 testatur
646 1735 709 1756 nos
741 1730 962 1756 contumaces
995 1734 1067 1755 esse
1098 1722 1163 1764 legi
1190 1720 1268 1756 Dei.

282 1775 383 1810 Unde
401 1775 505 1818 igitur
525 1782 657 1808 constat
675 1785 739 1806 nos
765 1773 865 1815 diligi
885 1785 901 1805 a
919 1773 1020 1806 Deo?
1073 1771 1140 1805 llic
1163 1770 1268 1805 Clu-i-

281 1833 352 1859 stus
376 1839 435 1859 sua
463 1838 548 1859 voce
578 1826 711 1869 profert
741 1821 807 1857 hoc
829 1822 1083 1866 Evangelium,
1118 1835 1158 1855 ex
1189 1824 1269 1855 sinu

280 1878 410 1910 aeterni
433 1877 551 1920 patris.
605 1875 699 1915 lmo,
726 1875 865 1919 inquit,
892 1875 989 1907 Deus
1014 1873 1130 1915 diligit
1154 1871 1272 1906 homi-v

281 1940 358 1965 nes,
393 1936 425 1961 ct
454 1926 695 1961 testimonium
729 1926 870 1957 evidens
900 1925 1016 1963 addit,
1052 1924 1132 1968 quia
1159 1924 1270 1956 filium

282 1991 383 2011 suum
411 1978 636 2021 unigenitum
666 1976 780 2017 dedit,
813 1976 894 2009 fecit
921 1975 1098 2008 victimam
1124 1987 1186 2018 pro
1214 1986 1296 2017 gre-¹

283 2042 364 2062 nere
384 2028 552 2062 humano.

386 2080 521 2114 Mirum
560 2085 610 2112 cst
641 2078 846 2116 consilium,
900 2084 932 2109 et
964 2077 1066 2118 longe
1103 2088 1272 2119 superans

283 2131 442 2164 omnium
470 2130 674 2173 angelorum
699 2136 802 2173 atque
829 2126 1013 2160 hominum
1044 2135 1202 2170 captum,
1239 2135 1272 2161 et

283 2182 381 2215 cuius
414 2181 623 2224 cogitatione
660 2191 782 2213 omnes
816 2176 977 2211 homines
1007 2180 1272 2211 contremiscere

285 2233 481 2275 oportebat,
511 2233 597 2265 sicut
615 2238 683 2264 tota
705 2238 827 2263 natura
846 2229 1066 2268 contremuit,
1084 2242 1160 2261 cum
1180 2230 1272 2262 filius

284 2282 350 2317 Dei
368 2284 402 2315 in
423 2295 522 2316 cruce
548 2283 729 2324 penderet.
791 2280 862 2313 'Nec
886 2280 997 2312 ullum
1026 2287 1075 2311 est
1101 2280 1272 2313 illustrius

287 2334 528 2368 testimonium
550 2334 583 2365 in
605 2340 778 2378 utrunque
807 2337 958 2375 partem,
988 2330 1058 2362 irae
1076 2329 1138 2362 Dei
1154 2338 1186 2364 ot
1206 2332 1272 2363 mi-

286 2385 513 2421 sericordiae,
561 2396 662 2428 quain
687 2395 779 2416 mors
811 2382 885 2414 silii.
955 2381 1069 2414 Multi
1100 2389 1179 2414 sunt
1205 2383 1272 2414 alia

287 2437 385 2479 signa
406 2436 476 2468 irae
489 2433 552 2467 Dei
568 2436 733 2467 adversus
759 2440 956 2477 peccatum,
985 2439 1022 2465 ut
1046 2443 1139 2464 mors
1167 2433 1274 2466 totius
1296 2434 1298 2451 ²

289 2487 423 2527 generis
448 2484 613 2527 hnmani,
642 2492 673 2518 et
691 2485 882 2525 singulares
901 2494 1032 2527 poenae
1049 2494 1151 2526 supra
1171 2491 1274 2517 natu-

288 2550 381 2578 ram,
407 2544 445 2570 ut
470 2537 644 2569 diluvium
672 2547 858 2568 commune
884 2534 946 2567 toti
970 2533 1069 2573 orbi,
1099 2532 1272 2567 Sodomo-

287 2601 365 2621 rum
398 2587 643 2629 confles-<ratio²
684 2584 880 2619 Pharaonis
912 2585 1074 2618 interitus
1103 2583 1139 2615 in
1171 2597 1297 2629 aqua„

288 2651 367 2671 cum
386 2638 491 2671 lsrael
510 2639 543 2671 in
561 2639 681 2671 eadem
700 2638 752 2669 via
779 2649 851 2669 non
879 2636 1084 2674 interiisset,
1121 2636 1273 2680 (lenique

289 2690 446 2723 infinitae
468 2690 626 2722 omnium
651 2686 836 2722 hominum
864 2687 1095 2727 calamitates,
1124 2688 1180 2719 scd
1208 2684 1272 2720 liae

1308 265 1398 287 cesse
1416 261 1465 287 est
1484 253 1591 296 igitur
1606 265 1724 286 veram
1744 259 1777 286 et
1794 253 1971 295 ingentem
1988 253 2076 286 iram
2095 264 2180 293 esse,
2209 263 2297 297 quae

1311 305 1438 348 placari
1456 304 1525 337 alio
1541 305 1647 337 modo
1665 316 1736 336 non
1757 303 1888 347 potuit,
1913 315 1986 337 non
2003 316 2085 337 nece
2095 303 2196 344 Abel,
2224 314 2298 336 non

1310 362 1440 395 morte,
1468 362 1501 388 et
1518 355 1596 388 aliis
1614 355 1763 388 miseriis
1782 354 1941 388 omnium
1960 361 2172 388 sanctorum.
2224 352 2298 387 Iam

1311 407 1502 449 cogitemus
1526 412 1656 450 quanta
1681 406 1725 439 sit
1752 398 1932 449 impietas,
1972 405 2161 449 propositis
2191 404 2298 438 tantis

1311 457 1478 500 exemplis
1499 457 1590 497 irae,
1623 463 1738 489 tamen
1762 467 1902 500 secure,
1935 456 1991 488 vel
2015 455 2206 499 negligere,
2244 454 2299 488 vet

1312 514 1535 540 contemnere
1551 507 1720 540 iudicium
1737 505 1816 542 Dei.

1414 557 1483 590 Sed
1501 564 1539 591 ut
1557 564 1733 602 peccatum
1751 557 1951 591 cumulatur
1968 557 2005 589 in
2022 554 2097 597 his,
2124 555 2186 601 qui
2205 567 2301 589 rnor-

1313 615 1381 641 tem
1398 608 1459 640 lilii
1477 608 1541 642 Dei
1558 615 1806 646 contemnunt,
1834 608 1880 641 ita
1899 619 2020 641 rursus
2042 605 2097 640 his
2113 607 2173 652 qui
2196 618 2301 650 expa—

1315 666 1476 697 vescunt,
1504 666 1554 692 est
1570 659 1811 693 testimonium
1836 670 2013 691 summum
2038 657 2301 692 misericordiae

1313 707 1396 749 Dei,
1434 707 1500 742 hoc
1531 710 1719 742 discrimen
1746 707 1908 743 Christus
1940 709 2031 742 infra
2064 708 2190 745 tradit:
2228 707 2302 750 Qui

1313 760 1404 792 mala
1421 761 1506 802 agit,
1534 761 1609 793 odit
1627 761 1751 795 lucem.
1787 759 1930 799 Securi,
1955 759 2079 800 ferrei,
2103 771 2175 794 non
2194 770 2302 805 agen-

1314 817 1363 843 tes
1390 811 1659 854 poenitentiam‚
1703 817 1935 844 contemnunt
1961 817 2109 844 mortem
2137 812 2201 844 filii
2224 811 2303 852 Dei,

1315 861 1374 893 sed
1393 862 1472 901 alii,
1498 861 1557 906 qui
1575 862 1753 896 veritatem
1776 861 1929 900 faciunt,
1966 861 2026 905 qui
2050 874 2122 895 non
2144 870 2226 896 sunt
2248 874 2303 896 se-

1315 911 1390 943 curi
1406 910 1591 955 Epicurei,
1623 912 1681 945 vel
1703 909 1924 956 hypocritae,
1949 912 2011 945 sed
2033 920 2226 954 agnoscunt
2246 914 2302 947 iu-

1314 961 1447 994 dicium
1470 961 1556 1002 Dei,
1593 969 1626 995 et
1650 962 1791 996 veritati
1814 963 1962 1003 cedunt,
1994 962 2148 997 fatentur
2170 976 2206 997 se
2231 976 2303 998 esse

1315 1023 1413 1052 reos,
1444 1019 1678 1055 expavescunt
1707 1020 1739 1046 et
1768 1013 1976 1056 confugiunt
2005 1014 2047 1045 ad
2068 1014 2180 1047 Deum
2208 1015 2303 1048 iuxta

1316 1062 1585 1105 promissiones,
1612 1060 1667 1095 his
1685 1075 1779 1095 mors
1800 1063 1863 1096 filii
1880 1063 1946 1097 Dei
1971 1064 2036 1098 erit
2055 1065 2181 1108 pignus
2196 1066 2302 1098 mise-

1315 1112 1507 1153 ricordiae,
1536 1120 1568 1146 et
1584 1113 1626 1145 de
1642 1110 1697 1145 his
1720 1112 1867 1146 dicitur:
1900 1113 1948 1148 Ut
1971 1116 2087 1148 omnis
2111 1116 2172 1161 qui
2193 1117 2304 1151 credit

1317 1164 1354 1195 in
1372 1175 1464 1203 eum,
1490 1175 1562 1196 non
1581 1169 1718 1207 pereat,
1746 1165 1804 1196 sed
1823 1161 1950 1198 habeat
1967 1166 2072 1199 vitam
2088 1174 2278 1202 aeternam.

1419 1213 1544 1247 Monet
1560 1220 1676 1247 autem
1692 1210 1750 1246 hit:
1766 1214 1878 1247 locus:
1907 1213 2004 1257 Quid
2023 1216 2066 1248 sit
2083 1217 2182 1257 fides,
2209 1218 2304 1250 scili—

1317 1270 1368 1297 cet
1387 1265 1528 1297 credere
1553 1266 1647 1308 quod
1675 1264 1865 1307 diligamur
1891 1277 1909 1298 a
1926 1264 2000 1299 Deo
2019 1274 2160 1310 propter
2179 1267 2304 1308 filium,
2332 1293 2339 1297 -

1316 1326 1394 1355 seu,
1421 1316 1514 1359 quod
1542 1315 1634 1347 idem
1656 1322 1725 1355 est,
1757 1315 1889 1348 dictum
1912 1316 1991 1349 aliis
2015 1318 2149 1359 verbis,
2177 1319 2305 1353 fiducia

1316 1365 1578 1398 misericordiae
1594 1371 1734 1409 propter
1751 1366 1874 1399 filium.
1926 1364 1973 1399 Et
1989 1367 2032 1399 ad
2049 1364 2112 1401 has
2127 1369 2305 1412 explican-

1315 1418 1395 1457 das,
1422 1423 1559 1460 oportet
1575 1416 1659 1449 addi
1675 1428 1715 1448 ex
1726 1415 1836 1449 Paulo
1853 1417 2062 1460 particulam
2081 1419 2187 1462 gratis
2199 1446 2208 1460 ,
2236 1418 2305 1453 hoc

1316 1474 1384 1507 est,
1419 1468 1513 1511 quod
1540 1473 1682 1510 propter
1706 1467 1816 1499 filium
1841 1467 2070 1511 recipiamur,
2102 1482 2304 1515 quanquam

1316 1517 1465 1560 indigni.
1519 1517 1607 1550 Nam
1633 1529 1754 1550 omnes
1777 1515 1839 1551 has
1863 1518 2051 1552 conciones
2074 1520 2117 1552 de
2142 1521 2209 1554 fide
2224 1533 2304 1565 pas-

1289 1610 1291 1615 Ι
1316 1569 1380 1601 sim
1411 1568 1446 1600 in
1479 1566 1636 1601 historiis
1660 1566 1845 1610 Evangelii
1871 1569 2030 1603 obruunt
2054 1576 2087 1603 et
2110 1571 2305 1615 depravant

277 1624 382 1663 iram,
409 1623 539 1655 accedit
558 1629 589 1654 et
614 1622 783 1654 iudiciuin
812 1620 1062 1661 conscientiae,
1100 1622 1194 1665 quod
1219 1627 1291 1653 est'

278 1682 317 1708 ut
334 1673 464 1707 Paulus
486 1673 617 1717 inquit:
646 1670 931 1715 Chirographum
951 1672 1118 1715 scriptum
1147 1678 1267 1703 contra
1290 1666 1291 1686 ³

1318 1616 1489 1652 Monaclii
1503 1620 1706 1661 affingentes
1730 1619 1852 1652 falsam
1877 1619 2219 1664 interpretationem:
2247 1622 2306 1656 Sic

1318 1669 1495 1712 diligeris,
1529 1669 1577 1702 sic
1600 1670 1742 1713 prodest
1765 1671 1905 1702 credere
1932 1671 1970 1702 in
1993 1671 2124 1715 filium,
2168 1673 2195 1704 si
2222 1673 2304 1707 satis

1318 1718 1446 1753 habeas
1472 1720 1690 1754 meritorum.
1750 1719 1846 1753 Ilaec
1870 1720 2112 1764 interpretatio
2136 1723 2308 1756 transfor-

1318 1777 1389 1804 mat
1414 1768 1647 1813 Evangelium
1678 1770 1714 1802 in
1742 1770 1873 1813 legem,
1922 1778 1955 1804 et
1988 1772 2159 1815 extinguit
2190 1773 2306 1808 fidem.

1317 1820 1406 1854 Nam
1430 1819 1662 1863 Evangelium
1688 1821 1766 1853 ideo
1788 1828 1958 1856 monstrat
1980 1820 2182 1864 Christum,
2223 1826 2306 1870 quia

1318 1883 1391 1904 uon
1427 1869 1596 1904 habemus
1627 1872 1768 1912 merita,
1815 1877 1847 1904 et
1874 1872 1941 1915 legi
1967 1883 2040 1905 non
2065 1873 2307 1911 satisfacimus.

1321 1922 1439 1964 Quare
1464 1922 1651 1964 diligenter
1673 1922 1890 1955 observanda
1915 1929 1965 1956 est
1986 1923 2155 1965 particula
2172 1925 2306 1969 Gratis,

1319 1979 1455 2007 ut'vere
1472 1973 1707 2015 intelligatur,
1737 1973 1821 2016 quid
1840 1971 1896 2006 hic
1912 1973 2013 2005 fidem
2032 1975 2306 2011 nominetChri-

1320 2031 1411 2067 stus,
1448 2023 1612 2056 videlicet
1634 2023 1818 2063 fiduciam,
1859 2025 1953 2069 quod
1980 2036 1997 2056 a
2020 2023 2094 2058 Deo
2116 2026 2306 2070 diligamur

1319 2081 1354 2108 et
1375 2074 1588 2118 recipiamur
1613 2080 1757 2117 propter
1782 2074 1894 2106 filium
1925 2074 2154 2109 mediatorem
2186 2079 2306 2121 gratis,

1320 2138 1399 2159 cum
1432 2125 1575 2170 quidem
1606 2125 1714 2157 simus
1745 2125 1884 2167 indigni
1914 2133 1946 2159 et
1977 2125 2046 2166 rei,
2089 2127 2306 2163 observanda

1320 2183 1371 2210 est
1389 2183 1505 2210 autem
1529 2175 1718 2220 particula,
1746 2177 1840 2220 quod
1858 2176 1950 2209 filius
1966 2177 2171 2210 nominatur
2184 2180 2306 2223 unige-

1320 2228 1416 2260 nitus
1428 2255 1436 2268 ,
1463 2240 1543 2259 nam
1561 2223 1617 2260 hic
1637 2227 1848 2260 discernitur
1864 2239 1883 2260 a
1899 2227 1980 2260 filiis
1997 2228 2179 2271 adoptatis.
2216 2229 2306 2264 Nam

1321 2291 1399 2312 cum
1415 2276 1575 2312 Christus
1593 2285 1739 2311 vocetur
1755 2278 1895 2322 proprie
1911 2278 2050 2325 genitus
2069 2289 2088 2310 a
2102 2286 2215 2322 patre,
2242 2294 2306 2315 ne-

1321 2341 1413 2362 cesse
1430 2336 1479 2363 est
1496 2340 1575 2362 euin
1601 2340 1673 2361 esse
1695 2329 1738 2361 de
1762 2329 1954 2363 substantia
1978 2328 2104 2372 patris,
2139 2337 2178 2364 ut
2201 2343 2305 2376 supra

1323 2381 1455 2414 dictum
1473 2386 1532 2415 est.

1372 2462 1460 2500 Non
1485 2463 1578 2498 enim
1605 2463 1705 2497 misit
1726 2462 1832 2497 Deus
1857 2460 1987 2508 fillum
2014 2476 2138 2507 suum,
2179 2470 2216 2500 ul
2249 2466 2307 2501 ι’·ιι-

1425 2514 1532 2557 dicet,
1560 2519 1618 2551 etc.

1396 2583 1539 2629 Repetit
1581 2583 1726 2616 eandem
1760 2581 1964 2614 concionem
2004 2582 2116 2615 multo
2154 2584 2304 2626 dulcius,

1296 2635 1297 2666 i
1322 2635 1383 2667 etsi
1402 2636 1493 2668 silius
1512 2635 1639 2668 iudicat
1656 2633 1843 2673 mundum,
1859 2633 1991 2665 utalias
2009 2633 2154 2672 (licitur,
2182 2634 2305 2672 Ioann.

1322 2685 1372 2722 9.:
1408 2685 1448 2719 In
1467 2686 1637 2720 iudicium
1667 2684 1747 2717 veni
1773 2684 1810 2716 in
1836 2681 1931 2717 hunc
1953 2685 2124 2717 mundum
2145 2691 2226 2727 etc„
2253 2693 2307 2720 ta-
