2415 2942
272 89 340 124 127

269 185 354 218 quas
379 173 568 216 scripturas
591 170 695 205 citat‘,>
736 168 818 202 Post
844 168 1133 202 resurrectionem
1158 176 1256 203 erant

270 225 460 256 illustriora
487 222 701 257 testimonia,
737 220 818 263 quia
843 220 885 251 de
911 217 1053 253 Clu-isto
1079 226 1255 265 utrunque

269 275 434 307 scribitur
460 280 491 305 et
517 283 697 315 passurum
723 281 814 312 esse,
844 275 1009 303 ettamen
1028 283 1098 303 nou
1115 282 1256 304 mansu-

272 337 347 357 rum
366 325 400 356 in
418 330 546 357 morte,
574 322 630 353 sed
655 326 898 363 regnaturum.
951 319 1069 362 Quare
1099 321 1256 364 oportuit

633 370 678 403 Et
701 370 923 404 manifestum
948 371 1030 411 fuit,
1065 370 1157 405 hunc
1181 372 1256 405 siue

271 436 352 456 voce
371 423 477 455 ullius
498 420 651 454 hominis
676 421 818 454 alterius
836 433 875 453 ex
892 428 1003 455 morte
1022 422 1057 454 in
1076 423 1182 455 vitam
1201 434 1255 455 re-

270 481 429 505 vocatum
447 484 529 507 esse.
565 471 646 504 Fuit
664 472 769 513 igitur
787 471 951 512 Messias,
978 473 1066 506 sicut
1084 474 1125 505 de
1144 479 1255 505 morte

270 531 300 556 et
321 523 574 556 resurrectione
590 522 856 566 praedixerunt,
883 535 955 567 cap.
973 523 1030 558 53.
1059 521 1199 563 Esaiae,
1225 529 1257 555 et

270 573 361 608 Psal.
393 573 467 607 16.:
508 572 590 606 Non
615 573 794 617 relinques
817 572 969 606 animam
997 586 1107 606 meam
1137 574 1172 605 in
1201 573 1256 604 in—

269 625 386 664 serno,
428 635 491 656 nec
521 623 613 656 sines
651 630 809 657 sanctum
849 629 948 657 tuum
982 624 1100 656 videre
1135 635 1257 656 corru-

269 682 438 718 ptionem.

270 386 347 407 cum
368 373 582 406 reviviscere.

371 732 508 765 Deinde
540 738 616 775 post
646 742 800 764 eversam
831 729 1098 775 lerosolymam,
1132 730 1255 763 ruinae

270 784 403 827 templi,
433 791 462 815 et
483 782 614 815 eversio
635 782 740 814 totius
756 778 861 812 huius
879 780 1020 823 politiae
1040 782 1258 814 testabantur

270 835 405 867 venisse
423 833 599 866 Messiam.
648 830 740 873 Quia
758 831 994 873 irrefragabile
1012 838 1257 874 argumentum

271 893 340 923 est,
370 895 447 916 cum
464 888 621 925 oporteat
631 880 796 914 Messiam
817 882 946 920 venire,
973 888 1085 914 stante
1103 883 1255 915 secundo

271 934 400 978 templo
413 960 420 971 ,
448 939 481 965 et
498 930 613 964 adhuc
628 933 777 964 durante
793 932 913 975 politia
928 931 1095 975 Mosaica‚
1121 944 1258 965 necesse

271 993 319 1017 est
341 984 472 1016 venisse
488 995 578 1021 eum,
605 994 682 1014 cum
701 983 892 1015 secundum
912 982 1080 1025 templum
1098 983 1258 1015 funditus

271 1035 424 1068 deletum
441 1040 531 1072 erat,
559 1039 591 1066 et
616 1044 732 1065 eversa
760 1040 831 1066 tota
854 1033 986 1075 politia.
1041 1031 1091 1065 Ac
1117 1034 1259 1076 prodest

271 1084 336 1118 hoc
369 1091 612 1127 argumentum
649 1083 848 1115 meminisse
878 1084 1044 1115 adversus
1068 1083 1256 1116 amentiam

271 1135 503 1174 Iudaeorum,
532 1133 592 1178 qui
613 1131 728 1165 adhuc
747 1140 927 1176 expectant
945 1132 1123 1168 Messiam.
1177 1132 1258 1167 Est-

271 1198 338 1231 que
366 1185 544 1229 perspicue
569 1185 737 1217 traditum
764 1181 830 1216 hoc
855 1190 1099 1227 argumentum
1122 1184 1160 1216 in
1185 1183 1256 1217 Da-

272 1237 363 1269 niele
381 1243 411 1268 et
429 1235 601 1278 Haggaeo.

373 1294 441 1328 Sed
475 1295 577 1327 etiam
603 1294 646 1326 (le
671 1292 892 1336 praedicante
914 1290 1054 1326 Christo
1083 1290 1260 1326 habebant

273 1346 472 1381 testimonia
492 1344 611 1377 ludaei
631 1345 666 1376 in
685 1341 887 1387 Prophetis,
926 1344 1086 1376 videlicet
1111 1345 1153 1377 de
1173 1351 1260 1376 tem-

272 1409 374 1441 pore,
404 1397 446 1428 de
466 1396 640 1428 miraculis
660 1394 750 1434 eius,
785 1402 817 1427 et
841 1395 934 1438 quod
961 1406 1032 1426 non
1059 1402 1145 1427 esset
1165 1395 1259 1437 regio

273 1459 371 1480 more
404 1447 670 1485 dominaturus,
714 1445 772 1477 sed
799 1456 982 1488 sparsurus
1015 1443 1261 1488 Evangelium‚

274 1506 307 1532 et
340 1504 456 1541 postea
501 1507 664 1540 passurus
700 1502 732 1528 et
770 1502 1026 1528 resurrecturus
1064 1507 1103 1528 ex
1139 1502 1261 1530 morte.

275 1549 431 1591 Tempus
458 1547 704 1585 conveniebat,
744 1545 824 1590 quia
852 1546 920 1577 iam
939 1545 1099 1579 Danielis
1126 1543 1260 1579 hebdo—

274 1600 393 1632 mades
420 1597 651 1631 decurrebant
676 1597 718 1629 ad
746 1597 869 1635 finem,
910 1603 941 1629 et
966 1596 1139 1639 peregrini
1165 1609 1261 1641 reges

273 1655 468 1694 praeerant.
528 1647 580 1681 De
603 1647 781 1679 miraculis
804 1647 904 1679 etiam
928 1647 1087 1680 dixerant
1105 1640 1263 1690 Prophe-

276 1708 341 1734 tae.
410 1698 573 1732 Messiam
606 1697 732 1730 talibus
764 1697 972 1730 testimoniis
1004 1698 1261 1731 declaraturum

277 1762 348 1784 esse
367 1761 462 1782 suam
479 1749 688 1792 potentiam,
714 1755 751 1780 ut
768 1748 803 1780 iu
821 1745 923 1780 Esaia
942 1747 1084 1781 dicitur.

379 1816 446 1850 Sed
467 1816 546 1860 quia
567 1814 702 1848 Iudaeis
725 1814 826 1847 infixa
845 1821 917 1848 erat
940 1815 1116 1858 persuasio
1142 1816 1184 1847 (le
1208 1827 1263 1848 re-

279 1869 333 1909 gia
363 1867 604 1900 dominatione
636 1864 803 1904 Messiae,
845 1863 929 1897 haec
960 1866 1089 1908 species
1114 1865 1263 1898 maxime

279 1918 474 1952 deterrebat
498 1928 572 1956 eos,
602 1928 646 1948 ne
671 1914 750 1948 huic
770 1916 844 1948 viro
866 1915 1045 1948 Nazareno
1071 1917 1262 1957 crederent,

279 1969 362 2013 quia
392 1968 559 2000 videbant
599 1978 678 1999 eum
712 1978 782 1998 non
823 1966 998 1999 dominari
1031 1967 1124 2007 regio
1156 1979 1263 2002 more.

278 2019 385 2052 Hunc
411 2029 563 2050 errorem
587 2017 735 2049 maxime
759 2024 917 2059 poterant
946 2029 985 2049 ex
1006 2014 1263 2061 Prophetarum

281 2070 383 2103 dictis
411 2076 443 2102 et
469 2068 632 2101 omnibus
665 2067 831 2110 exemplis
854 2075 1052 2100 sanctorum
1079 2068 1265 2111 corrigere,

281 2132 368 2164 qnae
386 2120 574 2152 ostendunt
589 2117 776 2151 Ecclesiam
796 2118 984 2150 subiectam
1004 2130 1075 2151 esse
1093 2119 1204 2157 cruci,
1233 2126 1265 2151 et

280 2167 476 2212 Prophetae
508 2168 706 2213 clarissime⁸
729 2168 965 2200 vaticinantur
989 2170 1032 2200 de
1063 2177 1191 2209 morte,
1233 2176 1264 2202 et

282 2231 389 2262 regno
412 2227 550 2252 aeterno
575 2217 735 2251 Messiae.
795 2217 913 2259 Quare
940 2216 1102 2252 Christus
1127 2226 1266 2253 revocat

284 2270 430 2303 ludaeos
455 2282 471 2301 a
490 2268 756 2301 Pharisaeorum
782 2269 1021 2301 deliramentis
1041 2271 1080 2301 ad
1105 2269 1265 2313 Prophe-

283 2328 348 2354 tas.
411 2319 497 2352 Nam
521 2317 698 2351 Pharisaei
728 2318 850 2351 salsam
879 2318 974 2350 illam
1006 2320 1264 2361 persuasionem

284 2372 321 2402 in
341 2370 471 2414 populo
490 2370 531 2401 de
550 2369 640 2411 regia
660 2369 901 2401 dominatione
918 2370 1186 2405 confirmabant.

385 2435 526 2480 Repetit
549 2442 662 2468 autem
688 2434 777 2468 hanc
803 2436 1011 2468 sententiam
1038 2436 1075 2468 in
1098 2437 1185 2475 fine,
1218 2445 1268 2472 est

286 2489 347 2533 qui
373 2494 507 2520 accusat
530 2497 590 2518 vos
612 2485 745 2518 Moses:
781 2485 874 2527 Quia
900 2486 959 2518 ille
983 2487 1025 2518 de
1049 2499 1103 2519 me
1120 2488 1267 2531 scripsit.

285 2538 380 2571 Haec
397 2545 446 2570 est
463 2536 609 2578 insignis
625 2535 863 2579 interpretatio
881 2537 987 2570 totius
1004 2535 1133 2582 Moysi.
1162 2537 1266 2579 Quod

288 2600 408 2621 omnes
437 2587 516 2619 illae
547 2587 678 2630 primae
702 2586 934 2620 revelationes
961 2593 993 2620 et
1022 2587 1268 2630 promissiones

286 2640 395 2672 factae
413 2644 511 2678 sunt,
538 2644 576 2670 ut
593 2637 694 2670 sciret
707 2634 860 2670 Ecclesia
877 2637 959 2671 inde
975 2649 1086 2683 usque
1103 2639 1145 2672 ab
1163 2639 1266 2673 initio

854 84 980 121 PlllL.
1007 83 1122 120 MEL.
1149 83 1355 120 SCRIPTA
1381 82 1686 122 EXEGETICA.

2206 88 2287 125 128

1306 181 1341 203 se
1364 169 1472 214 recipi
1498 181 1516 203 a
1533 169 1627 210 Deo,
1667 175 1811 215 propter
1834 178 2021 206 venturum
2054 171 2290 208 liberatorem.

1307 220 1383 254 Hoc
1408 221 1565 254 continet
1598 221 1784 264 promissio
1807 221 1939 266 prima:
1980 222 2108 258 Semen
2132 223 2292 258 mulieris

1306 271 1526 305 conculcabit
1563 278 1667 315 caput
1711 271 1894 315 serpentis.
1968 274 2067 308 Haec
2106 274 2291 319 promissio

1281 351 1282 357 ,
1306 329 1422 366 postea
1443 322 1587 366 repetita
1605 319 1843 356 estAhrahae:
1872 322 1912 356 In
1930 325 2060 358 semine
2071 331 2131 359 tuo
2143 324 2292 359 benedi-

1307 379 1429 406 centur
1445 384 1568 406 omnes
1582 379 1710 416 gentes,
1749 373 1885 407 Deinde
1903 385 2023 408 rursus
2039 374 2142 409 Iacob
2159 375 2292 420 inquit:

1307 422 1427 456 Donec
1452 423 1567 456 veniet
1599 424 1769 464 salvator,
1811 424 1866 457 cui
1891 422 2133 460 adhaerebunt
2161 433 2291 470 gentes.

1308 472 1430 506 Postea
1446 473 1537 506 clare
1561 473 1692 507 dicitur
1706 473 1811 508 Deut.
1831 475 1905 510 18.:
1946 473 2158 520 Prophetam
2184 476 2295 510 susci-

1308 524 1389 556 tabo
1405 523 1452 555 eis
1474 524 1517 556 de
1540 524 1655 556 medio
1682 525 1828 559 fratrum
1853 537 2014 566 suorum,
2042 526 2130 560 sicut
2152 533 2204 567 te,
2231 532 2294 561 etc.

1309 572 1413 606 Hunc
1437 573 1606 617 praecipit
1623 572 1716 607 Deus
1741 576 1854 609 audiri
1886 582 1963 620 post
1988 575 2127 612 Mosen.
2188 576 2296 610 Prae-

1309 630 1400 656 terea
1418 629 1489 656 tota
1508 624 1560 656 lex
1578 630 1611 657 et
1628 630 1699 657 tota
1722 626 1844 669 politia
1863 632 1964 672 typus
1980 634 2030 661 est
2046 639 2163 660 rerum
2180 633 2293 661 aeter-

1308 685 1445 708 narum.
1499 674 1622 716 Agnus
1642 674 1849 718 significavit
1874 684 2062 710 venturum
2086 689 2235 721 agnum,
2262 683 2296 711 et

1309 724 1431 767 politia
1448 724 1506 756 illa
1527 736 1747 769 nequaquam
1764 733 1813 760 est
1828 733 2008 760 aeternum
2027 738 2186 770 regnum,
2214 738 2297 772 pro-

1309 775 1452 807 missum
1477 775 1627 818 populo,
1654 787 1717 808 nec
1742 777 1940 810 benedictio
1962 777 2043 818 illa,
2077 779 2120 811 de
2142 789 2210 822 qua
2234 777 2292 810 di-

1309 832 1392 858 cunt
1423 825 1689 868 promissiones,
1732 838 1820 871 quae
1850 827 2021 869 significat
2043 840 2105 872 per
2127 828 2293 861 Messiam

1307 876 1384 908 tolli
1402 882 1579 919 peccatum
1600 883 1632 909 et
1648 883 1809 918 mortem,
1835 884 1866 910 et
1883 878 2037 912 reddidit
2056 879 2161 912 vitam
2179 885 2291 911 aeter-

1308 938 1411 966 nam,
1456 924 1540 958 haec
1575 927 1735 959 nondum
1777 934 1859 961 sunt
1889 925 2044 962 exhibita
2077 941 2137 973 per
2167 929 2292 972 legem.

1309 976 1427 1018 Quare
1445 975 1562 1008 Moses
1587 984 1700 1010 certus
1719 978 1816 1011 testis
1841 984 1890 1011 est
1909 979 1952 1011 de
1970 978 2115 1020 Messia,
2144 979 2295 1013 allaturo

1308 1027 1608 1068 benedictionem,
1648 1028 1683 1060 id
1718 1034 1785 1069 est,
1828 1028 2002 1062 iusticiam
2035 1036 2069 1064 et
2102 1030 2208 1064 vitam
2238 1040 2297 1063 ae-

1309 1084 1456 1111 ternam.

1346 1157 1405 1193 Ne
1422 1158 1636 1193 existimetis
1653 1157 1753 1206 quod
1767 1171 1830 1205 ego
1848 1165 2084 1195 accusaturus
2099 1160 2169 1195 sim
2189 1173 2260 1198 ros,

1411 1227 1599 1272 Postquam
1616 1227 1776 1270 allegavit
1795 1227 1900 1268 Mosi,
1928 1234 1960 1261 et
1975 1228 2125 1261 aliorum
2135 1226 2296 1272 Prophe-

1311 1286 1424 1312 tarum
1442 1278 1681 1311 testimonium
1704 1285 1824 1311 contra
1842 1278 2009 1319 Iudaeos,
2035 1279 2133 1313 addit
2151 1278 2297 1312 conclu-

1311 1330 1466 1370 sionem,
1494 1328 1620 1361 Mosen
1637 1329 1710 1361 sore
1729 1336 1980 1367 accusatorem,
2011 1340 2083 1361 non
2107 1340 2153 1364 se.
2205 1328 2296 1362 Cum

1311 1388 1426 1413 autem
1453 1386 1614 1421 putarent
1639 1391 1674 1412 se
1699 1379 1847 1411 maxime
1872 1380 1961 1413 tueri
1986 1378 2127 1420 Mosen,
2163 1376 2297 1423 nequa-

1311 1442 1415 1475 quam
1436 1430 1680 1462 existimabant
1697 1427 1792 1462 hunc
1806 1430 1880 1462 sore
1898 1436 2144 1464 accusatorem.
2194 1427 2297 1463 Esset

1311 1487 1427 1514 autem
1460 1481 1562 1523 longa
1591 1480 1784 1521 enarratio,
1825 1480 1853 1513 si
1884 1481 1962 1525 quis
1987 1480 2105 1513 omnia
2133 1479 2299 1524 persequi

1312 1532 1432 1570 vellet,
1475 1543 1536 1563 cur
1569 1530 1686 1563 Moses
1721 1531 1765 1564 sit
1794 1537 1991 1571 accusator,
2033 1530 2186 1574 primurn
2216 1530 2300 1575 quia

1312 1583 1410 1616 Deus
1435 1592 1495 1624 per
1510 1581 1679 1614 traditum
1698 1581 1841 1614 verbum
1864 1581 2042 1624 redarguit
2066 1588 2098 1614 et
2120 1580 2300 1614 convincit

1313 1632 1501 1676 populum,
1537 1643 1599 1664 nec
1623 1643 1710 1675 opus
1735 1639 1783 1665 est
1808 1632 1877 1664 alio
1900 1638 2110 1665 accusatore.
2167 1629 2241 1663 Iam
2260 1630 2298 1663 in

1313 1695 1352 1715 eo
1378 1683 1485 1715 verbo
1517 1689 1664 1725 utraque
1698 1693 1778 1724 pars
1806 1688 1942 1714 accusat
1970 1681 2152 1725 populum.
2205 1681 2299 1714 Data

1313 1741 1361 1766 est
1380 1733 1452 1770 lex,
1481 1740 1513 1766 et
1530 1733 1754 1764 manifestum
1780 1739 1847 1772 est,
1883 1732 2051 1775 populum
2070 1743 2143 1764 non
2161 1731 2298 1765 satisfa-

1313 1796 1386 1816 cere
1405 1783 1484 1829 legi.
1538 1780 1614 1815 Erit
1633 1782 1739 1824 igitur
1756 1789 1934 1816 accusator
1949 1781 2078 1815 Moses.
2122 1780 2299 1822 Secundo,

1312 1833 1460 1866 traditae
1482 1839 1563 1865 sunt
1588 1832 1836 1876 promissiones
1863 1834 1905 1865 de
1922 1831 2071 1872 Messia‚
2100 1829 2162 1864 has
2179 1833 2298 1866 detor-

1313 1892 1421 1929 quent
1437 1886 1478 1916 ad
1498 1894 1643 1926 regnum
1663 1885 1880 1916 mundanum
1894 1908 1903 1921 ,
1931 1888 1963 1915 et
1986 1883 2196 1925 depravant,
2223 1893 2299 1915 non

1313 1932 1574 1977 amplectuntur
1597 1940 1636 1967 ut
1654 1934 1848 1974 debebant,
1874 1945 1938 1965 nec
1955 1932 2126 1976 recipiunt
2145 1939 2299 1966 caetero-

1315 1997 1391 2018 rum
1419 1982 1674 2027 Prophetarum
1705 1984 2042 2028 interpretationem.
2109 1981 2299 2016 Contradi-

1315 2043 1397 2068 cunt
1416 2035 1520 2078 igitur
1534 2035 1628 2075 Deo,
1663 2041 1695 2067 et
1713 2032 1900 2067 horrendis
1925 2031 2152 2077 blasphemiis
2169 2044 2204 2066 se
2220 2034 2298 2077 pol-

1315 2087 1437 2125 luunt,
1472 2085 1605 2118 violant
1628 2086 1760 2128 legem,
1800 2092 1833 2119 et
1864 2097 1936 2118 non
1970 2085 2085 2118 solum
2117 2084 2300 2125 abiiciunt,

1314 2138 1372 2170 sed
1401 2136 1504 2169 etiam
1531 2143 1761 2178 corrumpunt
1783 2136 2040 2180 promissiones
2065 2173 2068 2177 .
2100 2134 2194 2168 Haec
2220 2147 2300 2178 pec-

1315 2194 1388 2220 cata
1413 2187 1571 2220 ostendet
1593 2187 1641 2219 eis
1659 2186 1770 2227 Deus,
1804 2194 1837 2220 et
1860 2187 2042 2220 convincet
2061 2197 2118 2218 eos
2141 2186 2299 2218 testimo-

1316 2238 1384 2270 niis
1409 2237 1502 2270 Mosi
1532 2243 1563 2269 et
1594 2234 1861 2280 Prophetarum.
1914 2236 2009 2270 Deus
2032 2235 2127 2269 dedit
2152 2237 2298 2269 verbum

1316 2300 1416 2321 suum
1435 2284 1619 2330 Prophetis
1635 2295 1667 2320 et
1684 2288 1882 2331 Apostolis‚
1910 2295 1942 2320 et
1962 2286 2099 2319 addidit
2117 2286 2301 2321 manifesta

1316 2338 1534 2375 testimonia,
1571 2345 1609 2371 ut
1632 2339 1748 2370 omnia
1773 2338 1940 2371 miracula
1965 2338 2052 2370 facta
2077 2338 2121 2371 ab
2142 2338 2245 2371 initio
2261 2339 2300 2371 in

1319 2388 1490 2429 Ecclesia,
1528 2389 1759 2422 servationem
1782 2388 1878 2421 Noae
1901 2388 1937 2420 in
1961 2388 2116 2428 diluvio,
2143 2389 2302 2423 eductio-

1318 2452 1396 2472 nem
1423 2440 1543 2483 populi
1569 2451 1609 2472 ex
1632 2437 1810 2484 Aegypto,
1850 2438 2088 2471 defensionem
2114 2440 2213 2481 regni
2239 2452 2302 2484 per

1316 2490 1535 2531 Samuelem,
1558 2488 1749 2530 Davidem,
1774 2488 1910 2527 Eliam,
1937 2489 2125 2530 Elisaeum,
2151 2490 2303 2532 Esaiam,

1320 2542 1609 2574 resurrectionem
1635 2537 1786 2580 Christi,
1819 2540 2118 2573 resuscitationem
2141 2549 2301 2576 mortuo-

1318 2603 1395 2623 rum
1425 2592 1549 2625 factam
1580 2602 1641 2634 per
1664 2590 1863 2634 Apostolos.
1922 2589 2017 2624 Haec
2051 2592 2170 2626 omnia
2195 2593 2300 2627 simul

1317 2648 1421 2676 erunt
1443 2642 1616 2676 terribilia
1647 2641 1845 2676 testimonia
1870 2648 1990 2675 contra
2015 2654 2136 2677 omnes
2159 2644 2300 2688 impios,
