2415 2942
91 89 165 124 789

94 176 208 220 ipsum
227 176 321 210 velut
340 177 381 209 ad
403 176 569 209 vexillum
587 176 730 210 victoris
747 175 934 219 respicient
952 180 983 206 ct
1001 186 1082 207 con-
1109 173 1112 224 l

92 227 225 268 fugient
249 226 429 268 homines,
473 235 507 261 et
530 225 596 260 hoc
629 229 717 261 duce
740 239 780 260 ac
805 226 936 259 victore
963 226 1082 258 destu-

92 279 234 311 dentur.

195 336 266 370 lam
300 337 388 370 illud
419 337 523 370 etiam
549 336 682 369 indicat
711 335 813 380 quale
844 335 887 367 sit
919 335 1078 367 futurum

93 399 239 430 regnum
271 386 406 427 Chriti,
447 400 525 421 cum
552 388 616 420 ait:
646 386 865 430 Sperabunt‚
908 386 1076 427 significat

92 440 185 470 euim
213 451 275 470 nos
300 436 356 471 hic
380 450 439 480 spe
469 437 667 471 sustentari.
722 436 842 479 Quare
873 436 1015 468 iuterim
1043 437 1076 467 in

92 487 158 521 lioc
180 491 314 522 mundo
339 490 546 531 affligimur,
579 495 611 521 et
637 488 774 520 duriter
797 499 1018 525 exercemur,
1047 495 1073 518 et

92 547 207 572 tamen
226 541 450 573 defendimur
465 552 503 572 ac
520 539 691 581 eripimur
710 535 975 580 peerristum.
1008 537 1075 571 Sed

94 588 149 622 hic
167 591 309 633 exiguus
327 589 516 623 versiculus
534 597 603 621 tam
623 589 731 621 multa
750 589 1015 631 complectitur,
1040 595 1076 621 ut

91 653 296 674 enumerare
323 641 439 674 omnia
466 639 607 672 difficile
630 639 693 679 sit,
729 645 868 673 tantum
893 639 1009 677 abest,
1038 646 1074 671 ut

91 692 264 735 explicare
287 704 340 724 me
362 702 459 735 posse
481 690 667 725 confidam¹

194 750 285 783 lllud
305 750 409 783 etiam
426 749 663 782 adiiciendum
685 755 754 789 est,
783 749 878 793 qnod
906 747 1074 781 describi—

91 808 148 834 tur
166 802 201 834 in
221 812 327 844 regno
345 798 479 834 Christi
496 812 655 833 summus
679 800 794 833 cultus
817 811 907 839 esse,
936 811 1075 843 sperare

91 852 127 883 in
146 864 235 886 eum.
289 851 328 884 Id
346 851 521 894 egregium
544 851 623 883 fidei
642 851 868 894 praeconium
887 857 953 890 est,
981 851 1073 894 quod

90 900 184 934 Deus
203 902 388 945 praecipue
404 902 469 935 coli
488 902 562 935 vult
580 899 643 934 hac
664 914 724 945 spe
743 909 776 935 et
793 902 919 934 fiducia
940 901 1071 933 miseri-

89 952 239 985 cordiae.
268 951 314 986 Et
330 953 486 986 continet
503 964 663 994 magnam
682 953 974 992 consolationem,
996 963 1074 983 cum

91 1003 184 1035 enim
201 1000 290 1036 hanc
308 1016 404 1046 spem
425 1005 579 1048 requirat
598 1006 764 1037 adversus
783 1004 869 1037 iram
883 1030 891 1043 ,
920 1004 1075 1046 profecto

90 1054 163 1087 odit
185 1060 218 1087 et
237 1051 400 1098 prohibet
424 1055 715 1098 desperationem.

190 1111 373 1146 Praeterea
391 1114 516 1147 tribuit
538 1111 594 1147 hic
612 1114 804 1147 versiculus
819 1111 961 1148 Christo
981 1112 1072 1145 divi-

89 1175 169 1196 nam
189 1164 404 1211 potentiam,
433 1164 530 1198 iubet
550 1165 713 1198 invocare
731 1162 912 1197 Christum
929 1176 1001 1196 non
1019 1175 1073 1196 re—

86 1221 252 1257 gnantem
279 1215 477 1249 visibiliter.
533 1215 634 1249 lubet
658 1216 695 1248 in
723 1228 802 1248 eum
828 1227 976 1259 sperare.
1033 1213 1070 1246 ld

87 1272 178 1298 certe
209 1272 259 1299 est
289 1266 444 1299 tribuere
475 1267 505 1298 ei
538 1267 695 1299 divinam
727 1266 939 1310 potentiam,
976 1265 1070 1309 quod

87 1316 269 1358 exaudiat,
296 1317 389 1361 quod
416 1317 460 1350 sit
485 1317 603 1350 efficax
629 1318 666 1349 in
693 1317 815 1360 nobis,
848 1329 926 1350 cum
953 1322 1070 1348 tamen

87 1378 160 1399 non
182 1374 340 1400 versetur
358 1368 541 1401 nobiscum
559 1367 691 1401 visibili
711 1375 744 1401 et
764 1368 902 1401 mortali
921 1379 1068 1400 consue—

86 1418 226 1458 tudine,
261 1419 319 1451 sed
344 1430 416 1451 non
446 1430 586 1461 possum
613 1419 775 1452 evolvere
801 1419 941 1459 onmia,
981 1429 1070 1463 quae

85 1465 142 1501 hic
165 1466 290 1502 Esaiae
316 1469 413 1502 locus
435 1469 604 1503 continet.

186 1526 282 1561 Haec
310 1528 402 1568 dixi,
440 1535 479 1562 ut
510 1529 553 1562 de
583 1529 643 1562 illa
681 1529 867 1577 praecipua
899 1529 1070 1574 particula

88 1578 254 1611 lectorem
293 1580 538 1620 admonerem,
597 1592 742 1625 eamque
776 1581 873 1614 velut
911 1581 949 1613 in
988 1580 1071 1613 illu-

88 1628 213 1661 striore
235 1629 314 1662 loco
338 1641 524 1672 ponerem,
566 1631 662 1674 quod
693 1631 795 1663 docet
828 1643 893 1664 nos
925 1642 1072 1673 regnum

87 1676 221 1713 Christi
246 1691 319 1712 non
342 1691 414 1713 esse
432 1691 578 1721 regnum
596 1680 694 1713 exitii
709 1687 742 1714 et
760 1680 987 1725 perditionis,
1013 1680 1072 1712 sed

88 1741 235 1773 regnum
258 1731 332 1775 spei
356 1742 394 1764 ac
418 1730 551 1764 salutis.

252 1815 383 1855 Certus
408 1833 488 1854 sum
518 1824 637 1854 aulem
657 1820 803 1868 fraires
832 1820 907 1854 mei.

175 1895 352 1931 Absoluto
367 1894 435 1930 hoc
453 1904 525 1931 toto
544 1897 620 1930 loco
639 1898 681 1929 de
699 1909 763 1930 usu
783 1898 1074 1935 ceremoniarum,

89 1948 170 1994 quia
194 1948 309 1981 videri
334 1955 469 1992 poterat
492 1945 735 1981 vehementius
759 1949 981 1991 obiurgasse,
1016 1957 1074 1982 aut

88 2006 179 2033 certe
203 2006 339 2033 notasse
366 2007 439 2033 tum
462 2000 643 2032 abutentes
667 1999 846 2040 libertate,
887 2007 961 2033 tum
987 2000 1074 2033 alios

89 2061 267 2088 morosos,
308 2050 370 2094 qui
397 2062 459 2093 per
485 2049 769 2093 superstitionem
806 2051 1001 2095 iniquiores
1042 2059 1073 2085 et

90 2101 285 2145 asperiores
309 2107 409 2133 erant
434 2100 537 2133 bonis
561 2101 722 2134 libertate
746 2103 941 2135 utentibus:
977 2103 1076 2135 addit

90 2152 348 2185 excusationem
373 2162 441 2195 qua
462 2163 583 2184 rursus
607 2152 743 2195 mitigat
765 2153 969 2186 universum
996 2166 1072 2186 coe.-

89 2209 165 2235 tum
183 2202 257 2235 eius
271 2201 458 2235 Ecclesiae.
510 2201 600 2235 Nam
625 2199 710 2235 haec
732 2205 906 2237 excusatio
932 2205 1074 2238 liberta-

88 2254 152 2294 tis,
177 2265 254 2286 meo
276 2253 425 2293 iudicio,
454 2253 594 2296 proprie
613 2253 762 2296 pertinet
781 2255 824 2286 ad
842 2252 937 2288 hunc
956 2255 1073 2289 locum

90 2304 133 2337 de
148 2315 214 2337 usu
233 2304 532 2344 ceremoniarum,
559 2303 596 2336 in
618 2316 688 2348 quo
710 2305 771 2338 etsi
790 2306 907 2338 brevis
923 2314 973 2340 est
996 2319 1075 2339 ora-

91 2354 162 2395 tio,
189 2361 308 2388 tamen
324 2356 352 2388 si
370 2355 449 2399 quis
471 2355 674 2388 observabit
692 2355 882 2389 verborum
909 2359 1076 2400 pondera,

93 2405 218 2439 sentiet
234 2418 306 2439 non
322 2406 478 2440 molliter
501 2413 669 2450 utrosque
687 2407 868 2449 castigari,
903 2408 1076 2448 videlicet,

93 2462 127 2489 et
147 2457 360 2499 praeferoces
376 2457 473 2497 illos,
500 2457 561 2502 qui
585 2457 718 2502 ubique
734 2458 801 2491 sibi
819 2458 944 2492 volunt
960 2459 1076 2492 omnia

94 2506 217 2547 licere,
251 2514 283 2541 et
307 2508 390 2541 istos
415 2507 602 2549 Timones‚
630 2508 691 2552 qui
717 2510 933 2542 ceremonias
955 2522 1076 2554 super-

94 2557 228 2590 stitiosa
246 2560 394 2602 quadam
412 2565 444 2592 et
460 2558 601 2593 Iudaica
618 2560 799 2603 diligentia
817 2561 997 2594 observari
1015 2574 1076 2605 po-

95 2608 244 2650 stulant,
267 2609 329 2642 ubi
347 2611 376 2642 si
394 2622 497 2654 quem
515 2610 683 2652 offendit,
709 2608 766 2645 hic
784 2623 904 2645 rursus
929 2612 1079 2647 civiliter

94 2659 226 2703 placat,
254 2659 359 2705 idque
384 2660 430 2694 ita
458 2661 550 2698 facit.

276 58 376 126 ¹XIII.
427 91 463 126 2.
491 86 854 126 COMMENTARH
885 87 934 124 IN
960 83 1117 122 EPIST.
1145 77 1294 115 PAULI
1324 76 1392 113 AD
1420 77 1684 119 ROMANOS.
1731 83 1835 123 CAP.
1860 87 1939 128 XV.

2052 92 2127 127 790

1237 164 1326 200 Cum
1346 167 1627 203 benevolentiam
1645 172 1807 206 conciliet
1826 173 1988 218 inprimis
2008 174 2122 212 hono-

1135 217 1228 250 rifica
1256 220 1299 250 de
1323 230 1384 258 eo,
1425 219 1486 263 qui
1510 232 1587 253 cum
1616 222 1769 264 agimus,
1797 226 1936 269 opium,
1966 230 2118 271 primum

1135 268 1259 301 tribuit
1295 269 1344 301 eis
1381 269 1520 302 laudem
1551 277 1583 304 et
1618 273 1808 315 bonitatis,
1853 285 1885 309 et
1928 280 2116 315 doctrinae.

1134 315 1271 350 Deinde
1289 320 1442 352 ostendit
1460 332 1495 352 se
1513 321 1629 354 officio
1647 325 1836 358 adductum
1849 353 1856 365 ,
1885 340 1957 361 nou
1984 338 2051 363 tam
2080 340 2117 365 ut

1132 369 1269 401 doceret
1290 381 1360 409 eos,
1380 382 1484 413 quain
1502 378 1540 403 ut
1557 372 1758 407 admoneret
1779 377 1909 413 doctos.
1940 380 2025 413 Nam
2040 396 2115 415 rer-

1130 420 1212 450 bum
1232 420 1450 452 admonendi
1475 420 1592 453 minus
1618 419 1721 457 habet
1739 425 1953 462 offensionis.
2008 433 2116 466 (jum—

1128 482 1194 513 que
1223 470 1329 502 officii
1354 471 1568 504 mentionem
1592 472 1692 511 fecit,
1727 476 1842 509 obiter
1866 491 2113 517 commemorat

1128 532 1232 564 quam
1259 521 1327 553 late
1351 521 1516 564 sparserit
1532 521 1790 566 Evangelium,
1820 535 1853 561 et
1876 538 1913 563 ut
1933 532 2033 565 fidem
2053 532 2112 567 lia-

1128 572 1232 604 beant
1257 583 1338 604 suae
1365 573 1563 613 doctrinae,
1598 573 1722 616 allegat
1747 584 1778 609 et
1806 579 1991 622 miracula,
2026 597 2113 627 quae

1127 622 1359 664 comprobant
1390 623 1613 663 doctrinam,
1653 637 1743 669 quae
1775 630 1975 663 meminisse
2009 636 2111 666 debe-

1127 684 1223 712 mus,
1258 680 1295 707 ut
1319 673 1469 706 sciamus
1501 685 1565 706 nos
1596 681 1671 708 tuto
1703 688 1800 718 posse
1826 683 1984 715 assumiri
2012 683 2112 718 Pauli

1126 724 1325 764 doctrinae,
1355 732 1521 769 tanquam
1541 726 1648 758 verbo
1668 725 1749 765 Dei,
1778 742 1814 761 ac
1845 739 1937 764 certo
1962 735 2111 769 sciamus

1126 773 1227 806 Pauli
1244 775 1441 808 doctrinam
1461 788 1478 807 a
1496 773 1571 807 Deo
1589 779 1819 819 approbatam
1839 794 1919 815 esse,

1230 825 1414 858 Caeterum
1433 823 1489 858 hic
1508 826 1634 859 iterum
1662 829 1786 862 alludit
1813 834 1852 863 .=‹1
1878 833 1991 866 lovum
2017 848 2112 868 cotn-

1130 888 1271 908 munem
1294 879 1336 909 de
1353 877 1535 916 sacrificiu,
1564 890 1641 910 cum
1660 880 1717 917 ait,
1741 892 1775 912 se
1792 886 2112 919 s.1c==u·11::2=·etimu-

1127 927 1254 968 gelium
1281 935 1343 960 etc.
1403 926 1483 960 Dixi
1509 935 1623 960 autem
1647 942 1771 973 supra,
1807 935 2012 968 sucrificium
2041 951 2112 971 esse

1127 989 1231 1020 opus,
1259 979 1353 1022 quod
1379 990 1441 1010 nos
1466 977 1540 1011 Deo
1566 981 1766 1021 reddimus,
1801 991 1835 1016 ut
1863 998 1940 1017 rum
1978 985 2112 1022 honore

1127 1028 1335 1068 afficiamus,
1362 1040 1401 1060 ac
1418 1029 1591 1062 fateamur
1606 1043 1684 1063 eum
1705 1045 1784 1065 vere
1801 1033 1911 1067 Deum
1935 1049 2024 1077 esse,
2051 1042 2110 1083 qui

1128 1090 1190 1110 nos
1207 1080 1367 1113 exaudiat
1387 1087 1449 1114 etc.
1502 1078 1589 1113 Cum
1613 1089 1727 1114 autem
1755 1096 1884 1117 novum
1905 1087 2111 1122 Testamen-

1126 1137 1200 1162 tum
1230 1131 1384 1175 requirat
1409 1142 1525 1163 veram
1552 1132 1716 1165 noticiam
1745 1133 1832 1172 Dei,
1878 1144 1908 1169 et
1939 1138 2110 1173 iusticiam

1126 1180 1264 1220 cordis,
1296 1181 1397 1214 affert
1423 1181 1515 1213 enim
1542 1194 1621 1215 cum
1647 1184 1715 1215 vita
1739 1193 1876 1219 aeterna
1904 1191 2110 1232 sapientiam

1126 1239 1157 1264 et
1183 1231 1356 1264 iusticiam
1383 1239 1582 1273 aeternam,
1612 1231 1714 1268 habet
1741 1233 1890 1276 hostias,
1918 1252 1989 1273 non
2015 1254 2111 1275 mor-

1126 1289 1200 1315 tuas
1218 1285 1366 1325 pecudes
1380 1308 1389 1322 ,
1419 1284 1477 1315 sed
1495 1295 1549 1316 res
1566 1283 1663 1317 vivas
1682 1297 1720 1317 ac
1738 1296 1935 1331 perpetuas,
1966 1290 2031 1324 hoc
2049 1301 2111 1333 est,

1125 1334 1249 1371 corda,
1286 1345 1375 1378 quae
1409 1333 1560 1367 offerant
1600 1336 1767 1370 noticiam
1804 1338 1886 1377 Dei,
1939 1342 2112 1383 timorem,

1123 1384 1244 1424 fidem,
1280 1385 1561 1425 invocationem,
1600 1387 1895 1428 praedicationem
1928 1390 2112 1436 Evangelii

1124 1442 1157 1468 et
1180 1435 1429 1468 beneficiorum
1449 1435 1530 1474 Dei,
1571 1437 1762 1479 gratiarum
1796 1442 1989 1484 astionem,
2026 1458 2111 1478 con-

1125 1486 1309 1519 sessionem
1324 1513 1332 1526 ‚
1374 1487 1602 1530 patientiam,

1125 1538 1259 1570 dientes
1274 1538 1340 1580 legi
1357 1537 1435 1573 Dei.

1126 1588 1255 1622 moniis
1273 1587 1450 1623 Leviticis.

1228 1638 1331 1672 Nunc
1349 1647 1464 1673 autem
1483 1651 1615 1673 novum
1634 1639 1910 1686 Testamentum,
1940 1648 2019 1692 quia
2039 1661 2112 1683 non

1128 1689 1283 1722 continet
1304 1692 1463 1731 umbras,
1490 1692 1547 1724 sed
1565 1691 1770 1735 sapientiam
1791 1704 1823 1729 ct
1843 1697 2015 1732 iusticiam
2034 1713 2113 1733 cor-

1129 1741 1201 1781 dis,
1237 1751 1310 1772 non
1338 1738 1443 1774 habet
1472 1743 1704 1784 ceremonias,
1739 1758 1826 1788 quae
1850 1749 1919 1781 sint
1945 1751 2113 1784 sacrificia

1131 1805 1169 1825 ex
1192 1803 1296 1835 opere
1321 1799 1476 1835 operato.
1532 1790 1572 1824 Iu
1598 1793 1672 1835 lege
1691 1794 1832 1829 Levitae
1858 1803 2114 1842 praeparabant

1131 1842 1281 1882 hostias,
1315 1849 1349 1876 et
1378 1843 1577 1876 mactabant
1603 1846 1769 1887 pecudes,
1802 1847 2008 1884 Sacerdotes
2031 1865 2112 1886 vero

1130 1894 1336 1927 offerebant.
1408 1893 1457 1928 lta
1493 1893 1529 1926 iu
1566 1906 1659 1927 novo
1697 1895 1923 1934 Testamento
1960 1903 2112 1937 ministri

1128 1945 1328 1988 Evangelii,
1357 1952 1389 1978 et
1405 1945 1559 1978 offerunt
1579 1946 1663 1989 ipsi,
1693 1953 1725 1980 et
1749 1948 1834 1982 alias
1859 1948 1989 1986 hostias
2015 1966 2114 1997 prae-

1129 2005 1264 2040 parant.
1317 1994 1406 2029 Cum
1423 1996 1518 2028 enim
1537 1997 1662 2030 docent
1680 1996 1932 2042 Evangelium,
1959 2010 1991 2037 et
2010 2017 2114 2048 prae-

1128 2049 1246 2081 dicant
1271 2047 1550 2080 misericordiam
1576 2046 1660 2088 Dei,
1696 2061 1773 2082 cum
1800 2051 1967 2087 invocant
1990 2055 2114 2096 Deum,

1128 2111 1204 2132 cum
1224 2106 1331 2142 agunt
1349 2099 1490 2141 gratias,
1511 2110 1591 2131 vere
1608 2099 1804 2135 sacrificant
1823 2110 1854 2135 et
1871 2104 2022 2139 offerunt
2041 2105 2116 2140 Deo

1127 2151 1278 2188 laudem,
1296 2157 1326 2183 et
1346 2150 1498 2182 fatentur
1515 2161 1593 2181 eum
1619 2161 1699 2182 vere
1725 2163 1796 2184 esse
1811 2151 1925 2187 Deum
1944 2162 1976 2189 et
1994 2156 2118 2191 Salva-

1128 2210 1250 2241 torem,
1275 2201 1364 2234 sicut
1381 2202 1422 2233 ad
1441 2199 1622 2233 Hebraeos
1637 2201 1806 2244 scriptum
1824 2211 1889 2238 est:
1917 2204 1985 2239 Per
2002 2208 2117 2251 ipsum

1128 2252 1317 2286 offeramus
1333 2250 1483 2285 hostiam
1503 2251 1617 2284 laudis
1634 2263 1770 2295 semper
1785 2253 1876 2296 Deo,
1901 2255 1935 2288 id
1955 2264 2025 2300 est,
2043 2259 2119 2293 fru-

1129 2311 1221 2337 ctum
1239 2304 1416 2336 labiorum
1435 2303 1677 2335 confitentium
1696 2304 1831 2337 nomini
1852 2306 1937 2341 eins.

1231 2353 1368 2388 Deinde
1390 2365 1468 2386 cum
1496 2355 1644 2392 docent,
1675 2364 1883 2397 praeparant
1910 2359 2012 2392 etiam
2033 2361 2120 2394 alias

1129 2404 1271 2440 hostias.
1333 2404 1423 2438 Nam
1458 2402 1493 2437 hi
1521 2404 1582 2448 qui
1609 2406 1757 2437 credunt
1783 2404 1998 2451 Evangelio,
2030 2411 2120 2446 fiunt

1131 2458 1234 2490 etiam
1262 2455 1417 2496 hostiae,
1454 2454 1729 2494 mortificantur,
1758 2453 1823 2489 hoc
1852 2466 1920 2500 est,
1948 2468 2120 2504 perterre-

1131 2509 1218 2541 fmut
1250 2508 1369 2551 agnito
1403 2513 1564 2550 peccato,
1604 2511 1638 2538 et
1663 2506 1904 2550 vivificantur,
1939 2512 2123 2555 eriguntur

1131 2559 1256 2592 fiducia
1288 2557 1548 2591 misericordiae
1576 2554 1662 2594 Dei,
1705 2563 1736 2589 et
1769 2569 1963 2601 agnoscunt
1996 2562 2122 2600 Deum.

1135 2610 1253 2655 ltaque
1270 2610 1425 2642 offerunt
1445 2608 1475 2640 ei
1494 2607 1773 2647 invocationem,
1802 2611 1994 2653 gratiarum
2014 2615 2122 2649 actio-

1134 2674 1233 2702 nem,
1260 2660 1538 2701 confessionem,
1574 2658 1800 2702 patientiam,
1835 2668 1869 2696 et
1893 2663 2024 2697 similes
2051 2666 2122 2699 vir-

1571 2705 1649 2749 50?

1655 1496 1685 1521 et
1719 1490 1851 1524 similes
1884 1502 1998 1527 motus
2026 1497 2109 1529 olie-

1487 1536 1533 1571 Et
1557 1535 1640 1571 haec
1658 1540 1847 1582 significata
1866 1552 1945 1577 sunt
1964 1546 1999 1578 iu
2019 1559 2113 1581 cere—
