2415 2942
111 92 186 130 665
276 91 377 129 ΧΙΙΙ.
431 93 467 127 2.
494 90 857 128 COMMENTARII
886 91 934 127 IN
967 89 1122 129 EPIST.

1147 89 1295 128 PAULI
1322 90 1390 126 AD
1417 90 1684 132 ROMANOS.
1737 94 1849 130 CAP.
1878 95 1977 131 vlu.
2073 98 2147 133 666

112 179 343 223 Evangelinm
377 191 454 213 non
479 180 586 213 modo
613 178 730 212 incoat
752 177 1011 218 obedientiam,
1043 178 1102 211 sed
1155 177 1346 213 mittuntur
1362 180 1450 213 sacta
1467 187 1588 215 contra
1606 181 1874 225 conscientiam,
1901 189 1961 217 aut
1975 195 2052 217 cum
2070 196 2144 218 non

111 231 214 267 etiam
231 230 373 265 subiicit
388 242 454 264 nos
469 230 692 264 obedientiae
711 241 790 273 erga
811 227 939 264 Deum.

192 311 297 349 Nam
314 313 350 347 si
363 311 559 348 secundum
577 324 720 347 carnem
738 310 925 354 vixeritis,
955 315 1017 347 etc.

210 381 452 426 propositioni
470 382 567 415 addit
587 382 673 414 duas
694 380 859 416 rationes.
912 379 1030 413 Prima
1050 386 1099 413 est

109 440 223 468 sumta
242 445 258 466 a
277 433 411 477 poenis.
463 431 510 467 Et
529 431 585 466 hic
606 432 702 465 locus
719 444 759 465 eo
780 432 1022 464 observandus
1038 438 1099 471 est,

108 492 148 518 ut
165 492 345 518 teneamus
365 483 553 517 discrimen
571 482 702 527 peccati
720 482 898 522 mortalis,
926 490 958 516 et
976 482 1094 515 venia-

109 536 217 576 lium,
247 533 311 568 hoc
328 542 394 575 est,
422 535 565 577 talium,
601 545 690 578 quae
715 534 868 567 existunt
892 533 927 567 in
955 533 1095 568 sanctis.

110 585 203 629 Quia
220 587 313 618 enim
333 586 468 630 inquit:
497 585 535 619 Si
552 585 706 618 actiones
722 596 843 618 carnes
860 585 986 628 spirim
1001 596 1095 618 mor-

108 637 303 678 tificabitis‚
330 637 472 677 vivetis,
500 643 645 669 testatur
662 647 734 668 esse
752 636 788 668 in
813 636 943 670 sanctis
959 636 1094 681 aliquas

108 688 264 721 actiones
293 688 453 728 vitiosas,
487 687 650 720 videlicet
681 687 1026 731 concupiscentiam,
1062 693 1095 720 et

109 739 256 772 vitiosos
286 738 434 772 affectus
471 738 704 782 multiplices,
754 738 1014 772 dubitationem
1050 739 1094 770 de

106 789 200 828 Deo,
244 801 317 822 non
347 790 468 822 ardere
491 790 615 822 timore
640 788 722 830 Dei,
762 790 850 830 fide,
893 790 1094 830 dilectione,
1120 815 1122 842 ὲ

105 841 288 883 segnitiem
308 839 345 872 in
363 840 586 874 invocatione
605 838 717 885 (quod
736 841 787 873 illi
807 848 978 875 vocarunt
1004 839 1094 885 ἀκη-

105 889 210 933 δίαν)
227 891 498 934 impatientiam,
522 891 907 930 slammaslibidinum,
936 904 1008 925 non
1029 893 1093 923 ob-
1119 902 1122 942 ξ

105 949 298 986 temperare
329 942 592 986 superioribus,
627 942 771 975 incendi
790 943 983 987 cupiditate
1012 943 1093 974 viu-

105 993 234 1032 dictae,
261 993 366 1033 odio,
394 993 539 1026 avaritia
559 1001 621 1029 etc.
680 994 784 1027 Tales
807 994 923 1027 morbi
948 995 983 1026 in
1013 1006 1092 1026 san-

105 1044 185 1084 ctis,
214 1044 275 1076 etsi
294 1051 375 1077 sunt
393 1056 451 1077 sua
471 1051 594 1078 natura
614 1053 750 1088 peccata
768 1046 948 1083 mortalia,
977 1045 1011 1077 id
1033 1052 1094 1084 est,
1119 1058 1122 1099 ἶ

104 1094 210 1138 digna
229 1101 340 1127 morte
357 1101 520 1138 aeterna,
551 1103 665 1129 tamen
683 1097 908 1130 credentibus
930 1097 965 1128 in
986 1094 1093 1129 Clu-i-
1119 1107 1121 1156 ἢ

103 1152 196 1179 stum
215 1147 482 1184 condonantur,
511 1147 570 1190 qui
597 1154 626 1180 et
651 1154 847 1190 repugnant
872 1145 926 1180 his
951 1148 1093 1185 morbis,
1119 1158 1121 1185 ι

105 1203 138 1229 et
172 1197 239 1228 fide
261 1194 531 1239 apprehendunt
555 1199 781 1232 mediatorem
808 1196 1007 1236 Christum,
1045 1199 1092 1230 sic

103 1247 191 1281 fiunt
213 1247 383 1288 venialia,
410 1247 444 1280 id
465 1255 534 1288 est,
561 1250 772 1284 condonata.

207 1296 361 1330 Econtra
396 1310 479 1331 vero
512 1300 671 1332 mortalia
699 1301 803 1340 fiunt,
845 1312 923 1332 cum
949 1299 990 1339 ii,
1031 1300 1090 1344 qui
1118 1317 1119 1339 1

103 1348 241 1380 fuerant
260 1348 482 1387 sanctificati,
512 1349 696 1392 indulgent
712 1358 743 1384 et
770 1352 1015 1394 obtemperant
1039 1357 1092 1382 ta-
1117 1345 1120 1365 ³

103 1399 194 1430 libus
211 1398 412 1437 affectibus,
442 1412 504 1431 nec
522 1408 718 1443 repugnant
742 1409 775 1435 et
799 1408 880 1435 sunt
907 1402 982 1434 siue
1009 1414 1091 1445 poe—

101 1449 261 1484 nitentia.
316 1449 420 1482 Tales
439 1450 531 1482 enim
549 1453 715 1486 amittunt
741 1453 844 1485 fidem
870 1459 901 1485 et
918 1452 1091 1496 Spiritum

102 1506 278 1540 sanctum,
312 1506 344 1533 et
369 1501 586 1535 damnantur
606 1510 746 1536 aeterua
774 1512 904 1541 morte,
938 1504 1008 1536 nisi
1037 1516 1090 1536 re-

101 1552 207 1584 deant
223 1552 264 1583 ad
285 1552 550 1595 poenitentiam.
604 1553 703 1587 Sicut
720 1554 834 1587 David
855 1556 965 1588 factus
989 1555 1090 1587 adul·
1116 1544 1118 1584 l

100 1610 175 1643 ter,
194 1609 265 1635 erat
281 1603 356 1634 sine
370 1603 437 1636 fide
455 1610 488 1637 et
502 1604 576 1635 sine
589 1603 725 1647 Spiritu
743 1613 882 1646 sancto,
905 1613 940 1639 et
967 1606 1091 1649 periis-
1116 1604 1118 1627 ³

101 1661 170 1694 set,
198 1653 264 1685 nisi
284 1660 401 1700 postea
418 1666 480 1697 per
498 1655 749 1698 poenitentiam
769 1657 949 1690 restitutus
967 1664 1064 1690 esset.

204 1703 283 1737 Huc
299 1704 451 1747 pertinet
468 1705 601 1738 dictum
621 1704 687 1740 boc
708 1708 802 1748 Ioco:
832 1708 868 1742 Si
896 1709 1090 1740 secundum
1116 1729 1118 1751 ,¹

101 1767 241 1789 carnem
259 1755 435 1796 vixeritis,
463 1757 495 1788 id
514 1763 581 1797 est,
618 1757 645 1789 si
670 1758 962 1803 obtemperabitis
988 1759 1090 1791 vitio-

100 1807 146 1840 sis
181 1806 381 1846 affectibus,
418 1804 632 1843 moriemini.
695 1808 740 1843 Et
771 1811 892 1842 eadem
919 1810 1089 1842 sententia

101 1869 201 1901 saepe
217 1858 386 1900 repetitur
406 1858 441 1890 in
460 1859 662 1902 scripturis,
692 1859 822 1895 Matth.
841 1859 893 1895 5.:
934 1859 1008 1893 Nisi
1030 1862 1092 1893 ab-

101 1909 287 1941 undaverit
321 1909 458 1942 iusticia
494 1919 604 1943 vestra
638 1922 743 1953 super
768 1912 940 1946 iusticiam
965 1909 1091 1944 Phari-

101 1972 260 1993 saeorum
289 1967 352 1994 etc.
409 1962 440 1996 1.
468 1960 561 1995 loan.
582 1962 631 1995 3.:
668 1960 798 1996 Omnis
825 1964 884 2008 qui
911 1975 979 1996 non
1009 1963 1091 1996 facit

102 2011 292 2050 iusticiam,
328 2022 399 2043 non
424 2019 474 2045 est
499 2024 537 2045 ex
564 2013 648 2047 Deo.
706 2015 736 2050 1.
760 2012 923 2049 Corinth.
950 2014 1002 2049 (5.:
1038 2014 1090 2047 Ne

103 2060 244 2100 erretis,
286 2069 512 2101 scortatores,
556 2064 728 2098 idolatrae
761 2074 823 2099 etc.
856 2077 1003 2107 regnum
1023 2065 1117 2101 Deis

102 2123 175 2144 non
215 2111 455 2155 possidebunt.
528 2112 643 2149 Galat.
680 2116 729 2151 5.:
777 2116 879 2150 Talia
911 2117 1089 2156 facientes,

101 2174 248 2205 regnum
273 2161 337 2195 Dei
365 2175 435 2196 nou
461 2165 701 2206 possidebunt.
750 2167 884 2203 Coloss.
910 2168 964 2202 3.;
1000 2167 1088 2201 Pro-

102 2220 177 2258 pter
195 2226 284 2258 quae
302 2215 396 2248 venit
414 2215 463 2247 ira
483 2214 546 2247 Dei
563 2228 668 2260 super
687 2218 932 2253 inobedientes
948 2226 1013 2252 etc.

203 2264 270 2298 Sed
297 2262 353 2298 hic
371 2267 553 2310 quaeritur
571 2268 614 2299 de
633 2270 762 2310 gradu,
796 2270 948 2312 Quando
973 2272 1089 2313 lapsus

103 2314 155 2347 illi
189 2315 277 2349 fiunt
310 2317 470 2351 mortalia
497 2319 658 2360 peccata?
692 2319 850 2353 Primum
879 2319 935 2354 hic
959 2322 1088 2364 gradus

103 2364 319 2400 hauddubie
336 2375 385 2401 est
404 2376 579 2412 peccatum
600 2371 770 2413 mortale,
799 2384 876 2404 cum
895 2381 1002 2406 ruunt
1025 2370 1088 2404 lio-

104 2417 215 2450 mines
234 2425 352 2451 contra
370 2420 619 2453 conscientiam
639 2423 806 2455 adversus
827 2424 1085 2457 mandataDei:

102 2469 251 2512 ideoque
269 2468 396 2502 Paulus
422 2472 641 2511 describens,
669 2474 782 2518 qualis
800 2474 844 2508 sit
863 2475 931 2508 vita
949 2483 1087 2508 sancto-

103 2531 201 2561 rum,
237 2521 415 2555 constitnit
447 2521 540 2556 bunc
570 2524 734 2563 gradum,
769 2537 813 2558 ne
836 2533 939 2568 agant
965 2533 1086 2559 contra

103 2570 363 2606 conscientiam.
418 2573 448 2608 1.
467 2573 560 2606 Tim.
581 2577 631 2608 1.:
668 2575 812 2609 Summa
839 2578 996 2610 mandati
1025 2584 1087 2615 est,

101 2621 244 2654 dilectio
261 2633 301 2654 ex
318 2624 420 2656 corde
436 2637 540 2668 puro,
575 2626 787 2659 conscientia
814 2627 926 2666 bona,
962 2635 994 2661 et
1018 2629 1086 2661 fide

100 2684 173 2705 non
191 2672 278 2706 ficta.
329 2671 423 2718 Ergo
443 2687 521 2709 cum
541 2678 708 2710 adversus
725 2679 888 2713 mandata
908 2678 972 2713 Dei
991 2692 1087 2714 com-

1154 231 1372 273 repugnatur
1389 231 1520 266 vitioso
1541 233 1702 274 affectui,
1736 233 1825 269 fiunt
1846 242 1985 280 peccata
2011 242 2143 270 morta-

1152 278 1211 315 lia.
1261 280 1328 314 Hic
1346 283 1474 324 gradus
1492 284 1698 318 manifestus
1713 292 1775 319 est.

1255 330 1323 365 Sed
1342 333 1428 366 citra
1446 331 1539 367 hunc
1554 337 1700 377 gradum
1716 337 1819 369 etiam
1840 337 2004 371 incidunt
2021 338 2138 382 lapsus

1151 380 1390 423 obscuriores,
1417 396 1568 429 quorum
1585 387 1686 419 multi
1705 387 1790 421 fiunt
1809 397 1946 432 peccata
1963 389 2137 430 mortalia,

1150 443 1239 475 quos
1270 434 1360 467 ratio
1392 446 1464 468 nou
1491 436 1574 470 satis
1599 437 1755 470 iudicare
1779 446 1910 481 potest,
1944 441 2046 486 quale
2072 441 2139 474 suit

1149 481 1297 517 Davidis
1318 492 1492 526 erratum,
1527 489 1668 531 quando
1697 488 1797 523 iussit
1820 491 1998 524 numerari
2026 503 2139 535 popu-

1149 534 1234 569 lum.
1288 534 1420 569 Verum
1440 534 1523 570 ethi
1544 539 1661 582 lapsus
1684 541 1933 575 condonantur
1955 543 2138 575 redeunti-

1148 586 1213 618 bus
1228 586 1270 618 ad
1289 586 1412 626 fidem,
1436 589 1494 621 sed
1513 590 1624 623 donec
1641 598 1757 624 manet
1774 593 1991 635 propositum
2012 593 2138 635 agendi

1148 643 1269 670 contra
1287 639 1556 681 conscientiam,
1574 653 1646 673 non
1666 648 1780 685 potest
1799 644 1917 676 adesse
1936 644 2039 683 fides,
2055 645 2138 688 quia

1148 687 1363 731 impossibile
1382 697 1433 724 est
1448 691 1551 724 fidem
1572 692 1718 726 existere
1736 705 1814 726 cum
1840 695 1930 727 mala
1957 695 2138 727 conscien-

1147 738 1207 774 tia.
1260 739 1364 774 Fides
1381 742 1474 774 enim
1499 748 1548 775 est
1574 743 1721 784 fidncia,
1758 757 1846 790 quae
1872 746 2008 786 statuit,
2045 747 2138 790 quod

1147 788 1222 823 Deo
1242 791 1439 834 placeamus
1465 801 1609 837 propter
1623 792 1816 832 Christum.
1870 795 1964 830 Huic
1988 797 2138 829 fiduciae

1148 849 1319 884 repugnat
1347 844 1436 876 mala
1462 845 1696 887 conscientia,
1731 859 1835 891 quam
1863 849 1954 892 parit
1979 848 2141 893 proposi-

1147 900 1221 925 tum
1243 895 1368 935 agendi
1390 903 1509 928 contra
1528 898 1691 930 mandata
1709 896 1787 933 Dei.

1249 943 1344 978 Haec
1378 947 1421 978 de
1449 947 1653 980 discrimine
1679 957 1900 992 peccatorum
1927 948 2057 983 Paulus
2083 947 2140 982 bic

1147 995 1305 1030 tradidit.
1360 996 1478 1039 Quare
1497 996 1590 1031 bunc
1608 999 1723 1032 locum
1751 1001 1941 1043 diligenter
1968 1001 2139 1033 memine-

1147 1046 1280 1087 rimus,
1308 1053 1341 1079 et
1357 1059 1558 1090 caveamus,
1587 1062 1631 1082 ne
1652 1051 1778 1083 amisso
1806 1052 1973 1085 beneficio
1991 1049 2138 1092 Christi,

1147 1109 1289 1129 ruamus
1308 1098 1343 1130 iu
1368 1100 1531 1138 exitium,
1574 1102 1659 1133 sient
1689 1108 1716 1134 et
1739 1101 1863 1135 Petrus
1889 1103 2019 1146 inquit:
2057 1102 2141 1136 Stu-

1146 1149 1223 1180 dete
1247 1149 1381 1182 firmam
1406 1152 1518 1184 facere
1543 1152 1763 1185 vocationem
1790 1160 1823 1187 et
1848 1154 2052 1186 electionem
2080 1166 2140 1186 ve-

1146 1205 1272 1239 stram,
1300 1200 1334 1231 id
1355 1208 1422 1238 est,
1451 1210 1672 1245 perseverate
1690 1203 1725 1236 in
1743 1201 1806 1237 bac
1826 1205 1997 1245 novitate,
2033 1217 2139 1250 quam

1118 1255 1120 1290 ζ
1144 1251 1320 1283 consecuti
1355 1252 1456 1291 estis,

1504 1265 1547 1285 ne
1580 1255 1717 1287 vocatio
1751 1262 1782 1288 et
1818 1256 1958 1294 electio„
2000 1269 2067 1301 qua
2101 1267 2140 1287 ex

1144 1302 1277 1333 mundo
1297 1304 1463 1345 segregati
1484 1305 1583 1344 estis,
1611 1306 1654 1337 ab
1675 1306 1792 1348 impiis
1810 1319 1930 1340 rursus
1948 1308 2006 1342 fiat
2027 1307 2138 1340 irrita.

1368 1382 1448 1432 Qui
1463 1385 1599 1432 spiritu
1616 1386 1695 1421 Dei
1711 1387 1906 1425 ducuntur.

1244 1451 1406 1487 Alterum
1423 1464 1668 1498 argumentum
1692 1469 1711 1490 a
1729 1470 1829 1491 causa
1849 1457 2139 1492 efficiente'sum-

1142 1511 1215 1537 tum
1233 1512 1293 1539 est.
1347 1504 1501 1548 Spiritus
1518 1515 1657 1541 sanctus
1677 1516 1727 1542 est
1752 1509 1872 1542 eslicax
1898 1511 1933 1542 in
1958 1510 2020 1553 iis,
2057 1510 2137 1554 qui-

1142 1556 1207 1587 bus
1240 1557 1413 1589 donatur:
1461 1556 1531 1589 Vos
1556 1559 1737 1602 accepistis
1761 1560 1934 1603 Spiritum
1963 1569 2137 1602 sanctum,

1140 1604 1236 1647 Ergo
1269 1606 1313 1639 sit
1348 1607 1383 1638 in
1411 1608 1511 1640 vobis
1536 1610 1665 1644 efficax.
1726 1609 1898 1643 Maiorem
1926 1609 1982 1644 liic
2006 1611 2136 1645 Paulus

1142 1657 1282 1689 ret-irat:
1312 1656 1526 1703 Quicunque
1545 1662 1724 1694 ducuntur
1740 1663 1866 1703 spiritu
1885 1661 1970 1702 Dei,
1997 1660 2032 1695 hi
2053 1671 2135 1697 sunt

1141 1708 1204 1739 filii
1224 1706 1301 1743 Dei.
1355 1706 1488 1754 Estque
1506 1723 1588 1743 usus
1619 1713 1726 1745 verbo
1744 1711 1857 1753 Duci,
1888 1720 1928 1746 ut
1957 1714 2134 1756 intelliga—

1141 1771 1218 1791 mus
1235 1759 1408 1792 efficacem
1436 1772 1508 1794 esse
1526 1761 1700 1805 Spiritum
1728 1772 1908 1803 sanctum,
1939 1777 2011 1797 non
2039 1766 2133 1798 otio-

1141 1821 1231 1844 sum.
1286 1809 1405 1852 Quare
1421 1824 1493 1844 non
1512 1821 1560 1846 est
1584 1817 1855 1859 repugnandum
1877 1816 2032 1849 moventi
2052 1816 2133 1861 Spi-

1142 1861 1224 1894 ritui
1244 1868 1377 1896 sancto.

1178 1942 1267 1981 ,Non
1289 1945 1383 1979 enim
1401 1947 1590 1993 accepistis
1606 1949 1777 1996 spiritum
1795 1950 1979 1985 servitulis
1991 1977 1998 1986 .
2028 1953 2097 1986 etc?

1244 2015 1367 2049 Postea
1394 2017 1568 2058 declarat,
1596 2019 1716 2063 quales
1743 2021 1813 2054 sint
1839 2028 1953 2054 motus
1976 2021 2132 2070 Spiritus

1141 2068 1272 2107 sancti,
1301 2076 1332 2100 et
1351 2068 1518 2101 discernit
1544 2066 1610 2102 hoc
1636 2083 1767 2104 novum
1799 2073 1964 2113 verbum,
2001 2074 2132 2108 scilicet

1139 2116 1375 2161 Evangelium
1400 2131 1418 2151 a
1442 2118 1542 2161 Lege.
1605 2120 1694 2154 Nam
1720 2123 1794 2166 lege
1820 2124 2074 2166 perterrefacti,
2102 2126 2130 2158 si

1140 2181 1211 2201 non
1233 2171 1371 2203 accedat
1397 2171 1610 2213 consolatio,
1645 2181 1753 2207 ruunt
1780 2174 1815 2205 in
1839 2175 2131 2217 desperationem,

1140 2220 1280 2263 fugiunt
1300 2219 1433 2261 Deum,
1461 2234 1533 2254 non
1553 2223 1731 2257 invocant.
1784 2224 1858 2257 Hos
1878 2232 2045 2264 terrores,
2064 2228 2130 2260 du—

1139 2272 1348 2304 bitationem
1376 2279 1408 2305 et
1434 2272 1552 2315 fugam
1579 2281 1676 2308 vocat
1695 2274 1867 2318 Spiritum
1888 2278 2065 2311 servitutis
2091 2278 2128 2311 in

1140 2322 1313 2355 timorem.
1373 2322 1527 2357 Econtra
1561 2337 1644 2357 vero
1676 2338 1753 2358 cum
1779 2324 1974 2370 Evangelio
2007 2336 2039 2362 et
2063 2329 2130 2363 fide

1139 2373 1325 2415 eriguntur
1359 2375 1489 2415 animi,
1532 2375 1740 2422 concipiunt
1765 2376 1937 2420 Spiritum
1968 2389 2127 2415 sanctum

1138 2424 1394 2466 vivificantem,
1436 2432 1467 2459 et
1495 2434 1691 2468 agnoscunt
1718 2428 1786 2460 iam
1811 2427 1923 2463 Deum
1950 2431 2125 2474 placatum

1138 2486 1227 2514 esse,
1263 2483 1295 2509 et
1322 2477 1410 2508 velle
1433 2477 1608 2512 exaudire.
1673 2477 1736 2512 Illa
1763 2492 1846 2512 vero
1872 2482 2066 2514 consolatio
2091 2484 2127 2514 in

1137 2526 1228 2559 veris
1244 2528 1454 2570 pavoribus,
1490 2533 1541 2560 est
1557 2535 1672 2561 motus
1697 2537 1728 2563 et
1753 2531 1994 2565 testimonium
2014 2533 2127 2576 Spiri-

1137 2584 1192 2610 tus
1210 2578 1332 2611 saucti.
1386 2577 1502 2611 Sentit
1520 2589 1599 2620 ergo
1620 2578 1750 2613 Paulus
1769 2581 1865 2615 aliud
1888 2584 2032 2616 verbum
2057 2585 2126 2616 iam

1136 2628 1324 2661 revelatam
1344 2640 1435 2668 esse,
1462 2641 1532 2673 quo
1551 2630 1723 2664 efficimur
1744 2632 1824 2675 filii,
1853 2634 1980 2667 donata
2005 2636 2128 2668 remis-

1137 2678 1236 2712 sione
1252 2685 1495 2723 peccatorum,
1524 2687 1556 2714 et
1572 2681 1702 2716 donato
1723 2682 1860 2727 Spiritu
1877 2691 2011 2719 sancto.
