2415 2942
300 111 394 148 ¹019

301 196 496 231 docuinam
522 194 562 225 de
590 192 692 224 bonis
718 189 883 234 operibus
908 189 1084 221 recitatam
1114 185 1169 220 liis
1195 188 1282 220 duo-

302 249 366 280 bus
385 246 556 288 capitibus
575 250 606 276 et
625 243 728 283 alibi,
758 237 1045 284 comprehensam
1064 251 1136 271 esse
1161 239 1197 270 iu
1225 240 1284 271 de-

303 298 432 337 cologss.

407 345 544 379 ltux-sus
571 344 673 376 etiam
706 342 949 375 consideretur
975 341 1134 383 repetitio
1158 340 1199 372 de
1227 341 1285 372 de-

303 398 395 430 bito:
429 395 567 429 Nemini
605 394 796 438 quidquam
835 391 989 426 debeatis
1024 392 1090 423 nisi
1126 398 1281 424 mutuam

304 447 537 480 ‹tib-ctionem.

407 497 492 529 Nota
513 497 553 528 sit
574 494 740 527 omuibus
759 493 939 527 distinctio
960 493 1059 537 plena
1078 492 1288 525 eruditionis

306 549 347 580 de
368 546 655 586 obligationibus.

410 606 487 639 Atia
515 606 690 637 debentur
714 603 928 645 obligatione
952 602 1126 640 naturali,
1151 613 1221 633 non
1241 602 1289 633 ci-

306 658 386 696 vili,
415 657 446 688 id
479 663 544 694 est,
573 656 613 686 ad
641 666 728 699 quae
756 654 958 697 praestanda
977 653 1195 693 magistratus
1220 652 1291 684 suis

307 708 428 752 poenis
448 719 517 738 uon
537 706 627 747 cogit
653 704 849 743 hominem,
878 710 913 735 ut
938 704 964 735 is
992 703 1050 746 qui
1078 702 1202 745 accipit
1229 702 1289 733 be-

307 759 490 796 neficium,
518 756 668 789 vicissim
687 756 788 787 debet
806 754 913 785 animi
932 753 1181 794 gratitudinem
1200 753 1289 785 obli-

309 810 447 851 gatione
481 806 644 840 naturali.
712 805 780 837 Sed
811 804 1032 845 magistratus
1063 815 1134 835 non
1161 803 1227 835 uisi
1256 803 1292 834 in

309 859 428 903 paucis
453 857 618 899 gradibus
642 855 741 898 puuit
770 855 934 895 ingratos.
1013 853 1229 886 Periclitanti
1257 854 1292 885 in

311 910 410 953 aquis
433 909 560 940 delient
580 906 743 950 opitulari
773 906 830 937 alii
848 910 1062 948 praesentes,
1089 904 1116 936 si
1138 911 1294 947 possunt,

311 959 417 993 Dives
454 957 624 1001 praesenti
661 955 792 988 Lazaro
827 956 975 988 debebat
1009 955 1193 998 opitulari,
1235 956 1294 987 sed

309 1010 532 1052 magistratus
559 1008 642 1040 tales
670 1007 875 1039 omissiones
901 1018 972 1038 non
998 1006 1119 1049 punit,
1158 1013 1294 1039 tantum

311 1061 441 1094 atrocia
460 1066 598 1091 externa
617 1058 742 1090 scelera
763 1058 903 1090 iudicat.
945 1057 995 1088 Ac
1015 1056 1184 1088 naturalis
1203 1056 1295 1089 obli-

311 1112 404 1154 gatio
425 1117 472 1143 est
490 1109 628 1147 divina,
649 1109 742 1140 iuxta
763 1114 1000 1150 praeceptum:
1027 1105 1160 1148 Diligas
1178 1107 1296 1150 proxi-

886 102 1010 139 PHlL.
1039 101 1154 138 MEL.
1183 101 1390 137 SCRIPTA
1422 99 1724 135 ExEGE'rICA.

1338 187 1468 219 incoari
1488 199 1561 219 eam
1579 192 1733 230 oportet,
1762 185 1850 220 sicut
1871 184 2046 221 lohannes
2070 187 2201 233 inquit:
2241 186 2312 231 Qui

1340 250 1409 269 non
1430 238 1565 279 diligit,
1593 244 1708 269 manet
1727 237 1761 269 in
1780 245 1902 272 morte.
1953 237 1997 271 Et
2020 240 2205 284 descriptio
2226 250 2314 284 qua-

1340 288 1522 332 liscunque
1546 289 1692 320 tenenda
1722 294 1780 321 est.
2224 308 2225 311 ¹

1440 338 1617 371 Osiauder
1634 338 1856 370 dilectionem
1884 339 2039 372 nominat
2056 339 2168 383 ipsum
2186 338 2313 376 Deum,

1341 389 1382 422 de
1401 386 1465 422 hac
1485 390 1593 422 forma
1614 389 1780 433 loquendi
1799 388 1883 420 alibi
1903 389 2043 422 dicitur.

1442 439 1568 472 Paulus
1588 440 1810 472 dilectionem
1831 440 1948 471 deberi
1967 440 2123 483 proximo
2142 438 2317 481 iutelligit,

1342 502 1429 534 qnae
1453 498 1500 523 est
1526 491 1688 528 affectus,
1724 491 1782 534 qui
1812 491 1846 521 in
1874 491 2051 523 conversis
2074 490 2275 522 accenditur
2298 501 2316 521 a

1343 540 1475 584 Spiritu
1501 548 1630 575 sancto,
1686 540 1789 572 Hunc
1815 540 1973 572 ass-‘ctum
2007 542 2173 573 debemus
2200 539 2316 581 proxi·

1343 604 1418 628 mo,
1447 593 1487 622 do
1506 604 1574 636 quo
1595 592 1718 624 atl'ectu
1742 590 1868 623 Paulus
1888 588 1941 623 hic
1970 598 2001 624 et
2031 593 2060 625 1.
2080 587 2240 624 Corinth.
2261 590 2319 622 13.

1344 642 1511 685 loquitur.
1564 641 1610 675 Et
1635 643 1676 674 ad
1706 641 1838 676 Calan:
1881 641 2025 675 Fructus
2056 641 2199 685 spiritus
2231 641 2319 672 dile-

1345 700 1411 724 ctio
1433 699 1496 726 etc.

1318 737 1321 774 l
1447 742 1503 775 Est
1530 743 1634 783 igitur
1659 740 1744 775 baec
1767 742 1926 782 dilectio,
1960 742 1996 774 in
2016 754 2094 774 vera
2119 741 2185 774 fide
2201 741 2321 774 laetari

1319 780 1322 828 l
1344 792 1380 824 in
1408 792 1500 836 Deo,
1545 801 1578 826 et
1602 794 1745 826 obedire
1771 794 1935 826 omnibus
1962 793 2135 826 mandatis
2165 790 2250 832 Dei,
2289 798 2323 825 et

1320 841 1322 862 ³
1345 850 1488 886 propter
1515 856 1592 875 eum
1618 844 1763 886 diligere
1788 844 2003 887 proximum,
2031 856 2070 876 ac
2092 843 2182 875 velle
2207 842 2237 875 ei
2260 842 2322 875 be-

1321 880 1323 937 l
1347 894 1504 926 nefacere
1527 895 1619 927 iuxta
1641 902 1820 938 praecepta
1841 894 1921 934 Dei,
1957 894 2159 939 ubicunque
2178 899 2226 927 est
2244 904 2323 937 pos-

1321 941 1323 960 *
1347 944 1457 977 sibile.
2313 976 2315 978 ,

1321 979 1324 1037 l
1447 992 1501 1026 Ad
1521 990 1612 1026 lianc
1628 994 1852 1027 dilectionem
1873 992 1978 1027 liomo
1995 1007 2128 1039 semper
2150 995 2324 1037 obligatus

1322 1041 1325 1087 l
1348 1051 1398 1077 est
1416 1056 1433 1076 a
1455 1044 1545 1084 Deo,
1573 1044 1666 1078 iuxta
1685 1045 1832 1078 dictum:
1862 1043 1994 1088 Diligas
2007 1046 2196 1079 Dominum
2212 1045 2324 1078 Deum

1323 1090 1446 1148 {tuum
1473 1107 1512 1126 ex
1544 1101 1618 1127 toto
1650 1097 1773 1136 corde,
1817 1102 1849 1128 et
1878 1097 2076 1138 proximum
2104 1102 2203 1129 tunm
2235 1096 2325 1128 sicut

311 1168 517 1194 inumtuum
535 1160 622 1192 sicut
637 1159 795 1201 teipsum.
829 1157 925 1195 ltem,
943 1156 1197 1192 Proverb.21.:
1218 1155 1297 1190 Ob-
1324 1168 1326 1198 t
1349 1146 1509 1188 “imum-
1562 1144 1809 1179 EsssdffiSSlffle
1828 1146 1933 1187 igliur
1950 1146 2106 1180 ‘ll-”imm
2122 1144 2177 1179 his-
2193 1145 2324 1178 Pdsslllss

313 1222 450 1245 struens
478 1222 596 1243 aurem
621 1210 662 1241 ad
690 1209 877 1242 clamorem
914 1208 1075 1251 pauperis
1093 1233 1101 1245 ‚

1145 1208 1296 1241 vicissim
1324 1209 1327 1256 l

1324 1200 1326 1208 ¹
1349 1196 1613 1238 obligationem.
1667 1196 1858 1240 Praecipit,
1885 1204 1922 1230 ut
1939 1198 2055 1230 debita
2078 1197 2170 1229 civiti
2189 1197 2324 1239 obliga-

313 1263 496 1301 clainabit,
531 1268 562 1294 et
586 1272 658 1292 non
677 1260 901 1299 exaudietur.
954 1257 1056 1291 Item:
1083 1257 1212 1292 Beatus
1238 1259 1299 1304 qui
1324 1291 1327 1306 ⁶
1349 1247 1445 1280 ¹50⁰?
1464 1254 1694 1288 PWWSlemUSs
1723 1245 1776 1279 his
1796 1247 1905 1287 ‘hstis’
1931 1255 2039 1281 ⁶⁶⁵⁵&
2055 1246 2222 1289 Obllgffstlo
2242 1247 2329 1280 ClVi·

313 1313 477 1354 intelligit
493 1323 596 1354 super
613 1322 760 1352 egenum
781 1316 814 1342 et
832 1320 1030 1352 pauperem.

415 1370 493 1403 Atia
519 1376 568 1402 est
594 1368 764 1409 obligatio
793 1368 936 1407 divina,
979 1379 1038 1399 seu
1066 1366 1243 1399 Naturalis
1267 1373 1299 1399 et

316 1421 459 1459 (initis,
485 1421 518 1452 id
539 1427 607 1459 est,
636 1426 778 1462 propter
794 1430 897 1462 quam
917 1425 949 1450 et
974 1418 1193 1459 magistratus
1210 1417 1299 1457 cogit
1326 1444 1327 1448 ,

316 1472 476 1506 homines
496 1472 605 1502 facere
625 1477 782 1501 externas
799 1480 939 1511 operas,
969 1475 1027 1500 aut
1054 1469 1136 1500 dare
1162 1479 1216 1500 res
1242 1480 1298 1499 ex-

313 1532 446 1561 ternas,
475 1520 623 1564 pretium
653 1526 710 1551 aut
736 1530 881 1557 merces,
909 1518 990 1562 quia
1017 1515 1080 1549 hac
1096 1529 1299 1560 compensa-

314 1574 410 1608 tione
427 1571 581 1610 sublata,
611 1581 753 1614 prorsus
774 1569 1003 1612 dissiparetur
1027 1568 1171 1601 societas
1196 1580 1299 1611 gene-
1326 1580 1327 1615 l
1351 1599 1454 1630 helya
1474 1598 1569 1630 dives
1587 1598 1927 1631 civilioblioemione.
1965 1601 2023 1631 sed
2042 1605 2159 1631 tamen
2182 1599 2330 1633 debebat
2372 1592 2378 1596 .

1326 1631 1327 1639 t
1423 1620 1430 1629 ¹
1774 1625 1790 1639 n
1922 1625 1927 1630 .

315 1625 364 1657 ris
385 1621 542 1656 humani.

416 1679 545 1712 Paulus
579 1685 692 1711 autem
726 1679 768 1710 de
800 1684 948 1721 utraque
991 1675 1205 1718 obligatione
1243 1673 1300 1707 hic

316 1731 489 1775 loquitur.
562 1729 684 1763 Debita
722 1729 936 1768 obligatione
971 1727 1066 1759 civili
1104 1726 1178 1759 vult
1212 1726 1300 1766 dari,

316 1783 412 1815 iuxta
433 1786 671 1824 praeceptum:
700 1778 778 1812 Non
797 1780 928 1812 furtum
945 1778 1060 1812 facies,
1113 1775 1158 1810 Et
1176 1784 1299 1810 notum

317 1840 383 1869 est,
412 1832 631 1863 manifestam
659 1830 915 1872 turpitudinem
942 1840 1012 1861 esse
1038 1840 1110 1860 non
1128 1834 1300 1872 praestare

316 1883 431 1916 debita
450 1882 668 1923 obligatione
686 1881 806 1912 divina
825 1887 855 1913 et
873 1879 981 1914 civiti.
1021 1892 1024 1893 ⁷

418 1939 563 1978 Persae,
598 1946 636 1972 ut
669 1939 789 1971 scribit
816 1937 1037 1977 Herodotus,
1074 1933 1300 1969 inhonestum

318 2003 390 2025 esse
408 1990 611 2022 iudicabant
631 1989 744 2031 ipsum
764 1988 866 2022 etiam
887 1988 1029 2021 debere:
1066 1989 1158 2032 quod
1184 1995 1299 2021 tamen
1326 2007 1327 2011 =

316 2041 477 2082 intelligo
498 2041 540 2072 de
563 2051 634 2071 non
655 2039 872 2071 solventibus
892 2039 1115 2071 convenienti
1134 2046 1301 2081 tempore.

320 2093 378 2127 Sic
404 2092 497 2124 enim
528 2090 575 2122 ait
606 2089 831 2122 Herodotus:
873 2088 1134 2133 Turpissimum
1168 2089 1301 2120 ducunt
1327 2104 1328 2108 =

318 2142 461 2176 mentiri
483 2168 490 2182 ,
528 2140 655 2172 deinde
685 2152 766 2171 vero
795 2140 943 2182 debere,
986 2140 1067 2184 quia
1103 2139 1302 2171 existimant
1327 2158 1329 2162 >

317 2194 510 2227 debitorem
533 2202 635 2234 saepe
654 2191 814 2225 mentire.

417 2249 506 2284 Cum
539 2249 648 2292 igitur
676 2248 792 2293 inquit
820 2247 951 2281 Paulus
970 2275 979 2289 ,
1021 2247 1163 2281 Nemini
1197 2248 1301 2293 quid-

318 2314 422 2348 quam
455 2300 628 2339 debeatis,
667 2299 743 2332 vult
776 2311 814 2332 ea
850 2299 1047 2342 praestari,
1089 2311 1176 2344 quae
1205 2298 1301 2331 civili

318 2351 532 2394 obligatione
561 2351 754 2389 debentur,
789 2356 827 2382 ut
860 2350 906 2382 ita
941 2350 1132 2382 liberemur
1157 2362 1176 2383 a
1206 2349 1303 2382 civili

321 2402 558 2444 obligatione,
594 2407 819 2445 posteaquam
843 2400 960 2433 debita
988 2400 1148 2433 dedimus
1172 2406 1232 2433 aut
1253 2400 1304 2432 fe-

318 2454 441 2486 cimus.
496 2449 630 2483 Interea
655 2457 772 2483 tamen
797 2458 962 2494 perpetua
991 2458 1040 2484 est
1057 2450 1226 2493 obligatio
1245 2450 1301 2482 di-

318 2504 402 2536 vina
436 2508 468 2534 et
500 2500 693 2541 naturalis,
727 2513 817 2546 quae
852 2508 903 2535 est
954 2508 1119 2545 perpetua
1160 2501 1302 2533 dilectio

322 2551 486 2598 proximi.

1325 1313 1327 1339 3
1350 1297 1405 1335 lis,
1431 1298 1508 1329 ideo
1526 1298 1629 1330 dicit:
1660 1297 1798 1330 Nemini
1818 1297 2004 1342 quicquam
2021 1298 2191 1338 debeatis,
2209 1297 2244 1330 id
2266 1304 2327 1340 est,

1325 1346 1327 1362 ¹
1350 1354 1520 1390 praestate
1539 1348 1654 1380 debita
1677 1348 1891 1390 obligatione
1915 1348 2028 1388 civili,
2056 1349 2102 1381 ita
2123 1355 2229 1382 cessat
2246 1345 2329 1380 haec

1351 1398 1529 1439 obligatio.
1599 1398 1667 1431 Sed
1699 1399 1922 1431 dilectionem
1956 1399 2144 1438 debebitis,
2194 1399 2229 1431 id
2259 1404 2327 1438 est,

1352 1455 1467 1479 manet
1496 1460 1631 1490 semper
1661 1448 1828 1488 obligatio
1860 1449 2030 1481 naturalis
2055 1456 2086 1481 et
2111 1449 2250 1485 divina,
2284 1450 2327 1481 ad

1351 1498 1576 1529 dilectionem
1601 1499 1636 1530 in
1665 1500 1768 1530 corde
1797 1506 1829 1531 et
1849 1500 1891 1530 ad
1919 1499 2026 1531 multa
2045 1507 2184 1531 externa
2202 1499 2328 1538 officia,

1352 1560 1423 1579 non
1442 1548 1558 1580 debita
1575 1548 1670 1580 civili
1688 1548 1915 1590 obligatione.
1970 1547 2016 1582 Ut
2035 1549 2164 1581 Lazaro
2180 1561 2252 1581 non
2268 1550 2328 1581 de-

1326 1649 1504 1691 ⁴¹naturali
1541 1655 1573 1681 et
1604 1649 1724 1681 divina
1765 1648 1979 1691 obligatione
2019 1648 2242 1682 dilectionem
2292 1649 2329 1682 in

1327 1720 1328 1724 =
1352 1700 1474 1739 corde,
1503 1706 1534 1732 et
1559 1706 1699 1732 externa
1728 1699 1914 1740 beneficia,
1941 1711 2029 1744 quae
2050 1706 2133 1733 tunc
2158 1699 2330 1744 praestare

1325 1761 1328 1787 ῑ
1353 1756 1497 1793 poterat.

1557 1821 1721 1857 Dilectio
1745 1829 1796 1857 est
1820 1821 1982 1870 impletio
2008 1821 2113 1870 legis.

1454 1898 1601 1942 Proprie
1623 1899 1781 1942 loquitur
1798 1898 1943 1939 Paulos,
1973 1905 2005 1931 et
2022 1905 2060 1932 ut
2077 1899 2217 1941 artifex,
2248 1903 2330 1946 quia

1353 1962 1473 1983 verum
1499 1957 1568 1989 est,
1608 1950 1644 1981 in
1670 1949 1744 1991 lege
1770 1949 1922 1993 praecipi
1947 1949 2145 1982 ordinatam
2170 1951 2330 1987 dilectio-

1326 2014 1327 2020 ¹
1353 2013 1432 2034 nem
1453 2012 1530 2042 erga
1549 2000 1660 2033 Deum
1680 2007 1711 2031 et
1727 1996 1904 2037 homines,
1932 2007 1963 2032 et
1982 1996 2065 2032 haec
2087 2000 2331 2045 complectitur

1351 2051 1585 2085 universalem
1605 2050 1860 2088 obedientiam,
1888 2050 1978 2083 sicut
1995 2049 2161 2094 scriptum
2179 2059 2243 2086 est:
2267 2051 2332 2086 Di-

1354 2103 1437 2145 liges
1465 2100 1577 2134 Deum
1608 2112 1649 2133 ex
1679 2107 1753 2134 toto
1786 2102 1916 2138 corde,
1959 2107 1991 2134 et
2018 2101 2217 2144 proximum
2242 2104 2331 2138 sicut

1355 2153 1514 2196 teipsum.

1452 2200 1520 2234 Hic
1537 2206 1652 2233 autem
1669 2200 1803 2234 discant
1818 2201 1973 2235 iuniores
1999 2199 2064 2235 hoc
2085 2211 2330 2246 argumentum

1353 2253 1522 2286 iudicare:

1506 2301 1667 2343 Impletio
1692 2301 1777 2344 legis
1804 2308 1855 2334 est
1878 2301 2034 2342 iusticia,

1505 2351 1656 2386 Dilectio
1683 2359 1733 2385 est
1758 2351 1913 2395 impletio
1936 2352 2036 2394 legis:

1505 2401 1618 2445 Ergo,
1654 2402 1795 2435 dilectio
1819 2409 1868 2435 est
1892 2402 2038 2435 iusticia.

1454 2453 1683 2497 Respondeo:
1721 2452 1884 2485 Concedo
1908 2459 2019 2485 totum
2043 2453 2085 2485 de
2117 2454 2253 2488 iusticia
2280 2456 2330 2490 le-

407 2608 484 2644 Etsi
501 2614 616 2642 autem
634 2609 718 2653 quid
735 2609 778 2643 sit
794 2610 920 2643 ardens
936 2618 970 2644 et
984 2611 1145 2644 ordinata
1162 2610 1303 2643 dilectio
1328 2601 1331 2627 ¹·

317 2664 354 2696 in
378 2662 447 2695 vita
469 2665 609 2694 aeterna
635 2658 761 2693 melius
785 2659 1040 2704 intelligemus,
1068 2669 1184 2696 tamen
1210 2672 1303 2694 nuuc

1354 2506 1442 2548 gali,
1477 2504 1505 2537 si
1531 2504 1700 2536 vocabula
1727 2509 1817 2535 recte
1842 2503 2095 2546 intelligantur.
2154 2504 2247 2547 Quia
2272 2519 2329 2539 ve-

1356 2556 1533 2590 rissimum
1553 2561 1623 2594 est,
1660 2554 1829 2595 integram
1854 2564 1913 2586 seu
1944 2554 2129 2597 perfectam
2154 2556 2329 2600 impletio-

1355 2619 1436 2639 nem
1462 2605 1546 2648 legis
1571 2615 1642 2637 esse
1666 2603 1857 2643 iusticiam,
1883 2615 2005 2636 verum
2031 2611 2083 2638 est
2104 2605 2227 2647 etiam,
2252 2619 2329 2652 per-

1356 2658 1478 2691 fectam
1505 2654 1726 2689 dilectionem
1751 2664 1823 2687 esse
1849 2654 2090 2698 impletionem
2116 2656 2225 2700 legis:
2270 2659 2328 2691 sed
