2415 2942
259 81 331 116 543

849 71 974 106 PHlL.
1003 68 1118 105 MEL.
1144 67 1352 104 SCRIPTA
1381 66 1684 105 EXEGEthA.

2219 71 2294 108 544

263 168 320 200 sed
341 165 499 201 relative,
529 159 664 194 iusticia
682 165 760 197 tua,
787 156 822 189 id
840 162 910 196 est,
938 154 1172 199 imputatione
1191 153 1246 186 iu·
1270 152 1274 194 1
1299 151 1367 187 tiae
1391 158 1423 186 et
1448 151 1620 185 iusticiae:
1656 164 1719 185 nec
1745 152 1891 194 timore,
1917 167 1982 189 nec
2008 156 2196 190 dilectione
2215 156 2292 196 Dei,

263 219 397 253 sticiae,
426 226 491 258 qua
519 221 554 245 tu
582 221 646 243 nos
665 220 726 252 per
741 206 1016 246 misericordiam
1035 211 1174 250 reputas
1192 204 1248 237 iu-
1271 200 1273 235 l
1300 215 1364 236 nec
1387 203 1452 236 fide
1477 203 1575 236 ardet
1601 209 1721 246 pectus
1748 209 1787 236 ut
1809 204 1967 239 debebat.
2020 206 2102 241 Scio
2121 208 2294 252 quosdam

263 276 354 306 stos‚
381 264 446 297 hoc
471 270 541 300 est,
570 267 739 302 acceptos.

265 367 448 400 iusticiam.
510 363 578 397 Sed
603 360 760 401 iusticia,
787 361 830 393 de
855 370 922 404 qua
946 358 1086 402 proprie
1107 356 1249 391 concio-

265 425 369 451 natur
390 414 643 458 Evangelium,
677 411 849 454 significat
874 409 1018 442 relative
1043 407 1250 453 imputatio—

263 480 344 501 nem
371 466 545 505 iusticiae,
576 462 642 496 hoc
667 470 735 502 est,
766 462 1037 504 acceptationem
1062 459 1248 503 gratuitam

264 521 307 552 ad
329 518 434 551 vitam
454 523 648 554 aeternam,
676 513 739 546 etsi
759 524 837 546 cum
856 523 893 544 ea
914 511 1100 544 coniuncta
1119 516 1166 543 est
1187 510 1250 542 do-

265 570 361 603 natio
383 567 536 612 Spiritus
557 565 680 600 sancti.
736 563 786 597 lta
806 569 839 597 et
862 574 940 595 cum
965 562 1066 596 audis
1091 561 1251 600 verbum,

265 619 464 659 iustificari,
491 618 534 651 de
552 615 700 650 Ebraica
726 611 844 659 phrasi
871 613 1021 656 cogites,
1049 623 1118 657 qua
1140 610 1251 653 signi—

265 672 342 704 ficat
360 669 514 713 reputari
531 679 590 700 seu
610 664 837 711 pronunciari
856 663 1004 704 iustum,
1032 674 1091 696 seu
1116 659 1253 694 absolvi

265 728 476 756 accusatum.
529 716 574 751 Et
591 718 703 751 iustus
720 715 889 758 siguificat
912 720 1090 757 acceptum
1110 711 1186 745 Deo
1210 711 1253 743 ad

266 773 373 806 vitam
400 777 589 803 aeternam.
649 769 683 802 2.
701 766 781 801 Cor.
798 764 853 799 5.:
888 762 980 796 Eum
1005 764 1066 807 qui
1091 774 1163 796 non
1188 773 1253 794 no-

267 830 363 856 verat
391 827 586 865 peccatum,
614 830 677 861 pro
693 817 796 850 uobis
814 821 993 859 peccatum
1010 815 1109 855 fecit,
1135 819 1173 846 ut
1191 823 1255 845 nos

266 874 482 907 efficeremur
507 869 643 903 iusticia
659 867 724 901 Dei
748 879 809 910 per
832 866 965 910 ipsum,
993 866 1029 898 id
1054 870 1122 905 est,
1149 861 1256 897 Chri-

267 932 340 957 stus
365 923 476 955 factus
499 926 549 953 est
574 931 637 963 pro
663 919 766 951 nobis
793 928 896 956 reus,
932 923 971 950 ut
998 927 1063 949 nos
1093 915 1256 948 fieremus

267 973 399 1016 accepti
425 978 566 1016 propter
589 971 715 1014 ipsum.
776 967 871 1001 Haec
894 973 945 1000 est
968 967 1116 1010 simplex
1141 976 1257 1009 gram-

267 1024 393 1058 matica
418 1029 450 1055 et
473 1033 553 1054 vera
579 1032 704 1053 vocum
729 1017 916 1052 enarratio.
991 1016 1032 1050 In
1066 1016 1144 1049 aliis
1169 1014 1256 1048 locis

266 1075 367 1109 aliter
384 1072 593 1107 vocabulum
613 1077 803 1114 usurpatur
815 1096 823 1109 ,
850 1068 935 1101 alias
951 1067 988 1102 fit
1006 1067 1139 1100 mentio
1157 1065 1258 1099 iusti-

268 1127 341 1160 ciae
370 1125 473 1167 legis,
501 1123 586 1155 alias
611 1119 865 1165 imputationis.
933 1117 1028 1152 Haec
1051 1117 1258 1151 discrimina

271 1177 457 1210 observare
475 1184 614 1207 necesse
629 1179 691 1207 est.

702 1253 826 1290 Aliud.

373 1325 494 1371 Opera
511 1331 631 1358 contra
649 1324 760 1366 legem
780 1321 844 1355 Dei
864 1328 944 1354 sunt
971 1327 1129 1365 peccata,
1165 1318 1259 1362 Ergo

271 1383 364 1414 bona
381 1389 485 1421 opera
511 1383 593 1409 sunt
616 1374 763 1408 iusticia.

271 1438 396 1465 natura
415 1428 686 1461 contrariorum.
741 1424 860 1466 Quare
884 1424 1064 1467 sequitur,
1101 1429 1132 1456 et
1158 1421 1261 1454 bonis

273 1482 439 1525 opembus
462 1477 642 1510 mmffican
676 1473 854 1514 hommes,
895 1486 973 1506 cum
1008 1480 1078 1506 smt
1109 1479 1259 1505 lumem.
1286 1484 1289 1538 l
1315 1520 1453 1545 nostras
1476 1511 1620 1544 virtutes
1643 1517 1676 1543 et
1695 1510 1880 1555 qualitates
1907 1511 1943 1543 in
1971 1511 2152 1545 voluntate
2174 1519 2302 1546 nostra.

272 1530 500 1575 Respondent
529 1527 671 1560 Valeret
689 1524 957 1569 consequentia,
993 1523 1020 1555 si
1041 1524 1133 1556 bona
1156 1534 1260 1566 opera

802 257 940 291 Iusticia
966 257 1051 300 legis
1075 255 1248 299 significat
1272 240 1274 286 l

263 315 521 353 obedientiam,
555 319 593 346 ut
623 322 702 344 cum
730 309 881 343 dicitur:
916 307 997 341 Feci
1023 307 1194 340 iudicium
1215 311 1249 339 et
1272 297 1274 311 ¹

817 1371 1076 1416 Consequentia
1103 1372 1193 1404 valet
1219 1383 1260 1402 ex
1285 1357 1288 1419 ξ

1286 1424 1287 1429 ’
1314 1413 1425 1449 lectu,
1460 1409 1553 1452 Ergo
1579 1410 1663 1442 fides
1687 1421 1760 1441 non
1787 1416 1836 1442 est
1862 1409 2009 1444 iusticia.

1300 254 1424 294 fuisse,
1453 254 1512 298 qui
1531 251 1596 286 hoc
1613 261 1843 296 argumento,
1871 255 1973 290 valde
1996 265 2193 302 quassatam
2219 270 2293 292 esse

1301 311 1456 337 nostram
1480 305 1690 338 sententiam
1719 305 1990 347 praedicabant,
2033 310 2091 341 sed
2119 321 2224 354 quam
2249 309 2294 343 sit

1302 356 1407 388 inane
1428 362 1461 389 et
1485 355 1607 396 futile,
1635 355 1746 389 lector
1771 355 1997 391 mediocriter
2013 365 2166 393 attentus
2192 359 2294 393 facile

1302 413 1414 451 potest
1432 405 1596 440 iudicare.

1735 487 1858 523 Aliud.

1405 557 1590 591 Peccatum
1617 563 1667 590 est
1693 557 1813 590 odium
1833 557 1921 596 Dei,
1951 557 2064 602 Igitur
2087 559 2229 594 dilectio
2246 566 2297 594 est

1308 609 1455 645 iusticia,
1485 608 1636 642 Memini
1648 607 1793 641 Eccium
1811 619 1956 652 magnos
1972 608 2171 654 triumphos
2185 622 2297 655 agere,

1305 672 1384 693 cum
1416 658 1482 693 hoc
1516 666 1723 702 argumento
1755 660 1949 694 conahatur
1979 662 2182 703 ostendere,
2221 673 2295 695 non

1306 710 1378 744 sola
1405 711 1472 744 fide
1496 710 1676 743 iustificari
1703 707 1875 743 homines.
1931 710 1999 745 Sed
2027 718 2077 745 est
2102 712 2215 745 facitis
2242 724 2300 745 re-

1307 761 1475 806 sponsio:
1523 760 1714 794 Adsentior
1748 761 1935 804 perfectam
1969 762 2194 795 dilectionem
2223 774 2298 797 esse

1308 812 1501 852 iusticiam,
1528 823 1631 855 quam
1655 811 1709 844 lex
1735 812 1906 854 postulat,
1933 813 2013 853 sed,
2041 820 2080 846 ut
2108 824 2212 857 supra
2242 813 2298 846 di-

1308 870 1403 896 ctum
1422 869 1490 902 est,
1512 873 1584 894 non
1603 873 1724 895 sumus
1741 861 1821 895 iusti
1841 863 1925 905 lege.
1975 862 2056 897 Non
2074 864 2168 896 enim
2185 870 2298 908 potest

1309 913 1456 946 existere
1472 912 1632 952 dilectio,
1657 912 1726 945 nisi
1746 913 1842 955 prius
1859 914 1926 946 fide
1942 914 2159 948 reconciliati
2177 915 2298 948 simus.

1309 963 1432 997 Postea
1451 962 1609 1007 sequitur
1627 962 1779 996 incoatio
1797 965 1980 1008 quaedam,
1997 972 2030 998 et
2047 971 2163 998 tamen
2181 971 2300 999 manet

1309 1014 1433 1057 ingens
1458 1012 1646 1047 infirmitas
1671 1024 1869 1056 repugnans
1897 1015 1962 1058 legi
1990 1015 2073 1057 Dei,
2110 1015 2301 1059 indignans

1310 1072 1343 1099 et
1365 1065 1517 1097 fremens
1540 1064 1707 1096 adversus
1739 1063 1909 1097 iudicium
1934 1066 2024 1109 Dei,
2058 1066 2147 1100 sicut
2173 1066 2303 1103 Psalm.

1310 1115 1499 1159 significat:
1535 1113 1751 1153 Irascimini,
1787 1115 1897 1147 nolite
1925 1127 2066 1159 peccare
2092 1123 2155 1152 etc.
2217 1115 2300 1150 Ideo

1311 1177 1399 1210 opus
1425 1172 1476 1200 est
1499 1165 1567 1199 alia
1593 1164 1751 1206 iusticia,
1794 1165 1925 1199 scilicet
1955 1166 2189 1211 imputatione
2223 1178 2302 1211 gra-

1312 1219 1411 1252 tuita.

1741 1290 1862 1326 Aliud.

1417 1354 1625 1393 Iusticia‘est
1646 1358 1680 1390 in
1699 1358 1900 1399 voluntate,
1929 1357 2034 1392 Fides
2058 1366 2108 1393 est
2133 1360 2169 1393 in
2197 1361 2302 1395 intel-

2069 1409 2301 1453 Respondeo:

1314 1462 1433 1496 Maior
1456 1467 1505 1494 est
1533 1472 1611 1493 vera
1641 1461 1683 1493 de
1707 1459 1845 1493 iusticia
1872 1460 1976 1502 legis,
2015 1472 2103 1505 quae
2127 1460 2299 1504 significat

273 1588 387 1616 essent
411 1581 545 1621 integra
576 1576 799 1616 obedientia,
845 1576 904 1607 sed
937 1573 1105 1618 quoniam
1140 1573 1262 1615 procul
1287 1565 1290 1591 l
1316 1564 1383 1597 Sed
1404 1575 1481 1596 cum
1501 1563 1545 1594 de
1563 1561 1699 1594 iusticia
1723 1561 1803 1593 fidei
1829 1562 2057 1595 concionatur
2074 1561 2224 1603 Paulus,
2250 1563 2307 1597 iu·

274 1634 402 1667 absunt
418 1631 462 1663 ab
479 1630 612 1671 integra
629 1626 844 1666 obedientia,
869 1625 969 1658 facile
985 1623 1132 1666 intelligi
1150 1629 1264 1667 potest
1287 1612 1291 1681 Ι

274 1688 519 1727 argumentum
545 1690 617 1712 non
643 1679 778 1721 valere,
807 1676 889 1721 quia
914 1687 988 1708 non
1011 1681 1061 1708 est
1080 1687 1159 1707 vera
1177 1686 1260 1706 con-
1289 1688 1291 1723 ἱ

274 1734 443 1768 trarietas.
515 1729 650 1762 Vitiosa
674 1736 756 1762 sunt
786 1728 919 1770 integre
954 1725 1088 1759 vitiosa.
1153 1724 1265 1758 Bonis

275 1784 443 1833 operibus
468 1780 661 1826 plurimum
685 1779 852 1812 vitiorum
876 1777 1069 1810 admixtum
1089 1783 1157 1813 est,
1185 1775 1264 1820 qui*

275 1837 342 1870 bus
366 1841 398 1867 et
424 1834 496 1877 ipsa
519 1830 818 1864 contaminantur.
885 1827 1104 1871 Pomponius
1128 1827 1265 1860 Atticus

277 1894 328 1920 est
352 1885 550 1922 modestus,
586 1882 698 1914 iustus
720 1892 799 1923 erga
824 1879 937 1918 cives,
972 1879 1029 1911 sed
1058 1879 1197 1910 dubitat
1221 1889 1266 1909 an

275 1936 372 1971 Deus
389 1941 483 1968 curet
502 1945 554 1966 res
571 1931 753 1971 humanas,
780 1937 828 1963 est
845 1931 919 1962 sine
936 1929 1062 1962 timore
1078 1928 1156 1962 Dei.
1191 1927 1267 1960 Ho-

279 1999 357 2021 rum
373 1984 583 2019 interiorum
603 1983 769 2015 vitiorum
785 1981 990 2024 magnitudo
1011 1991 1082 2012 non
1100 1979 1267 2012 cernitur.

279 2038 362 2072 ldeo
380 2043 624 2079 argumentum
643 2033 733 2065 fallit
751 2044 822 2065 non
842 2031 1054 2063 admonitos.
1109 2029 1178 2063 Sed
1204 2040 1267 2061 ne-

278 2089 392 2132 ganda
411 2094 458 2120 est
476 2083 744 2128 consequentia,
773 2083 854 2127 quia
871 2093 944 2113 non
962 2087 1011 2113 est
1033 2092 1111 2112 vera
1128 2086 1268 2112 contra-

281 2142 394 2173 rietas.
432 2137 527 2170 ldem
547 2135 741 2179 respondeo
760 2134 803 2166 ad
822 2143 969 2177 sequens
986 2137 1242 2174 argumentum.

695 2216 818 2251 Aliud.

384 2288 480 2322 Mala
513 2298 618 2331 opera
645 2286 835 2324 damnant,
876 2281 969 2326 Ergo
999 2284 1091 2316 bona
1122 2283 1270 2316 salvant.

284 2341 380 2386 Nego
407 2338 712 2383 consequentiam,
741 2342 773 2368 et
798 2335 887 2367 ratio
915 2341 986 2376 est,
1015 2334 1096 2378 quia
1124 2346 1196 2366 non
1220 2341 1269 2366 est

285 2389 524 2425 contrarietas.
578 2387 673 2421 Mala
698 2393 781 2419 sunt
807 2385 943 2427 integre
971 2385 1106 2417 vitiosa.
1159 2383 1268 2416 Bonis

284 2441 478 2486 plurimum
503 2440 585 2471 mali
609 2437 804 2471 admixtum
830 2443 898 2476 est,
934 2442 973 2469 ut
995 2435 1129 2468 etiamsi
1154 2434 1269 2468 David

285 2491 392 2526 habet
421 2490 512 2523 bona
546 2502 676 2532 opera,
716 2495 833 2521 tamen
865 2485 969 2519 habet
1003 2486 1132 2519 multos
1165 2486 1268 2519 vitio-

288 2554 343 2576 sos
378 2541 544 2583 impetus,
587 2537 691 2572 babet
721 2538 959 2571 dubitationes
987 2538 1030 2571 de
1062 2536 1149 2571 Deo.
1223 2534 1270 2569 Et

286 2592 372 2626 haec
405 2591 516 2632 caligo
549 2587 656 2622 trahit
697 2600 812 2621 secum
848 2600 1014 2631 magnum
1052 2599 1176 2630 agmen
1216 2586 1269 2618 vi-

287 2644 437 2682 tiorum,
473 2641 712 2679 securitatem,
746 2638 908 2672 fiduciam
943 2638 1104 2683 propriae
1132 2637 1270 2682 sapien-

1320 1614 1418 1646 sticia
1452 1612 1626 1654 significat
1661 1611 1929 1655 imputationem
1953 1612 2125 1648 iusticiae.
2194 1612 2305 1648 Docet

1318 1665 1411 1697 enim
1440 1660 1603 1695 homines
1630 1662 1781 1705 reputari
1805 1661 1931 1702 iustos,
1956 1659 2021 1696 hoc
2047 1669 2115 1702 est,
2148 1671 2306 1708 acceptos

1317 1727 1390 1747 non
1417 1720 1560 1757 propter
1592 1713 1769 1756 propriam
1808 1713 2033 1757 qualitatem,
2076 1715 2134 1747 sed
2163 1722 2306 1758 propter

1319 1766 1414 1799 aliud
1433 1771 1526 1797 extra
1544 1775 1618 1803 nos,
1642 1763 1772 1796 scilicet
1790 1770 1932 1807 propter
1949 1764 2178 1798 mediatorem
2194 1765 2306 1799 filium

1318 1815 1387 1850 Dei
1412 1827 1473 1859 per
1493 1814 1785 1848 misericordiam.
1838 1813 1883 1847 Et
1909 1821 2025 1847 tamen
2051 1813 2144 1848 hanc
2168 1817 2307 1851 miseri-

1320 1867 1477 1900 cordiam
1492 1865 1559 1897 fide
1578 1865 1687 1908 accipi
1706 1871 1855 1908 oportet.
1910 1863 1955 1897 Et
1972 1872 2021 1898 est
2038 1866 2123 1898 fides
2138 1878 2209 1898 non
2228 1874 2306 1901 tan-

1320 1925 1394 1951 tum
1414 1916 1561 1956 noticia,
1586 1916 1644 1948 sed
1666 1926 1842 1952 assensus,
1871 1915 1912 1947 ad
1936 1927 2040 1959 quem
2065 1917 2168 1948 etiam
2187 1918 2307 1962 requi-

1321 1969 1411 2001 ritur
1434 1973 1550 2000 motus
1576 1965 1765 1998 voluntatis
1783 1992 1791 2005 ‚
1826 1971 1861 1997 ut
1889 1974 2021 2000 norunt
2045 1967 2199 2001 eruditi:
2244 1969 2306 2015 qui

1321 2025 1371 2051 est
1399 2017 1488 2050 velle
1515 2023 1548 2049 et
1569 2016 1726 2060 accipere
1751 2016 2037 2059 promissionem,
2064 2024 2097 2051 et
2120 2018 2157 2050 in
2188 2030 2225 2052 ea
2249 2031 2307 2052 ac-

1322 2069 1509 2114 quiescere.
1576 2065 1785 2110 Concipitur
1819 2073 1937 2100 autem
1972 2064 2056 2101 haec
2087 2069 2189 2110 fides,
2229 2081 2306 2103 cum

1322 2119 1533 2153 assentimur
1573 2118 1798 2160 promissioni
1832 2118 2073 2160 evangelicae,
2128 2132 2194 2160 qua
2227 2132 2306 2152 cum

1323 2182 1420 2203 mens
1445 2169 1692 2213 perterrefacta
1716 2180 1750 2201 se
1776 2175 1962 2209 sustentat,
1990 2169 2145 2215 Spiritus
2169 2177 2307 2204 sanctus

1321 2221 1425 2255 simul
1443 2232 1504 2264 per
1519 2220 1666 2253 verbum
1682 2226 1799 2253 movet
1817 2221 1923 2252 corda
1941 2220 1982 2252 ad
2002 2221 2229 2256 credendum.

1758 2310 1879 2345 Aliud.

1424 2381 1512 2415 Fide
1529 2391 1649 2414 sumus
1665 2379 1746 2412 iusti
1759 2405 1766 2417 ‚
1788 2377 1894 2411 Fides
1911 2385 1960 2412 est
1981 2391 2088 2423 opus,
2114 2379 2207 2424 Ergo
2224 2394 2308 2426 ope-

1323 2433 1422 2466 ribus
1440 2443 1559 2465 sumus
1581 2430 1673 2463 iusti.
1714 2429 1769 2462 Ad
1789 2429 1957 2461 maiorem
1976 2433 2178 2474 responderi
2195 2434 2308 2472 debet,

1324 2496 1392 2529 qua
1411 2490 1501 2516 recte
1519 2482 1711 2523 intellecta,
1740 2479 1868 2523 poterit
1893 2481 2059 2524 explicari
2083 2491 2113 2515 et
2139 2484 2229 2517 dilui
2253 2497 2308 2517 ar-

1324 2541 1544 2578 gumentum.
1596 2531 1683 2565 Fide
1704 2542 1823 2563 sumus
1842 2530 1941 2571 iusti,
1969 2544 2040 2565 non
2058 2533 2138 2577 quia
2156 2542 2203 2568 est
2221 2547 2308 2579 opus

1324 2592 1384 2619 aut
1409 2584 1560 2629 qualitas
1585 2588 1644 2615 aut
1677 2580 1788 2613 virtus
1817 2581 1853 2614 in
1886 2582 2011 2622 nobis,
2051 2585 2108 2616 sed
2135 2592 2308 2629 quatenus

1325 2633 1557 2681 apprehendit
1590 2631 1890 2673 misericordiam,
1930 2639 1963 2666 et
1996 2633 2121 2668 nititur
2158 2633 2309 2672 Christo.
