2415 2942
253 108 347 145 1015

254 193 385 239 poenis.
437 188 542 223 Nulla
569 185 723 230 potentia
745 182 917 220 humana,
946 182 1035 216 nulli
1061 182 1230 216 exercitus

253 245 361 285 magis
386 241 549 273 muniunt
574 237 735 280 imperia,
774 246 877 279 quam
907 232 990 267 haec
1014 233 1232 267 severissima

257 296 308 327 lex
335 292 422 325 Dei:
464 289 608 323 Necesse
635 293 684 319 est
709 286 853 318 obedire
886 292 1026 328 propter
1052 284 1234 318 conscien-

259 345 361 382 tiam,
389 341 486 374 cuins
504 339 588 382 legis
606 339 676 381 ipse
696 336 788 370 Deus
804 343 965 368 executor
983 341 1042 368 est.

359 400 453 434 llaec
470 399 655 441 diligenter
672 395 855 438 cogitanda
880 401 980 433 sunt,
1007 401 1040 427 et
1065 404 1082 425 3
1107 392 1238 437 populo

261 460 292 487 et
315 463 333 485 3
356 450 520 485 dominis.
578 448 665 481 Nam
690 453 722 479 ct
748 445 904 485 domini,
947 456 1024 477 cum
1059 444 1146 476 fiunt
1185 450 1239 488 ty-

262 504 382 542 ranni,
408 502 443 533 id
467 507 536 539 est,
563 510 641 531 cum
668 497 803 530 violant
820 496 1012 534 iusticiam,
1038 495 1192 527 lacerant
1209 499 1242 526 et

263 555 329 598 ipsi
356 551 616 586 ordinationem
642 547 821 585 dixinam,
849 554 881 580 et
905 546 1076 579 divinitus
1099 544 1243 578 haerent

264 606 300 637 in
324 603 457 648 poenis.
526 600 581 633 Fit
609 600 715 641 igitur
744 599 780 630 in
809 598 891 641 ipsis
917 608 1055 641 quoque
1081 608 1137 628 rea
1161 607 1243 628 con-

265 654 429 692 scientia,
454 659 491 686 ut
519 658 614 684 totus
632 649 805 683 Psalmus:
842 649 933 682 Dens
957 647 1052 680 stetit
1076 646 1113 678 in
1142 657 1247 691 syna-

265 717 350 749 goga
374 703 528 737 Deorum
556 701 646 735 Deos
678 700 837 732 iudicans
859 726 867 738 ,
908 703 1047 731 accusat
1071 703 1249 743 tyrannos,

265 759 420 789 minatur
444 754 491 787 eis
517 762 654 796 poenas.
712 748 759 784 Et
785 761 885 793 saepe
916 747 1063 792 repetita
1091 754 1141 781 est
1166 745 1252 780 haee

271 818 409 840 concie.

366 863 489 897 Esaiae
505 862 556 896 5.:
586 859 760 893 Dominus
782 858 825 891 ad
852 857 1025 890 iudicium
1052 856 1172 890 veniet
1191 856 1255 889 ad-

267 926 387 950 versus
403 913 583 956 Principes
605 918 637 944 et
656 909 824 943 Seniores
842 908 975 953 populi.

367 970 529 1007 h1icheae
552 971 600 1006 3.:
639 968 770 1002 Audite
802 967 987 1012 Principes
1011 973 1074 1002 etc.
1114 971 1258 1009 propter

270 1036 330 1058 vos
355 1023 441 1058 Sion
467 1022 567 1067 quasi
598 1032 677 1064 ager
709 1020 866 1053 arabitur
895 1026 927 1052 et
954 1017 1166 1063 ierosolyma
1192 1018 1259 1050 erit

272 1087 414 1109 acervus
441 1074 612 1117 lapidum.

369 1131 560 1167 Zachariae
581 1131 656 1165 11.:
686 1129 801 1174 Super
822 1136 977 1174 pastores
996 1127 1106 1160 iratus
1131 1132 1181 1160 est
1203 1125 1260 1158 su-

274 1197 338 1220 1'01'
358 1196 468 1219 meUS·

376 1244 444 1277 Hic
464 1249 578 1277 autem
604 1241 757 1275 breviter
782 1240 825 1272 de
842 1240 979 1272 duabus
995 1235 1262 1284 quaestionibus

275 1295 563 1340 respondendum
581 1299 641 1327 est.
695 1291 798 1324 Prior
818 1288 903 1322 baec
921 1297 991 1324 est:

383 1345 512 1379 Sumus
529 1342 668 1375 liberati
689 1353 706 1373 a
724 1342 797 1383 lege
809 1367 817 1378 ,

377 1393 472 1438 Ergo
497 1406 567 1426 non
585 1393 736 1425 laeditur
760 1388 972 1423 conscientia
995 1387 1189 1421 violatione
1212 1386 1263 1418 le·

433 1457 514 1489 gum
541 1443 775 1487 politicarum.

381 1504 593 1548 Respondeo
610 1501 763 1534 breviter
788 1500 830 1531 ad
857 1497 1081 1530 antecedens:
1109 1493 1265 1528 Creden—

284 1565 335 1591 tes
361 1557 398 1588 in
423 1554 654 1587 mediatorem
678 1557 758 1583 sunt
783 1549 919 1581 liberati
950 1559 967 1579 a
992 1548 1083 1588 lege,
1112 1545 1204 1589 quod
1223 1544 1264 1575 ad

285 1606 564 1642 iustificationem
588 1602 729 1641 attinet,
756 1601 791 1632 id
817 1606 887 1638 est,
914 1596 1093 1642 proposita
1124 1602 1175 1628 est
1197 1594 1265 1626 alia

287 1671 361 1699 res,
387 1668 454 1700 qua
471 1661 552 1688 sunt
576 1653 656 1686 iusti
684 1663 798 1685 coram
816 1649 910 1689 Deo,
936 1648 1068 1681 scilicet
1096 1645 1269 1679 mediator

287 1710 347 1755 qui
369 1709 495 1741 liberat
519 1705 653 1737 animas
676 1714 716 1735 ex
740 1708 852 1734 morte
874 1706 1014 1732 aeterna
1038 1704 1166 1730 erectas
1190 1696 1269 1730 fide.

288 1761 424 1794 Interea
448 1762 591 1789 manent
615 1761 733 1788 tamen
757 1753 794 1784 in
819 1749 882 1784 hac
904 1750 973 1783 vita
997 1747 1171 1792 corporali
1188 1758 1270 1790 pro-

291 1811 364 1856 pria
383 1809 495 1842 officia
514 1805 686 1850 corporis,
713 1815 800 1848 quae
827 1808 908 1835 sunt
932 1801 998 1833 alia
1023 1811 1076 1832 res
1093 1810 1196 1843 quam
1217 1808 1270 1828 re-

291 1859 489 1896 conciliatio
506 1864 656 1896 aeterna,
675 1854 823 1893 iusticia,
846 1859 877 1885 et
894 1851 962 1885 vita
981 1850 1135 1895 spiritus,
1178 1847 1271 1890 Quia

293 1919 407 1946 autem
429 1910 477 1943 sic
501 1907 632 1949 colligit
658 1905 750 1938 Deus
770 1903 984 1942 Ecclesiam,
1012 1908 1044 1934 et
1066 1913 1137 1933 non
1161 1900 1272 1937 aliter,

293 1962 455 1996 ridelicet
493 1957 749 2002 praedicatione
781 1953 965 1995 Evangelii
1010 1952 1045 1984 in
1082 1949 1145 1983 hac
1191 1950 1272 1987 vita,

297 2014 370 2047 vult
386 2023 450 2044 nos
475 2009 659 2051 tantisper,
688 2007 780 2051 quod
799 2007 840 2038 ad
861 2015 1006 2047 corpora
1024 2002 1160 2041 attinet,
1190 2001 1272 2033 sub-

298 2066 403 2097 iectos
428 2073 498 2094 esse
521 2060 656 2101 legibus
681 2068 887 2100 corporum,
920 2054 1006 2094 cibi,
1032 2060 1151 2097 potus,
1180 2051 1274 2094 poli-

298 2115 356 2149 tici
375 2111 522 2146 ordinis.
573 2108 745 2142 Similiter
767 2107 858 2138 enim
886 2116 938 2137 res
961 2103 1171 2136 necessariae
1195 2109 1274 2134 sunt

301 2164 438 2208 corpori
455 2163 571 2200 cibus,
597 2166 723 2204 potus,
751 2156 973 2197 coniugium,
997 2153 1156 2186 educatio
1172 2153 1273 2185 sobo-

300 2217 361 2255 lis,
389 2213 529 2257 politica
547 2211 710 2248 societas,
738 2206 893 2239 defensio
911 2217 1115 2247 corporum,
1142 2210 1174 2236 et
1192 2202 1276 2235 scri-

301 2273 400 2311 ptum
422 2271 489 2296 est:
518 2261 728 2294 Habendum
754 2270 826 2291 esse
851 2255 1019 2288 honorem
1043 2254 1192 2297 corpori.
1235 2252 1277 2286 lit

303 2325 420 2351 tamen
446 2313 510 2346 hae
534 2325 587 2344 res
605 2323 674 2343 non
700 2317 779 2342 sunt
806 2309 863 2340 illa
887 2314 1025 2339 aeterna
1050 2305 1205 2342 iusticia,
1238 2305 1281 2336 de

309 2378 374 2412 qua
400 2365 483 2398 dicit
502 2362 646 2396 Daniel:
676 2360 814 2393 Iusticia
839 2365 978 2391 aeterna
1003 2357 1195 2388 adducetur
1220 2361 1282 2387 etc.

309 2429 397 2463 quae
442 2415 554 2458 reipsa
596 2420 645 2447 est
688 2412 830 2445 libertas
869 2408 1012 2453 spiritns
1052 2413 1086 2439 et
1122 2405 1282 2439 liberatio

309 2481 328 2502 a
352 2468 436 2510 lege.

412 2516 504 2549 llaec
522 2514 666 2558 simplex
683 2511 864 2560 responsio
881 2510 981 2543 facile
1004 2507 1151 2550 intelligi
1175 2514 1283 2550 potest

315 2571 357 2601 de
369 2566 570 2601 discrimine
587 2571 744 2597 aeternae
756 2563 845 2595 lucis
863 2569 893 2594 et
913 2560 1068 2593 iusticiae
1084 2559 1119 2591 in
1136 2559 1238 2590 corde
1255 2565 1284 2590 et

310 2621 402 2653 vitae
427 2615 638 2660 corporalis,
665 2622 696 2648 et
714 2616 823 2646 donec
842 2613 877 2644 in
899 2610 964 2644 hoc
983 2609 1120 2643 mortali
1144 2620 1288 2650 corpore

533 2665 630 2699 Alibi
663 2672 778 2699 autem
809 2663 983 2707 copiosius
1010 2662 1141 2694 dictum
1174 2667 1220 2692 est
1247 2661 1289 2691 de

312 2684 326 2702 x
338 2672 363 2703 is
375 2670 475 2704 imus.

833 96 962 132 PHlL.
991 95 1106 131 MEL.
1133 95 1341 132 SCRIPTA
1370 93 1669 130 EXEGETICA.

2170 93 2268 129 1016

1284 181 1492 215 liberatione
1525 191 1543 213 a
1573 180 1673 227 lege,
1721 184 1754 212 et
1788 186 1880 214 recte
1917 179 2171 215 accommodari
2196 176 2266 212 huc

1286 239 1398 277 potest
1421 231 1619 265 communis
1643 229 1841 273 responsio:
1877 229 2005 264 Sumus
2021 231 2125 264 liberi
2155 243 2172 263 a
2199 229 2273 272 lege

1287 283 1431 323 morali,
1457 283 1549 326 quod
1574 282 1616 313 ad
1642 280 1925 314 iustificationem
1946 281 2090 322 attinet,
2117 282 2175 314 sed
2198 291 2272 312 non

1289 334 1382 378 quod
1399 334 1440 366 ad
1458 331 1707 365 obedientiiam
1726 332 1860 366 attinet.
1914 330 2002 364 Nam
2022 331 2095 375 ipsa
2111 330 2273 365 liberatio

1290 397 1308 417 a
1326 385 1399 427 lege
1420 382 1638 426 regeneratio
1656 388 1706 415 est
1721 383 1764 414 ad
1782 393 1909 415 novam
1930 381 2180 416 obedientiam.

1558 472 1691 505 Aliud
1716 477 2017 512 argumentum.

1394 533 1437 568 Et
1456 534 1578 567 iisdem
1596 534 1756 566 sontibus
1774 539 1959 566 sumantur
1976 532 2220 577 responsiones
2237 535 2281 568 ad

1298 585 1364 620 hoc
1382 586 1531 618 dictum:
1560 583 1654 617 [usto
1677 596 1750 617 non
1766 590 1816 617 est
1833 584 1887 616 lex
1906 583 2040 628 posita,
2068 583 2217 626 scilicet,
2244 591 2284 619 ut

1300 638 1373 680 lege
1391 637 1501 671 iustus
1526 635 1569 669 sit
1594 647 1710 668 coram
1729 634 1823 674 Deo,
1851 646 1911 667 seu
1934 635 2027 679 quod
2044 635 2086 667 ad
2105 641 2283 668 aeternam

1302 687 1472 722 iusticiam
1496 686 1632 719 attinet.
1685 683 1753 718 Sed
1779 685 1870 718 iusto
1889 692 1938 718 est
1955 686 2009 718 lex
2032 685 2161 729 posita,
2189 687 2285 731 quod

1303 739 1345 772 ad
1364 738 1469 771 vitam
1486 736 1703 779 corporalem
1730 735 1873 777 attinet,
1904 735 2066 770 videlicet
2089 736 2181 780 leges
2205 737 2286 779 cibi,

1307 796 1407 834 potus
1419 814 1428 828 ‚
1455 787 1616 831 politicae
1633 785 1818 820 societatis.

1407 836 1508 871 Adde
1538 844 1571 870 et
1609 837 1752 870 alteram
1790 835 2052 881 responsionem
2071 851 2076 870 :
2116 836 2211 872 Iusto
2249 838 2286 871 in

1309 896 1479 934 quantum
1504 887 1565 921 tali
1593 899 1665 920 non
1688 893 1737 919 est
1754 887 1807 919 lex
1825 887 1953 931 posita,
1980 887 2015 920 id
2041 895 2109 930 est,
2138 889 2192 922 lex
2215 901 2289 923 non

1311 942 1453 973 damnat
1482 939 1611 971 iustum
1633 937 1840 970 retinentem
1868 938 2052 971 iusticiam.
2116 939 2185 973 Sed
2211 952 2290 973 cum

1313 990 1442 1024 desinit
1464 1000 1535 1022 esse
1560 988 1670 1021 iustus
1688 1014 1697 1028 ‚
1739 994 1859 1020 contra
1882 988 2130 1023 conscientiam
2155 990 2293 1024 violans

1314 1042 1478 1074 mandata
1497 1038 1583 1083 Dei,
1610 1039 1664 1072 lex
1681 1049 1801 1071 rursus
1818 1050 1896 1071 eum
1913 1039 2067 1074 damnat.

1634 1128 1734 1160 Alia
1769 1127 1963 1161 obiectio.

1415 1191 1487 1226 Cur
1514 1191 1551 1224 fit
1581 1202 1639 1223 rea
1668 1191 1878 1224 conscientia
1903 1191 2031 1226 faciens
2060 1199 2180 1226 contra
2204 1193 2297 1237 leges

1314 1243 1582 1286 magistratuum
1616 1241 1799 1281 civilium,
1839 1249 1870 1275 et
1903 1254 1975 1275 non
2009 1243 2045 1276 fit
2079 1255 2135 1276 rea
2166 1244 2296 1278 faciens

1316 1301 1436 1328 contra
1456 1292 1665 1326 traditiones
1686 1292 1965 1335 Episcoporum'?

1416 1342 1647 1386 Respondeo:
1674 1342 1778 1376 Ratio
1797 1343 2007 1376 t‘liversitatis
2022 1349 2082 1376 est.
2129 1342 2223 1378 Deus
2240 1356 2297 1377 ex-

1317 1405 1432 1437 presse
1465 1404 1549 1425 voce
1573 1393 1757 1433 Evangelii
1782 1394 1894 1426 sanxit
1920 1391 2010 1426 hanc
2034 1394 2229 1427 libertatem
2261 1396 2296 1428 in

1316 1443 1488 1482 Ecclesia,
1510 1450 1548 1475 ut
1566 1455 1628 1475 nec
1644 1441 1808 1486 Episcopi
1828 1444 1981 1477 condant
1997 1443 2203 1478 traditiones
2220 1457 2300 1480 cum

1318 1494 1485 1537 opinione
1506 1493 1716 1525 necessitatis
1733 1520 1741 1532 ,
1779 1506 1841 1526 nec
1866 1491 2019 1526 Ecclesia
2050 1506 2105 1527 eas
2132 1495 2179 1528 sic
2210 1496 2301 1528 acci-

1321 1545 1403 1587 piat.
1457 1542 1537 1574 ldeo
1558 1542 1672 1576 cotos.
1691 1543 1724 1577 3.
1753 1555 1908 1586 expresse
1932 1544 2064 1576 dictum
2089 1551 2153 1577 est:
2188 1545 2298 1578 Nemo

1321 1607 1382 1627 vos
1400 1600 1519 1635 arguat
1537 1593 1572 1624 in
1592 1592 1682 1635 cibo,
1707 1600 1792 1636 potu
1806 1599 1866 1626 etc.
1896 1591 1941 1626 Et
1956 1595 1999 1626 ad
2015 1592 2176 1628 Galatas:
2204 1595 2301 1630 State

1323 1646 1358 1677 in
1377 1645 1556 1683 libertate,
1580 1644 1620 1675 ad
1641 1655 1743 1687 quam
1764 1644 1879 1677 vocati
1905 1644 1996 1677 estis.
2047 1643 2114 1678 Sed
2140 1647 2182 1678 de
2209 1647 2302 1690 poli-

1323 1696 1388 1730 tica
1421 1701 1587 1738 potestate
1618 1705 1775 1737 expresse
1807 1695 1940 1727 dictum
1967 1701 2032 1727 est:
2075 1694 2220 1729 Necesse
2251 1704 2301 1731 est

1323 1746 1467 1779 obedire
1491 1751 1634 1788 propter
1665 1745 1925 1778 conscientiam.
1991 1744 2075 1778 Vult
2104 1746 2197 1780 Deus
2221 1760 2305 1780 con-

1324 1797 1410 1841 spici
1437 1796 1623 1828 discrimen
1650 1795 1741 1828 inter
1771 1807 1916 1838 regnum
1939 1793 2072 1829 Christi
2098 1803 2131 1830 et
2159 1797 2304 1841 imperia

1324 1847 1466 1886 mundi,
1501 1845 1576 1877 vult,
1601 1845 1681 1878 sciri
1709 1852 1842 1878 tantum
1871 1858 1953 1878 voce
1975 1844 2160 1889 Evangelii
2188 1849 2304 1892 colligi

1326 1909 1472 1941 regnum
1498 1894 1639 1929 Christi.
1711 1895 1790 1929 Non
1830 1897 1904 1929 vult
1938 1897 2067 1939 adfingi
2099 1899 2305 1933 traditiones

1326 1947 1498 1981 humanas
1515 1974 1524 1987 ,
1562 1959 1650 1990 quae
1674 1947 1862 1980 obscurant
1885 1946 1938 1979 vel
1962 1947 2167 1990 opprimunt
2193 1949 2304 1983 lucem

1327 1998 1521 2041 Evangelii.
1567 1998 1702 2031 Interea
1721 1998 1825 2030 simul
1845 1998 1917 2030 vult
1936 1997 2016 2030 sciri
2030 2025 2038 2038 ‚
2061 2010 2205 2042 corpora
2224 2002 2306 2034 sub-

1329 2050 1415 2083 iecta
1441 2060 1514 2081 esse
1541 2048 1682 2092 politico
1709 2048 1847 2089 ordini,
1884 2055 1916 2080 et
1939 2060 2033 2091 reges
2061 2056 2211 2083 armatos
2236 2063 2309 2085 esse

1332 2107 1497 2144 potestate
1522 2099 1696 2131 condendi
1719 2099 1829 2141 leges,
1857 2100 1899 2132 ad
1927 2096 2108 2132 honestam
2135 2101 2306 2135 defensio-

1332 2164 1408 2183 nem
1431 2161 1635 2194 corporum,
1662 2150 1704 2182 ad
1723 2162 1825 2194 quam
1843 2160 1929 2193 opus
1947 2157 1995 2182 est
2014 2150 2190 2184 interdum
2211 2154 2312 2187 novis

1332 2201 1475 2244 legibus.

1433 2251 1614 2282 Caeterum
1645 2251 1774 2292 p..rite1·
1797 2257 1936 2294 peccant
1962 2250 2181 2292 magistratus
2199 2253 2312 2288 civilis

1334 2310 1365 2335 et
1384 2300 1561 2344 Epist-opi,
1582 2303 1722 2345 quando
1740 2303 1895 2334 condunt
1913 2301 2003 2343 leges
2022 2309 2214 2344 pugnantes
2233 2316 2312 2337 cum

1337 2353 1508 2384 mandatis
1534 2352 1683 2391 divinis,
1723 2359 1781 2385 aut
1808 2352 2024 2395 praecipiunt
2054 2364 2162 2385 novos
2189 2354 2313 2389 cultus.

1338 2404 1484 2436 Talibus
1512 2403 1645 2444 legibus
1671 2415 1741 2434 non
1773 2409 1822 2435 est
1848 2402 2104 2442 obediendum,
2139 2403 2226 2438 sicut
2251 2417 2312 2438 nec

1341 2454 1514 2488 [sraelitae
1531 2453 1741 2485 obediebant
1758 2453 1823 2495 legi
1841 2450 2187 2496 Nabuchodonosor,
2215 2467 2314 2498 prae-

1339 2505 1481 2549 cipienti
1500 2505 1644 2536 adorare
1660 2511 1819 2536 statuam.

1439 2554 1660 2597 Interrogant
1677 2561 1791 2587 autem
1814 2552 1938 2597 aliqui:
1967 2551 2131 2586 Maiorne
2151 2566 2312 2588 reveren-

1313 2651 1314 2656 1
1340 2607 1387 2639 tia
1412 2606 1559 2638 debetur
1582 2605 1740 2647 potestati
1765 2603 1878 2643 civili,
1905 2615 2008 2647 quam
2034 2605 2230 2648 pastoribus
2251 2604 2314 2638 Ec-

1342 2657 1465 2690 clesiae
1484 2683 1492 2697 ,
1528 2667 1606 2689 cum
1629 2655 1761 2688 dictum
1787 2654 1851 2688 sit:
1888 2655 1960 2697 Qui
1989 2667 2048 2689 vos
2076 2656 2230 2699 spernit,
2263 2667 2315 2689 me
