2415 2942
230 109 324 144 1510
809 97 934 133 PlllL.
969 95 1085 130 MEL.

321 193 443 226 Altera
470 186 664 221 admonitio
691 182 748 217 liic
772 181 1022 227 comprehensa
1048 179 1134 214 haec
1151 188 1212 219 est,

221 245 326 287 Quod
342 243 414 275 vult
435 240 506 272 steri
527 237 801 281 explorationem
814 234 995 267 doctrinae
1013 239 1044 266 et
1063 244 1215 271 morum,
1239 204 1244 263 l

223 309 285 329 nec
302 292 438 327 admitti
457 291 498 323 ad
525 288 761 321 ministerium
787 285 1042 329 inexploratos,
1069 284 1157 316 sicut
1183 289 1216 315 et

223 347 311 379 int'ra
347 342 513 388 praecipit
538 342 572 374 2.
598 335 757 372 Timoth.
775 340 828 371 Q:
863 335 1081 369 Commenda
1107 334 1216 366 mini-

223 397 365 430 sterium
386 392 590 426 ltotuiniluts
617 389 800 423 fidelibus.
834 387 895 432 qui
919 393 1001 419 sunt
1026 386 1144 418 idonei
1173 385 1216 418 ad
1243 382 1245 415 ἰ

224 447 432 479 docendum.
489 441 574 475 Vult
600 452 680 483 ergo
707 439 832 483 inspici
856 438 1054 470 doctrinam
1079 443 1111 468 et
1141 448 1218 468 mo-

224 511 298 537 res,
331 504 361 529 et
387 494 503 528 nullos
527 491 663 525 admitti
687 492 731 524 ad
761 489 1018 528 ministerium,
1052 487 1112 532 qui
1146 498 1219 519 non
1244 501 1246 515 ι

225 557 306 582 sunt
325 545 549 579 mediocriter
567 541 697 575 idonei.

330 614 396 647 llic
412 618 554 657 quaeret
572 609 720 654 aliquis:
756 606 846 650 Quis
873 606 1000 649 gradus
1024 603 1218 636 observan-
1245 609 1248 647 1

228 670 293 701 dus
312 665 386 698 est'?
419 662 648 707 Respondent
678 659 835 702 Utraque
855 655 1049 701 propositio
1067 655 1220 687 tenenda
1246 651 1249 706 l

229 726 289 751 est.
350 715 488 752 Prima,
531 712 671 746 Nullius
700 708 958 746 eruditionem,
1000 705 1221 748 sapientiam,
1247 709 1249 727 t

232 778 265 803 et
281 766 500 809 diligentiam
521 774 638 808 parem
658 772 729 794 esse
756 766 853 792 tanto
878 756 1098 796 ministerio,
1133 755 1222 787 sicut
1248 750 1250 794 l

231 822 265 854 2.
283 814 445 851 Corinth.
461 816 496 849 3.
516 824 673 857 expresse
699 812 844 844 dicitur:
880 807 961 841 Non
988 817 1109 840 sumus
1126 805 1223 838 susfi-
1248 804 1251 842 ξ

234 872 374 906 cientes,
428 864 658 909 Agnoscenda
677 869 726 894 est
753 861 860 903 igitur
885 865 1005 891 nostra
1029 857 1225 896 infirmitas,
1250 876 1251 902 3

233 931 266 955 et
290 919 459 953 frenanda
478 914 639 954 audacia,
663 924 707 945 ne
727 911 851 944 fiducia
870 917 1010 943 nostrae
1033 907 1225 952 sapientiae
1249 904 1252 939 l

235 972 431 1005 doctrinam
462 974 553 1000 recte
593 964 756 998 traditam
798 962 1000 1000 turbemus,
1040 970 1104 991 nec
1133 969 1225 990 nova

236 1026 416 1065 dogmata,
443 1030 507 1051 nec
525 1027 635 1050 novos
653 1015 766 1047 cultus
785 1013 967 1055 fingamus.
1007 1010 1125 1043 Altera
1144 1021 1227 1052 pro-

238 1073 366 1118 positio
382 1069 541 1103 addcnda
558 1074 605 1100 est
617 1093 624 1103 ,
652 1065 798 1098 Necesse
822 1070 872 1097 est
889 1061 1034 1094 obedire
1052 1062 1230 1099 mandato,

239 1125 333 1170 qnod
354 1122 449 1155 iubet
467 1119 596 1152 servire
614 1115 791 1150 Ecclesiae
817 1120 976 1163 vocatoS‚
1003 1112 1055 1144 ibi
1079 1110 1230 1156 requiri-

238 1184 296 1210 tur
313 1181 351 1207 ut
369 1172 486 1205 fideles
504 1170 632 1206 simus,
661 1175 698 1201 ut
715 1166 843 1199 dicitur
863 1166 894 1199 1.
911 1161 1071 1198 Corinth.
1089 1161 1126 1198 4.

342 1246 510 1281 fidelitas
530 1251 645 1277 autem
666 1241 858 1285 opponitur
874 1239 1012 1272 duobus
1029 1237 1134 1278 vitiis,
1161 1236 1231 1270 Af-
1255 1249 1257 1255 ·

241 1303 383 1335 sectatae
403 1295 640 1339 ignorantiae,
675 1299 707 1325 et
731 1292 910 1324 affectatae
935 1289 1167 1332 negligentiae
1194 1288 1231 1320 in

243 1353 305 1389 iis,
333 1361 418 1394 quae
436 1345 627 1381 necessario
646 1343 806 1376 facienda
825 1347 936 1375 erant.
989 1337 1232 1383 Comprehen-

243 1405 294 1435 dit
312 1402 416 1443 igitur
433 1397 581 1430 fidelitas
600 1394 813 1427 mediocrem
833 1391 1082 1432 eruditionem,
1111 1396 1144 1422 et
1161 1401 1233 1421 me-

243 1454 397 1487 diocrem
416 1447 633 1491 diligentiam
659 1445 695 1476 in
721 1442 889 1476 faciendis
912 1442 974 1480 iis,
1000 1452 1089 1484 quae
1116 1451 1234 1472 neces-

247 1504 334 1538 saria
354 1507 446 1534 suut.
500 1497 567 1530 Hic
584 1502 698 1529 autem
718 1493 905 1526 mediocris
922 1491 1075 1524 eruditio
1103 1502 1139 1522 ea
1163 1490 1234 1522 exi-

246 1556 407 1589 stimetur
429 1561 519 1589 esse,
553 1558 641 1592 qnae
665 1552 782 1578 tamen
806 1544 1075 1576 fundamentum
1102 1541 1236 1582 integre

247 1603 509 1647 complectitur,
546 1600 580 1631 id
605 1604 673 1636 est,
715 1605 837 1628 omnes
870 1592 1036 1626 articulos
1076 1591 1238 1637 symboli,

246 1655 482 1697 Decalogum‚
515 1648 703 1683 discrimen
726 1642 868 1690 Legis
898 1647 927 1676 et
956 1639 1238 1687 Evangelii,

251 1707 470 1740 intellectum
507 1700 688 1734 doctrinae
720 1698 762 1730 de
795 1695 1059 1734 iustificatione,
1098 1696 1140 1725 de
1172 1703 1239 1726 usu

251 1761 548 1792 sacramentorum
560 1777 569 1792 ,
593 1751 635 1782 de
651 1748 743 1781 veris
760 1748 912 1780 cultibus
931 1752 963 1779 et
980 1744 1129 1778 ficticiis.

354 1829 430 1865 Etsi
456 1835 571 1862 autem
597 1836 701 1858 nemo
726 1823 809 1856 satis
843 1820 1007 1863 intelligit
1031 1817 1122 1852 hanc
1148 1817 1240 1851 divi·
1263 1838 1265 1856 ,

255 1896 336 1919 nam
355 1880 579 1925 sapientiam,
607 1884 725 1910 tamen
748 1875 790 1906 de
815 1871 870 1906 his
894 1870 1049 1904 materiis
1075 1870 1241 1903 omnibus
1264 1865 1267 1899 l

257 1943 434 1978 utcunque
464 1934 603 1974 oportet
634 1925 827 1971 quemlibet
855 1922 1034 1956 Pastorem
1058 1921 1146 1954 scire
1169 1920 1243 1953 sor-

258 1997 352 2020 mam
375 1981 544 2018 docendi,
582 1990 669 2023 quae
695 1978 731 2009 in
749 1973 916 2008 Ecclesiis
939 1973 1123 2006 emendate
1141 1977 1244 2010 extat,

256 2030 507 2081 comprehensa
526 2031 562 2063 in
581 2026 821 2064 Catechismis.

1267 2110 1271 2135 l

360 2101 449 2136 Nam
466 2096 730 2133 distinctionem
756 2094 799 2126 de
823 2091 1067 2126 insufficientia
1085 2097 1116 2123 et
1133 2089 1245 2123 fideli-

260 2163 346 2195 tate,
373 2154 410 2186 in
429 2150 584 2197 qualibet
602 2146 784 2180 vocatione
800 2155 902 2176 nosse
929 2142 1161 2175 necessarium
1187 2147 1247 2180 est,

263 2214 302 2239 ut
319 2204 467 2239 sciamus
484 2213 545 2234 cur
560 2209 698 2232 necesse
714 2198 757 2229 sit
779 2194 929 2234 servire,
959 2200 992 2226 et
1009 2204 1095 2237 quas
1113 2204 1166 2225 res
1183 2203 1247 2224 nos

265 2256 388 2290 afferre
407 2259 585 2298 oporteat,
621 2256 652 2282 et
675 2248 770 2281 unde
796 2246 985 2290 petendum
1012 2252 1044 2277 et
1066 2250 1248 2287 expectan-

265 2309 349 2340 dum
369 2305 413 2339 sit
431 2303 618 2337 auxilium:
647 2306 680 2332 et
701 2305 739 2332 ut
763 2296 879 2340 agnita
904 2295 1106 2328 infirmitate
1131 2300 1248 2327 nostra

266 2355 358 2391 nihil
396 2362 490 2389 extra
530 2351 748 2386 vocationem
789 2354 981 2386 tentemus,
1028 2345 1117 2378 sicut
1147 2343 1251 2378 multi

269 2407 395 2442 summi
414 2405 480 2438 viri
503 2403 590 2448 lapsi
617 2407 698 2434 sunt
719 2399 846 2432 fiducia
869 2408 951 2430 suae
976 2395 1172 2440 potentiae,
1196 2395 1252 2428 vel

269 2457 447 2494 iusticiae,
476 2456 530 2487 vel
548 2452 737 2497 sapientiae
754 2477 763 2490 ,
797 2448 851 2481 vel
877 2447 1096 2486 autoritatis,
1123 2452 1162 2479 ut
1180 2444 1252 2479 Ge—

270 2512 381 2548 deon,
410 2506 706 2549 Nalmgdonosor,
732 2499 921 2544 Pompeius
949 2505 982 2532 et
1005 2498 1064 2531 alii
1089 2497 1254 2530 innume-

269 2560 408 2594 rabiles.

374 2624 485 2660 Addit
501 2629 615 2655 autem
633 2618 691 2653 hic
706 2618 839 2652 Paulus
861 2616 1033 2660 regulam:
1064 2613 1143 2648 Non
1160 2625 1256 2647 com-

269 2677 430 2712 munices
445 2673 569 2708 alienis
588 2671 747 2717 peccatis.
789 2667 889 2712 Quae
908 2666 1070 2710 congruit
1088 2678 1166 2700 cum
1184 2665 1258 2698 usi-

1125 96 1332 131 St'ntPTA
1369 95 1667 132 EXEGETICA.

1248 739 1249 748 ¹
1276 725 1326 758 cia
1347 725 1389 757 ad
1416 730 1655 768 praeceptum:
1690 723 1769 757 Non
1790 724 1938 758 occides.

2162 100 2258 135 1376

1268 190 1339 216 tato
1365 183 1474 217 diito:
1516 182 1663 217 faciens
1692 189 1726 216 et
1757 184 1978 218 consentiens
2005 186 2168 220 similiter
2194 199 2258 230 pu-

1268 234 1421 267 niendus
1439 240 1500 267 est.

1373 293 1511 326 Deinde
1532 291 1688 335 congerit
1711 292 1779 326 alia
1797 301 1999 337 praecepta,
2026 295 2069 327 de
2092 295 2260 333 castitate,

1270 344 1351 378 item
1370 346 1412 375 de
1431 344 1559 377 tuenda
1580 343 1802 386 valetudine,
1830 351 1863 378 et
1879 345 1959 378 alia.

1373 402 1484 446 Saepe
1510 408 1627 437 autem
1653 403 1824 445 repetitur
1847 403 2008 438 doctrina
2033 404 2076 436 de
2095 403 2260 443 castitate,

1271 466 1374 499 quam
1396 453 1627 487 certis-imum
1656 461 1705 486 est
1731 455 1896 487 virtutem
1924 465 1996 487 esse
2019 454 2260 492 necessariam,

1272 505 1364 538 iuxta
1383 505 1516 538 dictum
1537 505 1569 540 1.
1588 501 1753 538 Corinth.
1773 503 1823 538 6.:
1860 504 2077 538 Scortatores
2103 511 2137 538 et
2161 504 2264 538 adul-

1272 555 1336 588 teri
1361 568 1431 587 non
1458 555 1689 599 possidebunt
1723 567 1869 597 regnum
1906 556 1984 589 Dei.
2048 554 2157 596 Item,
2189 553 2263 588 He-

1273 608 1366 639 brae.
1384 607 1458 640 13.:
1488 608 1707 640 §certatores
1728 614 1759 639 et
1779 606 1957 639 adulteros
1974 607 2141 639 iudicabit
2158 605 2265 641 Deus.

1378 673 1426 707 Dc
1455 674 1582 706 tuenda
1601 673 1815 708 valetudine.
1869 673 2026 708 Pertinet
2050 672 2134 707 haec
2163 673 2265 707 iusti-

1991 724 2137 770 Semper
2151 732 2267 759 autem

1276 775 1377 808 valde
1397 775 1498 807 multi
1526 773 1687 808 homines
1709 786 1744 807 se
1773 775 2045 815 interfecerunt,
2079 783 2112 810 et
2134 775 2268 809 interfi-

1249 847 1251 868 t
1276 827 1372 859 ciunt
1389 826 1672 869 intemperantia,
1696 825 1804 870 aliqui
1820 826 1923 860 etiam
1942 827 2172 861 immoderata
2189 827 2268 859 abs-

1276 877 1423 911 tinentia
1448 876 1624 908 laeserunt
1647 887 1806 919 corpora.
1864 876 1994 911 Paulus
2012 879 2055 911 ad
2071 877 2269 911 Colossens.

1250 945 1251 956 t
1276 927 1387 972 capite
1418 927 1628 959 duodecimo
1655 926 1783 969 insigni
1809 928 1915 960 verbo
1947 940 2031 962 usus
2063 935 2130 968 est,
2173 928 2271 961 iubet

1278 977 1447 1011 honorem
1464 975 1585 1010 haberi
1604 978 1756 1020 corpori.
1795 976 1883 1010 Cum
1902 979 1994 1011 enim
2013 980 2056 1012 sit
2075 976 2270 1022 hospitium

1279 1037 1310 1063 et
1346 1041 1516 1071 organum
1549 1027 1704 1071 Spiritus
1738 1028 1869 1068 sancti,
1911 1030 1978 1062 tale
2010 1029 2177 1074 quiddam
2209 1035 2271 1066 est,

1280 1081 1375 1126 qnod
1397 1091 1469 1112 non
1486 1078 1601 1111 solum
1618 1078 1810 1111 fovendum
1835 1086 1904 1117 est,
1932 1080 2021 1114 sicut
2047 1081 2143 1113 foves
2165 1080 2271 1112 arbo—

1253 1164 1255 1168 ,
1280 1143 1353 1164 rem
1372 1137 1431 1163 aut
1450 1141 1570 1174 pchS,
1599 1129 1657 1162 sed
1676 1129 1778 1162 etiam
1798 1129 1844 1162 ita
1869 1130 2188 1173 magnifaciendum
2213 1135 2274 1169 est,

1281 1189 1319 1215 ut
1336 1182 1475 1214 accedat
1492 1180 1633 1224 opinio,
1661 1180 1757 1224 quod
1781 1192 1908 1224 corpus
1932 1181 1975 1215 sit
1996 1181 2216 1214 domicilium
2241 1186 2274 1214 et

1281 1245 1453 1276 organum
1473 1231 1650 1264 actionum
1669 1231 1871 1264 divinarum
1891 1232 1926 1264 in
1944 1233 2041 1265 omni
2058 1232 2275 1267 aeternitate.

1256 1327 1257 1330 Ἴ
1283 1282 1329 1317 Et
1351 1294 1492 1327 propter
1510 1279 1596 1315 haec
1617 1283 1710 1314 bona
1734 1294 1778 1314 ne
1799 1281 1894 1315 Deus
1919 1283 2148 1327 impediatur,
2174 1294 2276 1315 reve-

1284 1341 1400 1367 renter
1420 1334 1610 1367 tenendum
1629 1339 1698 1373 est,
1728 1340 1760 1367 et
1776 1344 1831 1365 ars
1850 1333 1922 1376 ipsa
1942 1333 2185 1367 fabricationis
2201 1344 2276 1366 ma-

1285 1386 1336 1428 gis
1353 1385 1559 1417 admiranda
1577 1390 1644 1423 est,
1672 1395 1777 1428 quam
1797 1383 1834 1416 in
1852 1384 1930 1416 aliis
1947 1384 2166 1429 corporibuS,
2192 1383 2276 1430 qnia

1285 1435 1397 1468 multo
1432 1435 1532 1478 plura
1567 1434 1766 1467 testimonia
1800 1435 1843 1466 de
1873 1433 1948 1467 Deo
1973 1436 2077 1468 nobis
2108 1435 2277 1478 impressa

1286 1493 1389 1525 sunt,
1425 1484 1588 1517 videlicet
1618 1484 1708 1516 radii
1740 1484 1930 1528 sapientiae
1956 1486 2115 1525 divinae,
2144 1485 2275 1518 noticia

1287 1547 1516 1569 numerorum
1535 1542 1567 1567 et
1584 1535 1741 1574 ordinis,
1771 1535 1963 1568 discrimen
1986 1534 2217 1569 honestorum
2245 1541 2277 1568 et

1289 1587 1458 1629 turpium.
1519 1584 1614 1617 Haec
1639 1597 1720 1617 casu
1743 1597 1878 1628 semper
1901 1587 1983 1619 talia
2012 1598 2083 1619 esse
2114 1586 2278 1630 impossi-

1289 1638 1359 1670 hile
1378 1643 1441 1669 est.
1493 1635 1562 1669 Sed
1585 1635 1769 1668 fatendum
1787 1642 1837 1669 est
1855 1643 2007 1669 mentem
2024 1634 2280 1670 architectatri-

1290 1700 1363 1721 cem
1389 1699 1470 1719 esse.
1523 1685 1704 1719 Postremo
1728 1686 1807 1718 ideo
1831 1699 1972 1731 quoque
1995 1689 2142 1721 debetur
2165 1684 2280 1720 honos

1290 1738 1450 1782 corpori,
1480 1737 1560 1781 quia
1580 1736 1674 1770 Deus
1692 1737 1872 1780 praecipit,
1895 1750 1938 1770 ne
1962 1739 2130 1772 laedatur.
2186 1736 2282 1771 Haec

1291 1789 1525 1822 consideratio
1543 1799 1608 1820 nos
1624 1788 1667 1820 ad
1688 1788 1908 1834 diligentiam
1935 1789 2061 1824 invitet
2083 1789 2122 1822 in
2145 1790 2278 1823 tuendo

1292 1848 1323 1874 et
1342 1841 1494 1882 regendo
1512 1850 1670 1883 corpore.

1318 1929 1564 1979 Quorundam
1583 1935 1730 1978 peccata
1754 1929 1975 1978 praecedunt
2001 1931 2177 1967 iudicium
2194 1938 2256 1968 etc.

1394 2007 1474 2042 Non
1506 2008 1664 2054 quuitur
1688 2009 1730 2042 de
1755 2015 1905 2043 extremo
1931 2009 2082 2051 iudicio,
2121 2011 2180 2044 sed
2204 2023 2283 2045 cum

1294 2067 1395 2094 antea
1419 2060 1546 2093 dixerit
1573 2061 1616 2092 de
1645 2059 1814 2092 electione
1839 2067 1872 2093 et
1895 2062 1937 2093 de
1961 2073 2106 2095 censura
2131 2074 2281 2105 morum,

1295 2123 1390 2145 nunc
1409 2111 1527 2143 eadem
1546 2111 1588 2143 de
1605 2122 1642 2143 re
1666 2111 1944 2144 admonitionem
1968 2112 2082 2151 addit,
2111 2120 2144 2147 et
2167 2113 2284 2158 loqui-

1297 2170 1354 2196 tur
1369 2164 1412 2195 de
1429 2161 1560 2194 iudicio
1577 2159 1733 2194 humano
1759 2162 1794 2194 in
1820 2163 2093 2204 gubernatione,
2124 2176 2195 2197 non
2221 2164 2283 2197 diu

1297 2215 1407 2247 latent
1430 2212 1547 2257 inquit
1573 2224 1703 2252 mores»,
1731 2224 1790 2245 seu
1816 2213 1900 2246 boni
1926 2225 1986 2246 seu
2011 2214 2114 2255 mali,
2141 2216 2198 2248 sed
2225 2221 2284 2249 aut

1299 2264 1367 2298 cito
1392 2260 1707 2307 deprehenduntur
1730 2270 1810 2296 ante
1834 2264 2143 2307 gubernationem,
2173 2272 2232 2299 aut
2255 2265 2285 2298 si

1300 2327 1367 2361 qua
1392 2314 1460 2348 fuit
1484 2314 1682 2355 simulatio,
1716 2320 1832 2347 tamen
1866 2315 1903 2347 in
1931 2315 2185 2358 gubernatione
2213 2328 2287 2350 non

1300 2371 1414 2410 potest
1437 2376 1508 2398 esse
1529 2365 1716 2403 diuturna,
1751 2365 1841 2399 sicut
1865 2366 2011 2400 dicitur:
2048 2364 2143 2412 ἀρχή
2165 2364 2288 2411 ἄνδρα

1302 2414 1477 2451 δείκνυσι.
1531 2414 1626 2448 Haec
1648 2416 1766 2458 regula
1789 2417 2014 2457 observetur,
2047 2419 2127 2461 quia
2155 2418 2191 2450 in
2217 2419 2288 2451 vita

1303 2478 1441 2500 necesse
1459 2474 1508 2499 est
1525 2478 1660 2506 cavere,
1688 2478 1732 2498 ne
1756 2466 1913 2510 implices
1930 2474 1962 2500 te
1978 2468 2150 2501 malorum
2172 2466 2286 2502 homi-

1305 2531 1390 2551 num
1409 2517 1728 2557 familiaritatibus,
1762 2525 1800 2551 ut
1814 2514 1946 2562 Syrach
1971 2519 2083 2561 capite
2101 2520 2288 2553 undecimo

1308 2568 1443 2613 inquit:
1473 2565 1553 2601 Non
1571 2567 1762 2612 quemlibet
1783 2568 1928 2601 inducas
1953 2569 1990 2601 in
2013 2570 2157 2602 domum
2181 2576 2289 2609 tuam,

1308 2620 1389 2665 quia
1414 2619 1544 2652 multae
1567 2625 1650 2653 sunt
1672 2618 1821 2652 insidiae
1844 2619 1996 2653 dolosae.
2056 2620 2164 2663 Signa
2185 2621 2291 2664 igitur

1309 2670 1533 2704 voluntatum
1558 2676 1590 2703 et
1613 2681 1750 2703 morum
1782 2669 2035 2705 consideranda
2061 2678 2162 2713 sunt,
2203 2683 2296 2717 quae
