2415 2942
326 138 397 171 463

330 232 477 266 poen-'uu
497 230 596 257 caro,
624 228 703 260 ergo
723 223 751 249 et
777 214 890 249 Deum
914 215 1001 249 odit.

327 275 418 305 idem
444 276 512 307 cst,
541 280 610 300 esse
635 268 810 310 sublege,
838 279 909 300 esse
935 267 971 298 in
996 277 1118 307 carne,
1143 277 1214 299 esse
1240 278 1309 299 ser-

327 334 408 354 vum
429 319 568 363 peccati.

428 380 496 413 Sed
516 378 618 411 initio
637 376 770 420 Capitis
796 376 934 420 septimi
958 376 1086 409 clarius
1108 376 1313 410 tractabitur

328 429 608 466 circumstantia,
635 427 785 469 Quibus.
839 426 927 460 Natu
952 427 1110 470 superius
1129 439 1311 470 argumen-

329 491 402 515 tum
423 480 530 523 magis
549 480 591 511 ad
612 478 787 510 suasorios
806 479 899 511 locos
915 479 1076 521 pertinet.
1127 477 1203 511 Hoc
1219 479 1312 523 quod

328 533 504 577 sequitur,
534 529 643 572 magis
660 529 881 562 dialecticum
902 537 962 564 est.

678 649 815 706 Ca'put
863 654 957 696 Vtt.

432 730 503 774 Qui
522 729 624 774 primi
647 729 884 762 distinxerunt
909 729 1040 772 capita,
1074 727 1184 770 magis
1207 729 1314 762 secuti

331 789 411 815 suut
437 792 625 815 numerum
654 791 836 818 versuum,
871 791 975 823 quam
1006 779 1175 811 materias.
1245 779 1312 812 Sed

332 833 451 866 lectori
473 832 662 864 videndum
688 838 754 870 est,
784 841 826 861 ne
853 840 905 861 res
930 826 1156 863 cohaerentes
1181 828 1315 872 impru-

331 886 417 915 dens
448 882 600 914 divellat.
673 878 816 912 Initium
845 877 948 912 huius
979 880 1100 922 capitis
1123 882 1165 912 ad
1197 881 1313 923 proxi-

332 946 423 965 ntam
449 931 700 974 digressionem
726 930 895 973 pertinet,
936 937 969 963 et
992 930 1148 963 continet
1171 933 1312 964 alteram

332 983 616 1030 responsionem,
644 993 710 1024 qua
732 980 852 1013 satisfit
872 981 1082 1019 obiectioni,
1108 982 1150 1013 de
1176 982 1313 1014 licentia

332 1034 508 1078 peccandi.
563 1032 600 1066 Si
621 1043 692 1064 non
717 1043 836 1064 sumus
861 1031 925 1064 sub
951 1032 1044 1074 lege,
1072 1030 1165 1074 Ergo
1189 1044 1312 1065 conce-

330 1086 426 1118 ditur
450 1083 588 1117 licentia
616 1082 792 1126 peccandi.
852 1080 1056 1115 Consultatio
1081 1093 1185 1126 supra
1211 1083 1314 1117 insti-

331 1142 405 1169 tuta
427 1142 496 1174 est,
524 1145 618 1166 nunc
635 1133 778 1166 additur
797 1132 903 1166 altera
922 1134 1023 1168 ratio.

383 1193 537 1227 Tantum
556 1192 683 1225 mortui
703 1192 881 1225 desierunt
902 1204 973 1225 esse
993 1193 1057 1225 suli
1074 1192 1163 1235 lege:

434 1252 527 1295 Ergo
546 1252 592 1284 ita
611 1251 711 1284 vobis
728 1251 892 1293 abrogata
912 1258 962 1284 est
981 1251 1052 1289 lex,
1079 1252 1105 1283 si
1129 1251 1208 1284 estis
1225 1263 1317 1284 mor-

536 1302 655 1334 tificati
679 1302 714 1333 in
731 1299 885 1335 Christo.

411 1361 629 1395 Antecedens
664 1360 815 1392 declirat
849 1360 1007 1403 exemplo
1033 1361 1197 1404 quodam.
1256 1359 1318 1394 Est

333 1421 448 1445 autem
498 1410 563 1444 hoc
605 1412 828 1443 antecedens:
866 1410 936 1443 Lex
980 1411 1182 1443 dominatur
1219 1411 1318 1443 vivis.

333 1462 568 1506 Exemplum:
604 1461 737 1494 Mulier
767 1461 905 1504 alligata
930 1468 980 1494 est
1014 1461 1159 1499 marito,
1195 1462 1317 1495 tantis-

334 1526 396 1558 per
412 1515 496 1546 dum
515 1512 599 1544 vivit
622 1512 780 1546 maritus,

434 1569 478 1604 Et
503 1570 584 1615 quia
609 1570 644 1601 in
669 1568 826 1612 exemplo
852 1569 940 1601 duae
965 1575 1045 1601 sunt
1072 1575 1206 1610 partes,
1249 1569 1318 1601 duo

335 1622 425 1655 fiunt
453 1620 725 1666 enthymemata.
778 1618 877 1652 Sicut
897 1619 1024 1651 mulier
1044 1619 1072 1651 si
1091 1626 1228 1651 mortuo
1246 1631 1318 1651 nia-

335 1673 403 1707 rito
422 1672 557 1716 priore,
586 1670 743 1714 nupserit
758 1669 878 1709 alteri,
905 1670 981 1702 iure
1001 1675 1118 1702 manet
1134 1671 1225 1713 apud
1256 1681 1318 1712 po-

336 1722 527 1756 steriorem.
584 1721 632 1754 lta
651 1732 712 1754 vos
736 1720 861 1753 exemti
889 1720 1047 1753 servituti
1071 1719 1179 1763 priori
1207 1727 1240 1753 et
1266 1732 1320 1752 re-

337 1774 428 1807 dacti
454 1773 490 1806 iu
515 1778 717 1817 potestatem
743 1768 897 1814 Christi,
926 1770 1001 1804 iure
1028 1771 1119 1814 apud
1139 1768 1317 1804 Christum

337 1824 496 1858 manetis.
551 1822 770 1866 Augustinus
787 1821 887 1854 valde
909 1822 1010 1854 sudat
1026 1819 1081 1854 hic
1099 1821 1135 1854 in
1162 1834 1317 1854 accomo-

338 1875 454 1907 danda
472 1873 705 1907 similitudine
732 1873 775 1905 ad
800 1884 957 1912 causam,
983 1873 1042 1904 sed
1071 1872 1168 1904 facile
1194 1880 1242 1905 cst
1268 1872 1319 1904 vi-

340 1927 440 1964 dere,
465 1925 643 1969 quomodo
667 1923 864 1957 conveniat.
925 1922 1112 1956 Servitutis
1137 1935 1318 1966 compara-

340 1975 390 2009 tio
422 1983 482 2009 est.
552 1974 650 2008 Sicut
680 1974 807 2006 mulier
836 1986 907 2006 uno
938 1974 1064 2006 marito
1090 1973 1228 2016 alligata
1258 1980 1319 2011 est,

340 2026 389 2058 sic
414 2038 477 2059 nos
502 2032 648 2058 naturae
672 2024 852 2067 peccatrici
882 2025 966 2057 dnm
995 2024 1081 2058 vivit
1106 2024 1236 2067 alligati
1262 2035 1319 2056 su-

339 2087 429 2109 mus.
493 2075 531 2109 Si
557 2075 682 2108 mulier
707 2081 845 2107 mortuo
872 2075 997 2107 marito
1024 2075 1123 2108 alteri
1151 2068 1320 2117 nupserit,

341 2126 525 2170 posteriori
544 2126 610 2158 erit
628 2125 776 2167 alligata.
831 2124 881 2157 Ita
901 2125 975 2157 vult
990 2124 1120 2157 Paulus
1136 2126 1318 2158 ostendere

341 2188 406 2210 nos
430 2182 582 2210 exemtos
599 2188 618 2208 a
643 2176 758 2219 priore
779 2175 964 2214 servitute,
1000 2172 1138 2208 Christo
1163 2175 1320 2218 alligatos

340 2238 422 2260 esse.
481 2226 602 2271 Neque
644 2237 726 2259 vero
765 2236 902 2258 necesse
936 2231 985 2257 est
1020 2225 1057 2257 in
1089 2225 1320 2259 similitudine

342 2289 464 2311 omnes
480 2284 595 2321 partes
610 2278 653 2309 ad
671 2287 826 2319 unguem
844 2286 1048 2318 congruere.

440 2335 570 2369 Paulus
594 2335 777 2379 utriusque
806 2331 1075 2379 enthymematis
1107 2346 1321 2380 consequens

342 2386 615 2430 complectitur,
655 2386 705 2418 sic
746 2384 934 2429 inquiens:
977 2383 1099 2429 ltaque
1134 2387 1258 2419 fratres
1290 2394 1322 2420 et

343 2448 404 2469 vos
431 2437 629 2470 mortificati
653 2436 732 2469 estis
755 2435 822 2478 legi
848 2446 910 2478 per
933 2446 1059 2479 corpus
1076 2433 1226 2475 Christi,
1256 2435 1321 2470 hoc

342 2488 385 2519 ad
418 2487 571 2529 primum
607 2487 814 2519 antecedens
850 2486 1017 2529 pertinet,
1051 2492 1090 2519 ut
1124 2487 1198 2520 sitis
1235 2488 1318 2522 alte—

341 2537 415 2570 rius
432 2544 491 2570 etc.
534 2536 670 2571 Deinde
689 2537 814 2580 repetit
831 2537 950 2570 eadem
969 2538 1234 2581 consequentia,
1261 2540 1320 2572 sed

342 2599 420 2620 cum
454 2587 744 2630 amplificatione,
785 2593 898 2620 sumta
929 2598 969 2620 ex
998 2598 1119 2625 causa,
1159 2588 1243 2632 quid
1267 2590 1320 2622 lex

340 2637 465 2671 efficiat
482 2637 518 2669 in
538 2649 641 2670 carne
659 2637 746 2670 viva.
801 2635 882 2679 Quo
900 2637 976 2670 loco
994 2638 1163 2681 significat
1186 2638 1320 2681 lectori,

341 2688 426 2732 quid
444 2688 488 2722 sit
504 2687 588 2731 legis
605 2687 801 2730 abrogatio,
828 2699 888 2721 seu
911 2688 995 2732 quid
1014 2689 1056 2722 sit
1073 2701 1145 2722 non
1165 2701 1236 2723 esse
1255 2692 1319 2724 sub

910 129 1031 163 rtur„
1062 127 1175 164 MEL.
1205 127 1411 164 SCRlPTA
1442 124 1741 162 EXEGETICA.

1056 214 1177 260 ltaque
1200 213 1310 249 Paulo
1359 214 1445 257 lege.

2275 130 2348 166 464

1519 211 1730 246 Viventibus
1762 211 1799 245 in
1827 223 1931 246 carne
1964 224 2052 258 opus
2084 222 2131 248 est
2167 214 2258 256 lege,
2308 222 2346 249 ut

1362 268 1595 298 coerceantur.
1655 264 1725 298 sed
1750 269 1867 297 tamen
1896 264 1932 296 in
1955 264 2079 297 iisdem
2106 266 2159 298 lex
2183 267 2349 300 exuscitat

1363 316 1506 348 affectus
1533 321 1773 357 peccatorum,
1802 313 1924 346 odium
1957 312 2023 347 Dei
2067 325 2099 349 et
2133 316 2347 360 desperatio-

1365 378 1455 399 nem.
1511 364 1578 398 Ubi
1606 376 1687 407 ergo
1713 364 1885 408 peccatrix
1909 372 2032 398 natura
2051 373 2102 400 est
2128 367 2347 405 mortificata,

1365 428 1531 462 quorsum
1552 426 1639 458 opus
1659 422 1708 449 est
1724 415 1814 458 lege,
1842 427 1928 459 quae
1948 416 2001 448 vel
2021 424 2193 458 coerceat,
2220 418 2275 450 vel
2292 429 2348 450 ac-

1365 467 1482 500 cuset?
1522 464 1585 499 Est
1610 477 1690 509 ergo
1718 477 1789 498 esse
1818 466 1883 498 sub
1916 466 2008 509 lege,
2044 469 2195 501 coerceri
2220 479 2238 500 a
2266 469 2348 511 lege,

1366 516 1609 557 condemnari,
1646 523 1680 550 et
1703 516 1843 549 incitari
1868 517 1910 548 ad
1935 518 2056 549 odiutu
2077 517 2141 550 Dei
2168 525 2201 551 et
2225 519 2346 562 despe-

1368 569 1548 602 rationem.
1601 566 1645 600 Εἰ
1673 567 1757 610 legis
1780 568 1962 609 abrogatio
1985 576 2033 600 est
2059 580 2132 600 non
2159 570 2348 601 concedere

1368 619 1542 652 licentiam
1562 618 1746 661 peccandi,
1773 620 1831 650 sed
1852 617 2000 650 liberare
2022 630 2038 650 a
2066 619 2292 652 damnatione
2316 626 2350 652 et

1367 671 1503 702 auferre
1538 669 1660 701 odium
1695 667 1780 707 Dei,
1813 681 1851 700 ac
1888 669 2023 701 auferre
2057 670 2349 713 desperationem.

1369 720 1407 753 ld
1434 721 1487 760 fit,
1520 731 1597 752 cum
1627 721 1780 752 donatur
1803 719 1960 751 remissio
1990 727 2220 762 peccatorum.
2288 719 2350 754 llla

1367 783 1448 803 vrro
1478 770 1650 811 contingit
1681 782 1784 802 carne
1811 771 2016 802 mortificata
2046 771 2082 802 in
2109 768 2275 812 Christo,
2318 778 2351 804 et
2400 782 2401 794 ¹

1367 822 1402 854 fit
1438 821 1684 861 mortificatio,
1725 833 1803 852 cuni
1837 821 1975 863 cognito
2009 829 2146 864 peccato
2179 829 2351 865 perterre-

1366 872 1454 905 fiunt
1486 872 1627 913 animi,
1677 872 1737 915 qui
1771 883 1848 903 cum
1880 869 2146 914 apprehendant
2175 872 2352 905 remissio-

1367 934 1446 954 nem
1480 930 1699 965 peccatorum
1736 933 1796 964 per
1825 922 1926 953 fidem
1945 946 1953 959 ‚
1993 923 2119 955 iterum
2148 923 2352 966 concipiunt

1367 973 1639 1005 consolationem
1668 978 1701 1004 et
1726 972 1897 1015 Spiritum
1919 980 2075 1005 sanctum
2093 999 2102 1012 ,
2137 973 2198 1017 qui
2223 985 2350 1006 novant

1368 1024 1474 1056 vitam
1499 1023 1621 1066 giguit.
1672 1022 1720 1056 Et
1744 1022 1800 1055 hie
1826 1031 1876 1056 est
1899 1023 2126 1065 digressionis
2152 1023 2244 1056 finis.

1690 1145 1751 1180 De
1779 1145 1870 1193 legis
1896 1144 2030 1196 effectu.

1472 1223 1566 1266 Quid
1594 1223 1701 1266 igitur
1724 1223 1902 1256 dicemus?
1945 1222 2053 1258 Estne
2077 1227 2129 1259 lex
2152 1226 2354 1270 peccatum?

1370 1275 1437 1308 Hic
1462 1275 1553 1308 redit
1578 1274 1708 1307 Paulus
1735 1275 1776 1306 ad
1804 1275 1999 1308 institutam
2030 1275 2256 1315 methodum,
2291 1289 2352 1311 seu

1370 1327 1411 1359 ad
1429 1325 1725 1368 comparationem
1744 1326 1938 1358 institutam
1964 1338 2066 1368 supra
2091 1328 2127 1360 in
2146 1328 2270 1372 quinto
2285 1326 2352 1361 Ca-

1372 1377 1452 1420 pite.
1513 1375 1556 1408 Et
1588 1376 1786 1409 meminerit
1811 1376 1918 1408 lector
1943 1384 2108 1421 tanquam
2134 1379 2352 1412 dissimulata

1371 1426 1603 1472 digressione,
1629 1424 1723 1458 hunc
1740 1426 1854 1458 locum
1880 1428 1921 1458 de
1947 1427 2030 1469 legis
2054 1427 2179 1462 effectu
2201 1430 2350 1462 coniun-

1371 1479 1522 1521 gendutn
1545 1489 1615 1509 esse
1637 1489 1715 1510 cum
1734 1477 1793 1509 illa
1812 1474 1988 1511 methodo.

1471 1552 1516 1586 Et
1542 1560 1579 1586 ut
1605 1555 1700 1586 fieret
1731 1553 1902 1585 illustrior
1925 1565 1964 1586 ac
1994 1553 2214 1596 conspectior
2244 1553 2349 1591 locus.

1372 1605 1484 1646 coepit
1510 1605 1554 1636 ab
1585 1603 1871 1646 interrogatione.
1938 1602 2045 1636 Estne
2075 1604 2126 1636 lex
2152 1604 2353 1646 peccatum?

1372 1655 1468 1700 quasi
1493 1655 1603 1691 dicat,
1637 1665 1740 1696 supra
1771 1654 1901 1687 dictum
1927 1662 1994 1694 est,
2030 1661 2208 1698 peccatum
2235 1655 2352 1698 augeri

1371 1708 1459 1749 lege:
1489 1705 1586 1746 item,
1603 1706 1708 1737 modo
1727 1704 1821 1742 dixi,
1838 1706 1932 1749 quod
1953 1705 2006 1737 lex
2024 1705 2188 1738 exuscitet
2209 1705 2353 1738 affectus

1372 1762 1600 1802 peccatorum.
1657 1755 1804 1789 Videtur
1828 1755 1933 1798 igitur
1951 1756 2003 1788 lex
2032 1756 2161 1788 malum
2186 1757 2353 1801 quiddam

1372 1819 1454 1840 esse.
1528 1805 1753 1850 Respondet,
1797 1817 1927 1848 negans
1967 1807 2074 1848 legem
2108 1806 2236 1839 malam
2269 1819 2354 1840 esse.

1373 1857 1415 1891 Et
1432 1857 1590 1894 subiicit,
1619 1857 1697 1901 quis
1721 1857 1763 1890 sit
1785 1857 1948 1904 proprius
1967 1857 2109 1890 effectus
2126 1857 2228 1900 legis,
2255 1858 2353 1891 vide-

1372 1909 1450 1942 licet
1467 1908 1650 1941 ostendere
1669 1914 1859 1951 peccatum.

1473 1982 1608 2016 Deinde
1658 1983 1757 2016 addit
1810 1979 2020 2016 rhetoricam
2076 1983 2354 2024 translationem,

1373 2034 1467 2079 quod
1491 2033 1547 2066 lex
1569 2046 1640 2066 nou
1661 2039 1783 2075 augeat
1802 2040 1979 2076 peccatum
2000 2045 2060 2076 per
2079 2045 2162 2067 sese.
2220 2033 2354 2067 Trans-

1374 2086 1485 2118 fertur
1511 2084 1605 2117 enim
1630 2084 1731 2127 culpa
1759 2095 1777 2116 a
1803 2084 1894 2125 lege,
1922 2084 1957 2116 in
1978 2091 2121 2117 naturae
2139 2091 2277 2118 nostrae
2301 2085 2354 2117 vi-

1372 2136 1480 2173 tium,
1516 2142 1548 2168 et
1580 2135 1617 2167 in
1648 2134 1762 2178 ipsum
1798 2141 1988 2178 peccatum.
2063 2133 2151 2169 Cum
2179 2135 2272 2168 enim
2299 2135 2352 2168 lex

1372 2186 1525 2219 ostendit
1553 2191 1751 2229 peccatum,
1779 2192 1903 2218 natura
1929 2185 2014 2218 irata
2039 2184 2170 2219 iudicio
2185 2185 2270 2223 Dei,
2297 2186 2353 2218 in-

1373 2237 1458 2281 cipit
1475 2236 1576 2269 irasci
1594 2235 1669 2268 Deo
1690 2241 1721 2269 et
1737 2236 1931 2279 desperare.

1477 2311 1632 2346 Instituit
1647 2319 1762 2345 autem
1781 2307 2133 2358 προσωπογραφίαν.
2159 2308 2244 2345 Erat
2259 2311 2355 2345 enirn

1375 2375 1462 2408 opus
1482 2374 1677 2408 proponere
1700 2373 1904 2406 personam,
1931 2361 1968 2393 in
1989 2372 2056 2405 qua
2082 2363 2278 2395 ostenderet
2303 2362 2355 2395 ef-

1374 2415 1483 2448 fectus
1507 2413 1592 2456 legis
1621 2419 1653 2446 et
1677 2412 1820 2457 peccati.
1889 2410 2010 2456 Itaque
2033 2423 2134 2445 suurn
2157 2413 2354 2456 exemplum

1375 2465 1559 2510 proponit,
1586 2470 1617 2496 et
1636 2463 1874 2495 narrationem
1898 2463 2074 2506 quandam
2100 2462 2200 2502 texit,
2226 2463 2264 2495 in
2286 2474 2353 2508 qua

1375 2515 1469 2548 cerni
1489 2520 1620 2562 potest,
1650 2513 1734 2557 quid
1755 2512 1880 2546 efficiat
1899 2512 1962 2547 lex.

1473 2587 1549 2634 Ego
1566 2590 1723 2622 vivebam
1739 2588 1928 2632 aliquando
1948 2588 2021 2621 sine
2036 2589 2127 2632 lege,
2155 2589 2188 2621 id
2207 2595 2266 2629 est,
2290 2601 2351 2632 ego

1373 2653 1466 2675 eram
1491 2652 1632 2674 securus
1665 2637 1865 2684 hypocrita:
1915 2640 2131 2673 somniabam
2166 2651 2220 2672 me
2245 2639 2350 2683 legem

1373 2692 1506 2736 egregie
1536 2691 1708 2735 perficere.
