2415 2942
558 52 584 67 Χ

188 101 287 139 1395
806 93 931 132 PHIL.
968 91 1083 126 MEL.
1114 89 1325 126 SCRtPTA
1359 86 1682 125 ΕΧΕΟΕΤΙΟΑ.’
1753 84 1757 86 ·
2125 91 2222 128 1596

188 190 390 235 plectuntur
422 164 532 218 filiuin
565 182 807 216 mediatorem.
862 179 914 213 Ibi
945 191 1019 212 non
1053 178 1173 211 indul-
1203 173 1208 222 Ι
1334 176 1393 211 Sic
1410 188 1491 219 ergo
1507 175 1865 219 intelligaturPaulus
1878 175 1946 210 hoc
1961 177 2038 211 loco
2055 179 2098 211 de
2115 190 2222 211 mun-

191 250 332 285 geamus
355 236 594 273 diffidentiae,
636 245 700 266 nec
726 233 822 265 velut
847 228 1084 265 enthusiastae
1118 241 1176 262 ex·
1201 236 1204 273 1
1231 228 1390 262 datione:
1428 225 1597 261 IlIundes
1621 231 1672 268 ie,
1707 228 1743 260 id
1764 234 1833 268 est,
1858 239 1937 271 agas
1954 230 2220 273 poenitentiam,
2246 261 2250 263 ,

187 298 364 337 pectemus
386 288 562 320 violentos
585 292 726 328 raptus,
768 284 826 316 sed
861 283 1050 315 sentientes
1075 281 1177 314 initia
1201 275 1204 318 Ι
1230 291 1399 322 agnoscas
1422 291 1558 313 errores
1582 285 1613 312 et
1640 279 1786 318 delicta,
1818 285 1852 312 et
1878 279 2016 318 doleas,
2049 287 2082 314 et
2100 281 2221 314 credas

189 342 289 379 fidei,
311 333 500 373 clamem‘us
517 339 559 371 ad
576 335 690 370 Deum
718 341 861 379 propter
886 334 1019 372 filium,
1039 339 1078 366 ut
1095 331 1177 376 Spi-
1229 330 1436 374 Evangelio.
1492 329 1588 363 Haec
1614 342 1693 363 cnm
1718 330 1825 371 fiunt,
1853 332 1972 364 audita
2000 342 2084 363 voce
2100 328 2221 364 Evan-

190 394 261 427 ritu
279 403 341 424 suo
361 397 479 423 sancto
497 402 560 422 nos
576 388 735 425 adiuvet,
763 386 851 419 sicut
872 392 1094 429 praeceptum
1114 389 1176 421 est,
1231 383 1332 425 getii,
1361 383 1466 415 simul
1489 381 1643 426 Spiritus
1659 388 1801 414 sanctus
1823 389 1873 415 est
1897 382 2020 415 efficax
2038 382 2075 414 in
2092 381 2221 414 volun-

190 444 307 477 Lucae
335 441 411 475 16.:
453 439 598 483 Quanto
623 438 733 481 magis
759 444 857 481 pater
881 443 994 470 vester
1017 435 1176 469 coelestis
1202 434 1205 487 l
1230 440 1299 466 tate
1315 446 1387 466 non
1407 439 1636 481 repugnante,
1654 434 1713 466 sed
1730 433 1885 466 luctante
1901 446 1980 467 cum
1999 432 2221 467 dubitatione

189 495 286 528 dabit
310 492 483 537 Spiritum
509 498 667 525 sanctum
693 489 902 534 petentibus.
1202 493 1205 527 ᾖ
1230 491 1261 518 et
1289 491 1429 530 petente
1453 485 1634 517 auxilium.

291 570 540 614 Impediuntur
563 568 739 601 humanae
767 573 919 605 mentes,
945 565 988 597 de
1009 562 1178 596 electione
1204 553 1206 605 ζ
1479 565 1625 601 Sectam
1653 564 1873 609 sufficiam,
1901 571 1961 601 etc·

190 624 227 656 in
244 622 318 656 Deo
336 622 545 665 cogitantes,
572 631 650 653 cum
668 619 908 661 imaginantur
923 615 1178 648 successionem
1204 631 1206 640 =

190 681 399 717 temporum.
443 671 500 705 Ab
517 670 581 704 hac
600 669 873 713 imaginatione,
900 679 978 699 cum
998 672 1179 710 utcunque
1205 674 1207 698 ¹,

189 737 254 758 nos
271 724 496 763 abdmimus,
533 722 662 755 multae
681 720 901 766 quaestiones
920 718 1114 754 tolluntur,
1141 722 1180 749 ut
1206 749 1207 752 ,

189 777 294 810 etiam
321 782 452 808 veteres
481 775 667 817 scriptores
692 772 869 803 dixerunt.

1336 644 1499 688 intelligo
1518 644 1696 679 Iusticiam
1712 645 1968 686 universalem,
1985 645 2021 678 id
2042 651 2110 684 est,
2137 645 2223 678 obe-

1233 696 1403 730 dientiam
1427 697 1521 730 iuxta
1547 697 1666 729 omnia
1691 703 1872 740 praecepta
1894 696 1971 732 Dei.
2007 696 2224 742 Quanquam

1233 755 1349 780 autem
1374 748 1500 780 deinde
1517 749 1699 781 adduntur
1721 748 1866 781 nomina
1895 748 2108 792 specierum,
2135 758 2225 792 quae

1235 798 1391 831 inclusae
1416 807 1497 832 sunt
1521 799 1558 831 in
1585 799 1776 832 universali
1808 800 1965 839 iusticia,
2010 807 2126 832 tamen
2152 809 2226 831 non

294 850 455 885 Recitata
485 847 550 882 hac
577 846 858 892 praemonitione
886 846 928 877 de
955 843 1125 877 electione
1151 849 1183 875 θῑ
1208 863 1209 868 ’
1236 856 1286 882 est
1310 850 1519 882 inusitatum
1546 850 1658 892 posito
1682 857 1756 884 toto
1782 850 1918 895 aliquas
1937 850 2092 893 insignes
2110 856 2227 894 partes

195 905 237 937 de
263 901 438 941 Ecclesia,
473 901 599 933 melius
625 898 775 940 intelligi
799 903 934 942 potest,
965 907 1026 928 cur
1050 894 1182 927 Paulus
1236 900 1364 933 deinde
1383 900 1594 934 nominatim
1613 893 1777 942 recitare,
1814 902 2018 946 praesertim
2036 913 2114 934 cum
2133 901 2169 933 id
2187 900 2227 933 fit

195 955 305 988 dicat:
335 951 381 986 Si
405 951 488 999 quis
512 947 743 984 mundaverl'l
761 959 797 982 se
815 961 838 981 α
858 947 957 981 vasi-⁵·
983 943 1184 994 dFJOVmiO-
1210 966 1211 981 1
1238 952 1409 995 singulari
1442 951 1609 989 consilio,
1651 958 1691 984 ut
1715 949 1772 984 hic
1803 953 1879 984 vult
1906 964 2052 985 monere
2076 952 2227 991 Paulus,

196 1004 316 1045 ribus,
335 1003 400 1037 Psi!
419 1016 482 1036 &HS
501 999 752 1035 adhonorem.
795 999 889 1033 Haec
910 999 1092 1032 mundatio
1112 1008 1183 1029 {lon
1238 1004 1284 1036 ssa
1311 1004 1445 1047 placere
1473 1002 1711 1035 obedientiam
1727 1026 1736 1040 ‚
1781 1003 1924 1047 quando
1959 1002 2147 1035 coniuncta
2176 1007 2228 1035 est

194 1065 243 1091 est
270 1057 419 1090 desertio
445 1053 743 1098 congregationis,
768 1053 829 1085 sed
855 1059 904 1084 est
931 1049 1113 1083 conversio
1139 1048 1182 1081 ad
1238 1067 1316 1088 cum
1334 1055 1415 1087 fide:
1435 1054 1513 1087 ideo
1533 1065 1691 1098 expresse
1708 1053 1807 1086 addit
1824 1065 1955 1085 nomen
1970 1053 2063 1088 fidei,
2091 1052 2228 1086 lactant

189 1107 318 1144 Deum.
1237 1106 1477 1140 obedientiam
1501 1112 1533 1139 et
1556 1102 1779 1150 hypocritae,
1807 1111 1848 1138 ut
1870 1103 1956 1139 Luc.
1982 1104 2063 1145 18.,
2086 1104 2145 1137 sed
2164 1115 2228 1136 ne-

1238 1169 1330 1191 cesse
1349 1164 1399 1191 est
1416 1157 1453 1189 in
1465 1155 1619 1189 Ecclesia
1636 1167 1774 1200 semper
1788 1156 1825 1189 in
1844 1163 2033 1199 conspectu
2047 1166 2120 1188 esse
2137 1153 2230 1188 hanc

1238 1209 1394 1252 regulam
1419 1207 1550 1241 Psalmi
1579 1207 1679 1243 143.:
1721 1206 1801 1240 Non
1820 1207 2068 1240 iustificabitur
2085 1206 2123 1238 in
2144 1217 2230 1239 con-

1237 1267 1357 1305 spectu
1375 1267 1436 1294 tuo
1455 1259 1572 1292 omnis
1589 1259 1723 1293 vivens,
1777 1258 1848 1292 Sed
1867 1259 1961 1303 quod
1981 1265 2076 1292 certo
2096 1254 2230 1290 habea-

1237 1323 1315 1344 mus
1341 1311 1583 1344 remissionem
1615 1317 1859 1354 peccatorum,
1893 1317 1927 1343 et
1958 1309 2230 1354 imputationem

1237 1363 1396 1395 iusticiae
1430 1369 1575 1406 propter
1606 1362 1873 1401 mediatorem„
1910 1361 1984 1394 sola
2018 1361 2106 1401 fide,
2154 1371 2231 1393 non

1236 1421 1381 1456 propter
1417 1421 1554 1446 nostras
1591 1413 1756 1454 virtutes,
1799 1413 1889 1446 sicut
1923 1412 1984 1446 ille
2017 1410 2230 1447 Pharisaeus

1235 1463 1351 1497 Lucae
1380 1464 1437 1497 18.
1462 1464 1627 1498 somniat.

272 1185 379 1218 Dices
396 1190 528 1216 autem:
556 1180 748 1224 Quomodo
767 1178 840 1211 fleri
859 1177 1041 1210 conversio
1059 1182 1184 1219 potest,

196 1237 223 1270 si
242 1243 379 1269 tantum
398 1234 520 1267 electio
543 1240 592 1265 est
610 1231 736 1264 eausa?
788 1228 1021 1273 Respondeo:
1049 1225 1184 1260 Electio

196 1288 245 1321 sic
264 1295 313 1321 est
331 1298 450 1324 causa,
468 1292 504 1318 ut
520 1283 616 1318 Deus
634 1283 737 1316 etiam
756 1293 879 1315 vocare
898 1287 929 1313 te
948 1280 1042 1312 velit.
1099 1277 1185 1312 Vult

196 1339 305 1382 igitur
328 1345 361 1371 te
385 1336 507 1370 audire
532 1334 786 1376 Evangelium,
815 1339 847 1365 et
870 1344 944 1374 non
968 1341 1185 1375 repugnare,

196 1402 270 1423 non
286 1388 470 1431 indulgere
489 1385 708 1419 diffidentiae
721 1412 729 1424 ‚
758 1385 816 1416 sed
841 1383 968 1416 luctari
988 1394 1066 1414 cum
1084 1381 1184 1413 infir-

194 1442 314 1474 mitate
333 1467 341 1479 ,
382 1446 414 1472 et
445 1445 578 1482 petere,
621 1444 659 1470 ut
689 1434 825 1479 Spiritu
851 1441 968 1466 sancto
995 1432 1182 1467 adiuveris.

195 1492 425 1525 Concurrunt
449 1489 542 1521 enim
566 1486 631 1520 hae
650 1498 790 1525 causae,
814 1484 971 1517 Verbum
988 1481 1073 1522 Dei,
1102 1482 1184 1525 Spi-
1585 1524 1592 1530 ι
1719 1523 1725 1529 ι
1802 1523 1809 1530 ⁸

196 1545 286 1577 ritus
309 1548 464 1581 sanctus,
505 1546 538 1573 et
562 1539 726 1571 voluntas
748 1548 821 1569 non
846 1546 1066 1579 repugnans,
1103 1545 1182 1566 vere
1338 1522 1462 1556 Postea
1496 1529 1658 1555 nomm-‘st
1692 1523 1918 1556 (blechonem
1943 1528 1977 1555 θῐ
2001 1534 2121 1565 Pacem
2137 1547 2146 1560 ‚
2189 1529 2230 1557 ut

194 1595 332 1628 luctans
363 1605 441 1626 cum
473 1590 716 1629 dubitatione,
762 1594 795 1621 et
827 1593 946 1630 petens
980 1593 1017 1618 ut
1043 1585 1185 1617 iuvetur
1237 1575 1394 1617 ὸΡΡΟΠἎῑ
1414 1572 1479 1606 Ῐῑυθ
1499 1573 1747 1612 ὒθῦῑέῃῑῖὓδῖδ,
1784 1574 1845 1618 qui
1870 1580 2050 1616 praetextu
2072 1574 2232 1608 iusticiae

195 1645 332 1690 Spiritu
355 1650 495 1686 sanem,
525 1642 613 1674 sicut
636 1640 767 1673 dictum
794 1645 864 1678 est,
892 1636 998 1671 Rom.
1021 1636 1074 1671 8.:
1103 1635 1184 1680 Spi-
1237 1632 1382 1683 “jovem
1404 1637 1477 1657 ¹¹0⁰
1504 1624 1696 1658 nece⁵⁵³slfl
1720 1625 1931 1666 certamina,
1958 1626 2001 1657 de
2022 1625 2151 1670 qUibUS
2173 1625 2229 1658 dl-

194 1697 283 1730 ritus
308 1707 410 1740 opem
437 1695 505 1727 sert
530 1691 725 1725 infirmitati
753 1697 904 1723 nostrae.
1209 1715 1211 1720 ,
1237 1684 1328 1710 (Ῑῑυΐ
1354 1675 1481 1711 ROmfl·
1502 1676 1575 1711 10ιὲ
1615 1675 1757 1710 Habent
1775 1676 1908 1714 Zsslssffl,
1935 1677 1995 1710 Sed
2013 1689 2086 1710 non
2103 1687 2228 1710 secun—

1209 1740 1211 1767 χ
1236 1729 1322 1761 dum
1346 1728 1549 1767 scientiam,
1576 1727 1667 1761 sicut
1683 1728 1726 1761 de
1742 1725 1930 1767 Paschate,
1958 1729 2000 1760 de
2018 1729 2229 1762 fermentato

296 1781 392 1814 Haec
414 1780 505 1812 fiunt
531 1777 641 1819 magis
664 1775 845 1821 perspicua
870 1774 1091 1807 considerato
1117 1771 1184 1807 hoc
1237 1779 1322 1812 olim
1348 1779 1443 1813 rixae
1469 1780 1632 1819 fuerunt,
1659 1786 1692 1812 et
1715 1779 1846 1812 multae
1872 1791 1968 1813 nunc
1986 1786 2069 1813 sunt
2093 1780 2230 1813 sutilio-

193 1834 447 1870 fundamento,
473 1830 569 1874 quod
597 1836 744 1872 utraque
770 1826 982 1871 praedicatio
1001 1827 1184 1859 universa·
1237 1843 1311 1871 res,
1337 1837 1376 1863 ut
1400 1832 1442 1863 de
1466 1831 1682 1864 dormitione
1701 1832 1921 1871 animarum,
1949 1838 1982 1864 et
2000 1844 2044 1864 an
2062 1830 2137 1865 No&
2151 1845 2231 1866 mu-

195 1887 239 1919 lis
263 1892 331 1922 est,
360 1883 491 1915 scilicet
517 1879 731 1925 prssedlcfllio
758 1878 1014 1922 Ρθθῦἷῑέῐὶῑῑόθ,
1043 1886 1075 1911 et
1101 1890 1182 1920 ΡΓΟ-
1237 1894 1293 1915 res
1312 1882 1493 1915 induxerit
1517 1884 1554 1915 in
1579 1894 1706 1918 arcam.
1755 1880 1801 1915 Et
1819 1894 1859 1915 ex
1876 1884 2106 1926 sequentibus
2122 1895 2231 1928 appa-

194 1937 316 1970 missio
352 1934 500 1977 gratiae,
544 1939 577 1965 et
614 1932 708 1976 quod
743 1936 924 1974 utrunque
960 1938 1183 1973 praeceptum
1237 1940 1310 1973 ret,
1337 1934 1483 1966 nomina
1509 1934 1711 1967 dilectionis
1730 1940 1762 1966 et
1782 1934 1877 1977 pacis
1894 1931 1950 1967 hic
1967 1946 2125 1979 expressa
2146 1947 2231 1974 esse,

196 1986 398 2022 universale
416 1991 484 2023 est,
511 1983 694 2023 videlicet,
713 1989 751 2014 ut
765 1992 888 2014 omnes
906 1988 937 2014 ot
955 1981 1086 2023 singuli
1104 1992 1185 2023 aga·
1237 1992 1277 2018 ut
1301 1985 1434 2018 maiore
1462 1997 1542 2018 cura
1569 1985 1764 2018 retineatur
1788 1985 1825 2017 in
1842 1981 1997 2018 Ecclesia
2022 1987 2231 2020 concordia:

195 2051 275 2072 mus
298 2036 552 2082 poenitentiam
565 2062 574 2075 ,
603 2041 634 2067 et
655 2044 778 2067 omnes
797 2039 827 2065 et
845 2031 977 2074 singuli
1001 2033 1185 2065 credamus
1238 2036 1322 2081 quia
1340 2049 1422 2069 mox
1441 2037 1538 2070 addit
1555 2037 1708 2080 insignes
1725 2036 2006 2078 admonitiones,
2037 2049 2127 2082 quae
2143 2049 2230 2071 con·

195 2091 232 2123 in
252 2090 364 2122 filium
382 2086 459 2122 Dei,
513 2087 569 2119 Ad
596 2083 662 2118 boc
683 2085 955 2117 fundamentum
983 2090 1185 2125 congruunt
1238 2088 1353 2120 tinent
1374 2088 1483 2120 multa
1502 2088 1653 2121 illustria
1673 2088 1791 2122 verba.
1847 2086 2077 2122 Manifestum
2096 2096 2147 2123 est
2167 2101 2231 2123 au-

194 2139 405 2175 haecdicta:
434 2138 529 2171 Deus
547 2137 620 2170 vult
638 2147 759 2169 omnes
777 2133 938 2167 llomiws
957 2135 1071 2167 Salvos
1098 2135 1183 2168 fleri-
1238 2146 1308 2172 tem
1340 2139 1570 2171 necessariam
1608 2150 1681 2171 esse
1709 2139 1896 2177 virtutem,
1942 2139 2167 2173 dilectionem
2198 2146 2232 2173 et

199 2191 287 2226 Item
302 2218 310 2232 ,
339 2190 439 2224 Aeto.
462 2190 539 2229 10„
573 2188 680 2222 Rom.
697 2189 749 2222 2:
785 2185 888 2229 Apud
908 2184 1022 2218 Deum
1043 2198 1115 2219 non
1135 2193 1186 2220 est
1239 2189 1395 2223 studium
1417 2190 1622 2223 retinendae
1646 2190 1873 2229 concordiae,
1900 2187 1985 2224 haec
2008 2198 2123 2224 autem
2146 2191 2231 2225 reti-

196 2243 350 2287 acceptio
383 2253 623 2286 personarum.
678 2238 751 2272 Has
780 2237 1041 2270 consolationes
1067 2244 1185 2270 tenere
1238 2242 1315 2274 neri
1341 2253 1414 2274 non
1440 2249 1571 2284 potest,
1599 2241 1668 2273 nisi
1694 2241 1918 2274 infirmitates
1946 2242 2081 2287 aliquas
2098 2243 2134 2275 in
2153 2242 2232 2275 aliis

196 2295 283 2328 utile
309 2301 357 2327 est
381 2294 422 2325 ad
450 2293 652 2326 refutandas
669 2290 797 2322 multas
814 2288 1056 2333 quaestiones,
1083 2296 1115 2322 et
1141 2290 1184 2322 ad
1238 2292 1374 2336 placide
1400 2292 1608 2332 toleremus,
1637 2299 1671 2325 et
1695 2293 1900 2326 omittamus
1922 2294 2013 2327 rixas
2034 2295 2078 2326 de
2101 2293 2231 2339 aliqui-

196 2346 456 2391 reprimendam
475 2343 707 2378 tentationem
728 2343 769 2373 de
792 2340 1082 2385 particularitate.
1237 2344 1304 2377 bus
1326 2356 1399 2377 non
1424 2344 1628 2378 necessariis
1651 2344 1932 2389 quaestionibus,

1102 2638 1295 2667 nAmls

845 2700 975 2722 rn‘xs
1005 2699 1265 2722 Expnnssum
1296 2699 1578 2722 ornantium.
