2415 2942
83 82 154 116 ⁴781
268 78 369 115 XIII.

81 174 140 201 tur
158 162 315 198 Ecclesia
344 170 554 209 quaeratur,
588 163 740 197 sciamus
767 163 803 196 in
831 160 896 196 hac
920 163 1078 197 exaudiri

82 227 218 261 preces,
245 215 282 248 in
311 212 376 248 hac
399 215 550 248 sciamus
577 226 650 248 esse
667 212 799 248 Christi
825 214 1006 257 membra,
1034 215 1076 246 ad

81 266 175 300 hanc
207 266 358 300 sciamus
390 266 568 310 pertinere
601 265 852 309 promissiones
875 263 1074 307 Evangelii.

80 317 160 352 Non
189 318 367 362 pertinent
393 316 644 360 promissiones
665 317 706 349 ad
734 313 849 348 hostes
874 313 1075 359 Evangelii,

79 369 172 403 sicut
195 381 258 402 nec
282 370 324 402 ad
357 367 522 408 Iudaeos,
551 379 615 400 nec
637 368 678 399 ad
699 363 968 399 Mahometistas
995 378 1072 410 per-

79 420 222 458 tinent,
264 426 302 453 ut
337 431 437 464 saepe
462 425 607 453 testatur
630 418 746 460 Deus,
792 422 825 449 et
846 415 987 450 Psalmo
1015 417 1072 453 16.

79 471 198 516 inquit
231 471 387 515 pontifex
422 467 606 503 Christus:
653 467 734 501 Non
764 467 910 500 offeram
948 480 1069 501 eorum

80 522 287 562 libationes,
328 533 392 554 nec
418 520 542 553 faciam
568 530 689 552 eorum
713 518 930 551 mentionem
966 519 1070 552 labiis

80 573 180 608 meis.
237 571 352 615 Quem
380 569 464 604 haec
488 578 559 604 tam
591 568 701 604 tristis
736 569 965 602 comminatio
996 582 1068 603 non

79 629 236 663 moveat,
265 630 303 656 ut
319 622 429 665 fugiat
452 627 588 654 coetum
607 620 851 653 adversantem
880 632 981 653 verae
999 619 1067 654 Ec-

78 674 231 707 clesiae?
278 672 439 718 Denique
463 672 566 714 plena
591 677 640 704 est
665 671 702 703 in
730 677 917 716 utramque
934 678 1066 715 partem

77 725 250 768 scriptura
269 724 388 756 diviua
405 722 534 756 talibus
552 721 802 762 concionibus,
830 734 919 767 quae
945 723 1067 756 iubent

76 776 194 819 sugere
220 773 334 809 hostes
356 785 457 807 verae
485 772 667 806 doctrinae
695 779 728 806 et
752 784 854 805 verae
876 771 1065 814 Ecclesiae,

74 838 113 859 ac
147 826 309 869 amplecti
345 836 460 857 veram
497 824 715 864 doctrinam,
751 836 889 862 amare,
932 824 1066 868 iuvare,

74 888 200 909 ornare
224 888 339 909 veram
357 874 561 910 Ecclesiam.
623 873 695 908 Nec
714 875 906 917 cogitemus
924 882 1060 909 tantuin

73 925 291 960 Platonicam
312 926 488 960 civitatem
508 937 580 958 esse
597 923 803 961 Ecclesiam.
856 924 925 959 Hic
946 933 1064 960 coetus

74 985 123 1011 est
142 989 220 1010 vera
237 975 411 1017 Ecclesia,
441 977 476 1009 in
497 988 564 1022 qua
581 977 673 1010 lucet
695 989 780 1020 pura
797 976 980 1020 Evangelii
999 979 1063 1010 do-

73 1028 203 1066 ctrina,
238 1028 276 1060 in
300 1040 367 1072 qua
401 1035 492 1061 recte
517 1028 813 1061 administrantur
845 1036 1060 1062 sacramenta

74 1079 244 1112 divinitus
262 1079 401 1114 tradita.
456 1078 495 1111 ln
514 1079 575 1112 tali
595 1085 696 1111 coetu
714 1090 853 1112 necesse
876 1086 926 1113 est
942 1080 1060 1124 aliqua

70 1142 143 1163 esse
169 1130 246 1162 viva
271 1128 447 1162 Ecclesiae
472 1130 649 1174 membra,
677 1141 765 1175 quae
789 1137 967 1174 praestant
986 1129 1061 1163 Deo

71 1192 171 1214 veros
189 1181 315 1220 cultus,
341 1188 449 1223 agunt
469 1181 733 1224 poenitentiam,
762 1181 929 1215 invocant
946 1180 1060 1214 Deum

70 1243 151 1264 vera
170 1232 253 1272 fide,
280 1232 469 1265 conserunt
485 1232 641 1265 studium
669 1240 700 1265 et
719 1244 862 1276 operam
879 1233 921 1265 ad
941 1229 1060 1266 Evan—

70 1282 153 1325 gelii
180 1282 487 1326 propagationem,
520 1284 713 1316 ostendunt
744 1295 842 1316 suam
868 1283 1060 1316 confessio-

69 1345 172 1376 nem,
199 1333 358 1366 serviunt
382 1334 580 1372 vocationi,
617 1333 771 1378 denique
800 1341 976 1377 praestant
1003 1334 1058 1377 pia

67 1384 182 1417 officia
208 1396 226 1417 a
243 1382 319 1417 Deo
342 1386 529 1424 mandata,
559 1392 765 1417 exercentur
789 1384 954 1427 periculis
981 1397 1059 1417 om-

70 1435 124 1468 nis
141 1435 299 1477 generis,
328 1435 363 1467 in
383 1435 510 1480 quibus
535 1442 695 1468 exercent
718 1435 998 1475 invocationem,
1026 1443 1059 1469 et

68 1486 136 1519 alia
162 1486 253 1519 bona
280 1499 397 1530 opera.
462 1485 563 1519 Hanc
588 1486 723 1519 affirmo
749 1498 821 1519 esse
847 1499 965 1519 veram
989 1485 1057 1520 Ec-

68 1536 228 1575 clesiam,
265 1549 344 1569 cum
368 1549 434 1582 qua
462 1544 597 1579 oportet
627 1538 702 1580 pios
726 1537 859 1581 ubique
883 1544 1056 1570 terrarum

69 1587 277 1620 coniunctos
300 1598 389 1624 esse,
431 1587 624 1626 sententia,
660 1587 840 1620 voluntate
864 1595 896 1620 et
921 1589 1060 1621 confes—

68 1638 179 1670 sione.
234 1637 284 1670 Ac
301 1637 387 1668 tales
407 1649 478 1669 esse
494 1638 606 1669 sentio
626 1637 691 1669 Dei
720 1638 893 1670 beneficio
921 1646 1057 1671 nostras

67 1686 260 1728 Ecclesias‚
288 1699 376 1731 quae
402 1687 610 1729 profitentur
638 1699 760 1730 puram
776 1687 962 1732 Evangelii
988 1692 1058 1722 (lo-

67 1738 237 1776 ctrinam‚
273 1750 362 1782 quae
386 1745 435 1770 est
462 1739 538 1770 sine
564 1738 634 1770 ulla
660 1739 884 1772 dubitatione
909 1752 1057 1773 consen-

67 1790 158 1822 tiens
181 1789 352 1822 sententia
373 1787 567 1822 catholicae
584 1788 761 1822 Ecclesiae
783 1787 929 1826 Christi.
979 1790 1057 1825 Uti-

67 1852 148 1873 nam
174 1840 286 1873 bonae
304 1846 439 1873 mentes
466 1840 710 1879 considerent,
735 1848 907 1883 quantum
930 1842 1057 1876 referat

66 1903 139 1924 non
167 1903 239 1923 esse
264 1891 299 1923 in
333 1891 454 1924 castris
486 1888 643 1924 hostium
669 1889 863 1931 Ecclesiae,
895 1893 954 1925 sed
983 1904 1056 1925 esse

65 1942 177 1975 civem
196 1954 296 1975 verae
313 1940 488 1974 Ecclesiae
505 1939 651 1981 Clu-isti,
681 1949 823 1985 propter
839 1955 943 1988 quam
962 1942 1056 1978 Deus

67 1994 287 2026 innotescere
305 1993 435 2033 voluit,
466 2000 608 2036 propter
625 2005 728 2036 quam
748 1994 866 2026 omnia
884 1994 1056 2035 condidit,

67 2055 172 2089 quarn
189 2043 250 2075 filii
270 2044 322 2076 sui
343 2044 512 2084 sanguine
531 2044 780 2082 sanctificavit,
809 2045 846 2077 in
873 2058 939 2089 qua
959 2052 1055 2089 pate—
1078 2067 1079 2074 κ

67 2094 147 2127 fecit
171 2105 206 2126 se
231 2094 500 2127 admirabilibus
523 2095 689 2137 operibus
714 2107 775 2137 per
799 2102 925 2139 patres,
968 2096 1054 2135 Noe,
1077 2131 1079 2133 ,

67 2142 270 2185 Abraham,
313 2142 456 2187 loseph,
499 2144 650 2185 Mosen,
692 2144 885 2187 Davidem,
925 2145 1054 2189 Elian),

66 2194 263 2235 Elisaeum,
306 2195 513 2239 Apostolos,
555 2204 587 2230 et
613 2196 744 2241 reliqua
770 2197 906 2230 lumina
931 2197 1052 2232 Eccle-

64 2247 162 2290 siae,
207 2247 360 2291 denique
395 2260 484 2291 quae
521 2244 664 2280 habebit
699 2247 805 2280 vitam
838 2255 870 2282 et
904 2249 1051 2292 gloriam

64 2304 261 2338 aeternam,
287 2299 426 2331 fruetur
450 2299 662 2331 commercio
686 2296 752 2330 Dei
781 2306 812 2332 et
831 2299 969 2343 piorum
989 2313 1052 2334 an·
1076 2326 1077 2329 η

66 2349 235 2392 gelorum.
289 2348 430 2391 Quanta
453 2349 567 2392 gloria.
589 2356 621 2382 et
640 2349 823 2382 beatitudo
849 2358 918 2389 est,
946 2349 1053 2385 huius

66 2406 182 2433 coetus
204 2400 337 2433 socium
365 2412 456 2440 esse,
491 2398 558 2433 hoc
583 2400 721 2443 agmine
747 2402 921 2445 conspici,
955 2404 1051 2447 quod

65 2450 161 2484 ducit
178 2448 353 2491 Christus,
382 2453 475 2496 quod
495 2451 750 2485 circumvolant
775 2452 822 2495 pii
848 2453 984 2499 angeli,
1013 2454 1051 2487 in

64 2513 135 2546 quo
161 2501 328 2535 incedunt
352 2503 547 2546 principes,
570 2503 705 2542 Adam,
729 2501 825 2541 Noe,
856 2502 1051 2544 Abraham,

64 2551 201 2593 Moses,
229 2550 342 2591 Elias,
370 2560 402 2586 et
426 2554 551 2598 reliqui
581 2554 647 2587 viri
675 2553 874 2597 insignibus
901 2557 1050 2599 praediti

63 2603 177 2636 donis.
231 2601 272 2635 In
293 2602 357 2637 hoc
380 2605 517 2646 agmine
543 2605 611 2638 iam
637 2612 770 2639 certum
796 2612 892 2639 tenes
918 2607 1048 2649 locum,

62 2654 90 2689 si
108 2665 180 2687 non
196 2654 360 2696 adiuvas,
386 2668 459 2689 non
477 2658 684 2702 comprobas
701 2653 855 2691 hostium
870 2655 1050 2693 Ecclesiae
1073 2680 1076 2688 ι

422 81 458 114 2.
487 75 855 113 COMMENTARII
884 77 932 112 ΙΝ
961 75 1114 113 EPtST.
1143 76 1289 113 PAULI
1317 77 1384 112 AD
1413 75 1674 118 ROMANOS.
1726 80 1832 120 CAP.
1861 83 1940 120 XV.

2053 85 2126 122 782

1134 162 1351 206 impietatem
1380 170 1411 198 et
1439 162 1713 209 crudelitatem,
1754 169 1812 201 sed
1841 181 1958 202 veram
1989 171 2123 204 doctri-

1131 225 1213 246 nam
1238 214 1476 258 amplecteris,
1504 217 1700 258 confiteris,
1728 226 1760 253 et
1786 220 1852 263 piis
1875 221 2037 254 moribus
2062 234 2120 255 or-

1129 275 1201 299 nas,
1263 263 1423 299 Psalmus
1447 266 1580 311 inquit:
1614 267 1749 313 Rogate
1773 282 1892 314 pacem
1923 270 2120 315 Ierusalem,

1126 312 1228 347 Beati
1251 322 1354 349 erunt
1380 317 1441 361 qui
1467 318 1616 361 diligent
1634 332 1720 353 eam.
1773 319 1809 354 Ο
1825 333 1966 355 suavem
1986 330 2018 356 et
2035 323 2117 356 dul-

1126 376 1199 397 cem
1225 367 1447 402 sententiam.
1506 367 1682 403 Hortatur
1708 383 1851 416 omnes,
1885 380 1924 406 ut
1946 374 2115 408 adiuvent

1124 416 1223 448 omni
1244 427 1371 459 genere
1387 418 1494 450 officii
1511 417 1723 462 Ecclesiam,
1749 429 1788 455 ut
1809 424 1990 456 doctrinae
2014 424 2114 469 puri-

1122 472 1227 499 tatem
1251 474 1283 501 et
1302 479 1511 502 consensum
1542 477 1728 512 tueantur,
1757 479 1796 505 ut
1819 474 2025 508 doctoribus
2048 476 2110 508 be-

1123 517 1316 559 nefaciant,
1359 526 1398 553 ut
1424 520 1587 563 precibus
1611 528 1644 555 et
1670 523 1761 555 votis
1785 521 1860 556 Deo
1886 536 2110 558 communem

1121 568 1267 601 salutem
1287 572 1559 612 commendent,
1588 579 1625 606 ut
1643 572 1769 617 impios
1795 575 1972 615 doctores,
1995 583 2031 609 ut
2055 584 2110 622 ty-

1121 630 1252 652 rannos
1277 620 1360 653 inde
1383 628 1535 657 arceant.
1590 621 1689 666 Opto
1707 632 1822 658 autem
1842 637 1881 658 ex
1905 626 2043 667 animo,
2071 634 2109 661 ut

1119 670 1399 710 magnitudinem
1416 669 1545 705 horum
1565 674 1762 708 officiorum
1782 676 1848 708 viri
1873 676 2006 719 politici
2024 689 2109 710 con—

1119 720 1295 762 siderent,
1323 722 1436 766 quiet
1460 723 1589 757 debent
1615 731 1646 757 et
1672 733 1817 768 possunt
1835 724 2026 760 Ecclesiam
2052 728 2108 761 iu-

1118 783 1208 805 vare.
1274 771 1487 807 Intueantur
1515 775 1773 817 posteritatem,
1806 777 1861 810 cui
1885 784 1924 811 ut
1947 777 2108 822 Rempu-

1117 823 1244 856 blicam
1265 824 1491 858 constitutam
1513 825 1713 871 relinquere
1735 828 1901 872 cupiunt,
1928 828 1975 861 ita
1994 829 2106 862 multo

1116 874 1226 917 magis
1258 875 1388 909 debent
1415 887 1533 909 veram
1557 877 1626 910 Dei
1661 878 1898 921 agnitionem,
1943 879 2106 913 incorru-

1116 930 1209 967 ptam
1227 926 1455 967 religionem,
1481 939 1609 971 purum
1626 928 1862 972 Evangelium
1875 957 1883 970 ,
1908 937 2001 963 recte
2019 943 2105 963 con—

1116 976 1254 1009 stitutas
1271 975 1444 1010 Ecclesias
1468 979 1624 1018 tradere,
1653 980 1741 1014 sicut
1759 979 1890 1014 Paulus
1917 981 2013 1015 iubet
2038 981 2104 1014 Ti-

1114 1024 1295 1060 motheum
1318 1028 1470 1061 fideliter
1496 1030 1673 1063 custodire
1697 1032 1915 1075 depositum,
1949 1038 1988 1065 ut
2011 1032 2102 1066 inte-

1114 1088 1216 1120 grum
1242 1084 1275 1112 et
1303 1079 1624 1114 incontaminatum
1652 1083 1694 1114 ad
1726 1089 1881 1126 posteros
1910 1084 2103 1126 perveniat.

1113 1127 1189 1161 Hac
1212 1141 1293 1162 cura
1320 1142 1463 1174 prorsus
1489 1129 1580 1164 nihil
1600 1133 1700 1165 adfici
1720 1133 1880 1166 videmus
1901 1132 2102 1175 Pontifices,

1114 1177 1327 1223 Episcopos‚
1355 1181 1575 1226 canonicos,
1610 1184 1653 1216 de
1676 1184 1805 1227 opibus
1826 1184 1899 1217 suis
1921 1184 2102 1226 dimicant,

1112 1242 1184 1262 non
1203 1232 1245 1263 de
1261 1231 1436 1267 doctrina.
1489 1230 1584 1275 Ergo
1603 1234 1663 1267 alii
1682 1235 1718 1266 in
1736 1233 1884 1274 scholis,
1921 1236 1957 1268 in
1974 1236 2102 1279 guber-

1111 1281 1257 1314 natione
1275 1282 1477 1323 civitatum,
1505 1285 1697 1328 suscipiant
1721 1284 1812 1319 hanc
1838 1298 1969 1321 curam.
2019 1287 2101 1320 Hoc

1111 1332 1319 1365 sacrificium
1345 1334 1530 1377 praecipue
1552 1333 1647 1369 Deus
1672 1337 1716 1369 ab
1741 1337 1908 1370 omnibus
1937 1338 2101 1381 postulat,

1113 1383 1200 1415 sicut
1218 1381 1342 1416 Petrus
1365 1385 1483 1428 inquit
1511 1393 1653 1418 vocatos
1680 1399 1744 1420 nos
1764 1399 1853 1428 esse,
1882 1395 1919 1420 ut
1945 1389 2100 1422 celebre-

1111 1445 1190 1466 mus
1214 1432 1280 1466 Dei
1307 1435 1530 1471 beneficium.
1583 1435 1652 1470 Hic
1677 1439 1886 1482 praecipuus
1912 1439 1993 1473 finis
2020 1452 2098 1473 om-

1110 1484 1210 1518 nium
1253 1487 1483 1519 consiliorum
1520 1493 1625 1531 atque
1665 1490 1845 1522 actionum
1881 1491 2100 1533 sapientibus

1110 1536 1311 1578 propositus
1331 1549 1403 1569 esse
1425 1538 1548 1577 debet,
1578 1545 1616 1570 ut
1633 1547 1762 1573 ornent
1786 1540 1935 1583 gloriam
1952 1539 2097 1576 Christi.

1110 1585 1178 1618 Pro
1200 1583 1266 1618 boc
1282 1587 1397 1620 officio
1423 1587 1578 1631 ingentia
1596 1591 1750 1632 praemia
1770 1591 1956 1634 pollicetur
1975 1593 2010 1624 in
2032 1591 2099 1626 hoc

1110 1637 1283 1669 versiculo
1309 1636 1420 1671 Deus:
1449 1638 1548 1672 Beati
1570 1647 1693 1680 erunt,
1722 1641 1782 1686 qui
1809 1641 1957 1684 diligent
1978 1641 2098 1676 Eccle-

1110 1687 1215 1721 siam:
1246 1689 1506 1731 defensionem,
1535 1702 1729 1731 successus,
1759 1699 1792 1725 et
1809 1693 1956 1725 salutem
1974 1706 2097 1738 perpe-

1109 1745 1204 1771 tuam
1225 1740 1399 1782 promittit
1417 1737 1493 1781 his,
1526 1741 1586 1786 qui
1608 1755 1723 1775 veram
1744 1742 1936 1776 Ecclesiam
1966 1753 2098 1779 amant.

1109 1787 1183 1822 Hac
1201 1802 1284 1822 voce
1300 1791 1346 1834 pii
1365 1793 1555 1825 exuscitent
1568 1793 1704 1825 animos
1721 1795 1762 1826 ad
1780 1806 1898 1826 curam
1918 1799 2098 1829 ornandae

1107 1838 1284 1873 Ecclesiae
1302 1869 1310 1881 ,
1353 1854 1458 1887 seque
1490 1856 1562 1876 non
1603 1846 1707 1877 modo
1734 1846 1902 1877 adversus
1926 1854 2095 1891 tyranno-

1107 1902 1185 1923 rum
1204 1891 1316 1924 minas
1342 1894 1570 1935 confirment,
1610 1897 1669 1928 sed
1697 1896 1800 1929 etiam
1827 1904 1947 1929 contra
1975 1897 2097 1940 sophi-

1107 1941 1226 1974 sticam
1252 1943 1394 1976 illorum
1415 1946 1596 1983 muniant,
1626 1947 1687 1990 qui
1712 1947 1799 1979 falso
1825 1947 2045 1991 antiquitatis
2063 1956 2096 1983 et

1105 1990 1284 2025 Ecclesiae
1317 1996 1517 2028 testimonia
1553 1998 1595 2028 ad
1629 1998 1872 2030 defensionem
1904 1998 2095 2042 impiorum

1105 2044 1309 2086 dogmatum
1337 2046 1466 2084 citant,
1502 2048 1544 2079 ad
1573 2059 1661 2089 quos
1692 2049 1897 2082 refutandos
1928 2048 2095 2083 nonnihil

1104 2094 1278 2128 instruere
1307 2097 1483 2130 studiosos
1510 2098 1617 2131 volui.

1483 2230 1621 2284 Caput
1651 2231 1750 2274 XV.

1103 2307 1288 2343 Debemus
1315 2315 1436 2344 aulem
1462 2324 1528 2345 nos
1539 2310 1653 2357 firmi
1672 2311 1908 2358 infirmitates
1936 2314 2096 2349 imbecil-

1454 2361 1546 2396 lium
1571 2363 1740 2401 tolerare.

1205 2452 1431 2499 Apostrophe
1455 2464 1503 2490 est
1525 2458 1566 2490 ad
1592 2458 1775 2499 fortiores,
1803 2459 1839 2492 in
1863 2472 1930 2504 qua
1949 2460 2094 2493 alteram

1103 2517 1143 2538 ex
1185 2507 1430 2550 superioribus
1465 2509 1768 2553 propositionibus
1811 2511 1949 2555 repetit.
2003 2510 2093 2544 Nam

1101 2569 1180 2589 cum
1211 2565 1314 2591 antea
1349 2560 1489 2604 utrique
1516 2561 1605 2602 parti
1633 2562 1863 2595 concionatus
1888 2561 1951 2601 sit,
1999 2574 2094 2594 nnnc

1101 2609 1203 2642 docet
1229 2620 1305 2641 eam
1333 2617 1484 2653 partem,
1521 2623 1538 2644 a
1556 2623 1623 2656 qua
1651 2612 1728 2654 plus
1752 2613 1962 2657 prudentiae
1989 2620 2092 2655 atque

1099 2660 1286 2705 aequitatis
1320 2660 1532 2706 requiritur,
1575 2662 1740 2697 videlicet
1771 2664 1954 2698 doctiores.
2024 2661 2092 2695 Pu-
