2415 2942
248 121 321 156 647

844 108 969 144 ΡΗΙΙ,1
992 105 1113 143 MEL.
1140 102 1348 141 SCRIPTA
1374 103 1674 140 EXEGETICA.

2191 109 2266 144 648

250 206 490 250 disciplinam,
524 208 556 234 et
592 200 666 242 lege
704 208 778 230 non
807 207 879 230 esse
910 194 1019 228 iustos
1050 190 1230 226 homines:
1283 189 1387 224 faciat
1404 195 1437 224 et
1454 189 1601 225 occidat.
1655 188 1756 224 Sicut
1772 191 1816 224 ad
1831 189 1994 228 Corinth.
2011 192 2145 238 inquit:
2173 193 2271 228 Acu-

251 260 329 291 ideo
355 265 490 288 necesse
515 258 563 285 est
586 248 776 293 Apostolos
805 247 849 280 de
868 243 933 279 hac
958 257 995 278 re
1019 240 1233 278 concionari.
1285 241 1360 275 leus
1376 240 1500 275 mortis
1517 247 1696 285 peccatum
1711 248 1780 281 est,
1796 240 1919 276 Virtus
1933 251 2047 278 autem
2067 244 2196 288 peccati
2215 244 2269 278 lex

251 308 322 341 Nec
338 307 472 338 rixatur
485 301 542 336 hic
562 300 693 334 Paulus
711 305 846 332 tantum
865 298 907 330 de
923 294 1149 333 ceremoniis,
1172 291 1233 325 sed

253 360 295 391 de
317 363 388 390 tota
414 355 484 396 lege
511 351 685 396 loquitur,
713 361 752 382 ac
779 348 963 393 praecipue
988 347 1031 379 dc
1056 343 1235 385 decalogo,

254 409 341 441 sicut
365 406 446 438 citat
470 417 508 437 ex
529 402 692 443 decalogo
709 399 903 443 exemplum
916 425 923 438 ,
952 404 985 431 et
1001 397 1155 440 disputat
1174 404 1236 425 ne-

255 458 385 492 minem
414 455 479 496 legi
511 453 725 486 satisfacere:
760 450 908 494 ideoque
942 459 1062 480 omnes
1083 442 1237 478 accusari

255 521 273 541 a
294 509 385 551 lege,
403 517 547 548 eamque
563 504 608 536 ob
626 513 762 536 causam
787 501 896 544 legem
915 510 986 532 esse
1003 495 1238 531 ministerium

258 560 328 591 irae
353 565 386 591 et
411 556 543 588 mortis.

359 623 455 656 Haec
473 632 610 654 necesse
633 626 681 652 est
698 617 788 652 tradi
815 616 851 649 in
875 615 1046 655 Ecclesia,
1074 620 1113 647 ut
1135 613 1241 644 benc-

259 676 375 710 ficium
389 672 520 706 Christi
541 672 597 704 fiat
617 671 769 707 illustre,
787 675 817 701 et
838 667 985 707 intelligi
1007 664 1124 708 possit,
1147 661 1242 706 quod

262 728 304 760 sit
330 736 416 769 opus
434 722 646 765 Evangelio,
683 721 775 764 quod
808 719 851 750 sit
875 728 961 759 opus
987 715 1095 758 gratia
1121 720 1153 746 et
1176 711 1243 744 alia

262 777 416 814 iusticia,
445 785 547 810 uuam
568 771 702 804 iusticia
722 769 816 811 legis.
860 766 953 809 Quia
972 766 1065 798 enim
1083 765 1156 805 lege
1173 773 1245 794 non

263 815 507 861 iustificaunir,
553 823 631 854 ideo
663 820 753 853 Deus
780 818 875 851 dedit
908 829 970 860 pro
994 816 1097 847 nobis
1122 813 1245 849 filium,

263 886 294 911 ct
320 876 446 910 revelat
465 871 714 914 lix-angelium,
747 870 841 914 quod
867 867 951 899 velit
976 866 1079 899 nobis
1106 869 1247 908 propter

263 929 373 961 filium
407 925 513 968 gratis
544 924 739 966 ignoscere,
772 931 837 952 nos
870 917 1105 962 pronunciare
1138 915 1248 947 iustos

265 987 296 1012 et
318 987 495 1010 renovare.

367 1035 461 1068 Hace
492 1044 567 1066 sum
592 1030 767 1075 praefatus
791 1028 827 1060 in
849 1024 944 1060 hunc
961 1026 1092 1063 locum,
1120 1030 1159 1057 ut
1176 1030 1248 1056 stu-

267 1087 355 1121 diosi
373 1084 577 1128 diligentius
595 1082 834 1116 considerent,
863 1090 932 1122 quo
957 1075 1103 1109 consilio
1129 1072 1213 1107 baec
1231 1085 1249 1106 a

266 1138 377 1173 Paulo
396 1137 638 1178 disputentur,
665 1143 733 1175 quo
757 1129 972 1174 pertineant,
1002 1137 1106 1171 quam
1132 1136 1250 1158 neces-

268 1189 357 1222 saria
382 1188 462 1220 sint.
516 1183 703 1218 Declarant
732 1181 824 1213 enim
863 1180 964 1224 quale
996 1179 1040 1209 sit
1073 1182 1250 1220 peccatum

269 1237 416 1272 haerens
442 1238 476 1268 in
505 1242 648 1272 natura,
683 1238 715 1264 et
741 1230 918 1273 corruptio
944 1235 1101 1261 naturae.
1164 1225 1250 1258 Item

270 1290 363 1334 quod
391 1289 441 1320 lex
468 1298 539 1319 non
566 1291 701 1317 tantum
725 1281 882 1325 requirat
905 1286 1045 1312 externa
1064 1277 1180 1310 civilia
1198 1276 1252 1308 os-

270 1340 362 1377 ficia,
391 1341 448 1371 sed
470 1337 654 1380 perfectam
673 1332 921 1365 obedientiam.
978 1328 1064 1361 ltem
1081 1333 1250 1371 quantum

269 1390 394 1422 efficiat
417 1389 487 1426 lex,
524 1394 554 1419 et
575 1385 667 1429 quod
687 1384 729 1415 sit
749 1393 838 1429 opus
855 1380 924 1414 alio
941 1380 1048 1411 verbo
1072 1385 1103 1410 et
1122 1376 1251 1409 benefi-

271 1442 324 1473 cio
349 1438 490 1473 Christi.
545 1436 697 1468 Prosunt
720 1433 823 1472 item,
850 1438 887 1464 ut
913 1429 1100 1463 discrimen
1117 1427 1203 1470 legis
1221 1432 1254 1459 ct

271 1489 457 1533 Evangelii
491 1493 582 1520 recte
614 1492 646 1517 et
687 1495 766 1516 vere
807 1481 1033 1523 intelligatur.
1101 1477 1253 1521 Oportet

272 1548 385 1574 autem
419 1538 545 1572 horum
578 1537 735 1568 locorum
763 1532 999 1576 cognitionem
1033 1530 1068 1561 in
1100 1527 1254 1561 Ecclesia

272 1598 397 1625 extare.

374 1649 504 1693 Estque
523 1659 562 1679 eo
581 1643 783 1688 diligentius
799 1640 1053 1675 consideranda
1076 1636 1161 1671 haec
1178 1648 1256 1681 pars

274 1701 455 1745 Epistolae
474 1697 660 1736 Paulinae,
694 1695 775 1739 quia
793 1694 895 1726 etiarn
922 1698 1052 1724 veteres
1076 1690 1112 1721 in
1137 1700 1173 1721 ea
1199 1700 1256 1720 ex-

276 1752 439 1797 plicanda
463 1749 653 1782 admodum
685 1747 919 1782 sudaverunt,
955 1748 986 1774 et
1013 1740 1114 1784 pauci
1139 1740 1256 1772 dextre

278 1811 310 1836 et
336 1808 426 1835 recte
454 1804 701 1833 tractaverunt.
762 1794 851 1828 Cum
879 1793 972 1825 enim
999 1803 1071 1824 non
1099 1790 1257 1822 viderent

278 1853 426 1887 Paulum
447 1849 546 1894 loqui
577 1849 620 1880 de
653 1859 760 1889 agone
785 1843 1035 1882 conscientiae,
1075 1842 1132 1873 sed
1159 1846 1258 1883 puta-

278 1911 357 1937 rent
381 1902 449 1936 dici
480 1901 522 1933 de
553 1898 646 1931 civili
676 1908 740 1929 usu
764 1895 867 1938 legis,
900 1894 1109 1927 affinxerunt
1132 1890 1259 1923 multas

279 1954 448 1987 absurdas
466 1948 792 1996 interpretationeS,
817 1952 851 1979 et
874 1943 964 1977 nihil
988 1945 1028 1975 ad
1056 1954 1128 1974 rem
1152 1941 1258 1984 perti-

279 2012 412 2038 nentes.
471 2001 627 2034 Multum
661 2005 776 2031 autem
809 1997 951 2028 interest
976 1992 1171 2031 Ecclesiae,
1206 2003 1259 2023 re-

281 2055 387 2089 tineri
412 2063 527 2085 veram
551 2048 656 2082 huius
679 2048 746 2080 loci
780 2046 1007 2084 sententiam,
1042 2055 1110 2088 quo
1135 2044 1260 2075 obruto

282 2118 354 2139 non
380 2104 461 2137 satis
489 2100 637 2142 intelligi
665 2105 793 2143 potest,
836 2097 920 2141 quid
957 2102 990 2128 et
1023 2099 1193 2138 quantum
1219 2092 1262 2124 sit

282 2162 459 2199 peccatum
490 2151 677 2194 originale,
710 2150 805 2192 quod
830 2149 873 2180 sit
905 2146 1091 2178 discrimen
1124 2143 1206 2185 legis
1231 2148 1263 2174 et

284 2205 486 2248 Evangelii,
513 2202 596 2247 quid
617 2201 659 2233 sit
676 2200 783 2242 gratia
802 2205 834 2231 et
858 2197 993 2230 iusticia
1012 2195 1102 2227 fidei.

384 2272 486 2305 'Nunc
507 2270 630 2303 accedo
653 2268 694 2300 ad
718 2273 862 2300 textum.
901 2263 1032 2307 Estque
1066 2262 1103 2293 in
1128 2271 1263 2294 summa

288 2322 372 2355 liaec
396 2321 585 2355 sententia:
614 2318 694 2352 Non
714 2328 834 2350 sumus
859 2315 939 2349 iusti
959 2314 1048 2356 lege,
1076 2312 1156 2357 quia
1186 2311 1264 2344 talis

289 2382 337 2407 est
363 2373 540 2415 corruptio
571 2376 732 2408 naturae,
771 2375 811 2401 ut
841 2365 909 2408 legi
941 2376 1042 2397 nemo
1072 2362 1264 2395 satisfacere

289 2424 408 2467 possit.
464 2422 544 2454 ldeo
566 2421 620 2453 lex
644 2431 780 2462 semper
802 2422 948 2451 accusat.
1000 2412 1048 2447 Et
1064 2425 1141 2446 cum
1160 2413 1263 2445 corda

292 2474 445 2507 sentiunt
463 2470 528 2505 hoc
553 2471 722 2504 iudicium
746 2476 779 2502 et
804 2469 890 2501 iram
908 2465 994 2508 Dei,
1023 2464 1265 2507 perterrefiunt

294 2532 325 2557 et
342 2524 531 2563 adiguntur
546 2522 588 2553 ad
614 2520 891 2563 desperationem
915 2524 949 2550 et
971 2523 1146 2549 aeternam
1171 2525 1265 2545 mor-

294 2583 378 2608 tem:
402 2575 447 2606 ita
466 2573 517 2604 lex
538 2578 587 2603 est
604 2571 837 2603 ministerium
853 2570 924 2602 irae
942 2574 973 2600 et
989 2566 1128 2604 mortis,
1155 2570 1187 2596 et
1204 2575 1266 2595 au-

294 2632 347 2668 get
367 2630 562 2667 peccatum,
585 2621 746 2654 videlicet
766 2632 837 2653 non
862 2626 1062 2656 externum,
1088 2616 1147 2648 sed
1172 2615 1266 2647 intus

294 2681 412 2718 auget,
439 2674 474 2707 id
498 2680 567 2713 est,
596 2678 707 2705 armat
728 2677 924 2715 peccatum,
951 2675 990 2703 ut
1012 2678 1075 2701 nos
1098 2672 1266 2711 perterre-

1286 298 1348 326 est.
1399 290 1446 325 Et
1469 291 1601 325 Paulus
1631 298 1799 337 tanquam
1835 292 1986 337 diligens
2018 295 2142 329 doctor
2171 295 2270 328 addit

1288 343 1484 386 exemplum
1502 343 1545 375 de
1563 354 1623 375 sua
1640 342 1863 386 experientia.

1391 392 1500 426 Initio
1523 400 1639 427 autem
1662 393 1830 438 proponit
1854 393 2138 427 translationem:
2164 393 2272 437 Quod

1290 443 1346 476 lex
1364 450 1412 477 est
1429 443 1662 477 ministerium
1685 444 1827 482 mortis,
1861 456 1932 477 non
1952 444 1989 477 fit
2008 445 2050 476 de
2069 444 2153 486 legis
2173 445 2273 486 vitio,

1293 495 1351 526 sed
1370 500 1512 538 propter
1529 502 1688 528 nostrum
1706 501 1883 538 peccatum
1896 519 1903 532 ,
1931 494 2013 539 quia
2029 500 2192 538 corrupta
2210 507 2273 528 na-

1293 552 1370 578 tura
1393 557 1465 577 non
1489 551 1600 588 potest
1624 545 1818 578 satisfacere
1841 545 1924 587 legi:
1958 545 2038 577 ideo
2058 545 2112 578 lex
2138 551 2276 579 accusat

1295 606 1371 628 nos,
1423 593 1469 628 Et
1494 596 1554 628 dat
1579 595 1774 639 exemplum
1800 597 1843 628 de
1869 602 2068 639 praecepto:
2095 594 2176 628 Non
2191 607 2276 629 con-

1296 645 1469 690 cupisces,
1497 644 1545 679 Ut
1560 653 1717 683 moneat,
1746 648 1840 691 quod
1866 646 1919 678 lex
1937 658 2008 678 non
2025 651 2160 679 tantum
2176 657 2278 679 accu-

1297 703 1346 729 set
1362 702 1503 729 externa
1520 697 1636 729 civilia
1655 697 1798 735 delicta,
1826 697 1883 730 sed
1909 699 2011 730 etiam
2039 702 2184 729 naturae
2201 708 2280 730 cor-

1298 746 1511 790 ruptionem.
1565 745 1647 779 ldeo
1674 758 1757 780 usus
1781 754 1831 780 est
1860 744 1914 779 his
1933 747 2066 780 verbis:
2095 746 2278 780 Peccatum

1299 797 1480 829 occasione
1515 803 1669 841 accepta,
1708 797 1743 830 id
1769 804 1838 838 est,
1879 797 2036 840 agnitum
2067 809 2129 841 per
2158 797 2281 841 legem,

1300 847 1452 880 irritavit
1485 848 1821 891 concupiscentiam,
1865 847 1901 880 id
1936 855 2006 887 est,
2041 847 2281 892 perterrefecit

1301 909 1373 938 me,
1405 904 1439 930 et
1463 897 1500 929 in
1520 898 1590 930 illis
1613 898 1805 931 terroribus
1829 905 1945 932 movet
1967 899 2064 931 illam
2087 899 2281 932 dubitatio-

1301 960 1394 988 nem,
1413 947 1953 992 diffidentiam,indignationem
1971 950 2136 982 adversus
2152 949 2283 990 Deum,

1301 1005 1340 1032 ut
1355 998 1463 1041 fugiat
1480 1010 1539 1030 cor
1556 996 1670 1031 Deum
1684 1026 1692 1039 ,
1720 1006 1752 1032 et
1772 1000 1939 1032 irascatur
1955 999 2086 1032 iudicio
2103 998 2182 1033 Dei.

1404 1047 1488 1081 Sine
1504 1049 1577 1091 lege
1597 1056 1772 1092 peccatum
1795 1056 1845 1082 est
1862 1056 2061 1088 mortuum,
2088 1050 2123 1082 id
2150 1055 2220 1090 est,
2257 1050 2288 1083 si

1303 1099 1358 1131 lex
1376 1110 1448 1130 non
1471 1106 1668 1138 accusaret,
1696 1112 1768 1132 non
1790 1099 1976 1133 existerent
2002 1099 2055 1132 illi
2079 1107 2228 1134 terrores
2250 1107 2284 1134 et

1304 1149 1462 1182 confusio
1481 1149 1724 1184 conscientiae.
1776 1148 1851 1193 Ego
1869 1157 1982 1183 autern
2001 1150 2192 1194 aliquando
2209 1150 2284 1184 sine

1304 1200 1378 1242 lege
1394 1199 1480 1240 vixi,
1504 1199 1540 1232 id
1562 1207 1628 1241 est,
1655 1212 1734 1233 cum
1757 1211 1864 1233 essem
1883 1198 2089 1233 Pharisaeus
2112 1213 2204 1234 eram
2231 1212 2285 1234 se-

1304 1262 1426 1291 curus,
1453 1250 1653 1284 arbitrabar
1667 1263 1722 1283 me
1745 1251 1813 1294 legi
1835 1251 2049 1290 satisfacere,
2075 1263 2131 1284 me
2155 1251 2286 1285 iustum

1305 1313 1389 1334 esse.
1444 1300 1482 1333 ld
1503 1301 1596 1333 enim
1615 1308 1713 1335 vocat
1729 1301 1847 1334 vivere
1862 1301 1936 1335 sine
1957 1301 2050 1344 lege,
2077 1313 2150 1334 non
2163 1302 2286 1335 audire

1305 1352 1414 1392 legem
1436 1353 1676 1384 ostendentem
1695 1358 1872 1395 peccatum
1891 1358 1924 1384 et
1945 1359 2184 1390 accusantem,
2212 1363 2286 1385 non

1306 1401 1395 1434 affici
1412 1401 1632 1434 accusatione
1650 1401 1709 1434 illa
1721 1426 1729 1439 ‚
1758 1414 1830 1434 non
1849 1401 1977 1434 sentire
1994 1401 2143 1436 dolores.

1412 1450 1533 1495 Itaque
1549 1457 1618 1484 tres
1633 1449 1818 1484 hominum
1834 1453 1960 1495 gradus
1977 1451 2159 1484 constitue.
2187 1449 2286 1485 Unus

1307 1509 1357 1535 est
1379 1501 1591 1540 carnalium,
1619 1502 1680 1546 qui
1704 1502 1827 1535 vivunt
1851 1501 1981 1541 securi,
2009 1512 2068 1534 seu
2093 1509 2132 1535 nt
2155 1499 2288 1545 Epicu-

1308 1553 1375 1595 rei,
1405 1564 1465 1585 seu
1489 1559 1526 1584 ut
1543 1549 1739 1592 Pharisaei,
1772 1564 1838 1585 nec
1861 1549 1994 1585 habent
2019 1563 2118 1585 veros
2141 1564 2287 1596 pavores

1309 1601 1552 1636 conscientiae.
1618 1601 1706 1634 Tale
1736 1602 1826 1636 vitae
1858 1613 1967 1644 genus
1989 1609 2039 1635 est
2069 1603 2186 1635 vivere
2213 1603 2289 1636 sine

1309 1654 1402 1695 lege,
1428 1652 1558 1684 scilicet
1584 1651 1778 1693 iudicante,
1801 1658 1984 1685 accusante
2006 1658 2067 1684 etc.
2120 1651 2213 1695 Quia
2236 1654 2292 1686 lex

1311 1705 1347 1736 in
1367 1704 1436 1736 illis
1460 1714 1532 1735 non
1558 1700 1663 1736 habet
1681 1714 1781 1735 suum
1800 1702 2029 1746 principalem
2047 1702 2225 1744 effectum,
2251 1711 2292 1738 ut

1311 1755 1470 1788 ostendat
1485 1759 1518 1786 et
1533 1760 1665 1786 accuset
1684 1760 1872 1796 peccatum.
1915 1752 1985 1786 Lex
2004 1753 2096 1785 enim
2114 1760 2197 1786 tunc
2212 1766 2293 1787 vere

1311 1806 1365 1838 lex
1382 1811 1450 1847 est,
1479 1816 1556 1836 cum
1585 1803 1715 1837 iudicat
1734 1810 1764 1837 et
1783 1810 1937 1842 accusat,
1965 1815 2038 1837 non
2059 1815 2136 1836 cum
2163 1804 2291 1849 scripta

1312 1862 1362 1889 est
1379 1856 1416 1888 in
1437 1854 1638 1897 parietibuS.

1413 1905 1595 1939 Secundus
1612 1905 1737 1947 gradus
1753 1910 1803 1936 est
1819 1915 1951 1944 eorum,
1966 1904 2026 1949 qui
2041 1905 2294 1948 opprimuntur

1314 1956 1509 1990 terroribus
1531 1962 1563 1987 et
1583 1954 1794 1987 cruciatibus
1811 1955 2058 1988 conscientiae:
2086 1956 2173 1989 sicut
2191 1954 2295 1989 Iudas

1315 2014 1373 2040 aut
1389 2006 1485 2039 Saul.
1538 2004 1586 2037 Hi
1604 2006 1685 2048 quia
1701 2016 1773 2037 non
1794 2005 1944 2038 audiunt
1959 2017 2077 2038 vocem
2098 2004 2294 2049 Evangelii,

1315 2057 1547 2091 succumbunt
1563 2056 1599 2087 in
1614 2053 1668 2089 his
1685 2055 1898 2096 terroribus,
1925 2063 1958 2089 et
1973 2056 2128 2090 sentiunt
2144 2068 2179 2090 se
2196 2058 2294 2090 dam-

1317 2108 1404 2142 nari.
1463 2106 1546 2139 Ideo
1571 2103 1628 2139 hic
1652 2106 1714 2139 ait:
1744 2105 1916 2139 Veniente
1940 2107 2013 2150 lege
2037 2115 2214 2150 peccatum
2239 2119 2295 2140 re-

1317 2159 1424 2198 vixit,
1450 2157 1484 2190 id
1505 2163 1575 2199 est,
1602 2157 1714 2199 coepit
1731 2168 1802 2189 esse
1821 2157 1938 2189 efficax
1954 2165 1986 2191 et
2006 2163 2151 2195 terrere,
2181 2164 2213 2190 et
2230 2169 2292 2199 ego

1318 2216 1476 2242 mortuus
1502 2219 1589 2240 sum.
1646 2206 1722 2240 Nisi
1745 2207 1839 2240 enim
1860 2206 1988 2240 Paulus
2014 2208 2151 2239 audiret
2174 2218 2293 2239 vocem

1318 2258 1523 2301 Evangelii,
1567 2259 1640 2302 ipse
1669 2270 1809 2303 quoque
1842 2258 1969 2302 periret
1998 2257 2035 2289 in
2064 2257 2193 2290 talibus
2223 2263 2293 2290 ter-

1317 2310 1468 2343 roribus.

1419 2358 1482 2393 Est
1506 2359 1613 2402 igitur
1636 2358 1756 2392 tertius
1777 2358 1906 2400 gradus
1930 2357 2094 2394 illorum,
2135 2357 2196 2402 qui
2221 2357 2296 2390 'eri-

1319 2417 1450 2453 guntur
1466 2410 1503 2443 in
1527 2410 1718 2443 terroribus
1742 2420 1824 2440 voce
1842 2405 2042 2449 Evangelii,
2079 2408 2167 2441 sicut
2190 2419 2295 2453 supra

1319 2462 1451 2506 inquit:
1481 2459 1659 2493 Iustificati
1676 2459 1741 2491 fide
1758 2470 1874 2501 pacem
1891 2454 2078 2498 habemus,
2101 2465 2163 2494 etc.

1420 2512 1484 2545 His
1501 2511 1612 2544 tribus
1628 2509 1793 2551 gradibus
1810 2508 2047 2547 consideratis,
2074 2515 2186 2542 textus
2196 2507 2298 2541 Pauli

1322 2563 1456 2595 facilius
1483 2559 1629 2602 intelligi
1656 2566 1786 2602 potest,
1811 2571 1890 2591 nam
1918 2560 1958 2591 ad
1981 2559 2130 2601 primum
2149 2560 2296 2602 gradum

1321 2614 1488 2656 pertinet,
1516 2611 1608 2656 quod
1629 2610 1694 2643 ait:
1723 2608 1807 2643 Sine
1830 2609 1903 2651 lege
1929 2617 2105 2653 peccatum
2128 2616 2177 2643 est
2201 2621 2296 2642 mor-

1321 2671 1431 2698 tuum.
1482 2660 1557 2706 Ego
1574 2667 1687 2694 autem
1708 2659 1897 2705 aliquando
1919 2660 1993 2694 sine
2011 2660 2084 2704 lege
2101 2660 2185 2694 vixi:
2213 2659 2294 2705 quia
