2415 2942
85 77 158 114 725
248 75 349 112 xm.

424 158 483 189 De
513 156 725 188 scandalo.

187 220 402 256 Scandalum
424 219 597 263 significat
623 217 874 255 offensionem,
903 227 990 260 quae
1008 217 1070 248 de—

86 280 194 308 terret
220 272 374 310 animos,
411 272 467 304 vel
497 270 624 303 invitat
645 271 687 301 ad
714 266 957 301 imitationem.
1009 266 1070 300 Est

84 331 202 358 autem
221 324 361 365 duplex.
414 322 577 355 Alterum
603 330 709 362 genus
727 323 873 350 vocatur
898 315 1069 360 pharisai-

84 387 162 408 cum
187 374 412 414 scandalum,
445 373 480 405 id
507 378 574 411 est,
607 368 773 407 offensio,
810 379 914 411 quam
947 368 1068 400 conci-

82 427 185 469 piunt
212 423 414 470 hypocritae
437 430 580 467 propter
611 431 725 452 veram
751 418 968 458 doctrinam,
1008 425 1068 451 aut

81 478 231 516 sactum,
269 475 364 520 quod
389 474 482 508 Deus
513 470 660 516 requirit
693 469 748 501 vel
771 470 963 512 approbat,
999 480 1066 513 qua

85 526 282 560 offensione
307 526 499 558 incitantur
520 520 721 568 hypocritae
752 520 794 552 ad
820 520 941 552 odium
966 531 1067 552 verae

84 578 264 611 doctrinae
295 583 327 609 et
358 576 507 619 piorum.
567 572 606 606 ld
630 570 833 604 scandalum
858 582 930 603 non
955 578 1067 613 potest

81 628 207 667 vitari,
234 639 297 660 nec
315 631 456 670 peccant
473 624 520 668 pii
538 629 679 667 propter
695 621 799 654 talem
820 622 973 653 furorem
1000 622 1066 653 im-

80 679 231 722 piorum,
295 676 369 710 lmo
395 686 531 708 necesse
558 680 606 706 est
631 672 774 705 obedire
798 673 963 705 mandato
987 671 1063 713 Dei,

80 736 199 761 contra
219 728 406 771 impiorum
428 725 556 758 iudicia
578 730 610 756 et
626 724 725 762 odia,
752 723 834 767 quia
855 722 985 756 Paulus
1010 723 1065 754 in-

80 781 175 824 quit:
214 778 250 812 Si
286 777 364 822 quis
393 777 487 808 aliud
522 774 755 817 Evangelium
796 773 1065 817 praedicaverit,

80 830 263 863 anathema
292 830 346 862 sit.
409 826 459 860 Ac
486 826 673 868 diligenter
696 824 880 857 erudiendi
911 831 991 857 sunt
1016 825 1064 868 pii

80 887 111 913 et
129 880 330 919 muniendi,
358 890 402 910 ne
429 875 631 923 hypocritae
656 877 853 909 deterreant
873 887 930 908 eos
947 887 963 908 a
983 887 1064 919 pro-

77 930 245 969 fessione,
272 941 349 962 cum
377 928 553 961 obiiciunt
576 927 750 970 pericula,
785 933 922 969 motus,
961 926 1065 959 ‹lissi-

80 981 253 1025 pationes‚
288 991 376 1024 quae
408 985 606 1024 sequuntur
635 977 926 1021 persecutionem.
987 977 1064 1010 Ad—

79 1043 196 1065 versus
215 1029 277 1063 hos
297 1037 447 1063 terrores
472 1035 610 1072 oportet
637 1029 774 1061 animos
800 1029 889 1060 bene
908 1029 1064 1061 munitos

77 1094 165 1123 esse,
193 1094 236 1114 ne
253 1080 460 1123 languesacti
479 1080 648 1112 abiiciant
667 1079 860 1112 veritatem.

179 1131 340 1166 Alterum
364 1143 473 1173 genus
495 1130 651 1163 scandali
675 1137 723 1162 est
755 1130 860 1173 impia
892 1129 1063 1171 doctrina,

77 1190 136 1217 aut
167 1184 295 1216 factum
327 1183 481 1221 malum,
521 1188 582 1215 aut
612 1180 835 1219 indifferens,
863 1180 1063 1223 petulanter

77 1240 274 1276 susceptum
305 1234 397 1276 apud
432 1233 612 1272 infirmos,
657 1243 728 1276 quo
764 1233 986 1263 deterrentur
1018 1231 1062 1264 ab

75 1284 287 1327 Evangelio,
322 1284 375 1316 vel
400 1295 612 1328 quocunque
638 1283 742 1315 modo
767 1282 970 1314 sauciantur
1000 1293 1060 1314 eo-

74 1348 154 1368 rum
179 1334 300 1369 animi.
353 1333 448 1366 Haec
478 1333 638 1366 scandala
663 1339 743 1366 sunt
767 1333 934 1365 cavenda.
989 1333 1058 1365 sed

74 1385 361 1419 nocentissimum
382 1383 541 1417 omnium
566 1391 615 1416 est
642 1384 748 1427 impia
773 1383 951 1422 doctrina,
978 1383 1061 1427 quia

76 1437 181 1470 laedit
207 1436 351 1480 gloriam
379 1434 464 1474 Dei,
499 1441 531 1469 et
555 1434 671 1479 perdit
693 1435 894 1467 auditorum
923 1434 1061 1467 animos

75 1487 361 1521 innumerabiles.

178 1538 318 1571 Deinde
336 1535 520 1581 quodlibet
536 1536 663 1569 factum
681 1535 813 1568 malum
834 1535 1059 1569 manifestum

76 1595 124 1621 est
148 1588 370 1627 scandalum,
397 1587 480 1633 quia
508 1588 596 1618 mala
620 1587 775 1630 exempla
800 1587 951 1619 invitant
973 1586 1060 1618 alios

76 1639 117 1671 ad
140 1638 392 1677 imitationem,
421 1643 454 1669 et
468 1637 635 1669 minuunt
657 1637 888 1669 reverentiam
914 1635 998 1676 Dei,
1026 1642 1060 1669 et

75 1700 175 1732 saepe
198 1689 349 1727 sanciunt,
386 1694 423 1720 ut
447 1687 520 1730 ipsa
546 1685 699 1719 Ecclesia
724 1693 756 1720 et
782 1687 940 1719 doctrina
966 1687 1056 1720 male

73 1740 210 1779 audiat,
238 1746 271 1773 et
294 1740 537 1772 deterreantur
554 1738 724 1770 moderati
750 1735 911 1770 homines
936 1750 952 1770 a
978 1749 1058 1771 vera

74 1790 246 1825 doctrina.
305 1789 402 1822 Sicut
427 1789 517 1820 male
545 1789 695 1821 audisset
726 1789 904 1827 doctrina,
939 1789 967 1820 si
1003 1787 1059 1821 10-

74 1839 158 1884 sepli
179 1840 409 1873 commisisset
435 1838 658 1873 adulterium.
710 1837 864 1872 Econtra
884 1851 967 1871 vero
986 1839 1058 1872 eius

73 1891 289 1925 continentia
308 1891 427 1924 multis
448 1890 560 1922 nodis
578 1890 644 1923 suit
661 1890 810 1933 gloriosa
836 1890 911 1933 piae
929 1890 1055 1923 doctri-

74 1955 157 1982 nae,
185 1950 216 1976 et
233 1942 350 1974 attulit
367 1941 520 1984 ingentia
539 1943 722 1973 commoda
739 1942 801 1973 toti
823 1952 939 1983 regno.
981 1939 1058 1973 Hoc

73 1994 269 2037 exemplum
288 2004 366 2025 cum
386 1993 429 2025 sit
447 1992 593 2032 illustre,
608 1991 761 2024 ostendit
779 1999 950 2036 quantum
969 1993 1057 2024 refe-

75 2051 127 2076 rat
144 2042 247 2076 buius
265 2043 400 2084 generis
431 2043 593 2075 scaudala
623 2043 748 2077 caveri.
810 2042 862 2075 Ac
887 2043 1057 2075 memine-

75 2095 185 2126 rimus
210 2095 327 2126 omnia
351 2094 439 2125 facta
472 2100 589 2125 nostra
615 2094 791 2135 pertinere
824 2105 894 2125 non
920 2100 1057 2126 tantum

75 2147 115 2177 ad
141 2156 225 2184 nos,
254 2145 310 2176 sed
338 2144 442 2176 etiam
467 2144 509 2175 ad
533 2143 678 2185 gloriam
705 2144 784 2178 Dei.
846 2143 944 2177 Sicut
974 2145 1058 2176 scri-

75 2204 172 2239 ptum
190 2202 253 2228 est:
284 2194 429 2238 Propter
458 2206 517 2227 vos
545 2194 633 2227 male
660 2196 758 2228 audit
776 2206 903 2228 nornen
921 2195 985 2228 Dei
1004 2195 1057 2227 in-

75 2254 126 2279 ter
144 2254 272 2289 gentes,

177 2296 356 2329 Postremo
390 2296 425 2328 in
455 2307 519 2328 usu
552 2294 830 2328 indifferentium
865 2297 1057 2339 petulantia

79 2350 228 2380 cavenda
259 2354 326 2386 est,
377 2360 420 2379 ne
451 2358 565 2379 mores
601 2345 841 2379 indifferentes
879 2355 1059 2380 mutentur

78 2400 168 2441 apud
187 2410 264 2440 eos,
293 2398 352 2443 qui
378 2405 436 2431 aut
463 2399 621 2430 nondum
647 2397 837 2430 audierunt
862 2399 1058 2431 doctrinam

79 2451 121 2479 de
145 2448 317 2489 libertate,
353 2456 412 2482 aut
436 2446 552 2481 adbuc
577 2454 658 2480 sunt
686 2447 916 2488 infirmiores,
943 2456 981 2482 ut
1000 2461 1060 2492 pe—

80 2499 230 2532 riculum
257 2500 317 2540 sit,
350 2512 393 2532 ne
429 2500 516 2533 moti
549 2499 744 2532 mutatione
774 2499 897 2531 talium
922 2511 1059 2532 morum

80 2552 321 2582 deterreantur
344 2552 388 2583 ab
417 2549 625 2593 Evangelio.
684 2548 729 2582 Et
752 2557 868 2582 tamen
897 2562 966 2582 non
983 2562 1060 2594 per-

80 2609 274 2644 sequuntur
306 2601 396 2644 piam
431 2602 646 2640 doctrinam,
698 2601 755 2632 sed
800 2607 880 2634 sunt
919 2601 1061 2635 dociles.

81 2651 212 2684 Verum
230 2658 412 2696 postquam
428 2653 555 2686 tradita
577 2659 626 2685 est
645 2652 823 2693 doctrina,
849 2658 881 2686 et
898 2649 1062 2697 hypocri-

402 76 439 112 2.
474 71 839 110 COMMENTARH
869 70 917 107 [N
945 71 1098 110 EPIST.
1126 70 1275 111 PAULI
1302 73 1373 109 AD
1400 70 1663 110 ROMANOS.
1715 73 1819 112 CAP.
1847 76 1949 116 XIV.

2043 84 2118 120 726

1129 167 1183 194 tae
1201 172 1237 194 se
1253 167 1457 205 opponunt,
1486 167 1619 194 rectum
1640 167 1690 194 est
1708 162 1847 195 ostendi
1871 163 1941 198 illis
1959 169 2117 212 exempla

1126 211 1318 252 libertatis,
1346 220 1376 247 et
1402 209 1485 245 baec
1503 212 1660 256 exempla
1683 220 1765 248 sunt
1783 226 1861 257 pars
1876 216 2117 261 confessionis,

1126 260 1205 319 (ξι-Ἀ..
1232 264 1263 294 1.
1296 262 1355 296 Sic
1384 262 1547 307 Apostoli
1579 263 1759 298 violabant
1790 266 1996 302 traditiones
2026 267 2115 314 pha-

1123 323 1275 348 r1sa1ca5.

1337 392 1536 440 Infirmum
1563 395 1600 428 in
1613 393 1694 440 fide
1719 397 1905 435 assumite.

1221 460 1390 495 Dicturus
1413 464 1456 495 de
1483 474 1547 496 usu
1575 464 1854 497 ceremoniarum
1884 472 1916 499 ct
1938 469 1981 500 de
2002 469 2111 503 liber-

1122 518 1211 553 tate,
1239 513 1342 546 initio
1366 514 1534 557 proponit
1554 514 1834 548 admonitionem
1856 517 1898 549 de
1917 519 2109 554 tolerandis

1121 563 1281 599 infirmis.
1337 564 1463 597 Tradit
1489 572 1604 598 autem
1635 573 1880 609 praeceptum,
1915 581 1983 613 quo
2008 578 2110 604 uten-

1120 616 1204 646 dum
1229 621 1279 647 est
1304 627 1376 649 non
1402 616 1572 648 adversus
1596 623 1832 659 persecutores
1866 618 2009 662 impios,
2044 619 2109 655 ho-

1121 672 1187 698 stes
1204 664 1409 709 Evangelii,
1438 668 1495 699 sed
1516 678 1593 710 erga
1620 667 1776 700 membra
1797 674 1933 710 nostra,
1963 668 2029 704 hoc
2048 679 2108 713 est,

1119 727 1198 758 erga
1215 728 1292 755 eos,
1321 717 1380 762 qui
1401 718 1517 750 doceri
1534 729 1568 750 se
1597 717 1736 758 sinunt,
1765 727 1797 752 et
1821 720 1969 754 audiunt
1987 720 2107 755 Evan-

1119 767 1270 809 gelium,
1305 765 1368 801 hos
1394 775 1485 802 vetat
1518 769 1685 802 deterreri
1719 770 1885 813 exemplis
1917 771 2105 813 inusitatis,

1119 830 1188 863 quo
1206 818 1323 852 minus
1346 819 1602 863 amplectantur
1618 819 1867 862 Evangelium.

1222 868 1332 903 Vocat
1355 877 1471 903 autem
1492 870 1674 904 infirmnm
1699 871 1735 903 in
1759 872 1846 911 fide,
1872 873 2032 906 nondum
2051 885 2106 907 sa-

1119 920 1161 952 tis
1184 921 1361 954 eruditum
1389 922 1425 953 in
1456 921 1615 954 doctrina
1639 920 1818 956 libertatis.
1888 922 2000 956 Porro
2025 936 2105 958 cum

1118 970 1233 1014 inquit
1261 972 1517 1005 sublevandum
1550 984 1640 1010 esse,
1676 984 1720 1004 ne
1746 973 1877 1006 incidat
1902 974 1938 1006 in
1961 976 2104 1009 dubita-

1118 1021 1248 1062 tioueS,
1285 1029 1463 1067 utrunque
1489 1030 1625 1063 monet,
1656 1035 1698 1055 ne
1723 1032 1865 1066 cogatur
1890 1025 2024 1069 aliquid
2052 1027 2105 1059 fa—

1118 1084 1194 1104 cere
1222 1081 1343 1106 contra
1370 1074 1641 1113 conscientiam,
1682 1086 1742 1106 seu
1765 1076 1989 1118 improbante
2019 1089 2103 1110 con·

1117 1123 1271 1156 scientia.
1336 1123 1419 1156 Item
1443 1132 1480 1157 ut
1507 1124 1672 1168 paulatim
1704 1123 1936 1168 provehatur,
1972 1134 2003 1160 et
2032 1129 2102 1160 eri-

1117 1175 1234 1216 piatur
1251 1183 1281 1207 et
1301 1175 1471 1208 liberetur
1489 1189 1504 1207 a
1523 1175 1758 1210 dubitatione.
1812 1175 1901 1208 Nam
1926 1178 2100 1212 dubitatio

1117 1225 1153 1256 in
1188 1237 1401 1270 quocunque
1426 1226 1593 1266 articulo,
1628 1226 1655 1257 si
1682 1238 1754 1258 non
1782 1228 2005 1268 emendetur,
2040 1231 2101 1263 sed

1116 1283 1293 1319 augescat,
1330 1283 1381 1309 est
1413 1273 1595 1309 horribilis
1621 1277 1742 1319 pestis,
1778 1285 1808 1310 et
1836 1279 1962 1312 excutit
1987 1280 2102 1321 fidem,

1116 1333 1149 1359 et
1165 1328 1308 1360 accersit
1333 1327 1632 1370 desperationem,
1660 1327 1781 1360 odium
1805 1328 1912 1361 totius
1937 1329 2103 1374 Evange-

1115 1377 1172 1417 lii,
1201 1385 1233 1411 et
1260 1378 1479 1412 manifestam
1508 1378 1734 1422 impietatem.
1787 1378 1885 1413 Sicut
1900 1381 2025 1415 accidit
2043 1382 2102 1416 lu-

1115 1428 1209 1461 liano
1227 1435 1258 1462 et
1277 1429 1395 1463 multis
1415 1429 1602 1464 similibus.

1328 1511 1434 1546 Deus
1457 1512 1552 1545 enim
1572 1511 1679 1545 illum
1699 1514 1887 1551 assumsit.

1216 1579 1374 1612 Primum
1414 1586 1529 1613 autem
1565 1580 1767 1613 observabis
1800 1589 2023 1626 praeceptum
2057 1585 2100 1619 de

1113 1632 1266 1665 cavenda
1286 1631 1519 1664 dubitatione.
1555 1629 1694 1663 Deinde
1707 1632 1910 1665 observabis
1929 1631 1986 1667 llic
2002 1646 2100 1678 egre-

1113 1683 1204 1726 giam
1231 1682 1507 1715 consolationem
1541 1682 1758 1724 propositam
1783 1694 1866 1718 esse.
1933 1683 2100 1720 Testatur

1114 1736 1206 1767 euim
1224 1732 1354 1767 Paulus
1371 1733 1529 1765 infirmos
1547 1743 1564 1764 a
1585 1731 1657 1764 Deo
1678 1740 1832 1777 receptos
1848 1745 1937 1775 esse,
1966 1737 2023 1768 sed
2042 1737 2098 1770 in-

1113 1785 1237 1827 telligit
1261 1797 1332 1817 nou
1358 1782 1475 1816 hostes
1503 1790 1560 1816 aut
1588 1790 1841 1826 persecutores,
1870 1787 1929 1817 sed
1952 1798 2010 1819 eos
2035 1789 2096 1832 qui

1114 1838 1264 1869 audiunt
1282 1835 1514 1877 Evangelium
1528 1859 1535 1872 ‚
1565 1834 1623 1877 qui
1642 1842 1723 1867 sunt
1739 1835 1888 1876 dociles,
1917 1843 1949 1869 et
1967 1835 2098 1872 habent

1114 1888 1213 1921 initia
1246 1887 1383 1919 timoris
1407 1884 1491 1926 Dei,
1535 1893 1567 1918 et
1604 1885 1681 1917 fidei
1709 1885 1744 1917 in
1773 1883 1971 1927 Christum,
2007 1888 2098 1923 sicut

1112 1938 1275 1982 Apostoli
1302 1944 1381 1970 ante
1400 1935 1690 1970 resurrectionem
1709 1944 1807 1970 eraut
1831 1938 1931 1977 iusti,
1960 1939 2095 1973 etiamsi

1114 1988 1290 2022 habebant
1310 1999 1388 2021 suas
1407 1988 1645 2025 infirmitates,
1672 1993 1710 2020 ut
1732 1995 1875 2032 apparet
1895 1989 1932 2021 in
1950 1986 2096 2024 historia

1113 2040 1323 2083 evangelica.

1214 2090 1291 2123 Hoc
1307 2089 1503 2133 exemplum
1522 2089 1773 2122 transferamus
1796 2090 1838 2122 ad
1857 2101 1937 2129 n05,
1967 2097 1998 2123 et
2022 2103 2097 2124 me-

1114 2142 1320 2174 minerimus
1348 2153 1411 2173 nos
1436 2152 1577 2184 quoque
1602 2137 1730 2172 habere
1757 2141 1884 2172 multas
1910 2141 2095 2176 infirmita-

1114 2202 1181 2233 tes,
1223 2205 1333 2237 neque
1375 2199 1491 2224 tamen
1526 2199 1708 2234 propterea
1746 2191 1847 2222 sidem
1880 2192 2098 2233 abiiciamus,

1114 2244 1194 2289 quia
1220 2241 1276 2276 bic
1303 2243 1474 2286 scriptura
1510 2248 1654 2274 testatur
1684 2241 1839 2274 infirmos
1874 2243 1999 2285 recipi,
2037 2245 2097 2276 sed

1115 2302 1231 2327 monet
1265 2295 1370 2327 simul
1406 2294 1509 2327 etiam
1548 2292 1715 2336 paulatim
1751 2290 1995 2336 provehendos
2027 2306 2098 2328 esse

1116 2346 1284 2378 infirmos.

1218 2396 1340 2429 Tertio
1361 2395 1510 2429 traditur
1528 2400 1748 2437 praeceptum
1768 2401 1887 2427 contra
1908 2395 2100 2429 dubitatio-

1116 2460 1213 2484 nem,
1250 2448 1283 2480 id
1309 2455 1378 2486 est,
1406 2459 1448 2479 ne
1466 2447 1550 2490 quid
1578 2445 1743 2476 faciamus
1770 2445 1991 2488 improbante
2015 2459 2100 2479 con-

1115 2499 1270 2532 scientia.
1334 2497 1583 2541 Unusquisque
1613 2495 1648 2526 in
1679 2506 1739 2526 sua
1768 2504 1882 2528 mente
1909 2504 2021 2530 certus
2044 2497 2099 2531 sit.

1115 2549 1210 2582 Haec
1232 2549 1402 2582 sententia
1429 2553 1522 2580 xetat
1552 2546 1664 2578 facere
1694 2554 1815 2578 contra
1838 2548 2098 2581 conscientiam.

1115 2601 1203 2633 'Nam
1228 2601 1288 2644 qui
1314 2606 1436 2632 contra
1460 2597 1709 2631 conscientiam
1738 2598 1840 2638 facit,
1877 2599 1990 2641 palam
2018 2610 2102 2631 con-

1115 2651 1239 2685 temnit
1256 2651 1460 2683 mandatum
1478 2648 1555 2684 Dei.
1609 2646 1726 2682 Facile
1742 2656 1857 2682 autem
1876 2649 2023 2692 intelligi
2039 2661 2102 2694 po·

1616 2695 1694 2732 46²*
