2415 2942
91 87 165 124 517

92 230 241 264 mentes,
275 230 314 256 ut
339 223 423 256 dixi.

91 274 158 307 Per
179 287 282 319 quem
306 271 477 307 babemus
493 285 667 308 accessum
684 273 765 310 fide.

205 323 311 359 Rom.
334 324 387 360 5.:
433 324 614 358 Iustificati
647 325 715 358 fide
741 335 859 368 pacem
898 322 1080 360 habemus.

87 375 226 409 Noticia
239 374 404 409 historiae
416 387 636 420 nequaquam
649 375 761 409 adfert
769 386 888 419 pacem
898 377 1082 409 conscien-

89 427 178 467 tiae,
203 428 263 459 sed
281 427 397 471 potius
414 433 518 469 auget
536 436 703 470 pavoreS,
732 437 812 459 cum
838 427 1010 460 retinetur
1029 427 1080 461 le-

90 478 143 521 gis
160 477 293 522 opinio.
342 476 449 520 Quod
466 483 517 510 est
533 476 626 509 enim
643 477 781 519 signum
797 477 991 511 terribilius
1008 478 1080 512 irae

91 529 161 562 Dei
187 530 354 562 adversus
381 534 578 572 peccatum,
624 539 729 571 quam
762 528 857 572 quod
885 525 981 561 Deus
1005 541 1078 562 non

91 580 158 612 alia
178 579 317 612 victima
334 578 463 623 placari
480 577 612 617 voluit,
637 578 704 610 nisi
723 585 834 611 morte
851 578 940 610 filii?
982 578 1078 614 Haec

89 630 254 672 cogitatio
271 637 374 673 auget
392 639 556 673 pavores,
583 640 662 661 cum
689 629 928 662 existimamus
946 627 1078 664 Christi

89 680 299 714 beneficium
320 691 392 713 non
417 679 607 722 pertinere,
651 678 721 711 nisi
748 680 792 712 ad
822 690 880 712 eos
909 680 970 724 qui
993 681 1077 714 satis

89 731 296 765 meritorum
313 731 488 764 adferunt.
539 728 634 771 Ergo
653 741 733 763 cum
750 730 835 762 fides
852 730 961 772 erigat
976 743 1077 764 men-

88 789 138 815 tes
156 782 414 825 perterrefactas
431 788 465 814 et
486 781 707 821 consoletur,
734 792 872 814 necesse
896 787 947 814 est
970 781 1076 816 intel-

86 833 148 876 ligi
164 833 325 866 fiduciam
344 831 616 864 misericordiae.
667 829 716 865 Et
741 843 821 865 cum
839 830 971 866 Paulus
994 833 1076 868 satis

90 884 252 916 ostendat
274 895 309 916 se
333 882 432 927 loqui
456 883 499 915 de
516 882 584 915 fide
600 881 757 916 luctante
772 894 852 915 cum
876 884 1077 926 pavoribus,

87 945 160 966 non
185 940 330 977 possunt
353 933 427 967 eius
459 933 553 967 dicta
583 933 627 966 de
649 933 723 967 sola
747 931 916 968 historiae
946 935 1076 974 noticia

85 984 246 1028 intelligi.

189 1034 306 1071 Cotos.
327 1037 381 1070 2.:
416 1034 457 1069 ln
476 1047 546 1081 quo
568 1041 602 1069 et
616 1035 813 1070 resuscitati
838 1037 919 1071 estis
944 1050 1005 1082 per
1033 1038 1075 1070 fi-

86 1088 166 1119 dem
184 1086 355 1120 efficaciae
371 1087 455 1120 Dei.
496 1087 558 1119 Ait
575 1097 638 1119 nos
656 1087 889 1122 sanctificatos
909 1100 980 1122 esse
998 1089 1077 1131 fide,

85 1137 121 1171 id
139 1144 207 1179 est,
233 1138 381 1176 fiducia,
406 1138 501 1182 quod
518 1136 614 1170 Deus
629 1137 673 1170 sit
691 1137 811 1171 efficax
829 1139 866 1171 in
886 1140 999 1174 nobis.

190 1188 335 1222 Ioannis
352 1186 405 1222 5.:
442 1186 515 1230 Qui
535 1199 607 1221 non
624 1189 735 1222 credit
750 1187 844 1230 Deo,
873 1192 1074 1224 mendacem

88 1252 168 1273 eum
197 1239 280 1273 facit
298 1265 308 1283 ,
352 1239 435 1284 quia
467 1250 540 1271 non
573 1239 685 1272 credit
714 1241 934 1281 testimonio,
979 1243 1074 1286 quod

87 1289 184 1325 Deus
201 1290 308 1323 vitam
326 1296 504 1323 aeternam
523 1289 679 1330 dederit,
706 1297 770 1325 etc.
830 1290 953 1325 Refert
971 1293 1073 1325 fidem

87 1342 129 1375 ad
149 1341 436 1384 promissionem,
460 1346 492 1372 et
507 1340 661 1384 postulat
684 1346 724 1373 ut
747 1341 972 1384 promissioni
999 1355 1073 1376 cre-

86 1393 208 1432 datur,
235 1390 291 1423 cui
308 1391 337 1423 si
354 1390 433 1435 quis
449 1402 522 1422 non
542 1390 758 1429 adsentitur,
792 1390 821 1422 is
838 1390 952 1423 Deum
973 1405 1072 1425 accu-

85 1449 137 1476 sat
152 1441 338 1483 mendacii,
361 1440 460 1485 quasi
477 1452 549 1473 non
571 1447 718 1483 praestet
739 1441 918 1483 promissa.
961 1441 1073 1475 Porro

84 1491 253 1527 adsentiri
268 1491 513 1536 promissioni,
540 1498 590 1525 est
605 1490 731 1524 fiducia
749 1492 1024 1527 misericordiae.

183 1542 366 1577 Romanos
384 1542 436 1577 4.:
464 1541 537 1584 Qui
561 1548 699 1585 praeter
716 1553 812 1585 spem
829 1543 865 1575 in
883 1555 977 1587 spem
998 1557 1073 1577 cre-

85 1595 188 1630 didit.
243 1592 383 1637 Quaeso
405 1600 438 1626 te
455 1591 657 1626 Christiane
682 1593 809 1634 lector,
839 1606 884 1626 an
910 1607 982 1628 non
1008 1594 1074 1628 hoc

84 1647 163 1680 loco
180 1657 320 1678 necesse
337 1651 387 1678 est
404 1643 628 1688 interpretari
647 1644 792 1677 verbum
804 1671 813 1684 ,
839 1646 1004 1685 credidit,
1030 1648 1074 1679 de

85 1696 238 1731 fiducia?
271 1693 372 1729 Nihil
387 1706 476 1739 opus
494 1701 544 1727 est
562 1695 684 1738 procul
708 1707 875 1739 quaerere
899 1697 1073 1739 significa-

84 1749 232 1782 tionem.
308 1746 491 1780 Laudatur
514 1742 717 1786 Abraham,
759 1748 854 1790 quod
884 1749 1074 1782 crediderit

85 1799 200 1834 Deum
231 1799 406 1831 facturum
437 1798 518 1830 esse'
536 1797 736 1840 promissa,
782 1797 915 1830 etiamsi
947 1806 1073 1832 natura

84 1849 315 1895 repugnabat.
370 1847 429 1882 Sic
444 1854 583 1892 oportet
608 1848 685 1891 pios
701 1849 744 1880 de
766 1848 833 1880 fide
851 1849 1007 1890 institui,
1035 1857 1073 1884 ut

85 1914 164 1936 cum
181 1900 407 1934 destituimur
425 1896 590 1932 humanis
608 1898 801 1941 praesidiis,
829 1906 945 1933 tamen
963 1913 979 1933 a
999 1900 1073 1934 Deo

87 1958 307 1997 expectemus
323 1950 514 1990 auxilium,
541 1961 615 1982 non
633 1950 834 1983 amittamus
851 1949 979 1986 Deum.

86 2004 268 2048 aliquanto
286 2008 363 2045 post
379 2001 416 2033 in
435 2001 558 2033 eodem
575 2000 688 2043 capite
705 2001 854 2044 opponit
879 2002 982 2035 fidem
1007 2004 1073 2036 ‹lu-

86 2052 264 2088 bitationi.
335 2049 518 2085 Abraham
549 2063 623 2084 non
651 2052 829 2085 dubitavit
865 2053 1072 2089 diffidentia.

85 2154 288 2198 accipienda
304 2151 549 2196 promissione.

403 86 504 121 xm.
555 88 592 124 2.
630 85 994 125 COMMENTARH
1024 89 1073 125 IN
1099 90 1254 131 ErlsT.
1283 93 1430 131 PAL’LI
1458 96 1525 132 AD
1553 97 1814 139 ROMANOS.

91 184 164 207 esse
181 179 316 206 tantum
336 171 467 205 noticia
487 169 678 214 historiae,
698 184 787 218 quae
803 174 914 217 magis
929 175 1082 210 deterret
1137 177 1282 212 Domini
1309 181 1505 216 bonitatem
1533 192 1687 229 expectat
1711 200 1851 225 munus.

1028 1950 1101 1986 Et'

1098 1999 1100 2050 >J
1125 2006 1274 2049 intelligi
1294 2006 1456 2040 fiduciam
1473 2022 1611 2045 necesse
1628 2020 1688 2048 est.

2051 110 2125 149 518

1904 191 2020 227 Huius
2046 208 2124 229 mu-

495 222 554 257 Sic
582 224 686 257 etiam
706 223 808 258 Rom.
835 223 870 261 5.
904 225 1083 270 loquitur:
1135 230 1237 263 lieres
1269 229 1428 266 ethnicae
1465 235 1567 268 fidem
1600 235 1761 273 Christus
1792 242 1888 283 gravi
1919 245 2122 280 testimonio

1134 287 1236 313 ornat
1272 282 1452 326 inquiens:
1489 284 1523 318 O
1547 287 1693 328 mulier,
1722 302 1845 334 magna
1870 300 1919 327 est
1943 295 2027 329 fides
2052 303 2122 336 tua,

1133 330 1191 362 fiat
1210 331 1273 363 tibi
1291 339 1328 364 ut
1345 334 1444 376 petis.
1497 334 1592 377 Quid
1621 336 1676 371 hic
1701 346 1733 373 et
1753 341 1788 373 in
1813 343 1990 378 similibus
2008 344 2121 381 histo-

1132 379 1193 412 riis
1211 381 1431 424 dubitemus,
1458 384 1525 418 fide
1541 387 1730 429 significari
1754 392 1918 427 fiduciam
1940 402 2117 439 petentem

1135 437 1168 463 et
1183 439 1420 478 expectantem
1449 435 1633 472 beneficia:
1663 452 1750 484 quae
1767 454 1846 475 cum
1864 445 1979 480 lucere
1997 449 2121 483 debeat

1132 481 1168 513 in
1196 481 1437 522 invocatione,
1467 498 1604 520 necesse
1633 496 1682 522 est
1708 491 1784 533 pios
1809 494 1852 526 de
1877 507 1914 529 ea
1940 505 2033 531 recte
2055 501 2120 533 do-

1131 533 1213 565 ceri.
1271 534 1318 567 At
1344 534 1512 568 Monaehi
1539 538 1661 573 iubent
1694 539 1876 577 historiam
1906 549 2118 593 meminisse,

1130 582 1259 616 deinde
1281 584 1381 618 aiunt
1413 587 1650 622 dubitandum
1676 603 1766 633 esse,
1809 601 1927 628 utrum
1950 596 2046 632 Deus
2074 601 2118 635 sit

1130 634 1233 667 nobis
1251 636 1441 679 propicius,
1457 650 1500 670 an
1519 639 1682 683 respiciat
1699 649 1836 677 nostras
1852 657 1980 689 preces.
2020 649 2117 685 Haec

1131 684 1293 718 doctrina
1319 698 1464 729 prorsus
1488 701 1567 721 cum
1594 694 1752 736 exemplo
1784 695 1849 729 isto
1880 697 2119 735 laudatissimo

1129 735 1289 768 mulieris
1330 744 1363 771 et
1395 738 1571 772 similibus
1605 750 1755 785 pugnat,
1800 753 1833 779 et
1867 759 1968 782 veros
2002 752 2118 785 cultus

1128 782 1243 826 Dei,
1278 798 1395 820 veram
1418 788 1678 824 invocationem
1702 795 1830 829 abolet.

1231 835 1429 882 Descriptio
1453 840 1554 881 fidei,
1581 844 1624 875 ad
1650 842 1805 879 Ebraeos
1823 848 1881 883 11,
1904 852 2059 885 ostendit
2085 861 2117 888 et

1130 886 1181 920 ibi
1204 887 1272 920 fide
1297 889 1484 932 significari
1510 892 1693 936 fiduciam,
1728 897 1811 941 quia
1837 899 1973 945 inquit:
2011 902 2116 937 Fides

1130 945 1180 971 est
1204 936 1424 981 ὑπόστασις,
1453 942 1486 974 id
1517 950 1584 981 est,
1613 948 1806 989 expectatio
1831 961 1948 983 rerum
1972 963 2116 996 speran-

1130 990 1267 1025 darum.
1320 989 1415 1025 Haec
1434 1001 1482 1027 est
1498 1006 1578 1027 vere
1594 994 1833 1032 Grammatica
1855 1002 1950 1035 vocis
1975 1015 2116 1038 enarra-

1129 1040 1200 1083 tio,
1227 1048 1265 1075 ut
1293 1054 1415 1075 omnes
1442 1045 1570 1079 eruditi
1594 1055 1738 1084 norunt.
1791 1049 1904 1085 Porro
1924 1056 2115 1097 expectatio

1129 1092 1189 1124 illa
1207 1099 1256 1126 est
1273 1092 1399 1126 fiducia
1418 1096 1674 1139 promissionis.

1230 1141 1351 1178 Actor.
1380 1144 1457 1178 15.:
1500 1146 1587 1180 Fide
1623 1150 1811 1191 purificans
1845 1155 1949 1188 corda
1979 1168 2112 1191 eorum.

1127 1192 1273 1228 Constat
1303 1201 1418 1228 autem
1455 1198 1584 1231 noticia
1622 1197 1788 1234 historiae
1824 1215 1896 1237 non
1935 1208 2114 1251 purificari

1127 1246 1243 1279 corda.
1318 1243 1366 1279 Et
1396 1247 1445 1279 ibi
1473 1260 1553 1280 mox
1586 1249 1838 1294 interpretatur
1864 1256 2022 1290 dictum:
2066 1260 2115 1294 ait

1127 1306 1191 1327 nec
1216 1301 1351 1338 patres,
1392 1308 1455 1330 nec
1480 1299 1571 1331 ullos
1596 1297 1760 1336 habuisse
1786 1307 1890 1339 corda
1916 1320 2003 1351 pura
2032 1322 2115 1353 pro-

1125 1352 1203 1388 pter
1227 1345 1311 1388 legis
1336 1346 1536 1381 iusticiam:
1578 1352 1636 1383 sed
1669 1352 1717 1386 ait
1748 1354 1797 1387 sic
1830 1357 2006 1400 purificari
2038 1373 2116 1394 cor-

1126 1397 1188 1435 da,
1233 1396 1260 1427 si
1288 1399 1429 1431 credant
1453 1410 1488 1431 se
1507 1411 1568 1443 per
1586 1403 1731 1444 gratiam
1751 1404 1898 1440 Domini
1918 1408 1993 1443 lesu
2009 1409 2116 1444 Chri-

1126 1446 1169 1478 sti
1196 1446 1383 1489 purificari,
1439 1448 1605 1484 Testatur
1622 1464 1705 1496 ergo
1725 1455 1792 1489 fide
1815 1457 2005 1501 significari
2024 1462 2115 1497 fidu-

1125 1497 1234 1537 ciam,
1261 1509 1350 1542 quae
1368 1499 1495 1533 nititur
1518 1502 1758 1538 misericordia
1781 1509 1951 1551 promissa
1969 1520 2114 1561 propter

1123 1545 1320 1582 Christum.

1226 1597 1331 1633 Rom.
1353 1600 1427 1634 10.:
1464 1599 1595 1637 Omnis
1620 1606 1680 1650 qui
1707 1609 1817 1642 credit
1846 1610 1882 1643 in
1909 1624 2008 1654 eum,
2041 1627 2113 1649 non

1124 1649 1376 1683 confundetur.
1447 1651 1514 1685 Hic
1536 1653 1666 1689 Paulus
1692 1658 1765 1701 ipse
1790 1661 1957 1697 discernit
1981 1665 2115 1699 benefi-

1124 1700 1216 1732 cium
1247 1698 1431 1744 Evangelii
1457 1715 1474 1736 a
1497 1704 1589 1748 lege,
1618 1719 1656 1739 ac
1684 1709 1844 1754 loquitur
1876 1725 1947 1746 non
1974 1716 2017 1748 de
2039 1717 2112 1751 sola

1124 1748 1292 1784 historiae
1319 1753 1466 1793 noticia,
1494 1757 1554 1788 sed
1582 1759 1625 1789 (le
1651 1759 1796 1799 fiducia,
1832 1775 1900 1807 qua
1926 1767 2112 1801 statuimus

1125 1808 1218 1834 certo
1243 1801 1357 1835 Deum
1385 1805 1486 1838 nobis
1514 1808 1711 1851 propicium
1738 1823 1810 1845 esse
1845 1823 1989 1859 propter
2008 1816 2115 1851 Chri-

1125 1859 1235 1892 stum,
1262 1865 1334 1886 non
1351 1862 1493 1898 propter
1511 1858 1633 1900 legem.
1674 1859 1806 1895 Eadem
1825 1867 1995 1900 sententia
2012 1880 2114 1913 saepe

1125 1904 1296 1946 repetitur
1328 1904 1365 1937 in
1401 1905 1600 1951 ProphetiS.
1676 1911 1766 1945 Psal.
1794 1916 1844 1949 2:
1889 1913 2113 1953 Osculamini

1124 1955 1248 1990 filium.
1316 1954 1415 1989 Beati
1440 1970 1561 1992 omnes
1586 1961 1645 2005 qui
1673 1964 1856 1999 confidunt
1873 1967 1909 1999 in
1930 1980 1982 2003 eo.
2044 1969 2113 2004 Hic

1743 2014 1843 2049 Iubet
1860 2018 1952 2051 enim
1969 2023 2112 2063 agnosci

1097 2089 1099 2092 Α
1123 2056 1234 2089 filium
1253 2056 1330 2098 Dei,
1349 2059 1446 2093 iubet
1462 2072 1524 2094 nos
1542 2063 1717 2097 confidere
1734 2063 1801 2099 hoc
1817 2067 1986 2105 Domino.
2020 2069 2111 2105 Cum

86 2103 265 2148 Loquitur
293 2103 336 2135 de
365 2102 431 2133 fide
462 2102 618 2136 luctante
648 2114 727 2136 cum
759 2103 1002 2145 dubitatione,
1034 2106 1072 2138 in
1097 2109 1099 2115 ⁴

1123 2114 1238 2140 autem
1262 2120 1335 2141 non
1362 2112 1470 2153 possit
1493 2113 1584 2145 assui
1608 2116 1765 2150 conditio
1792 2118 1897 2160 legis,
1925 2132 2007 2154 nam
2025 2122 2111 2157 fides

1122 2170 1195 2191 non
1212 2165 1323 2202 potest
1343 2162 1471 2204 partim
1497 2164 1563 2196 niti
1582 2162 1745 2208 Christo,
1773 2170 1900 2212 partim
1926 2171 2020 2214 lege,
2047 2186 2112 2207 ne-

188 2204 302 2238 Marci
329 2203 381 2238 9.:
414 2201 529 2236 Credo
555 2201 728 2243 Domine,
764 2217 864 2249 opem
892 2206 944 2239 fer
976 2207 1071 2239 diffi-
1095 2119 1099 2283 l
1121 2221 1212 2242 cesse
1229 2217 1280 2244 est
1295 2210 1398 2244 fidem
1415 2213 1567 2257 intelligi
1584 2215 1766 2261 fiduciam,
1796 2232 1884 2264 quae
1901 2224 2022 2257 statuit
2045 2236 2110 2258 nos

86 2256 225 2291 dentiae
249 2266 358 2290 meae.
410 2253 479 2286 Hic
503 2265 576 2286 non
599 2254 714 2297 agitur
738 2256 781 2288 de
803 2257 933 2290 noticia
959 2255 1073 2291 histo-

86 2309 177 2346 riae,
203 2307 261 2339 sed
280 2306 322 2338 de
340 2305 485 2345 fiducia,
508 2316 574 2350 qua
600 2306 802 2348 expectabat
825 2314 922 2349 pater
940 2309 1071 2341 libera-

87 2360 219 2394 tionem
237 2356 314 2392 filii.
369 2356 427 2390 Sic
445 2356 481 2388 in
504 2356 671 2399 exemplis
698 2357 906 2399 evangelicis
925 2360 1070 2402 plerun-

87 2422 154 2454 que
168 2409 253 2442 fides
269 2408 439 2451 significat
456 2407 619 2440 fiduciam
641 2414 815 2449 petentem
835 2411 867 2441 et
885 2417 1070 2453 expectan-

87 2468 157 2495 tem
182 2459 366 2493 beneficia:
394 2465 433 2492 ut
456 2458 494 2491 in
518 2457 676 2490 mulieris
695 2456 900 2492 Cananaeae
923 2458 1069 2495 historia

88 2508 216 2545 Matth.
241 2507 297 2546 15.
333 2522 421 2555 quae
449 2509 504 2542 bis
527 2509 666 2553 repulsa
691 2521 708 2542 a
733 2507 894 2550 Christo,
932 2518 963 2544 et
988 2513 1068 2556 qui-

1093 2284 1098 2345 l

1094 2474 1100 2548 l

88 2564 168 2595 dem
188 2573 266 2594 cum
283 2561 461 2601 convicio,
493 2568 610 2593 tamen
631 2572 748 2604 preces
766 2572 839 2593 non
858 2561 1006 2603 omittit,
1032 2575 1070 2597 ac
1121 2567 1180 2599 sed
1207 2568 1421 2614 praecipitur
1450 2569 1575 2603 fidncia
1593 2595 1602 2608 ,

87 2612 244 2645 mirabili
268 2611 436 2654 sapientia
460 2611 587 2645 refutat
609 2611 742 2645 dictum
765 2609 917 2653 Christi,
942 2613 1071 2648 fatetur
1093 2637 1097 2661 l
1120 2616 1207 2652 Deo,

85 2675 121 2697 se
148 2663 331 2706 indignam
363 2674 434 2696 esse
458 2662 651 2701 beneficio,
691 2663 751 2696 sed
778 2669 896 2696 tamen
925 2672 1070 2710 propter
1093 2665 1098 2712 l
1119 2669 1294 2702 vocabulo
1330 2670 1412 2703 fidei
1451 2671 1641 2715 significari
1676 2674 1855 2713 fiduciam.

1121 2273 1183 2304 per
1208 2261 1318 2294 filium
1344 2261 1411 2296 Dei
1440 2264 1584 2298 liberari
1609 2278 1626 2299 a
1652 2275 1792 2312 peccato
1823 2277 1854 2304 et
1880 2283 1899 2305 a
1922 2276 2110 2320 tyrannide

1120 2312 1266 2344 diaboli.

1223 2365 1256 2397 2.
1274 2362 1427 2409 Paralip.
1443 2366 1521 2400 Qu:
1550 2366 1691 2402 Credite
1708 2368 1864 2406 Domino
1886 2373 1960 2408 Deo
1982 2384 2109 2416 vestro,

1121 2419 1153 2446 et
1171 2415 1283 2446 securi
1316 2416 1422 2450 eritis.
1493 2417 1614 2451 Stabat
1644 2422 1812 2456 exercitus
1846 2424 1883 2457 in
1913 2427 2109 2469 procinctu,

1122 2470 1154 2496 et
1174 2463 1362 2500 iubebatur
1385 2474 1502 2511 petere
1526 2476 1557 2502 et
1580 2476 1674 2503 certo
1694 2481 1873 2517 expectare
1890 2477 2062 2510 auxilium
2087 2491 2105 2512 a

1121 2513 1208 2548 Deo.
1261 2515 1381 2558 Quare
1400 2518 1447 2551 ibi
1467 2531 1539 2551 non
1566 2520 1682 2562 agitur
1704 2523 1747 2556 de
1774 2525 1904 2560 noticia
1928 2525 2106 2569 historiae,

1643 2584 1732 2616 quae
1764 2582 1858 2618 petat
1893 2579 2063 2612 auxilium
2087 2593 2105 2613 a

1279 2617 1374 2652 Haec
1406 2621 1606 2653 testimonia
1639 2624 1720 2657 satis
1751 2625 1887 2670 liquide
1915 2631 2106 2665 ostendunt

1509 2723 1559 2756 35
1577 2722 1593 2740 ψ
1923 2678 1969 2713 Et
2004 2680 2104 2724 plura
