2415 2942
105 85 202 124 1065

2027 94 2124 129 1066

98 221 533 260 ARGUMENTUM
568 222 643 259 ΕΤ
685 221 910 260 BREVIS
953 220 1337 260 EXPLICATIO
1378 222 1628 262 PRIORIS
1661 225 2012 265 EPISTOLAE
2045 230 2127 267 AD

319 288 719 336 CORINTHIOS,
761 289 1027 327 SCRIPTA
1059 290 1099 327 A

92 388 230 443 Prima
246 406 407 453 Epistola
433 410 477 443 ad
494 406 700 444 Corinthios
727 420 800 442 non
827 415 878 443 est
900 421 972 443 una
998 421 1079 454 per—

93 465 200 506 petua
224 459 435 504 disputatio,
461 467 502 494 ut
523 458 681 504 Epistola
704 461 748 492 ad
775 458 959 493 Romanos
975 487 985 502 ‚
1019 461 1079 494 sed

93 511 221 545 multas
247 510 435 544 dissimiles
461 511 624 544 materias
647 517 851 550 coacervat:
886 517 1000 546 totum
1028 518 1079 545 ta-

93 574 175 595 men
199 573 326 606 corpus
349 563 393 595 ad
418 573 526 605 genus
551 560 756 595 Suasorium
782 561 954 605 pertinet,
997 562 1079 607 quia

91 619 175 646 sunt
192 612 474 655 obiurgationes,
501 611 870 653 commonefactiones,
896 619 1078 656 praecepta

92 664 136 697 de
159 663 307 696 diversis
331 662 501 706 negotiis,
545 669 579 696 et
604 662 811 696 intertextae
834 670 917 695 sunt
948 663 1078 697 alicubi

92 714 299 754 conciones,
340 725 430 759 quae
462 719 544 747 sunt
577 713 758 747 doctrinae
794 713 1010 758 pertinentes
1034 715 1078 747 ad

91 776 200 808 genus
215 763 476 799 Didascalicon.

194 814 242 849 Ut
267 821 381 848 autem
408 814 595 848 consilium
619 814 722 848 Pauli
747 814 985 859 intelligatur,
1019 827 1078 848 oc-

90 866 184 900 casio
210 866 389 899 scribendi
414 865 568 910 primum
596 867 848 900 consideretur.
900 865 990 900 Cum
1010 864 1077 899 Ec·-

89 917 231 950 clesiam
264 916 301 949 in
332 913 507 950 Corintho
540 916 720 951 collectam
755 917 955 962 reliquisset
985 924 1077 950 recte

89 968 262 1002 eruditam
286 969 329 1000 de
352 967 514 1000 universa
540 968 700 1001 doctrina
720 965 926 1011 Evangelii,
955 968 998 1001 de
1015 969 1076 1001 be-

90 1019 222 1052 neficiis
247 1018 311 1051 filii
335 1019 423 1059 Dei,
459 1019 502 1051 de
526 1018 611 1060 fide,
647 1020 690 1052 de
712 1030 779 1052 usu
805 1019 998 1057 libertatis,
1032 1020 1075 1052 de

89 1070 272 1113 coniugio,
300 1070 343 1102 de
359 1068 613 1108 sacramentis,
641 1070 684 1102 de
704 1070 962 1104 resurrectione
979 1081 1070 1103 mor-

91 1127 253 1161 tuorum,
288 1128 321 1154 et
343 1121 386 1153 de
410 1120 488 1152 aliis
514 1121 687 1158 articulis,
716 1128 747 1154 et
777 1122 878 1154 multi
903 1121 954 1154 ibi
977 1128 1074 1154 ante-

88 1171 254 1205 cellerent
279 1172 397 1204 donis:
426 1171 541 1204 statim
560 1171 628 1211 ibi,
654 1179 693 1205 ut
711 1172 747 1204 in
767 1170 900 1205 Graeca
922 1171 1073 1209 civitate,

87 1221 262 1266 Superbia
287 1229 321 1255 et
337 1220 532 1255 Curiositas
558 1229 767 1265 pepererunt
791 1222 947 1257 dissidia.
999 1222 1073 1256 Alii

87 1273 132 1306 ab
150 1273 229 1305 aliis
254 1272 420 1316 baptisati
446 1272 644 1305 retinebant
666 1273 803 1317 aliquos
828 1273 915 1306 ritus
939 1284 1073 1313 eorum,

87 1336 108 1356 a
139 1323 269 1368 quibus
298 1322 462 1367 baptisati
496 1329 604 1358 erant.
680 1321 755 1356 Alii
790 1324 1071 1364 verecundiores,

87 1374 257 1407 nolebant
283 1374 446 1407 accedere
472 1374 513 1406 ad
542 1380 706 1416 cognatos
724 1371 895 1407 Ethnicos
919 1374 1070 1414 invitati,

86 1436 166 1458 cum
186 1424 400 1457 familiarum
418 1424 537 1457 usitati
556 1431 749 1458 conventus
773 1431 904 1463 essent,
931 1424 969 1456 in
989 1425 1069 1469 qui-

85 1477 151 1509 bus
166 1474 263 1520 prius
279 1474 541 1514 sacrificabant,
574 1481 607 1508 et
630 1482 749 1519 postea
775 1487 814 1508 ex
841 1475 984 1509 victima
1010 1488 1068 1508 co-

85 1527 283 1561 medebant.
337 1524 409 1559 Alii
434 1525 641 1567 liberiores,
674 1527 902 1560 accedebant:
940 1526 1068 1571 aliquis

86 1583 225 1611 tantum
249 1577 422 1609 libertatis
446 1576 513 1609 sibi
536 1577 679 1617 sumsit,
712 1583 751 1610 ut
775 1578 917 1610 duceret
939 1589 1068 1610 nover-

86 1639 174 1662 cam.
229 1626 352 1671 Aliqui
375 1626 606 1660 instituebant
621 1626 774 1660 Coenam
792 1627 939 1660 Domini
964 1640 1067 1672 pecu-

86 1678 227 1717 liarem,
263 1677 417 1720 neglecta
443 1677 636 1712 communi.
702 1678 828 1723 Aliqui
859 1678 940 1711 elati
974 1680 1068 1712 dono

85 1729 315 1772 linguarum,
359 1728 630 1762 contemnebant
663 1729 778 1768 alios,
818 1735 851 1761 et
882 1729 976 1762 inter
1007 1727 1071 1762 hos

85 1780 198 1824 ipsos,
225 1780 286 1824 qui
304 1779 420 1813 ornati
438 1786 536 1812 erant
551 1778 619 1812 hoc
635 1780 742 1820 dono,
763 1785 862 1812 erant
879 1777 1070 1825 φιλαυτίαι

84 1837 116 1864 et
133 1831 396 1864 aemulationes.
450 1828 574 1874 Aliqui
591 1831 737 1863 audaces
753 1837 786 1863 et
801 1830 931 1863 curiosi
946 1831 1068 1875 dispu-

84 1882 206 1916 tabant
223 1888 344 1915 contra
362 1881 653 1914 resurrectionem
673 1888 905 1914 mortuorum.

185 1932 284 1966 Talis
315 1938 389 1965 erat
420 1932 494 1965 eius
522 1932 690 1975 temporis
718 1932 878 1965 confusio
911 1932 1067 1976 profecto

85 1995 158 2017 non
190 1984 294 2023 levis,
334 1995 398 2016 nec
431 1983 576 2021 minor,
615 1995 720 2027 quam
762 1984 905 2016 fuerunt
935 1984 1067 2017 multae

85 2041 205 2067 nostro
228 2041 396 2077 tempore.
465 2031 511 2066 Et
535 2040 650 2066 tamen
675 2046 796 2067 omnes
824 2032 861 2067 hi
886 2032 1064 2068 Corinthii

85 2085 189 2118 valde
223 2085 407 2118 tumebant
437 2085 662 2127 persuasione
694 2085 906 2125 sanctitatis,
940 2092 974 2118 et
996 2086 1064 2119 sibi

84 2136 294 2180 placebant,
327 2146 399 2168 sese
424 2136 643 2168 mirabantur
661 2163 670 2177 ,
704 2143 737 2170 et
760 2148 794 2169 se
826 2136 960 2169 afssatos
993 2149 1065 2170 esse

84 2186 221 2231 Spiritu
236 2193 354 2220 sancto
372 2186 595 2224 iudicabant,
624 2199 701 2219 cum
720 2195 837 2220 tamen
856 2188 1007 2220 multum
1027 2189 1062 2220 in

82 2238 132 2271 eis
165 2244 252 2271 esset
276 2237 457 2277 vanitatis,
491 2237 694 2281 superbiae,
730 2236 885 2271 Graecae
914 2239 1065 2272 levitatis

83 2295 118 2323 et
139 2288 362 2322 curiositatis.
419 2288 474 2321 Ad
497 2285 582 2321 haec
604 2288 689 2322 vitia
708 2289 902 2327 redierant,
930 2289 1065 2323 etiamsi

82 2337 280 2373 habuerant
305 2338 478 2382 Spiritum
511 2346 690 2378 sanctum,
726 2346 758 2372 et
801 2340 911 2385 aliqui
948 2339 1064 2374 adhuc

83 2387 259 2424 habebant
281 2390 401 2431 initia,
445 2402 533 2435 quae
555 2396 672 2423 tamen
693 2391 860 2434 paulatim
886 2392 1064 2435 extingue-

83 2441 187 2481 bant,
214 2453 291 2474 cum
308 2441 380 2474 suis
396 2441 577 2475 affectibus
596 2448 630 2475 et
646 2441 786 2485 ineptiis
802 2442 1039 2484 indulgerent.

187 2491 301 2526 Multa
317 2491 406 2525 vidit
428 2490 512 2526 haec
535 2498 628 2527 aetas
643 2493 799 2538 exempla
815 2493 958 2534 similia,
984 2494 1065 2527 ideo

84 2539 168 2576 haec
185 2539 269 2577 haec
283 2542 398 2577 facilia
416 2550 498 2578 sunt
513 2545 706 2580 intellectu-

1130 287 1376 326 PHILIPP
1389 289 1423 327 O
1457 291 1900 334 MELANTHONE.

1235 407 1367 443 Paulus
1391 410 1500 454 igitur
1522 411 1559 444 in
1577 412 1691 455 primo
1709 412 1822 458 capite
1838 414 1941 450 initio
1958 416 2124 462 obiurgat

1131 458 1324 501 auditores,
1352 462 1448 505 quod
1466 462 1616 497 excitent
1637 464 1795 501 dissidia.
1848 465 1986 501 Deinde
2004 475 2043 502 ut
2064 481 2123 503 ra-

1131 510 1245 544 dicem
1274 511 1504 546 dissidiorum
1532 514 1678 553 evellat,
1717 513 1945 558 reprehendit
1968 519 2125 553 admira-

1131 561 1264 595 tionem
1284 563 1449 606 propriae
1466 563 1677 607 sapientiae,
1704 572 1737 598 et
1754 567 2011 610 curiositatem,
2038 582 2123 613 pro-

1131 612 1243 656 priam
1268 613 1407 646 levibus
1431 614 1601 657 ingeniis,
1628 621 1668 648 ut
1685 615 1713 648 si
1732 628 1828 650 nunc
1852 619 2124 655 concionaretur

1131 662 1276 697 Serveto
1288 689 1296 705 ,
1321 662 1502 709 Campano
1522 671 1556 699 et
1573 665 1763 702 similibus.

1232 747 1361 782 Intexit
1385 748 1491 792 igitur
1507 747 1603 783 hunc
1628 751 1745 784 locum
1769 763 2011 788 communem:
2038 753 2120 788 Non

1130 805 1179 832 est
1197 798 1427 833 iudicandum
1445 801 1488 833 de
1505 799 1580 834 Deo
1599 812 1639 834 ex
1664 799 1819 836 humana
1843 804 2030 847 sapientia,
2057 807 2118 839 sed

1129 851 1346 883 revocandae
1363 857 1444 884 sunt
1461 858 1597 885 mentes
1613 853 1706 886 intra
1728 850 1820 887 hanc
1836 861 1987 896 metam,
2016 855 2117 889 vide-

1129 901 1226 942 licet,
1253 901 1296 933 ad
1316 899 1497 943 Verbum,
1521 902 1559 935 in
1582 915 1652 948 quo
1670 915 1707 936 se
1733 905 1896 948 patefecit
1911 905 2028 945 Deus,
2055 918 2120 941 nec

1127 958 1221 985 extra
1239 949 1331 985 hanc
1346 959 1473 986 metam
1494 954 1625 988 nostris
1643 955 1944 999 speculationibus
1961 968 2118 1001 evagen-

1128 1009 1185 1036 tur
1210 1002 1376 1046 ingenia,
1412 1010 1445 1037 et
1469 1004 1594 1038 ludant
1617 1016 1680 1039 suo
1708 1007 1869 1043 arbitrio.
1930 1005 2026 1041 Deus
2047 1009 2116 1041 im-

1128 1065 1247 1086 mensa
1274 1054 1517 1088 misericordia
1543 1067 1579 1088 se
1611 1057 1791 1099 patefecit,
1832 1057 1930 1091 dedit
1953 1057 2118 1102 Evange-

1126 1104 1233 1145 lium,
1263 1104 1418 1138 instituit
1443 1106 1678 1140 ministerium
1699 1105 1904 1151 Evangelii,
1940 1109 2029 1143 illud
2053 1122 2118 1143 au-

1126 1155 1216 1196 diri,
1250 1162 1284 1189 et
1305 1156 1398 1189 intra
1430 1156 1520 1189 illud
1549 1168 1614 1190 nos
1642 1158 1806 1191 concludi
1831 1157 1965 1193 Deus·
1991 1161 2116 1194 voluit.

1127 1204 1178 1239 lta
1203 1206 1380 1248 ingressus
1405 1207 1442 1239 in
1470 1204 1564 1240 hunc
1597 1208 1716 1242 locum
1740 1210 1990 1252 concionatur,
2025 1223 2115 1256 quae

1125 1256 1168 1289 sit
1200 1257 1403 1300 principalis
1438 1264 1472 1290 et
1500 1259 1694 1292 necessaria
1726 1261 1907 1304 doctrina,
1951 1268 1985 1296 et
2016 1263 2116 1296 addit

1123 1307 1321 1340 doctrinam
1341 1308 1384 1340 de
1400 1308 1588 1342 ministerii
1607 1310 1789 1352 dignitate.

1225 1390 1287 1425 Est
1311 1391 1419 1435 igitur
1442 1393 1646 1436 gravissima
1679 1395 1801 1429 concio
1834 1403 1955 1430 contra
1986 1395 2113 1432 huma·-

1122 1454 1204 1475 nam
1229 1442 1438 1487 sapientiam
1465 1444 1502 1476 in
1530 1445 1645 1488 primo
1670 1453 1701 1479 et
1726 1448 1881 1480 secundo
1901 1448 2031 1492 capite,
2057 1462 2113 1483 re-

1123 1505 1252 1526 vocans
1275 1504 1340 1526 nos
1366 1495 1409 1527 ad
1429 1493 1584 1528 Verbum
1604 1494 1669 1528 Dei
1698 1504 1730 1529 et
1749 1498 1997 1540 patefactiones
2017 1499 2113 1534 divi-

1122 1556 1196 1578 nas.
1234 1543 1351 1577 Huius
1367 1546 1540 1588 praecepti
1561 1547 1747 1580 necessitas
1764 1556 1893 1592 quanta
1913 1549 1975 1589 sit,
2004 1552 2110 1585 rudes

1123 1601 1155 1628 et
1175 1595 1329 1638 imperiti
1348 1607 1422 1628 non
1445 1596 1683 1632 considerant.
1735 1597 1805 1631 Sed
1824 1599 2020 1642 petulantia
2039 1599 2109 1635 hu-

1122 1657 1245 1678 manae
1264 1646 1390 1678 mentis
1409 1643 1585 1680 horrenda
1604 1654 1675 1688 est,
1709 1660 1797 1693 quae
1815 1661 1920 1694 quam
1943 1652 2108 1686 audacter

1119 1696 1226 1738 fingat
1247 1696 1434 1739 opiniones
1463 1699 1505 1730 de
1529 1696 1623 1739 Deo,
1659 1705 1692 1731 et
1717 1700 1850 1738 cultus,
1885 1708 1956 1735 tota
1979 1704 2108 1737 mundi

1121 1744 1267 1781 historia
1306 1747 1389 1780 inde
1424 1760 1534 1793 usque
1569 1761 1587 1782 a
1623 1749 1747 1792 primis
1780 1751 1957 1785 idolorum
1994 1753 2105 1788 initiis

1119 1798 1284 1833 ostendit.
1344 1797 1529 1841 Quaerunt
1554 1797 1730 1834 humanae
1757 1809 1891 1836 mentes
1914 1804 2107 1839 concinnas

1119 1849 1322 1892 opiniones,
1366 1857 1499 1883 etcum
1533 1851 1670 1884 ratione
1697 1860 1955 1895 congruentes,
1988 1861 2021 1889 et
2049 1856 2106 1889 fu-

1119 1899 1219 1942 giunt
1245 1900 1416 1941 absurda,
1443 1907 1481 1934 ut
1499 1900 1767 1944 Samosatenus,
1802 1901 2004 1946 Mahomet,
2038 1905 2105 1939 Pe-

1118 1950 1229 1993 lagius
1244 1951 1412 1986 fecerunt.
1465 1952 1540 1985 Alii
1561 1952 1631 1986 alio
1661 1955 1768 1987 modo
1792 1955 1949 1989 furentes
1969 1956 2106 2000 fingunt

1118 2008 1320 2045 portentosa
1336 2027 1348 2044 ,
1384 2008 1423 2035 ut
1451 2003 1513 2048 qui
1538 2000 1710 2037 humanas
1734 2002 1867 2039 hostias
1890 2014 2101 2047 mactarunt,

1117 2051 1300 2097 Aegyptii,
1328 2053 1389 2098 qui
1413 2060 1591 2098 serpentes
1616 2062 1649 2088 et
1672 2056 1757 2089 feles
1781 2057 1985 2099 coluerunt,
2019 2058 2099 2091 Ma-

1116 2101 1275 2144 nichaei,
1328 2105 1389 2150 qui
1432 2105 1502 2138 duo
1543 2112 1685 2139 aeterna
1724 2108 1918 2151 pugnantia
1954 2110 2102 2143 numina

1116 2155 1303 2190 finxerunt.

1215 2238 1319 2272 Vetat
1351 2239 1460 2282 igitur
1484 2239 1616 2274 Paulus
1649 2241 1791 2285 gignere
1824 2242 2023 2276 doctrinam
2057 2245 2101 2277 de

1115 2288 1193 2323 Deo
1216 2290 1367 2334 propriis
1384 2291 1720 2334 imaginationibus,
1747 2300 1780 2327 et
1807 2294 1949 2327 deducit
1969 2306 2033 2328 nos
2056 2297 2100 2328 ad

1116 2339 1368 2384 Evangelium,
1394 2354 1433 2375 ac
1460 2343 1579 2383 docet,
1605 2345 1864 2386 agnoscendum
1886 2356 1959 2378 esse
1984 2343 2100 2379 Deum

1117 2391 1207 2426 sicut
1228 2403 1263 2425 se
1287 2393 1465 2437 patefecit,
1491 2400 1524 2426 et
1546 2393 1582 2425 in
1604 2395 1702 2426 omni
1721 2395 1932 2437 cogitatione
1949 2402 1981 2429 et
1998 2395 2101 2430 invo-

1117 2442 1255 2476 catione
1271 2441 1367 2478 hunc
1382 2444 1499 2478 Deum
1517 2444 1728 2478 intuendum
1747 2458 1838 2484 esse,
1867 2446 1928 2492 qui
1945 2458 1981 2479 se
2004 2454 2100 2490 pate·

1115 2493 1199 2528 fecit
1214 2495 1295 2528 dato
1313 2492 1378 2528 hoc
1394 2494 1598 2538 Evangelio,
1626 2502 1658 2529 et
1676 2496 1782 2530 misso
1800 2497 1884 2537 filio,
1904 2497 1993 2531 sicut
2009 2497 2103 2531 filius

1117 2544 1192 2589 ipse
1210 2545 1312 2580 dicit:
1342 2545 1415 2590 Qui
1435 2545 1531 2580 videt
1547 2557 1622 2588 me,
1649 2546 1744 2582 videt
1761 2554 1793 2582 et
1811 2555 1956 2593 patrem.
