2415 2942
97 108 172 143 497
411 103 512 140 xm.

565 106 602 139 2.
638 99 1002 137 COMMENTARH
1032 101 1080 137 IN
1109 99 1262 136 EptsT.
1289 96 1437 134 PAULI
1465 96 1531 132 AD
1559 96 1820 137 ROMAMJS.

2052 105 2126 143 498

95 205 172 228 cum
200 189 414 237 hypocritis,
444 201 523 223 cum
545 188 801 229 sacerdotibus,
828 187 888 232 qui
913 187 1085 223 docebant
1140 185 1294 220 abolevit
1313 183 1611 221 maledictionem.
1638 183 1721 219 Ideo
1739 185 1870 232 inquit:
1886 186 1991 224 Nunc
2007 199 2124 226 aunem

96 243 266 288 populum
287 242 417 276 iustum
442 252 513 274 esse
539 240 625 284 legis
650 239 833 283 operibuS,
860 244 892 272 et
918 235 983 271 hac
1005 239 1083 282 opi-

93 295 199 327 nione
240 293 467 325 cumulabant
499 291 713 325 ceremonias
748 296 780 323 et
807 288 874 322 alia
908 288 1080 323 exercitia.

96 344 179 378 ldeo
212 343 343 378 Psalmi
385 343 487 376 toties
524 342 701 375 inculcant
734 337 824 373 hanc
860 339 1079 380 sententiam,

91 396 187 441 quod
224 407 326 428 nemo
359 394 403 427 sit
434 394 510 427 sine
538 399 694 437 peccatu,
736 397 775 424 ut
808 389 948 424 Psalmo
976 390 1077 425 142..-

92 447 172 480 Non
191 445 437 480 iustificabitur
454 445 489 477 in
509 449 696 487 conspectu
719 447 779 474 tuo
803 441 918 474 omnis
942 441 1075 478 vivens.

90 496 137 531 Et
156 497 293 530 Psalmo
312 497 410 531 129:
443 495 480 529 Si
498 494 699 538 iniquitates
716 492 975 533 observaveris,
1000 490 1074 525 Do-

91 549 186 581 mine
202 548 280 593 quis
301 546 512 581 sustinebit?
551 543 597 578 Et
613 543 752 577 Psalmo
770 544 850 578 31.:
881 541 963 576 Dixi
987 555 1073 577 con—

89 600 213 632 fitebor
233 599 420 631 adversum
447 608 502 629 me
525 594 737 629 iniusticiam
765 605 878 626 meam
901 593 1070 628 Domino.

88 650 132 682 lit
150 648 293 683 Daniel:
323 648 407 681 Tibi
422 647 572 680 Domine
590 645 744 684 iusticia,
773 644 877 677 nobis
896 645 1068 680 confusio.

90 701 277 745 Postquam
314 705 554 732 monstrarunt
593 696 763 730 iudicium
798 694 865 729 Dei
902 697 1068 729 adversus

91 758 268 796 peccatum
297 756 328 783 et
358 747 558 795 hypocrisin
579 775 587 788 ,
628 747 756 780 deinde
784 758 905 779 rursus
931 747 1069 789 erigunt

87 814 169 841 nos,
197 802 319 834 iubent
343 812 406 833 nos
427 810 612 842 agnoscere
635 798 844 845 promissam
868 797 1068 831 misericor-

84 854 197 893 diam,
227 858 399 885 testantur
421 850 547 883 fiducia
573 848 834 882 misericordiae
858 849 983 881 donari
1008 860 1067 881 ve-

83 904 196 943 niam,
222 902 328 946 recipi
345 913 408 935 nos
424 901 459 933 in
477 901 643 944 gratiam,
668 907 707 933 ut
724 899 855 945 inquit:
891 899 1067 933 Sustinuit

86 954 204 986 aiiima
229 964 304 985 mea
330 953 367 985 in
392 953 499 985 verbo
525 952 619 991 eius,
661 951 696 983 id
721 958 789 991 est,
823 951 1067 993 promissione.

86 1004 249 1048 Spei-avit
264 1003 380 1036 anima
408 1014 482 1036 mea
507 1003 545 1035 in
563 1002 736 1035 Domino:
779 1001 860 1047 quia
886 1002 978 1044 apud
995 1001 1067 1035 Do-

84 1056 220 1087 minum
239 1054 497 1093 misericordia,
525 1054 560 1086 id
581 1059 649 1090 est,
677 1052 758 1097 quia
774 1064 854 1084 vere
872 1052 947 1084 vult
963 1052 1067 1085 mise-

82 1106 168 1145 reri,
208 1106 301 1138 iuxta
330 1105 598 1148 promissionem
625 1115 734 1138 suam.
807 1102 851 1136 Et
875 1103 911 1135 in
940 1103 1068 1136 talibus

81 1156 313 1190 concionibus
329 1167 429 1198 saepe
446 1156 482 1188 ht
499 1155 630 1187 mentio
648 1154 747 1193 fidei,
774 1160 812 1186 ut
828 1154 982 1187 seeundo
1000 1153 1064 1186 Pa-

85 1209 185 1251 ralip.
207 1207 285 1240 20:
323 1205 464 1239 Credite
489 1206 525 1238 in
548 1204 662 1238 Deum
690 1211 864 1243 vestrum,
899 1211 932 1238 et
952 1205 1065 1237 securi

81 1258 199 1297 eritis,
232 1257 294 1290 ubi
318 1269 388 1289 non
413 1262 549 1290 tantum
569 1254 734 1288 historiae
750 1255 916 1288 noticiam
943 1254 1067 1288 volunt

82 1308 249 1351 intelligi,
276 1308 335 1340 sed
362 1308 464 1339 fidem
484 1314 608 1340 vocant
626 1305 787 1338 fiduciam
805 1305 1066 1338 misericordiae

83 1361 291 1404 promissae,
319 1364 350 1390 et
367 1358 442 1389 sine
459 1355 521 1390 hac
538 1356 662 1389 fiducia
681 1355 845 1388 reiiciunt
864 1355 1061 1387 invocatio-

82 1422 161 1443 nem
185 1416 217 1442 et
234 1418 355 1441 omnes
375 1408 500 1442 cultus.
546 1406 591 1440 Ut
609 1407 715 1449 igitur
732 1402 927 1449 Prophetae
944 1417 1065 1438 omnes

80 1460 259 1494 inculcant
295 1457 384 1491 hauc
417 1458 632 1497 doctrinam,
677 1457 723 1489 ita
760 1455 890 1488 Paulus
918 1457 1063 1488 eandem

81 1522 219 1545 causam
243 1509 324 1552 agit.
392 1507 474 1541 Non
499 1506 564 1541 hoc
586 1508 656 1550 agit
681 1519 812 1549 unum,
849 1507 1063 1540 ceremonias

80 1561 291 1597 omittendas
309 1571 396 1593 esse:
425 1560 483 1592 sed
500 1571 579 1592 cum
596 1570 695 1591 error
721 1559 764 1590 de
787 1557 981 1591 retinendis
1007 1569 1064 1591 ce-

79 1612 246 1648 remoniis
269 1611 406 1644 oriatur
428 1622 467 1643 ex
492 1607 558 1643 hoc
591 1610 710 1653 fonte,
745 1609 840 1654 quod
863 1606 1064 1654 hypocritae

80 1663 363 1707 imaginabantur
381 1659 541 1693 homines
566 1660 640 1703 lege
657 1661 766 1694 iustos
791 1671 883 1700 esse,
911 1660 1062 1704 ideoque

80 1715 205 1749 omissa
220 1713 380 1746 doctrina
405 1713 448 1744 de
464 1711 614 1755 gratuita
633 1711 886 1755 imputatione,
915 1717 1060 1744 conten—

79 1767 206 1800 debant
222 1764 457 1809 quaerendam
475 1774 547 1796 esse
563 1762 735 1795 iusticiam
754 1773 815 1805 per
837 1773 941 1805 opera
967 1762 1060 1804 legis.

82 1816 198 1860 Quare
231 1815 361 1848 Paulus
391 1822 530 1847 revocat
566 1813 808 1858 quaestionem
839 1813 881 1845 ad
915 1813 1061 1851 sontem,

81 1869 168 1901 sicut
194 1873 227 1900 et
249 1863 444 1910 Prophetae
469 1865 623 1904 faciunt,
663 1871 696 1896 et
721 1870 892 1896 monstrat
913 1863 992 1908 quis
1017 1863 1062 1896 sit

79 1930 162 1952 usus
191 1917 293 1960 legis,
321 1925 352 1950 et
377 1927 450 1949 non
476 1916 519 1948 de
542 1915 625 1948 solis
654 1914 863 1947 ceremoniis
892 1913 1061 1959 loquitur,

81 1972 138 2003 sed
157 1970 199 2001 de
216 1974 287 2002 tota
307 1968 396 2010 lege,
424 1979 462 2000 ac
479 1966 662 2010 praecipue
681 1967 723 1998 de
741 1965 918 2007 decalogo.
970 1964 1060 1998 Nam

79 2020 226 2053 minime
254 2019 376 2051 satisfit
397 2018 580 2061 decalogo,
607 2028 715 2061 quare
740 2017 783 2048 de
809 2028 850 2049 eo
876 2015 1060 2059 praecipue

82 2069 167 2103 haec
190 2069 280 2102 dicta
305 2069 412 2112 accipi
431 2075 581 2110 oportet:
618 2067 689 2101 Lex
718 2067 805 2100 iram
835 2066 955 2100 efficit:
992 2065 1060 2099 Per

82 2122 193 2164 legem
217 2119 348 2162 agnitio
371 2118 513 2162 peccati.
567 2118 676 2152 Docet
698 2118 805 2161 igitur
829 2118 903 2161 lege
919 2118 1059 2150 ostendi

80 2179 115 2206 et
139 2170 236 2213 argui
259 2176 456 2214 peccatum,
482 2180 554 2202 non
578 2169 665 2204 tolli.
717 2167 854 2202 Deinde
877 2167 977 2202 addit
994 2165 1060 2201 hoe

80 2222 264 2267 proprium
282 2232 354 2253 esse
374 2218 506 2253 Christi
531 2219 736 2252 beneficium
749 2247 759 2261 ‚
784 2220 920 2253 auferre
940 2231 1060 2263 pecca-

81 2280 177 2310 tum,
203 2272 293 2304 sicut
308 2270 427 2305 Esaias
446 2271 578 2315 inquit:
606 2268 652 2303 Et
671 2269 744 2313 ipse
764 2277 902 2314 peccata
928 2270 1059 2304 multo-

81 2336 159 2358 rum
184 2323 282 2363 tulit,
317 2330 349 2357 et
377 2334 439 2367 pro
467 2320 783 2364 transgressoribus
809 2321 956 2364 rogavit.
1014 2318 1060 2354 Et

82 2374 246 2408 Ioannes:
274 2371 364 2407 Ecce
381 2384 489 2416 agnus
501 2371 567 2405 Dei
584 2371 645 2417 qui
664 2371 758 2405 tollit
772 2378 909 2415 peccata
924 2372 1061 2404 mundi.

83 2424 262 2469 Significat
286 2425 380 2457 enim
404 2422 498 2457 hunc
522 2434 634 2456 unum
660 2433 732 2456 esse
758 2433 906 2465 agnum,
934 2422 969 2455 id
996 2429 1059 2463 est,

82 2476 259 2508 victimam
276 2476 446 2509 divinitus
463 2474 672 2508 destinatam
689 2473 734 2506 ad
751 2473 956 2517 placandam
973 2472 1060 2506 iram

83 2527 165 2560 Dei.
219 2525 298 2560 Non
315 2527 422 2570 igitur
445 2532 588 2571 propter
605 2525 715 2568 legem
731 2531 791 2558 aut
814 2524 904 2557 ullas
929 2520 1061 2558 hostias

84 2578 170 2610 alias
193 2584 455 2622 consequuntur
478 2575 640 2610 homines
663 2575 961 2609 condonationem
982 2587 1062 2619 pec-

85 2636 255 2666 catorum,
281 2629 337 2661 sed
355 2629 471 2672 gratis,
496 2628 622 2661 fiducia
640 2624 746 2661 huius
761 2624 907 2667 hostiae,
932 2626 1064 2659 scilicet

82 2679 144 2712 filii
162 2677 237 2719 Dei,
255 2679 317 2723 qui
333 2686 442 2712 morte
460 2691 520 2713 sua
538 2691 601 2723 pro
619 2678 722 2713 nobis
738 2677 904 2713 satisfecit
920 2677 1004 2720 legi,
1029 2683 1061 2711 et

136 2729 318 2763 Manum.
349 2733 449 2766 Oua.
474 2732 555 2764 Vox..
585 2731 662 2768 XV.

1094 1513 1096 1515 ’
1118 1505 1303 1550 inquiunt,
1336 1504 1530 1536 foecundus
1557 1510 1618 1536 est.

1135 238 1212 270 sine
1231 237 1306 280 lege
1321 237 1457 270 iusticia
1476 234 1540 269 Dei
1558 237 1732 280 apparuit,
1752 237 1787 271 id
1806 245 1867 278 est,
1887 240 2041 276 donatur
2058 243 2126 277 im-

1135 287 1271 331 putatio
1300 288 1456 321 iusticiae
1484 295 1626 330 propter
1650 285 1850 328 Christum,
1880 303 1951 324 non
1980 301 2124 336 propter

1133 338 1255 380 legem.
1289 336 1361 370 Lex
1380 344 1479 370 antea
1499 339 1655 378 extabat,
1683 351 1747 373 nec
1764 347 1816 374 est
1832 353 1926 375 nunc
1942 355 1959 376 a
1976 341 2118 380 Christo

1133 390 1255 430 allata,
1291 388 1350 432 qui
1378 387 1473 420 aliud
1500 388 1613 422 adfert
1636 389 1738 431 longe
1762 391 1875 425 maius
1900 394 2121 436 beneficium,

1135 439 1223 473 sicut
1250 438 1401 471 loannes
1429 438 1569 482 inquit:
1618 437 1689 472 Lex
1715 452 1776 483 per
1801 441 1926 476 Mosen
1954 446 2032 478 data
2058 455 2119 485 est,

1130 488 1253 524 Gratia
1278 495 1392 522 autem
1410 495 1442 522 et
1465 489 1591 521 veritas
1616 500 1677 532 per
1695 488 1809 523 lesum
1825 490 2007 528 Christum
2029 497 2118 531 facta

1126 548 1187 579 est,
1214 541 1248 573 id
1266 546 1331 580 est,
1359 537 1523 573 Christus
1541 540 1648 573 donat
1666 541 1768 574 nobis
1785 543 1952 585 gratiam,
1970 543 2035 580 hoc
2055 555 2116 586 est,

1124 592 1365 625 remissionem
1384 597 1605 634 peccatorum
1624 591 1748 633 gratis,
1776 599 1808 625 et
1833 592 1937 628 efficit
1959 596 1997 629 in
2015 599 2117 632 nobis

1125 641 1314 675 veramDei
1333 641 1560 683 agnitionem,
1580 653 1701 674 verum
1712 653 1878 684 amorem,
1899 657 2015 680 veram
2027 648 2118 682 fidu-

1124 694 1224 734 ciam,
1241 692 1640 725 veraminvocationem.
1668 691 1726 725 Sic
1742 694 1904 737 congruit
1924 704 2041 731 nostra
2062 699 2118 732 in-

1123 743 1324 788 terpretatio
1348 755 1427 776 cum
1460 749 1627 786 perpetuo
1651 754 1823 777 consensu
1842 744 2064 790 propheticae
2081 758 2113 785 et

1122 795 1331 839 apostolicae
1349 793 1551 838 scripturae,
1570 799 1602 826 et
1613 790 1800 828 cohaerent
1817 797 1974 831 membra
1992 800 2113 844 dispu-

1122 846 1276 885 tationis,
1288 845 1383 878 iuxta
1395 842 1485 877 hanc
1496 850 1651 877 nostram
1664 844 2005 889 interpretationem.
2027 849 2115 884 Ori-

1122 898 1240 940 genica
1268 895 1468 939 turpissime
1491 895 1658 928 dilacerat
1678 894 1778 929 Pauli
1805 899 2021 941 orationem,
2050 914 2113 936 nec

1121 949 1246 981 retinet
1264 947 1418 981 nativam
1445 946 1632 978 verborum
1659 946 1962 989 significationem.
2011 950 2112 987 Nihil

1120 998 1328 1033 adversariis
1341 997 1468 1030 nostris
1478 997 1647 1039 significat
1659 994 1741 1030 haec
1758 999 1869 1032 oratio
1881 999 1996 1034 Pauli:
2023 1001 2111 1037 Fide

1122 1050 1360 1083 iustificamur.
1410 1045 1588 1080 Excusant
1612 1059 1686 1080 eam
1708 1060 1767 1091 per
1784 1050 2045 1094 synecdochen,
2077 1063 2109 1089 et

1120 1102 1291 1143 affingunt
1310 1110 1452 1143 prorsus
1469 1098 1617 1131 alienam
1639 1099 1981 1142 interpretationem:
2011 1103 2108 1147 Fide,

1121 1153 1155 1185 id
1173 1158 1233 1191 est,
1254 1150 1383 1185 noticia
1402 1146 1580 1189 historiae,
1604 1148 1844 1191 iustificamur‚
1871 1152 1906 1184 id
1925 1160 1985 1193 est,
2009 1166 2108 1197 prae-

1122 1213 1307 1247 paramur,
1343 1207 1381 1233 ut
1402 1205 1583 1243 praecepta
1607 1199 1801 1241 discamus,
1836 1202 1964 1246 quibus
1989 1213 2106 1248 postea

1121 1263 1318 1286 mereamur
1334 1250 1601 1294 imputationem
1622 1249 1790 1284 iusticiae.
1842 1251 1960 1287 Multo
1981 1256 2106 1291 absur-

1119 1304 1199 1336 dior
1216 1309 1265 1336 est
1282 1300 1527 1344 interpretatio
1544 1297 1648 1333 huius
1664 1301 1767 1335 dicti:
1806 1301 1892 1337 Sine
1909 1305 1983 1348 lege
1998 1319 2104 1352 appa-

1121 1354 1192 1387 ruit
1217 1352 1354 1386 iusticia
1372 1349 1456 1391 Dei,
1485 1351 1519 1383 id
1546 1356 1613 1391 est,
1639 1351 1714 1384 sine
1739 1352 1812 1395 lege
1837 1357 2008 1397 naturali,
2043 1362 2103 1393 sed

1118 1403 1235 1438 attulit
1251 1400 1414 1436 Christus
1430 1413 1538 1434 novas
1558 1402 1724 1446 quasdam
1744 1403 1853 1446 leges,
1882 1407 1995 1450 qualis
2020 1406 2102 1444 haec

1118 1462 1184 1488 est:
1212 1453 1351 1487 Nesciat
1367 1452 1508 1486 sinistra
1524 1452 1608 1497 quid
1627 1459 1704 1496 agat
1722 1454 1839 1487 dextra
1859 1462 1928 1490 tua.
1979 1458 2102 1500 Error,

1690 1502 1836 1550 Alioqui
1863 1514 1931 1540 tam
1957 1511 2102 1553 puerilis

1117 1564 1150 1591 et
1176 1556 1293 1589 inanis
1316 1553 1559 1597 interpretatio
1586 1554 1676 1587 nulli
1700 1565 1785 1589 sano
1811 1556 1846 1589 in
1872 1566 2023 1593 mentem
2042 1575 2102 1595 ve-

1117 1608 1193 1641 nire
1211 1613 1336 1652 posset.
1389 1604 1457 1639 Sed
1476 1604 1596 1637 desino
1622 1607 1782 1650 persequi
1806 1607 1965 1652 ineptias,
2017 1610 2101 1647 Col-

1116 1658 1200 1692 latio
1235 1663 1374 1691 nostrae
1408 1655 1710 1699 interpretationis
1737 1663 1768 1690 et
1795 1660 1992 1694 contrariae
2017 1665 2101 1698 satis

1116 1710 1295 1749 ostendet,
1324 1709 1364 1740 in
1381 1714 1458 1741 utra
1476 1706 1603 1739 rectius
1629 1707 1784 1740 membra
1807 1707 2034 1754 cohaereant,
2062 1715 2099 1748 in

1116 1768 1195 1795 utra
1222 1766 1450 1793 conservetur
1472 1757 1668 1801 proprietas
1693 1760 1884 1802 sermonis,
1911 1769 1988 1796 utra
2013 1776 2098 1798 con-

1114 1811 1241 1845 sentiat
1273 1822 1352 1843 cum
1377 1806 1564 1852 Prophetis
1595 1814 1628 1841 et
1651 1806 1856 1852 Evangelio.
1920 1811 2032 1859 quue
2060 1824 2098 1851 ut

1116 1862 1304 1905 diligenter
1322 1860 1546 1894 considerent
1564 1859 1720 1898 lectores,
1748 1861 1852 1894 etiam
1869 1869 1974 1908 atque
1991 1866 2097 1901 etiam

1114 1924 1236 1947 omnes
1261 1909 1440 1945 adhortor.
1494 1909 1573 1943 Non
1600 1910 1693 1943 enim
1718 1912 1820 1955 cupio
1852 1914 1991 1948 vincere
2015 1914 2095 1964 ἐρή-

1112 1977 1187 2009 μην
1212 1961 1331 2008 δίκην.
1388 1960 1583 1996 Conferant
1607 1962 1755 1994 studiosi
1779 1963 2096 2010 interpretationes,

1113 2016 1294 2049 conferant
1311 2014 1354 2047 ad
1369 2013 1525 2057 reliquos
1542 2023 1657 2044 sacros
1673 2012 1800 2055 libros,
1818 2016 1877 2048 sed
1896 2016 1955 2061 ita,
1976 2025 2013 2051 ut
2027 2020 2095 2063 pie,

1114 2079 1185 2100 non
1209 2065 1427 2099 calumniose
1459 2063 1631 2096 iudicent:
1671 2065 1767 2108 quod
1790 2065 1818 2098 si
1841 2066 1986 2109 facient,
2020 2081 2095 2104 non

1113 2117 1238 2151 dubito
1263 2117 1366 2150 nohis
1381 2114 1632 2157 suffragaturos
1649 2125 1731 2149 esse.
1786 2115 1863 2158 Qua
1881 2117 1918 2150 in
1936 2130 1973 2152 re
1989 2121 2094 2154 etiam

1113 2167 1177 2202 hac
1194 2167 1376 2211 diligentia
1392 2176 1481 2210 opus
1498 2172 1566 2205 est,
1593 2171 1631 2198 ut
1648 2166 1831 2200 attendant
1854 2168 1939 2212 quid
1966 2182 2045 2205 vere
2062 2179 2095 2207 et

1113 2219 1254 2264 proprie
1276 2219 1314 2252 in
1334 2217 1442 2251 sacris
1462 2216 1572 2250 literis
1595 2215 1790 2259 significent
1809 2215 1893 2251 haec
1911 2221 2092 2262 vocabula,

1112 2270 1229 2311 Fides,
1256 2267 1460 2308 Iustificari,
1484 2266 1638 2307 lusticia‚
1657 2266 1850 2309 Peccatum,
1868 2267 1952 2311 Lex,
1974 2269 2096 2306 Evan-

1112 2321 1254 2364 gelium.
1311 2319 1488 2362 Linguam
1514 2329 1612 2351 suam
1637 2317 1804 2351 dedidicit
1820 2316 1976 2356 Ecclesia
2002 2323 2096 2358 inter

1116 2369 1314 2406 Monachos
1329 2378 1361 2404 et
1379 2370 1466 2404 alios
1490 2368 1668 2405 indoctos,
1696 2380 1735 2401 ac
1753 2380 1912 2412 prorsus,
1939 2379 1978 2406 ut
1998 2377 2095 2418 apud

1114 2420 1321 2466 Euripidem
1346 2421 1537 2467 Tyndarus
1561 2419 1604 2451 ad
1627 2417 1831 2452 Menelaum
1856 2420 1989 2467 inquit:
2031 2425 2095 2470 βξ-

1113 2470 1362 2520 βαρβάρωσαι
1375 2467 1522 2517 χρόνιος
1537 2466 1590 2503 [ὒν
1606 2468 1645 2503 ἐν
1660 2467 1880 2516 βαρβάροις.
1934 2473 1992 2508 Sic
2014 2477 2095 2510 diu-

1116 2532 1219 2559 turna
1243 2524 1391 2558 servitus
1407 2520 1584 2556 Ecclesiae
1606 2522 1699 2564 apud
1719 2520 1914 2556 Monachos
1937 2524 2094 2569 linguam

1115 2575 1274 2610 mutavit.
1338 2572 1410 2607 Nec
1434 2571 1536 2605 facile
1562 2577 1612 2605 est
1635 2572 1817 2606 restituere
1843 2585 1939 2608 veras
1963 2577 2095 2620 signifi-

1116 2628 1285 2660 cationes:
1313 2635 1438 2667 magna
1454 2622 1549 2655 enim
1566 2622 1618 2655 vis
1635 2630 1684 2656 est
1703 2625 1978 2660 consuetudinis.
2014 2627 2096 2662 Ἑξε-

1116 2677 1247 2721 gellant
1269 2686 1324 2709 me
1349 2670 1860 2759 sycophantaeszMensingerus
1875 2702 1883 2717 ,
1923 2684 1957 2711 et
1984 2676 2101 2713 Coch-
