2415 2942
285 134 358 168 247

390 217 577 261 Postquain
604 221 717 247 antem
750 211 839 244 hanc
864 210 1115 253 mitigationem
1141 221 1272 253 propo—
1297 212 1301 243 Ι

885 125 1007 160 Plini.
1035 125 1147 159 MEL.
1184 122 1394 159 SCRIPTA
1428 122 1725 159 EXEGETICA.

2236 128 2308 162 248

1428 209 1532 243 llunc
1551 210 1658 253 igitur
1681 223 1794 254 regem
1814 209 1992 246 Christum
2013 210 2126 245 Deum
2155 213 2308 246 sanctifi-

293 270 343 301 nit
360 266 531 303 Clu-istus,
560 265 686 296 deintle
703 263 818 295 addit:
849 259 975 293 Verius
993 260 1059 294 sibi
1078 266 1274 304 competere
1298 252 1301 292 l
1327 268 1461 294 cantem
1487 269 1684 300 consortes,
1720 268 1792 295 toto
1819 269 1956 306 pectore
1984 275 2144 303 oremus,
2186 270 2225 297 ut
2244 275 2308 297 nos

292 319 562 362 appell.·.tionem
588 314 673 354 Dei,
710 313 768 357 qui
794 312 839 345 sit
865 323 882 344 a
910 318 1006 355 patre
1032 311 1275 352 sanctificatus,

291 370 414 401 missus
440 368 690 404 inmundum,
729 363 860 396 faciens
891 374 995 406 opera
1030 362 1147 406 patris.
1206 361 1274 395 Hic

291 417 612 451 dissimilitmlinem
634 415 788 448 ostendit
810 414 901 447 inter
925 420 1097 452 caeteros,
1133 413 1194 458 qui
1220 414 1275 446 di-

290 475 417 501 cuntur
435 467 515 507 Dii,
544 464 756 514 Prophetas,
784 464 999 502 Sacerdotes,
1029 463 1152 506 Reges,
1177 471 1210 497 et
1227 475 1273 500 se.

294 519 346 551 llli
365 519 530 551 dicuntur
545 516 621 556 Dii,
649 517 731 562 quia
755 523 835 549 sunt
850 516 1009 548 custodes
1026 516 1142 555 verbi,
1170 522 1201 549 et
1218 527 1275 548 or-

292 582 378 610 gana
397 581 542 616 operum
563 567 641 602 Dei.

291 672 481 716 pates-ictus
507 678 572 709 cst,
608 677 639 703 et
665 677 781 703 tamen
812 666 927 702 adhuc
951 675 999 701 est
1026 669 1063 700 in
1087 674 1200 711 patre,
1241 668 1275 700 id

291 730 357 760 est,
394 734 542 764 regnans
572 728 603 754 et
627 732 777 769 operans
808 731 885 753 curn
913 726 1030 763 patre,
1071 726 1103 752 et
1136 719 1276 751 intuens

289 781 435 817 patrem.

395 848 518 880 Ariani
554 857 675 888 magna
703 845 927 878 contentione
953 842 1047 878 hunc
1071 846 1186 877 locum
1213 846 1276 877 de-

293 905 469 932 torserunt
496 899 538 929 ad
560 909 656 929 suam
693 908 847 936 causam,
898 895 997 940 quasi
1021 893 1182 928 Christus
1206 896 1278 928 col—

293 951 363 983 lato
381 948 537 990 exemplo
562 947 729 986 voluerit,
762 958 796 979 se.
820 958 890 978 non
917 958 988 979 esse
1009 953 1132 979 natura
1150 945 1276 989 Deum,

294 1002 351 1032 sed
381 1006 522 1042 propter
553 999 705 1030 osticium
736 997 804 1028 dici
830 995 962 1035 Deum,
1008 1004 1046 1030 ut
1071 994 1277 1039 Prophetas,

291 1050 484 1084 sacerdotes
513 1061 549 1081 ac
579 1061 690 1091 reges,
718 1048 805 1081 sicut
822 1045 859 1080 hi
875 1048 909 1079 in
928 1046 1067 1080 Psalmo
1085 1048 1276 1081 nominan-

291 1110 348 1135 tur
362 1099 436 1133 Dii:
467 1099 540 1141 Ego
566 1100 657 1138 dixi,
681 1098 738 1132 Dii
764 1099 854 1133 estis.
889 1097 964 1131 Etsi
983 1106 1097 1131 autem
1115 1096 1277 1132 Christus

295 1154 366 1195 ipse
391 1153 472 1183 satis
498 1151 714 1183 luculentum
740 1150 927 1182 discrimen
954 1148 1008 1182 hic
1035 1150 1159 1190 tradit,
1198 1162 1276 1183 cum

294 1203 357 1236 ait:
388 1202 489 1235 Pater
508 1202 541 1233 in
563 1213 616 1233 we
634 1208 700 1235 est,
729 1207 759 1233 et
778 1212 838 1242 ego
860 1201 896 1232 in
916 1207 1032 1244 patre,
1059 1207 1175 1234 tamen
1195 1213 1278 1244 pro-

292 1256 366 1286 dest
391 1254 507 1285 omnia
534 1253 599 1284 alia
618 1252 818 1285 testimonia
845 1264 884 1283 ex
912 1251 1024 1294 primo
1047 1264 1120 1295 cap,
1143 1252 1278 1291 Ioann„

293 1317 331 1337 ex
351 1304 474 1348 quinto
492 1311 524 1336 et
542 1316 578 1335 ex
605 1304 681 1335 aliis
704 1302 787 1335 locis
814 1302 1046 1344 coniungere,
1079 1310 1117 1336 ut
1143 1303 1277 1336 collatis

292 1355 522 1393 testimoniis,
549 1355 623 1386 siue
650 1351 860 1394 sophistica,
887 1353 1004 1385 nativa
1024 1360 1056 1385 et
1074 1353 1276 1397 incorrupta

292 1406 462 1438 sententia
484 1406 648 1447 eligatur,
675 1404 854 1441 videlicet,
883 1404 977 1447 quod
995 1404 1030 1435 in
1050 1401 1190 1437 Christo
1207 1405 1276 1436 sint

292 1460 380 1489 duae
398 1463 560 1493 naturae,
588 1455 708 1488 divina
728 1462 759 1487 et
780 1452 952 1492 humana,
982 1461 1013 1487 et
1037 1457 1131 1498 quod
1156 1455 1275 1487 divina

292 1509 334 1541 sit
360 1508 470 1549 imago
497 1507 584 1543 Dei,
630 1507 672 1538 ab
704 1513 845 1539 aeterno
878 1505 992 1545 genita
1019 1518 1035 1537 a
1062 1513 1175 1548 patre,
1216 1518 1277 1550 per

292 1571 392 1603 quem
417 1558 534 1590 omnia
560 1558 700 1590 condita
727 1564 826 1596 sunt,
861 1552 1057 1600 ὃμοούσιος
1081 1557 1182 1600 patri.
1225 1555 1274 1589 ld

292 1616 359 1645 est,
406 1609 595 1641 ostendunt
625 1608 822 1640 testimonia
849 1607 1053 1645 coniuncta,
1090 1614 1120 1639 et
1143 1614 1273 1640 caetera

291 1667 392 1693 erunt
413 1659 600 1693 declaratio
623 1656 830 1691 huius-dicti
847 1655 913 1690 hoc
931 1658 1022 1690 loco:
1046 1656 1150 1691 Pater
1167 1658 1203 1690 in
1222 1670 1276 1690 me

289 1718 357 1751 est,
385 1718 417 1744 et
437 1722 497 1753 ego
517 1711 552 1742 in
572 1718 687 1753 patre,
716 1709 749 1742 id
770 1716 836 1747 est,
864 1720 934 1741 una
951 1720 1116 1751 regnans,
1153 1716 1184 1742 et
1204 1721 1274 1742 una

291 1773 429 1800 creans,
459 1769 491 1795 et
507 1772 665 1805 operans.

391 1836 508 1880 Quare
554 1843 586 1869 et
631 1835 856 1869 sanctificatio
901 1835 1118 1877 intelligatur
1162 1836 1274 1875 aliter,

290 1901 394 1933 quam
421 1886 521 1921 Eliae
546 1894 604 1920 aut
630 1885 795 1919 Ieremiae
824 1886 1060 1920 sanctificatio.
1114 1885 1193 1919 Non
1218 1899 1273 1919 so-

291 1940 362 1971 lum
391 1938 625 1971 sanctificatus
651 1944 721 1978 est,
758 1937 793 1969 id
818 1943 886 1975 est,
920 1943 1133 1980 segregatus,
1166 1945 1202 1970 ut
1229 1938 1273 1971 sit

290 1991 430 2029 doctor,
467 1996 498 2022 et
529 1988 689 2028 victima,
736 2000 798 2020 nec
821 1988 934 2020 solum
961 1991 1111 2021 donatus
1135 1987 1271 2031 Spiritu

289 2048 407 2073 sancto
423 2040 465 2072 ad
485 2050 683 2071 mensuram
698 2066 706 2079 ,
732 2045 771 2071 ut
788 2037 904 2081 Elias,
932 2045 990 2071 aut
1010 2037 1184 2079 Elis-aeus,
1211 2041 1269 2074 sed

287 2092 455 2124 divinitas
473 2091 510 2122 in
528 2087 595 2122 hoe
619 2087 762 2122 homine
780 2087 919 2123 Christo
945 2087 1078 2123 habitat
1106 2102 1270 2133 corpora-

288 2144 385 2180 liter,
414 2148 450 2174 ut
469 2140 598 2173 Paulus
616 2141 750 2185 inquit,
778 2141 811 2172 id
830 2147 890 2179 est,
919 2140 1158 2183 personaliter.
1212 2139 1270 2173 Sic

290 2194 395 2236 igitur
410 2192 641 2225 sanctificatus
659 2198 727 2230 est,
755 2198 794 2224 nt
810 2191 882 2234 ipse
901 2198 1052 2223 caeteros
1071 2191 1270 2229 sanctificet,

287 2251 319 2276 et
338 2245 448 2276 lucem
469 2255 505 2275 ac
524 2243 629 2275 vitam
649 2250 822 2274 aeternam
841 2241 941 2274 nobis
961 2241 1154 2284 impertiat,
1181 2242 1270 2275 sicut

286 2293 443 2337 Baptista
462 2294 592 2338 inquit:
628 2292 680 2326 Ex
710 2292 930 2337 plenitudine
947 2293 1020 2324 eius
1036 2304 1157 2325 omnes
1176 2305 1270 2326 acce-

289 2346 420 2388 pimus,
463 2352 494 2378 et
518 2343 609 2378 Psal.
637 2343 713 2379 45.:
767 2343 953 2387 Propterea
984 2343 1084 2375 unxit
1107 2349 1140 2374 te
1162 2342 1269 2382 Deus,

291 2398 385 2428 Deus
410 2403 508 2433 tuus,
545 2396 621 2427 oleo
655 2395 807 2428 laetitiae
836 2406 918 2436 prae
943 2393 1163 2427 consortibus
1189 2395 1266 2427 tuis.

288 2445 355 2479 Hic
374 2446 533 2486 nominat
551 2443 645 2478 hunc
661 2457 792 2489 regem:
822 2443 1007 2484 TeDeum,
1023 2445 1149 2489 inquit,
1169 2446 1269 2479 unxit

287 2496 380 2529 Deus
397 2504 477 2529 tuus
493 2497 570 2528 oleo
588 2497 757 2537 laetitiae,
788 2497 822 2528 id
848 2503 914 2536 est,
950 2495 1170 2539 plenitudine
1187 2495 1267 2539 Spi-

287 2549 375 2581 ritus
399 2547 528 2586 sancti,
566 2554 604 2580 ut
627 2547 712 2579 alios
736 2547 944 2585 sanctifices,
980 2553 1012 2579 et
1037 2547 1155 2589 addit,
1186 2559 1268 2590 prae

286 2599 523 2637 consortibus,
549 2610 608 2630 seu
626 2604 769 2641 propter
791 2604 987 2637 consortes,
1017 2597 1052 2630 id
1069 2604 1138 2638 est,
1165 2597 1268 2639 longe

284 2649 462 2682 antecellis
494 2648 658 2681 omnibus
689 2646 891 2691 Prophetis,
939 2655 972 2682 et
994 2655 1031 2682 ut
1061 2648 1114 2681 illi
1140 2660 1178 2681 ex
1206 2655 1266 2682 tuo

284 2701 379 2734 sonte
396 2706 553 2738 sumant,
582 2706 618 2733 tu
636 2699 762 2733 missus
778 2711 822 2731 es.

695 568 763 602 Sed
781 565 836 599 hic
852 564 1014 600 Christus
1033 567 1124 610 apud
1144 573 1274 610 patrem
1301 581 1303 588 ⁴

291 622 354 653 suit
374 629 452 653 ante
472 619 593 653 mundi
614 619 873 655 conditionem,
900 624 933 652 et
950 624 1067 661 postea
1090 617 1215 650 missus
1243 624 1277 650 et
1302 629 1305 652 ιζ

1328 324 1467 357 qnoque.
1503 319 1596 353 regat
1630 319 1663 345 et
1696 313 1903 352 sanctificet,
1957 321 1989 347 et
2021 314 2056 346 in
2090 325 2153 347 nos
2176 314 2310 348 rivulos

1327 375 1407 396 suae
1434 363 1681 406 plenitudinis,
1710 364 1815 404 lucis,
1843 364 2012 405 notitiae,
2047 372 2079 398 et
2109 365 2309 398 dilectionis

1329 412 1393 447 Dei
1415 414 1588 455 effundat,
1616 421 1647 447 et
1672 416 1836 448 accendat
1860 426 1943 455 nos,
1978 421 2016 448 ut
2040 427 2119 449 vere
2144 427 2310 459 agnosca-

1302 470 1303 473 ’
1329 477 1423 505 mus,
1452 465 1654 498 invocemus
1673 473 1705 499 ct
1723 466 1938 499 celebremus
1953 465 2066 499 Deum
2082 473 2213 509 patrem
2233 466 2310 499 Do-

1329 516 1416 548 mini
1435 517 1544 549 nostri
1566 515 1641 548 lesu
1661 514 1813 557 Christi,
1841 523 1872 550 et
1892 517 2002 549 filium
2031 517 2067 549 in
2093 523 2201 550 terras
2226 517 2312 550 niis-

1329 578 1424 607 sum,
1452 573 1483 599 et
1502 567 1604 599 nohis
1623 567 1790 600 immensa
1810 568 2048 600 misericordia
2063 568 2230 602 donatum
2245 595 2253 607 ‚
2280 574 2313 601 et

1330 617 1493 650 inii-ando
1519 618 1675 659 foedere,
1705 619 1868 652 videlicet
1892 619 2055 652 societate
2081 625 2227 652 naturae
2245 630 2312 652 no-
2351 638 2361 647 ·.

1329 675 1419 701 strae
1438 668 1650 712 copulatum.

1379 725 1414 760 O
1432 734 1538 760 uncte
1555 726 1684 760 aeterni
1702 726 1791 759 laeto
1808 726 1996 770 spiramine
2012 728 2121 771 patris

1431 777 1518 811 Nate
1534 777 1616 817 Dei,
1645 777 1756 810 socios
1776 778 1898 820 ungito
1917 775 2056 811 Christe
2074 785 2164 814 tuos.

1407 835 1502 869 Ilaec
1527 837 1680 870 breviter
1705 837 1796 869 dicta
1821 842 1919 877 sunt,
1954 843 1992 870 ut
2016 837 2143 871 moniti
2165 837 2312 871 studiosi

1330 887 1444 920 acrius
1462 889 1611 921 refutare
1629 886 1705 921 Arii
1721 888 1856 920 furores
1873 887 2018 931 possint.

1446 977 1681 1026 Quaerebant
1700 980 1815 1025 igitur
1833 979 1950 1027 ipsum
1968 977 2200 1026 prehendere.

1431 1055 1607 1097 Discedit,
1633 1064 1670 1090 ut
1688 1057 1799 1099 reipsa
1827 1058 2009 1090 confirmet
2036 1058 2069 1089 id
2095 1060 2190 1102 quod
2212 1065 2312 1091 antea

1330 1107 1437 1148 dixit,
1478 1119 1513 1139 se
1550 1105 1679 1141 habere
1713 1114 1915 1150 potestatem
1959 1109 2141 1151 ponendae
2178 1109 2315 1142 animae

1330 1170 1431 1198 suae,
1467 1164 1500 1190 et
1523 1170 1645 1191 rursus
1669 1159 1871 1193 sumendae.
1932 1157 2043 1192 Nobis
2068 1159 2171 1192 etiam
2198 1172 2313 1193 exem-

1331 1210 1426 1253 plum
1445 1210 1634 1253 proponit,
1660 1217 1697 1242 ut
1712 1209 1860 1242 sciamus
1876 1208 2051 1242 Ecclesiae
2077 1210 2231 1243 membra
2251 1223 2313 1243 cn-

1330 1260 1454 1293 stodiri
1472 1272 1489 1293 a
1507 1259 1601 1299 Deo,
1629 1272 1692 1292 nec
1709 1261 1750 1292 ad
1773 1272 1891 1292 necem
1908 1260 1982 1303 rapi
2001 1271 2118 1307 posse,
2151 1262 2314 1305 quando-

1329 1323 1466 1355 cunque
1483 1311 1625 1356 tyranni
1645 1311 1804 1343 ardentes
1829 1311 1948 1343 surore
1965 1311 2002 1343 in
2021 1322 2085 1344 nos
2103 1311 2235 1345 saevire
2253 1324 2314 1345 cu-

1330 1363 1451 1405 piunt,
1479 1363 1537 1394 sed
1565 1362 1638 1394 dari
1668 1361 1813 1403 singulis
1847 1361 2082 1402 curriculum,
2127 1374 2197 1406 quo
2228 1375 2314 1396 con-

1328 1413 1416 1445 fecto
1429 1440 1436 1452 ,
1465 1411 1560 1446 Deus
1578 1419 1696 1444 evocat
1715 1424 1772 1444 eos
1790 1424 1830 1444 ex
1845 1409 1910 1444 hac
1928 1412 2009 1444 vita.
2061 1411 2226 1446 Ieremias
2250 1415 2314 1446 etsi

1328 1463 1430 1495 toties
1447 1463 1679 1509 periclitatur,
1706 1469 1823 1495 tamen
1841 1470 1921 1496 ante
1939 1462 2112 1496 excidium
2128 1465 2227 1497 urbis
2241 1476 2314 1497 non

1330 1514 1550 1548 interficitur.
1605 1513 1735 1546 Paulus
1753 1514 1855 1547 toties
1870 1520 2009 1557 captus,
2037 1513 2138 1547 toties
2155 1516 2312 1549 obiectus

1329 1565 1465 1604 bestiis,
1492 1571 1608 1597 tamen
1626 1564 1759 1607 perficit
1782 1576 1883 1596 suum
1908 1564 2134 1600 curriculum.
2187 1564 2312 1600 Postea

1329 1615 1537 1647 interficitur
1554 1613 1717 1647 Ieremias
1740 1628 1758 1647 a
1789 1626 1866 1656 rege
1884 1611 2033 1659 Aegypti
2052 1613 2189 1660 Aprye,
2217 1615 2311 1650 Pau-

1328 1666 1381 1698 lus
1399 1678 1417 1698 a
1433 1665 1584 1698 Nerone.
1636 1664 1709 1697 Etsi
1729 1672 1841 1698 autem
1860 1662 2013 1697 humana
2037 1666 2126 1698 ratio
2143 1666 2312 1710 disputat,

1328 1728 1409 1749 casu
1426 1716 1533 1749 alium
1551 1715 1621 1748 alio
1641 1715 1774 1748 diutius
1790 1715 2003 1748 incolumem
2021 1727 2160 1749 manere
2178 1716 2216 1749 in
2234 1724 2313 1751 tan-

1327 1767 1371 1800 tis
1398 1767 1579 1810 periculis,
1621 1773 1737 1799 tamen
1772 1778 1835 1799 nos
1863 1778 1902 1798 ex
1927 1764 2120 1809 Evangelio
2151 1768 2311 1809 sciamus,

1327 1825 1419 1851 certo
1439 1817 1607 1850 custodiri
1626 1829 1689 1850 nos
1706 1830 1723 1849 a
1741 1816 1834 1854 Deo,
1863 1824 1894 1850 et
1913 1824 1996 1850 tunc
2021 1818 2161 1850 demum
2185 1830 2225 1851 ex
2245 1816 2311 1853 hoc

1326 1869 1501 1902 curriculo
1527 1869 1671 1908 abduci,
1708 1880 1784 1901 cum
1811 1866 1886 1900 Deo
1912 1868 1959 1900 ita
1986 1867 2099 1900 visum
2123 1875 2190 1910 est,
2224 1869 2313 1904 sicut

1326 1920 1418 1952 clare
1446 1920 1563 1964 inquit
1579 1917 1757 1959 Christus,
1783 1918 1899 1952 Lucae
1918 1919 1991 1951 12:
2029 1916 2166 1952 Omnes
2190 1921 2310 1965 capilli

1325 1971 1446 2014 capitis
1462 1970 1567 2003 vestri
1584 1969 1759 2002 numerati
1777 1976 1875 2009 sunt,
1904 1975 1967 2002 etc.

1432 2059 1595 2094 Ioannes
1611 2058 1755 2108 quidem
1772 2059 1920 2105 signum
1937 2059 2030 2107 facil
2047 2058 2206 2097 nullum.

1398 2137 1492 2171 Infra
1511 2138 1624 2182 inquit
1645 2135 1824 2179 Christus,
1854 2135 1977 2171 Ioann.
1996 2135 2073 2171 14.:
2107 2136 2180 2180 Qui
2198 2141 2308 2175 credit

1323 2190 1358 2222 in
1385 2201 1458 2228 me,
1493 2201 1596 2231 opera
1624 2201 1713 2233 quae
1737 2200 1797 2231 ego
1824 2189 1929 2228 facio,
1961 2188 2084 2229 faciet,
2119 2196 2151 2222 et
2175 2190 2306 2225 maiora

1322 2238 1448 2273 horum
1465 2240 1577 2273 faciet.
1632 2239 1821 2282 Quomodo
1842 2239 1950 2282 igitur
1975 2235 2058 2271 haec
2077 2241 2307 2281 conveniunt,

1325 2291 1491 2324 loannem
1509 2303 1581 2324 non
1597 2291 1717 2324 fecisse
1735 2290 1896 2323 miranda
1914 2290 2001 2322 facta
2014 2316 2022 2328 ‚
2057 2301 2135 2322 cum
2161 2292 2306 2336 quidem

1323 2342 1433 2375 multa
1452 2342 1522 2375 sint
1539 2342 1575 2374 in
1593 2342 1667 2375 eius
1684 2339 1830 2374 historia
1851 2352 1954 2384 opera
1972 2338 2036 2372 Dei
2055 2340 2238 2386 inusitata,
2266 2351 2306 2377 ut

1322 2393 1392 2426 sint
1408 2394 1606 2426 testimonia
1625 2393 1816 2426 vocationis
1842 2392 1926 2425 eius.
1979 2389 2090 2424 Natus
2107 2399 2157 2425 est
2174 2405 2213 2425 ex
2230 2406 2304 2427 ma-

1322 2452 1373 2477 tre
1399 2445 1508 2477 sterili
1533 2453 1566 2479 et
1588 2443 1731 2481 effoeta,
1775 2449 1870 2486 pater
1891 2442 1979 2474 vidit
2003 2442 2168 2485 angelum
2192 2444 2305 2478 collo-

1322 2502 1486 2538 quentem
1498 2522 1508 2536 ‚
1534 2502 1566 2528 et
1584 2506 1661 2527 cum
1681 2501 1798 2527 rriutus
1814 2494 1924 2526 sactus
1939 2499 2045 2532 esset,
2082 2505 2203 2527 rursus
2220 2502 2303 2530 nato

1321 2547 1392 2578 filio
1412 2546 1511 2590 loqui
1528 2545 1652 2589 coepit.
1707 2544 1828 2578 Postea
1840 2544 1932 2576 filius
1950 2543 2098 2577 loannes
2117 2545 2205 2579 vidit
2222 2558 2302 2580 coe-

1322 2598 1392 2629 lum
1412 2598 1591 2638 apertum,
1624 2596 1759 2629 audivit
1784 2607 1901 2628 vocem
1929 2595 2062 2628 aeterni
2081 2593 2146 2628 Dei
2169 2597 2212 2629 de
2230 2597 2302 2631 filio

1321 2646 1397 2680 Iesu
1417 2645 1578 2681 Christo:
1612 2645 1681 2680 Hic
1700 2655 1748 2681 est
1764 2646 1855 2679 filius
1874 2657 1969 2679 meus
1988 2645 2145 2681 dilectus.
2201 2647 2302 2681 Divi-

1320 2699 1414 2733 nitus
1431 2698 1586 2733 monitus
1603 2705 1652 2732 est
1666 2699 1708 2732 de
1723 2697 1858 2745 Spiritu
1872 2703 1990 2731 sancto
2009 2697 2240 2732 descendente
2264 2699 2303 2732 in
