2415 2942
259 112 353 149 1287

841 102 967 138 PHlL.
995 100 1112 136 MEL.
1141 97 1350 135 SCRIPTA
1376 94 1675 133 EXEGETICA.

2179 97 2276 132 1288

362 197 400 230 ln
425 195 548 243 'primo
566 192 676 236 capite
688 218 695 232 ‚
735 197 917 235 postquam
944 188 1047 221 initio
1071 198 1130 220 eos
1154 187 1243 219 bene
1299 183 1374 217 vult
1392 183 1597 217 universum
1615 194 1724 226 genus
1740 180 1935 217 humanum
1951 184 2079 218 frustra
2096 183 2278 217 conditum

264 256 420 295 precatus
435 254 502 285 est,
531 251 646 277 narrat
659 270 667 280 ,
695 253 729 274 se
745 240 879 276 Romae
895 240 1071 283 captivum
1087 237 1245 276 retineri,

265 309 295 334 et
318 308 432 333 tamen
453 298 581 329 interea
602 294 705 326 variis
727 291 970 324 occasionibus
988 301 1118 322 nomen
1140 285 1245 321 Clu-i-

264 353 304 384 sti
331 350 403 383 liz-ri
432 348 539 388 magis
567 352 712 384 notum,
740 350 771 375 et
794 341 977 386 propagari
1002 339 1247 383 Evangelium,

265 410 293 434 et
326 411 475 432 crescere
501 396 704 430 Ecclesiam.
766 393 872 426 Tales
896 392 1115 425 narrationes
1138 390 1247 423 usita-

266 462 318 486 tae
340 457 421 484 suut
440 451 475 481 in
495 447 668 491 epistolis,
697 452 734 478 ut
751 455 871 477 omnes
889 449 1032 477 norunt.

368 535 407 567 lu
434 530 589 567 secundo
616 531 726 574 capite
760 529 957 562 instituitur
981 524 1181 560 adhortatio
1205 524 1247 556 ad

265 589 435 621 tuendum
456 596 664 617 consensum
685 583 720 614 in
740 581 899 613 doctrina
916 586 949 612 et
966 579 1008 611 ad
1027 576 1247 610 retinendam

267 638 508 675 concordiam,
552 645 640 679 quae
675 632 867 665 ambitione.
903 629 1039 672 saepius
1073 627 1249 666 turbatur,

266 701 369 734 quam
389 688 465 719 aliis
484 687 605 718 causis.
664 683 746 716 ldeo
767 681 913 725 opponit
931 678 1115 712 ambitioni
1134 688 1250 710 exem-

267 740 362 783 plum
389 739 451 771 filii
479 737 566 775 Dei,
608 735 667 779 qui
698 745 770 766 sese
795 738 938 776 propter
967 741 1031 762 nos
1062 728 1189 762 abiecit
1218 733 1252 760 et

271 790 435 823 sustinuit
464 800 536 820 non
561 786 674 818 solum
703 793 906 816 communes
935 779 1120 814 hominum
1150 790 1251 811 aeru-

267 840 445 881 mnas‚scd
462 841 563 871 etiam
587 834 875 869 contumeliosam
896 839 1055 865 mortem.
1106 829 1174 862 Hic
1196 829 1252 860 in-

268 892 394 924 seritur
432 889 591 923 doctrina
624 889 666 918 de
697 886 834 918 duabus
864 883 1000 916 naturis
1034 882 1071 914 in
1104 880 1252 920 Messia‚

267 949 348 975 nato
375 954 412 974 ex
440 939 574 983 virgine
600 937 731 976 Maria,
760 942 798 968 ut
819 941 937 979 postea
955 934 1122 966 dicemus.

368 1024 510 1058 Deinde
528 1021 643 1055 statim
664 1019 822 1063 sequitur
844 1016 991 1059 insignis
1014 1014 1186 1049 sententia
1209 1014 1252 1046 de

268 1077 417 1110 efficacia
451 1073 517 1108 Dei
551 1073 586 1105 in
620 1070 786 1103 membris
821 1066 1012 1105 Ecclesiae,
1065 1066 1252 1099 continens

267 1127 517 1170 amplissimam
541 1122 739 1156 doctrinam
767 1127 800 1153 et
824 1118 1116 1152 consolationem:
1155 1115 1250 1148 Deus

268 1185 316 1212 est
342 1177 401 1222 qui
430 1176 532 1208 efficit
558 1174 595 1206 in
616 1172 735 1212 vobis,
763 1178 801 1204 ut
827 1170 943 1202 velitis
968 1177 1001 1202 et
1027 1175 1064 1201 ut
1089 1167 1249 1212 perficia-

268 1231 328 1267 tis,
355 1235 394 1261 ut
417 1227 533 1270 aliqua
553 1226 583 1258 ei
607 1230 703 1267 grata
726 1222 818 1255 fiant.
873 1219 941 1253 llic
959 1221 1101 1252 damnat
1124 1216 1247 1251 Phari-

268 1280 375 1312 saicas
397 1278 602 1321 opiniones,
643 1285 730 1319 quae
761 1272 937 1314 fingebant
968 1271 1078 1312 legem
1112 1268 1250 1312 impleri

270 1329 434 1363 humanis
452 1327 618 1371 operibus
635 1332 668 1358 et
684 1323 868 1367 disciplina
889 1322 947 1354 illa
965 1322 1040 1355 tolli
1061 1327 1250 1364 peccatum.
1277 1323 1279 1342 l

268 1381 400 1415 Contra
424 1379 520 1411 enim
536 1377 684 1410 affirmat
701 1373 813 1407 Deum
832 1373 1003 1405 efficacem
1023 1383 1094 1404 esse
1112 1372 1147 1404 in
1167 1383 1250 1404 con-

270 1433 429 1465 versione
454 1437 485 1463 et
509 1429 690 1470 deinceps,
716 1432 747 1459 et
770 1423 854 1458 haec
878 1430 1018 1457 aeterna
1043 1423 1135 1455 bona
1161 1421 1251 1454 effici
1278 1440 1280 1444 ν

269 1497 286 1516 a
310 1483 404 1522 Deo,
439 1480 515 1514 tolli
545 1485 720 1522 peccatum
748 1485 779 1509 et
803 1481 968 1513 mortem,
997 1485 1069 1506 non
1094 1470 1250 1505 humana

271 1533 440 1577 sapientia
467 1538 498 1564 et
524 1528 730 1571 disciplina,
754 1528 812 1559 sed
840 1524 913 1557 Deo
932 1536 996 1557 nos
1014 1529 1252 1566 regenerante,

269 1586 355 1618 sicut
371 1580 491 1616 lohan.
510 1581 544 1615 3.
564 1580 715 1618 dicitur,
744 1584 776 1610 et
792 1577 880 1608 sicut
900 1575 936 1607 in
949 1572 1134 1618 Prophetis
1153 1585 1252 1617 prae·
1279 1593 1281 1611 ς

269 1636 401 1668 dictum
425 1639 476 1666 est
498 1633 540 1664 de
561 1629 625 1663 hac
651 1629 809 1661 miranda
838 1625 1045 1659 liberatione
1063 1637 1080 1657 a
1101 1631 1254 1668 peccato,

271 1747 409 1768 omnem
434 1745 594 1772 carnem,
634 1730 738 1764 Item:
775 1728 955 1762 effundam
979 1738 1082 1771 super
1107 1727 1253 1759 domum

271 1787 383 1821 David
409 1784 568 1830 spiritum
595 1782 725 1826 gratiae
751 1788 782 1814 et
811 1790 964 1824 precum.

370 1869 416 1905 Et
438 1869 596 1915 sequitur
613 1866 817 1901 consolatio,
872 1862 957 1897 Mox
976 1862 1037 1895 ubi
1057 1861 1170 1905 coepit
1186 1858 1255 1894 Ec-

274 1922 376 1957 clesia
399 1921 517 1964 colligi
542 1918 732 1953 certamina
761 1915 918 1959 ingentia
941 1920 1145 1953 moventur,
1176 1923 1255 1945 cum

272 1974 365 2007 idola
400 1974 632 2009 damnantur,
680 1969 879 2001 defensores
910 1965 1087 1997 idolorum
1121 1963 1255 1996 saevire

271 2027 308 2057 in
334 2022 527 2057 Ecclesiam
554 2020 751 2064 incipiunt,
800 2029 888 2062 quae
918 2016 999 2060 quia
1032 2021 1082 2047 est
1114 2014 1256 2056 exigua,

272 2078 400 2109 frustra
415 2074 554 2106 videtur
568 2083 602 2104 se
619 2081 796 2115 opponere
813 2067 959 2101 summis
975 2065 1144 2109 imperiis,
1173 2064 1254 2097 ldeo

271 2126 374 2159 multi
391 2123 635 2168 desperatione
660 2119 870 2163 languefacti
891 2117 1061 2151 abiiciunt
1081 2114 1165 2148 haec
1182 2126 1256 2148 cer-

272 2177 412 2211 tamina.
467 2174 535 2208 Sed
561 2172 692 2206 Paulus
717 2169 993 2204 consolationem
1023 2166 1137 2205 addit,
1171 2166 1254 2206 imo,

273 2227 406 2272 inquit,
441 2237 512 2259 non
531 2225 658 2257 frustra
677 2221 853 2260 clamatis,
880 2221 938 2252 sed
957 2217 1053 2252 Deus
1074 2216 1175 2249 vobis
1194 2217 1256 2249 ad-

274 2279 337 2312 erit
356 2285 389 2310 et
407 2286 582 2310 successus
600 2281 632 2308 et
650 2275 762 2306 bonos
779 2277 924 2305 eventus
941 2268 1049 2302 dabit.
1096 2267 1176 2300 Non
1194 2267 1253 2300 de-

274 2329 360 2362 lebit
382 2326 573 2360 Ecclesiam
598 2324 754 2369 potentia
781 2321 917 2355 mundi.
970 2318 1071 2352 Hanc
1094 2318 1255 2351 dulcissi-

272 2391 365 2412 mam
389 2376 665 2411 consolationem
682 2374 812 2407 Paulus
830 2373 867 2405 in
886 2369 953 2404 hoc
969 2370 1063 2403 dicto
1080 2369 1255 2412 proponit,

273 2441 361 2475 quae
386 2428 422 2460 in
450 2425 515 2460 hac
538 2433 633 2460 tanta
659 2424 863 2458 infirmitate
887 2428 1006 2455 nostra
1031 2420 1069 2452 in
1094 2419 1254 2452 maximis

273 2479 436 2525 periculis
453 2489 588 2520 semper
604 2476 708 2510 nobis
724 2476 759 2508 in
779 2479 967 2516 conspectu
983 2472 1044 2505 sit:
1071 2483 1149 2504 cum
1161 2469 1255 2503 Deus

273 2537 371 2564 vocet
390 2539 453 2562 nos
472 2529 511 2560 ad
531 2525 781 2568 Evangelium,
811 2531 843 2557 et
861 2524 961 2556 initia
987 2522 1068 2556 fidei
1094 2522 1130 2554 in
1152 2521 1254 2553 nobis

272 2581 455 2619 accendat,
469 2590 539 2612 non
557 2578 682 2610 frustra
702 2575 786 2609 haec
805 2572 965 2614 inchoat,
982 2575 1039 2607 sed
1059 2572 1132 2606 vult
1151 2572 1253 2604 etiam

271 2630 434 2665 inchoata
450 2628 616 2662 beneficia
634 2628 805 2671 perficere.
838 2624 884 2659 Et
899 2636 1000 2659 causa
1019 2624 1134 2656 finalis
1151 2622 1252 2655 addi-

272 2691 347 2721 tur,
375 2689 413 2715 ut
438 2681 553 2725 aliqua
578 2685 672 2722 grata
690 2676 764 2712 Deo
787 2677 889 2715 fiant,
918 2676 952 2709 id
974 2682 1041 2717 est,
1069 2673 1163 2708 Deus
1179 2685 1254 2706 non

1280 1659 1281 1663 ,
1331 1641 1440 1668 etunt.

270 1694 306 1719 ut
325 1686 361 1717 in
382 1683 456 1717 Ioel
479 1683 622 1715 dicitur:
652 1679 831 1712 effundam
849 1678 891 1709 (le
910 1676 1036 1719 spiritu
1054 1687 1131 1708 meo
1150 1686 1255 1718 super
1306 1647 1397 1718 {zm-3
1428 1685 1530 1728 plm-a
1562 1684 1605 1716 de
1636 1683 1891 1727 intempestivis
1926 1684 2290 1727 intprpretafionibus.

1280 1774 1281 1779 ¹
1306 1736 1409 1769 Nunc
1431 1742 1567 1768 tantum
1592 1732 1677 1767 haec
1694 1734 1804 1767 adieci
1822 1735 1997 1768 invitandi
2015 1736 2156 1770 lectoris
2179 1748 2291 1777 causa,

1280 1781 1282 1798 '¹
1307 1794 1345 1821 ut
1370 1786 1567 1820 consideret
1590 1785 1775 1830 praecipua
1802 1784 1984 1830 Epistolae
2009 1787 2155 1821 lumina.

1296 246 1386 271 esse,
1415 235 1473 267 sed
1501 234 1575 267 vult
1597 245 1733 277 semper
1754 234 1905 278 aliquam
1934 246 2004 267 esse
2022 242 2153 279 partem
2170 246 2274 277 genc-

1298 286 1344 317 ris
1371 283 1534 325 humani,
1563 296 1650 329 quae
1674 285 1737 328 ipsi
1762 291 1858 331 grata
1882 285 2003 326 faciat,
2029 294 2061 319 et
2079 286 2134 318 cui
2157 292 2276 329 postea

1298 337 1334 368 in
1353 335 1450 369 omni
1466 336 1668 369 aeternitate
1692 347 1789 368 suam
1815 336 2007 369 bonitatem
2031 336 2278 374 communicet,

1298 399 1375 420 cum
1401 387 1531 419 interea
1557 387 1704 419 maxima
1729 398 1807 430 pars
1829 387 1964 429 generis
1987 384 2133 420 humani
2159 386 2280 418 fureu-

1298 444 1350 471 ter
1367 444 1487 470 contra
1505 438 1721 470 voluntatem
1738 436 1801 470 Dei
1821 444 1909 471 ruat.
1965 437 2078 482 Multi¹
2094 443 2176 470 sunt
2192 434 2280 480 Epi-

1299 488 1414 521 curaei
1444 488 1557 531 palam
1583 488 1828 521 contumeliosi
1855 494 1974 521 contra
2002 488 2135 528 Deum,
2177 487 2282 520 multi

1300 539 1452 572 cultores
1484 539 1660 572 idolorum
1695 539 1854 571 fascinati
1876 552 1894 572 a
1919 539 2090 580 diabolis,
2130 539 2189 583 qui
2214 538 2282 570 im-

1300 590 1394 621 mani
1418 589 1513 622 rabie
1531 588 1725 633 Evangelio
1749 596 1964 633 repugnant,
1992 590 2095 624 multi
2117 589 2178 622 alii
2204 589 2282 631 pol-

1407 641 1414 646 ”
1445 640 1452 647 ’
1484 641 1490 647 ’
1524 641 1530 647 ’
2019 640 2059 674 ln
2082 646 2176 674 tanta
2197 652 2281 673 con-

1301 691 1438 723 fusione
1465 692 1599 733 generis
1620 689 1783 732 humani,
1812 699 1928 725 tamen
1950 692 2045 725 Deus
2068 697 2181 725 servat
2203 702 2282 723 coe-

1302 749 1374 775 tum
1400 742 1570 786 aliquem,
1597 741 1659 786 qui
1686 742 1798 785 ipsum
1825 755 1904 775 vere.
1931 743 2099 782 celebrat,
2128 749 2161 775 et
2190 748 2282 774 recta

1302 800 1334 825 et
1361 793 1524 825 salutaria
1549 793 1647 831 f..ci1‚
1674 799 1711 826 ut
1729 805 1930 837 quanquam
1954 794 1990 826 in
2011 804 2116 834 regno
2127 791 2283 837 Babylo-

1302 843 1380 875 nico
1397 843 1540 886 plurimi
1559 849 1639 875 sunt
1658 843 1832 887 principes
1849 851 1879 876 et
1900 845 2018 887 populi
2040 844 2151 886 impii,
2169 850 2284 876 tamen

1303 894 1349 926 ibi
1371 894 1501 927 Daniel
1526 900 1558 926 et
1584 891 1739 926 Ecclesia
1764 895 1928 927 adiuncta
1952 894 2110 933 Danieli,
2137 893 2285 927 Darium

1302 952 1335 978 et
1351 943 1483 989 Cyrum
1503 951 1536 978 et
1563 944 1690 977 multos
1712 944 1800 977 alios
1817 946 1945 978 docent
1969 947 2011 978 de
2029 957 2111 978 vero
2129 943 2222 983 Deo,
2254 950 2286 976 et

1302 995 1480 1029 celebrant
1497 994 1610 1028 Deum
1629 994 1847 1028 confessione
1865 1002 1898 1029 et
1913 997 1991 1030 aliis
2012 996 2182 1029 virtutum
2206 994 2286 1026 osti-

1302 1046 1383 1086 ciis,
1428 1053 1461 1079 et
1490 1046 1598 1079 multa
1626 1046 1663 1078 in
1691 1052 1760 1079 tota
1792 1047 2046 1089 gubernatione
2070 1045 2168 1089 regni
2191 1044 2287 1079 Deus

1303 1103 1446 1140 propter
1462 1109 1520 1130 eos
1539 1097 1685 1140 mitigat.
1728 1096 1849 1142 ltaque
1866 1098 1955 1132 fiunt
1970 1098 2086 1143 aliqua
2104 1104 2199 1140 grata
2215 1095 2287 1130 Deo

1303 1149 1339 1181 in
1366 1149 1427 1181 illo
1454 1148 1614 1192 imperio.

1403 1225 1498 1259 Haec
1519 1232 1569 1259 est
1593 1225 1708 1258 nativa
1733 1225 1941 1259 sententiam
1958 1226 2042 1261 dicti
2060 1225 2202 1260 Paulini
2221 1225 2287 1262 hoc

1304 1278 1391 1311 loco.
1471 1278 1523 1310 Ac
1566 1278 1800 1309 removendae
1842 1284 1924 1311 sunt
1966 1276 2130 1312 horridae
2161 1287 2193 1312 et
2221 1280 2288 1313 fat-

1303 1341 1360 1363 sae
1385 1328 1708 1372 interpretationes,
1743 1340 1832 1373 quae
1878 1330 2129 1364 transformant
2154 1331 2287 1364 dictum

1305 1382 1341 1413 in
1360 1380 1512 1414 Stoicam
1538 1380 1763 1419 sententiam,
1792 1381 1889 1423 quasi
1913 1381 1994 1413 velit
2017 1380 2167 1422 Paulus,
2194 1382 2287 1415 bona

1304 1439 1336 1465 et
1363 1432 1451 1464 mala
1480 1430 1553 1463 fieri
1579 1430 1781 1462 necessitate
1804 1431 1912 1464 fatali.
1965 1430 2061 1465 Haec
2084 1432 2291 1476 imaginatio

1305 1495 1376 1515 non
1395 1482 1556 1524 congruit
1574 1482 1615 1513 ad
1637 1480 1737 1513 Pauli
1757 1481 1908 1522 dictum,
1936 1483 2030 1526 quod
2057 1489 2106 1516 est
2129 1483 2291 1517 consola-

1305 1534 1354 1567 tio
1374 1532 1573 1565 dulcissima
1594 1531 1656 1571 iis,
1683 1532 1743 1575 qui
1767 1533 1880 1565 vocati
1903 1534 1945 1565 ad
1972 1533 2187 1576 agnitionem
2211 1533 2290 1573 Dei,

1305 1583 1406 1617 initia
1433 1581 1515 1616 fidei
1541 1588 1573 1614 et
1603 1582 1837 1615 invocationis
1867 1580 2019 1624 habent,
2060 1591 2093 1617 et
2119 1585 2289 1618 auxilium

1494 1632 1560 1665 His
1577 1630 1644 1665 hoc
1662 1632 1739 1665 loco
1765 1633 1984 1676 promittitur
2003 1635 2184 1668 auxilium.
2238 1636 2290 1668 Ac

1410 1860 1451 1894 In
1477 1858 1581 1894 tertio
1605 1860 1716 1903 capite
1740 1866 1858 1894 monet
1885 1858 2096 1901 Ecclesiam,
2128 1874 2172 1896 ne
2194 1863 2290 1898 deci-

1307 1913 1424 1956 piatur
1462 1913 1506 1946 ab
1543 1910 1817 1955 impostoribus,
1873 1911 1935 1944 ubi
1972 1912 2088 1945 statim
2126 1913 2294 1948 intexitur

1307 1964 1455 2005 insignis
1506 1962 1602 1995 locus
1652 1962 1695 1994 de
1735 1961 1937 1994 discrimine
1986 1963 2144 1997 iusticiae
2192 1964 2293 2008 Legis

1306 2022 1340 2049 et
1382 2013 1577 2057 Evangelii.
1650 2010 1735 2051 Hic,
1778 2019 1816 2046 ut
1850 2019 1968 2056 postea
2014 2014 2153 2058 copiose
2198 2015 2293 2048 dice-

1307 2077 1384 2099 mus
1416 2076 1553 2097 necesse
1576 2062 1650 2103 esf,
1698 2062 1852 2106 primum
1898 2064 2151 2107 adpellationes
2189 2066 2294 2099 intel-

1306 2117 1386 2159 ligi,
1440 2115 1525 2160 quid
1560 2113 1720 2147 nominet
1754 2113 1928 2147 iusticiam
1957 2115 2059 2158 legis,
2108 2123 2140 2150 et
2167 2117 2295 2150 deinde

1307 2168 1393 2212 quid
1435 2165 1595 2199 nominet
1645 2164 1820 2197 iusticiam
1869 2165 1962 2200 fidei.
2034 2165 2108 2200 Nee
2155 2173 2293 2202 tantum

1308 2218 1466 2251 nominat
1506 2215 1680 2249 iusticiam
1715 2215 1800 2258 legis
1835 2216 2075 2251 obedientiam
2116 2218 2154 2250 in
2196 2230 2294 2252 cere—

1307 2269 1453 2308 moniis,
1487 2267 1545 2300 sed
1571 2266 1674 2299 etiam
1698 2266 1936 2300 obedientiam
1961 2267 1998 2300 in
2023 2268 2189 2312 operibns
2217 2281 2295 2302 mo-

1308 2319 1458 2359 ralibus,
1507 2324 1636 2362 quanta
1663 2317 1701 2349 in
1730 2315 1935 2351 hominibus
1957 2318 1994 2351 in
2019 2316 2084 2352 hac
2107 2319 2234 2353 misera
2259 2327 2293 2353 et

1307 2371 1494 2415 depravata
1518 2374 1641 2401 natura
1661 2368 1828 2412 praestari
1846 2375 1967 2412 potest.
2007 2368 2113 2402 Hanc
2130 2370 2292 2404 mutilam

1308 2428 1341 2454 et
1373 2420 1596 2466 inquinatam
1631 2418 1805 2452 iusticiam
1831 2419 2014 2452 conferens
2042 2421 2084 2453 ad
2119 2421 2293 2455 iusticiam

1308 2471 1388 2504 fidei
1405 2483 1464 2504 sen
1491 2469 1693 2513 Evangelii,
1715 2469 1800 2503 dicit
1824 2481 1898 2502 eam
1923 2481 1958 2503 se
1984 2470 2141 2504 iudicare
2165 2472 2293 2505 damna

1312 2529 1346 2556 et
1376 2518 1546 2567 σκύβαλα
1575 2531 1658 2564 prae
1684 2520 1743 2552 illa
1775 2520 1895 2554 altera.
1948 2519 2170 2554 Vocabulum
2203 2519 2294 2557 σκύ-

1305 2571 1404 2617 βαλα
1429 2572 1600 2615 significat
1623 2578 1791 2610 stercora,
1833 2570 1933 2614 quasi
1959 2569 2045 2606 κυσὶ
2070 2568 2297 2617 βαλλὸμενα,

1308 2623 1342 2655 id
1362 2630 1431 2663 est,
1466 2623 1602 2656 obiecta
1623 2621 1779 2654 canibuS.
1833 2621 1933 2655 Haec
1957 2622 2105 2666 insignis
2125 2630 2292 2657 extenua-

1306 2674 1357 2707 tio
1381 2685 1540 2717 magnam
1572 2672 1848 2706 consolationem
1883 2672 1950 2716 piis
1971 2679 2004 2707 et
2037 2680 2128 2708 recte
2157 2674 2292 2708 inzelli-
