2415 2942
124 85 198 121 885
401 85 499 118 Xlll.

125 185 179 208 eo.
232 170 321 204 Vere
337 182 418 214 ergo
437 169 544 218 λόγος
566 170 657 204 filius
674 169 740 204 Dei
766 171 862 204 adest
880 169 915 202 in
940 171 1114 211 credente,

125 231 157 256 et
176 230 224 256 est
242 223 360 255 efficax
381 235 461 255 voce
480 223 676 266 Evangelii.
729 220 787 256 Sic
811 228 845 255 et
875 223 919 253 ad
938 219 1111 264 Ephesios

123 275 226 307 tertio
258 273 390 308 dictum
415 281 482 306 est:
514 273 556 308 Ut
584 271 716 307 habitet
738 270 900 306 Christus
922 283 984 316 per
1005 272 1109 305 fidem

122 325 160 357 in
182 325 348 357 cordibus
366 327 499 360 vestris.

222 374 316 408 Haec
348 376 515 408 immensa
548 374 714 408 beneficia
752 373 956 407 mediatoris
987 374 1107 407 omnia

121 427 368 469 complectitur
380 425 520 467 Paulus,
534 438 613 459 cum
631 425 755 469 inquit,
769 423 897 468 Legem
916 425 982 457 fide
1000 425 1108 457 stabi-

122 478 247 517 limus,
276 477 436 510 videlicet
460 484 490 510 et
519 476 748 520 imputatione
772 475 929 508 iusticiae
954 482 985 508 et
1006 488 1106 519 prae-

120 528 230 561 sentia
250 528 311 561 Dei
332 528 368 560 in
387 528 626 564 credentibus,
655 527 714 570 qui
737 533 767 559 et
792 526 828 558 in
858 524 921 559 hac
950 526 1020 560 vita
1049 538 1104 559 ac-

119 578 235 611 cendit
255 590 383 611 novam
399 579 529 618 lucem,
557 584 589 610 et
606 588 716 609 novos
733 583 847 610 motus
866 577 902 609 in
928 578 1103 616 cordibus,

120 637 153 662 et
177 636 292 672 postea
312 631 371 662 dat
388 629 493 662 vitam
510 635 683 661 aeternam
697 654 705 667 ‚
732 627 767 660 in
788 640 854 672 qua
873 627 1008 661 iusticia
1027 627 1103 661 Dei.

118 680 310 722 significata
335 680 373 713 in
398 680 489 722 lege,
534 680 599 712 erit
635 678 671 710 in
696 679 801 711 nobis
827 679 979 721 integra,
1016 692 1103 724 quae

120 731 332 763 describitur
349 728 402 762 his
419 730 535 762 verbis
559 730 594 762 in
621 729 712 772 lege:
747 728 882 772 Diligas
905 730 1101 763 Dominum

116 780 231 814 Deum
264 788 363 814 tuum
397 792 437 814 ex
462 787 535 814 toto
566 781 691 820 corde,
725 792 763 813 ex
792 787 862 814 tota
892 781 1008 813 anima
1040 788 1102 815 etc.

117 832 169 864 Ac
187 830 222 863 in
247 831 450 876 quotidiana
469 831 692 864 invocatione
710 831 866 874 cogimus
891 832 932 863 de,
954 829 1008 864 his
1027 844 1098 863 ma<

116 882 219 914 ximis
242 882 363 921 rebus,
398 882 441 914 de
464 882 630 915 omnibus
655 882 831 914 beneflciis
856 882 917 914 filii
947 883 1008 916 Dei
1041 896 1100 915 or-

114 933 218 972 dine,
246 933 341 977 quod
367 932 492 965 missus
517 933 578 972 sit,
606 939 643 965 ut
668 933 808 974 colligat
833 940 1010 966 aeternam
1034 933 1100 966 Ec-

114 983 273 1023 clesiam,
299 983 393 1027 quod
422 995 502 1016 vere
521 983 611 1017 adsit
629 990 660 1016 et
687 984 729 1016 sit
745 984 862 1016 efficax
881 997 964 1016 voce
983 982 1100 1017 Evan-

114 1034 216 1077 getii,
250 1034 344 1078 quod
373 1041 514 1077 propter
536 1046 615 1067 eum
643 1041 804 1067 aeternus
839 1041 934 1077 pater
957 1036 1101 1078 recipiat

119 1095 202 1122 nos,
231 1091 264 1117 et
281 1085 384 1117 simul
404 1085 493 1118 adsit
515 1085 549 1117 iu
568 1085 689 1125 nobis,
717 1092 748 1118 et
773 1085 855 1117 velit
879 1086 980 1118 nobis
998 1087 1100 1118 mise-

116 1135 164 1168 ris
192 1135 359 1178 opitulari
379 1142 412 1169 et
430 1147 510 1168 vere
531 1148 590 1179 per
617 1135 727 1168 filium
750 1136 805 1168 det
825 1136 995 1177 Spiritum
1022 1148 1102 1170 san—

114 1194 228 1226 ctum,
254 1192 293 1218 ut
311 1187 481 1228 gubernet
498 1198 569 1219 nos.
630 1185 724 1218 Haec
747 1187 910 1218 bewficia
936 1200 1012 1219 cum
1042 1199 1100 1229 pe-

115 1237 241 1276 timus,
267 1243 352 1269 tunc
376 1237 414 1270 fit
433 1235 499 1270 hoc
524 1237 616 1282 quod
635 1236 764 1270 Paulus
792 1237 845 1269 bic
874 1238 1004 1282 inquit:
1034 1237 1098 1270 Le-

115 1298 192 1329 gem
212 1287 279 1319 fide
294 1288 510 1330 stabilimus,
538 1287 620 1332 quia
646 1285 730 1320 haec
756 1300 832 1320 vera
858 1288 1032 1321 invocatio
1052 1296 1101 1321 est

116 1338 257 1372 initium
278 1349 390 1371 novae
412 1338 647 1371 obedientiae.

217 1388 332 1421 Simnl
359 1396 474 1422 autem
505 1389 695 1431 cogitemus
721 1400 944 1421 communem
970 1390 1101 1421 doctri-

113 1451 214 1479 nam,
243 1440 337 1482 quod
356 1451 502 1483 persona
521 1440 565 1472 sit
593 1440 682 1472 iusta
708 1440 774 1471 fide
800 1447 941 1483 propter
967 1441 1097 1473 media-

113 1500 222 1523 torem
251 1490 285 1521 in
310 1487 375 1522 hac
399 1490 488 1529 vita,
523 1490 657 1523 etiamsi
690 1488 804 1523 adhuc
830 1498 952 1523 natura
982 1499 1099 1524 nostra

114 1541 217 1574 valde
235 1540 415 1573 dissimilis
430 1548 478 1574 est
495 1541 561 1583 legi
584 1541 657 1575 Dei.
712 1541 811 1574 Hauc
834 1541 936 1573 fidem
962 1543 1101 1585 praelu-
1127 1550 1128 1576 l

115 1603 192 1625 cere
214 1597 352 1634 oportet
378 1603 490 1624 novae
521 1592 756 1625 obedientiae.
820 1593 961 1625 Deinde
987 1593 1100 1625 scien-
1125 1577 1129 1626 i

115 1643 199 1675 dum
226 1648 274 1674 est
300 1641 422 1681 etiam,
465 1643 642 1685 quomodo
667 1649 698 1675 et
723 1643 886 1675 incoe'tur
911 1650 943 1675 et
971 1643 1100 1685 placeat
1126 1630 1129 1682 i

115 1691 192 1725 Deo
207 1703 297 1724 nova
324 1692 521 1725 obedentia.
576 1691 759 1731 Incoatur,
788 1693 867 1736 quia
894 1706 973 1725 vere
1000 1691 1100 1725 habi-

115 1749 164 1777 tat
190 1741 286 1775 Deus
304 1742 341 1775 in
362 1744 465 1775 corde
485 1743 678 1781 credentis,
706 1750 737 1775 et
763 1743 872 1787 placet
898 1743 992 1783 Deo,
1021 1745 1100 1788 quia

114 1804 265 1838 persona
290 1801 434 1837 propter
459 1794 686 1826 mediatorem
715 1794 786 1825 sola
812 1794 878 1826 tide
904 1795 1035 1838 placet,
1071 1803 1100 1827 et

114 1844 224 1878 credit
242 1841 332 1877 hanc
350 1845 459 1887 ipsam
487 1844 725 1877 obedientiam
747 1843 819 1877 Deo
846 1845 1001 1887 placere,
1031 1858 1101 1877 nou

115 1897 198 1940 quia
218 1894 285 1937 legi
305 1895 509 1931 satisfaciat,
534 1897 591 1927 sed
614 1902 753 1938 propter
771 1897 1013 1935 mediatorem,
1042 1897 1102 1941 qui

113 1953 165 1980 est
184 1957 340 1979 summus
359 1948 518 1978 sacerdos
545 1946 691 1978 adsidue
719 1959 780 1988 pro
807 1947 908 1979 nobis
935 1948 1103 1989 interpel-
1129 1966 1131 1977 .

1126 1415 1128 1440 l

1126 1516 1129 1549 l

1126 1754 1130 1798 ἱ

115 1998 201 2029 lans.
255 1996 468 2041 Quanquam
499 1997 605 2037 igitur
628 2004 769 2039 propter
801 1998 976 2040 ingentem
1005 1998 1104 2031 iufir-
1129 1979 1132 2026 i

1129 2052 1132 2068 l

115 2047 271 2080 mitatem
290 2055 429 2079 nostrae
446 2055 589 2080 naturae
607 2048 642 2080 in
666 2045 729 2080 hac
747 2048 815 2079 vita
829 2074 835 2085 ,
865 2047 947 2081 haec
969 2051 1102 2082 incoata

117 2098 317 2130 obedientia
337 2097 437 2130 valde
457 2098 620 2139 languida
645 2106 676 2131 et
702 2099 860 2142 squalida
888 2108 959 2140 est,
990 2107 1104 2134 tamen
1129 2127 1131 2139 ,

117 2149 180 2181 illo
206 2148 329 2187 modo,
365 2155 404 2181 ut
421 2148 554 2181 dictum
582 2155 650 2189 est,
676 2149 788 2193 placet
805 2150 904 2190 Deo,
930 2158 962 2183 et
988 2152 1105 2184 uonni-
1128 2179 1132 2185 .

1128 2188 1132 2261 1

1025 2265 1103 2285 cum
1160 2253 1233 2296 pria
1249 2252 1449 2285 obedientia
1479 2263 1568 2296 qnae
1593 2258 1641 2284 est
1663 2251 1808 2294 integra.
1862 2249 2026 2285 Secundo
2049 2254 2143 2287 deri-

116 2299 170 2344 pie
188 2300 360 2343 cogitatur
379 2301 414 2332 in
440 2301 645 2345 quotidiana
671 2301 911 2339 invocatione,
947 2303 983 2334 iu
1014 2305 1105 2336 veris

116 2206 222 2232 natur
244 2198 381 2231 lusticia
403 2205 435 2232 et
451 2198 681 2232 Sacrificium.

217 2248 274 2282 Fit
292 2250 400 2292 magis
420 2250 599 2293 perspicua
624 2247 708 2282 haec
726 2257 796 2283 tota
816 2252 975 2284 doctrina
989 2279 997 2292 ,

118 2351 301 2384 doloribus
331 2358 362 2384 et
393 2352 567 2384 exercitiis
601 2352 860 2392 conversionis,
907 2354 942 2385 in
976 2355 1106 2397 quibus

119 2401 184 2444 ipsi
203 2402 350 2445 gemitus
367 2402 504 2445 piorum
522 2403 677 2436 refutant
696 2403 801 2436 etiam
825 2404 960 2436 furores
976 2404 1106 2437 Mona-

120 2449 266 2485 thorum
289 2460 321 2486 et
346 2453 634 2488 Antinomorurn.

120 2503 321 2546 intelligunt
349 2504 463 2541 aliud,
501 2505 568 2537 nisi
594 2504 760 2538 noticiam
788 2503 974 2546 historiae,
1001 2514 1031 2540 et
1051 2507 1107 2539 iu-

121 2556 206 2587 bent
230 2552 390 2587 homines
414 2567 550 2600 semper
573 2556 739 2589 dubitare
765 2567 809 2588 an
837 2556 995 2599 placeant
1020 2556 1105 2592 Deo.

120 2604 244 2637 Postea
260 2604 393 2647 fingunt
411 2618 514 2650 opera
533 2618 593 2641 sua
613 2618 686 2640 esse
703 2607 946 2651 impletionem
973 2608 1058 2651 legis
1074 2615 1108 2642 et

120 2655 243 2689 merita
271 2655 360 2689 vitae
386 2664 565 2698 aeternae,
606 2664 638 2692 et
663 2658 792 2691 multos
820 2669 954 2691 errores
984 2671 1103 2692 cumu-

553 85 586 119 3.
616 82 912 120 ENARRATIO
938 82 1094 120 EPIST.
1121 80 1267 117 PAULI
1296 79 1362 115 AD
1389 78 1648 116 ROMANOS.
1698 79 1800 114 CAP.
1828 80 1891 115 111.

704 2451 876 2487 Monachi
900 2455 1003 2487 fidem
1034 2468 1105 2488 non
1132 2452 1133 2462 ¹

2083 85 2155 119 886

1168 169 1261 209 lant,
1290 181 1440 214 quorum
1456 168 1587 201 falsitas
1605 166 1820 208 conspicitur
1837 167 1871 200 in
1892 167 1961 201 illis
1982 169 2063 213 ipsis
2085 172 2147 203 do-

1166 220 1301 253 loribus
1325 219 1475 263 piorum,
1536 218 1750 252 Refutantur
1774 225 1808 252 et
1829 220 2033 261 Antinomi,
2068 234 2147 255 sen,

1163 270 1256 304 tiunt
1281 271 1373 303 enim
1401 270 1448 312 pii
1473 282 1508 302 se.
1530 269 1677 302 iudicari
1704 269 1776 312 lege
1800 268 1886 309 Dei,
1926 272 2081 306 sentiunt
2110 274 2145 306 in

1164 321 1284 364 poenis
1302 322 1453 366 publicis
1473 327 1503 352 et
1522 321 1666 363 privatis
1689 321 1775 352 iram
1794 319 1858 353 Dei
1876 322 2000 354 iustam
2015 350 2021 362 ,
2056 337 2145 369 quae

1161 378 1210 404 est
1227 372 1312 414 legis
1330 371 1506 408 executio,
1526 378 1556 403 et
1575 372 1727 404 fatentur
1745 371 1835 403 idem
1854 374 1947 415 quod
1966 371 2141 416 Propheta

1161 422 1293 466 inquit:
1338 422 1483 463 Propter
1523 421 1742 464 iniquitatem
1780 423 1928 466 corripis
1969 421 2140 459 homines.

1158 472 1238 505 Non
1267 473 1420 515 cogitant
1453 472 1581 514 legem,
1621 472 1791 504 iudicium
1821 471 1905 511 Dei,
1950 474 2035 508 iram
2062 476 2141 517 Dei,

1158 523 1278 556 inania
1297 524 1464 556 vocabula
1489 534 1569 554 esse.

1258 576 1463 607 Intueamur
1493 584 1572 615 ergo
1607 573 1641 605 in
1676 573 1823 606 lectione
1851 572 1998 608 Paulina
2024 589 2140 609 veram

1156 625 1440 664 conversionem,
1466 636 1538 656 non
1557 624 1641 668 quid
1659 624 1888 657 audacissime
1905 626 2037 669 fingant
2053 626 2142 671 Epi-

1156 677 1269 717 curei,
1309 677 1369 721 qui
1399 682 1479 707 sunt
1514 674 1722 712 Antinomi,
1766 687 1827 708 nec
1857 676 1941 719 quid
1976 677 2142 712 simulent

1155 725 1340 768 monachi,
1382 726 1441 771 qui
1467 726 1626 758 iactitant
1654 737 1689 757 se
1717 726 1780 768 legi
1808 725 1871 759 Dei
1898 728 2141 771 obtemperare

1155 779 1332 811 autetiam
1356 777 1570 813 satisfacere,
1600 777 1671 808 imo
1693 785 1722 808 et
1744 777 1913 818 perfectos
1940 790 2031 815 esse,
2061 772 2139 811 curii

1154 841 1272 861 revera
1295 836 1425 862 mentes
1450 829 1518 861 sint
1536 825 1731 871 Epicureae
1756 834 1788 861 et
1813 827 1996 862 derideant
2016 827 2140 870 Deum,

1154 887 1184 912 et
1202 877 1289 911 hanc
1305 881 1331 911 si
1351 880 1563 912 ..ulationem
1583 879 1622 910 ad
1642 885 1822 922 quaestum
1840 879 2032 912 conferant.

1258 931 1371 973 Magia
1397 939 1443 963 est
1478 931 1666 973 impudens
1693 928 1795 961 etiam
1826 929 1981 974 Cynicus
2007 931 2042 963 in
2066 932 2141 964 Au-

1152 982 1235 1014 stria
1258 1009 1267 1022 ,
1306 983 1364 1026 qui
1399 993 1517 1014 recens
1553 979 1734 1013 renovavit
1763 979 1900 1023 scriptis
1931 993 2064 1014 errores
2100 985 2142 1016 de

1153 1033 1381 1075 perfectione:
1417 1033 1577 1064 nominat
1618 1030 1864 1074 perfectionem
1889 1029 2142 1066 monachorum

1154 1084 1432 1122 mendicitatem,
1457 1096 1559 1127 quam
1580 1084 1641 1115 scit
1658 1081 1846 1125 aucupium
1865 1094 1935 1115 esse
1954 1084 2139 1117 artificiose

1154 1135 1375 1174 institutum,
1419 1146 1491 1165 non
1533 1141 1601 1166 'tam
1644 1133 1685 1164 ad
1727 1134 1939 1174 pascendum
1973 1142 2143 1173 ventrem,

1154 1198 1259 1229 quam
1284 1187 1326 1217 ad
1356 1185 1546 1227 potentiam
1567 1185 1813 1228 quaerendam.
1867 1183 1933 1217 Sed
1957 1191 1987 1217 te
2009 1185 2057 1217 fili
2077 1184 2142 1219 Dei

1152 1235 1305 1268 Domine
1324 1235 1398 1269 lesu
1425 1233 1584 1271 Christe„
1614 1234 1672 1278 qui
1699 1246 1778 1266 vere
1804 1233 1940 1276 colligis
1964 1243 2141 1269 aeternam

1154 1285 1344 1319 Ecclesiam
1366 1297 1448 1317 voce
1466 1283 1667 1327 Evangelii,
1687 1296 1767 1323 oro,
1795 1291 1832 1316 ut
1851 1286 2028 1319 veritatem
2047 1295 2143 1320 tuam

1155 1337 1306 1370 illustres
1324 1343 1355 1369 et
1374 1336 1542 1378 reprimas
1562 1347 1683 1367 omnes
1703 1335 1891 1378 impiorum
1911 1337 2056 1370 furores.
2085 1337 2142 1371 Tu

1156 1388 1250 1420 sides
1268 1394 1397 1432 quanta
1415 1386 1457 1420 sit
1475 1393 1507 1419 et
1527 1386 1660 1425 rabies,
1685 1392 1717 1418 et
1738 1386 1892 1428 potentia
1910 1384 2064 1421 hostium
2085 1402 2143 1419 ve-

1156 1439 1283 1478 ritatis,
1316 1437 1367 1470 Te.
1403 1437 1547 1481 supplex
1580 1438 1736 1470 obtestor
1769 1445 1910 1480 propter
1943 1445 2034 1471 tuam
2067 1440 2142 1482 glo-

1157 1492 1262 1529 riam,
1288 1497 1324 1522 ut
1355 1490 1535 1521 xer-itatem
1555 1496 1649 1521 tuam
1676 1487 1846 1526 illustres,
1876 1496 1905 1520 et
1926 1502 1989 1521 nos
2013 1491 2142 1533 guber-

1156 1552 1233 1579 nes,
1263 1547 1295 1572 et
1320 1541 1354 1571 iu
1381 1539 1483 1571 nobis
1508 1540 1675 1571 accendas
1701 1545 1731 1571 et
1756 1550 1880 1580 augeas
1900 1539 2010 1572 lucein
2037 1549 2144 1581 tuam,

1155 1598 1187 1623 et
1211 1590 1326 1622 deleas
1357 1589 1537 1622 mendacia
1571 1597 1601 1622 et
1627 1586 1879 1631 blasphemias,
1921 1603 2004 1634 quas
2028 1592 2144 1636 cyclo-

1156 1641 1230 1683 pica
1250 1638 1494 1684 proph-mittite
1511 1647 1630 1673 contra
1647 1648 1679 1673 te
1699 1639 1801 1673 multi
1827 1647 1860 1674 et
1884 1642 2006 1674 dicunt
2026 1651 2057 1677 et
2083 1645 2143 1676 de-

1156 1693 1296 1724 fendere
1321 1698 1505 1724 conantur.

1260 1742 1304 1776 Ut
1322 1750 1436 1775 autem
1458 1740 1521 1774 hoc
1540 1741 1617 1773 loco
1638 1740 1768 1775 Paulus
1788 1742 1920 1787 inquit,
1948 1743 2013 1776 fide
2032 1744 2142 1788 legem

1130 1807 1131 1815 ¹
1157 1793 1374 1832 stabilimus,
1416 1793 1461 1825 ita
1488 1792 1600 1836 inquit
1630 1790 1822 1826 Dominus:
1858 1793 1935 1826 Non
1970 1796 2048 1827 veni
2073 1797 2144 1828 sol-

1158 1856 1234 1876 vere
1254 1844 1361 1886 legem
1375 1872 1382 1883 ,
1401 1846 1458 1876 sed
1479 1843 1635 1886 ivr-plere.
1671 1841 1803 1876 Graeca
1823 1841 1960 1887 phrasis
1979 1853 2026 1878 est
2045 1843 2144 1880 λύειν

1129 1891 1131 1923 ἶ
1156 1892 1291 1939 νόμον,
1321 1897 1413 1939 quod
1432 1895 1619 1937 significat,
1652 1906 1721 1925 non
1742 1902 1878 1927 tantum
1898 1896 2063 1929 delictum
2082 1900 2143 1930 ad-

1129 1928 1132 1958 Ι

1158 1947 1295 1979 mittere
1315 1952 1434 1979 contra
1454 1947 1574 1987 legem,
1603 1946 1661 1977 sed
1682 1945 1790 1988 ipsam
1808 1947 1916 1989 legem
1935 1947 2086 1988 abolere,
2105 1957 2143 1982 ut

1157 2009 1234 2029 cum
1254 1997 1420 2029 dicimus:
1450 1996 1573 2030 Cicero
1590 1995 1724 2029 Consul
1742 1997 1894 2030 abolevit
1914 1998 2022 2040 legem
2042 2011 2142 2044 agra-

1158 2049 1258 2082 riam.
1334 2046 1509 2081 Adfirmat
1543 2047 1652 2090 igitur
1682 2046 1856 2081 Dominus
1895 2055 2014 2082 noster
2049 2049 2143 2083 lesus

1158 2097 1334 2138 Christus,
1372 2111 1405 2132 se
1432 2111 1504 2132 non
1533 2098 1668 2130 venisse
1691 2105 1728 2132 ut
1757 2099 1866 2143 legem
1894 2100 2048 2141 aboleat,
2084 2102 2142 2134 sed

1157 2157 1195 2184 ut
1219 2151 1371 2194 impleat.

1263 2200 1409 2245 Impleat
1428 2208 1542 2234 autem
1561 2206 1713 2245 quatuor
1731 2200 1853 2233 modis.
1890 2199 2047 2235 Primum
2062 2215 2144 2245 pro-

1161 2305 1275 2336 vando
1300 2304 1336 2335 in
1359 2314 1432 2336 sese
1459 2314 1626 2346 poenam,
1655 2314 1757 2345 quam
1780 2313 1842 2333 nos
1862 2302 1927 2345 legi
1947 2304 2143 2338 debuimus.

1160 2354 1258 2387 Adeo
1276 2355 1369 2387 enim
1387 2354 1460 2387 vult
1480 2352 1574 2386 Deus
1591 2360 1700 2384 ratam
1719 2363 1789 2385 esse
1806 2352 1911 2393 legem
1928 2367 2037 2393 suam,
2054 2369 2142 2400 quae

1160 2413 1209 2438 est
1227 2413 1366 2438 aeterna
1383 2404 1553 2448 sapientia
1573 2410 1605 2436 et
1625 2415 1747 2435 norma
1764 2403 1920 2436 insuetae
1939 2405 1972 2437 in
1993 2407 2086 2449 ipso,
2104 2416 2140 2440 ut

1160 2469 1362 2501 quanquam
1399 2467 1460 2500 per
1494 2454 1769 2487 misericordiam
1814 2456 1935 2497 recipit
1974 2454 2142 2494 homines.

1160 2515 1275 2540 tamen
1294 2509 1340 2541 ita
1360 2507 1401 2540 sit
1419 2506 1579 2550 copulata
1606 2504 1759 2544 iusticia,
1788 2512 1823 2538 ut
1844 2506 1909 2548 legi
1928 2508 2085 2540 satisfieri
2111 2517 2142 2542 et

1161 2559 1310 2602 persolvi
1341 2569 1489 2602 poenam
1517 2568 1579 2600 pro
1603 2556 1706 2588 nobis
1729 2557 1889 2591 voluerit.
1957 2557 2024 2590 Hic
2049 2560 2143 2601 cugi-

1159 2616 1233 2643 tent
1256 2608 1462 2645 Antimoni,
1503 2608 1530 2639 si
1564 2618 1637 2640 non
1672 2615 1753 2639 sunt
1775 2606 1959 2649 Epicurei,
1995 2610 2079 2654 quid
2100 2611 2143 2643 sit

1160 2661 1231 2704 lex,
1260 2668 1291 2694 et
1309 2671 1415 2705 quare
1437 2658 1587 2692 voluerit
1603 2656 1698 2690 Deus
1725 2669 1796 2691 esse
1821 2667 1949 2699 ratam,
1976 2671 2052 2692 cum
2073 2673 2143 2694 nou

1594 2705 1671 2741 56¹⁸

1131 2397 1134 2444 l
