2415 2942
60 142 161 178 1197

158 226 209 261 Ita
236 233 310 271 post
339 225 576 270 Augustinum
606 226 715 270 aliqui
738 226 899 262 fuerunt,
935 231 966 258 et
991 236 1047 257 re-

57 289 138 311 cens
172 276 376 317 Lutherus,
422 279 482 322 qui
531 277 720 310 discrimen
760 276 849 308 illud
894 275 978 318 legis
1014 282 1046 308 et

55 328 262 372 Evangelii,
290 336 322 361 et
341 329 461 361 literae
481 341 519 361 ac
541 328 683 371 spiritus
700 333 926 360 renovarunt.

155 386 404 421 Commoratur
421 388 457 419 in
482 385 548 420 boc
572 385 776 419 discrimine
794 384 923 418 Paulus
942 397 959 417 a
976 392 1045 418 ter-

54 437 95 471 tii
115 438 239 481 capitis
256 438 358 471 initio
375 449 485 482 usque
501 439 543 470 ad
562 444 695 470 sextum
721 443 840 479 caput,
868 443 901 469 et
926 437 1045 469 miscet

37 485 252 522 'doctrinam
277 495 310 522 et
336 488 611 528 consolationes,
640 499 729 532 quae
758 487 901 531 quidem
921 499 960 519 ex
979 487 1045 519 do-

54 540 166 573 ctrina
183 539 377 572 necessario
399 545 606 584 sequuntur.

157 597 316 631 Primum
339 598 527 630 discrimen
556 596 741 631 ministerii
767 596 852 639 legis
880 602 913 629 et
936 595 1044 628 mini-

55 649 151 681 sterii
187 649 378 691 evangelici
416 648 568 681 sumitur
599 660 617 680 a
650 646 820 692 proximis
851 646 1042 679 effectibus.

53 699 294 733 ministerium
314 699 409 740 legis,
425 699 499 731 sine
516 711 598 731 voce
619 696 814 741 Evangelii,
837 704 885 730 est
905 703 1039 730 tantum

55 750 290 782 ministerium
313 747 453 788 mortis,
482 749 515 782 id
536 756 606 789 est,
634 756 692 782 aut
711 756 758 782 est
779 748 918 792 politica
937 748 1042 780 disci-

55 801 170 845 plina,
198 812 286 845 quae
302 808 351 834 est
369 808 507 833 externa
524 799 732 843 gubernatio
758 806 789 832 et
814 799 952 831 frenum
979 811 1041 841 po-

54 852 184 885 tentiae
211 851 460 890 locomotivae,
487 857 525 883 ut
548 850 792 883 nominamus:
826 856 885 882 aut
911 856 959 882 est
987 849 1042 881 iu-

53 902 205 940 dicium,
233 913 302 945 quo
321 900 416 933 Deus
435 901 589 934 ostendit
609 901 643 933 in
664 903 767 934 corde
784 898 937 933 hominis
958 897 1038 932 bor-

54 952 200 985 rendam
219 951 305 983 iram
331 952 497 984 adversus
523 958 719 994 peccatum,
747 953 788 984 de
813 963 882 996 quo
909 951 1040 983 iudicio

55 1002 185 1035 dicitur
217 1001 340 1034 Esaiae
365 1002 449 1036 38.:
495 1001 593 1036 Sicut
623 1002 677 1035 leo
721 1002 888 1035 contrivit
921 1001 1040 1034 omnia

54 1064 131 1085 ossa
155 1065 243 1087 mea.
312 1051 356 1085 Et
381 1052 510 1085 Paulus
546 1052 652 1088 Rom.
670 1053 703 1087 3.
730 1053 793 1086 ait:

53 1103 207 1146 cognitio
232 1103 373 1147 peccati,
449 1103 554 1136 ltem:
590 1103 661 1136 Lex
688 1104 776 1136 iram
805 1103 925 1143 efficit,
956 1102 1039 1147 quia

53 1152 149 1187 Deus
173 1151 264 1186 hanc
290 1153 456 1186 noticiam
485 1155 521 1186 in
546 1152 689 1187 homine
715 1161 790 1198 post
815 1155 951 1195 lapsum
976 1165 1039 1186 vo-

53 1204 121 1237 luit
144 1204 316 1249 reliquam
343 1216 432 1244 esse,
473 1212 510 1238 ut
536 1217 595 1248 per
626 1218 700 1237 eam
728 1212 866 1248 regatur
898 1211 1039 1238 externa

51 1255 257 1298 disciplina,
293 1263 323 1288 et
348 1256 476 1288 deinde
502 1263 538 1289 ut
563 1256 605 1288 sit
632 1268 699 1288 vox
726 1255 935 1293 sententiae,
971 1267 1037 1299 qua

51 1304 147 1339 Deus
165 1312 334 1339 monstret
353 1306 439 1338 iram
464 1313 496 1339 et
520 1307 861 1339 condemnationem.

52 1356 179 1389 festum
204 1364 254 1390 est
279 1364 411 1396 autem,
437 1369 508 1389 non
535 1357 646 1389 solum
672 1370 742 1389 nou
762 1357 836 1390 tolli
855 1363 1032 1399 peccatum

52 1413 84 1440 et
111 1414 278 1447 mortem,
317 1407 447 1440 iudicio
475 1408 537 1440 illo
570 1414 601 1440 et
636 1418 737 1439 sensu
766 1409 836 1439 irae
860 1407 944 1447 Dei,
977 1407 1037 1439 sed

53 1458 156 1490 etiam
183 1455 277 1490 hunc
304 1458 417 1501 ipsum
444 1469 583 1490 sensum
608 1458 680 1490 irae
700 1458 768 1491 Dei
790 1470 861 1490 esse
881 1469 1037 1501 pavores,
1064 1473 1066 1486 ι

53 1515 87 1541 et
111 1508 250 1541 dolores
275 1508 445 1542 tristiores
470 1509 542 1553 ipsa
569 1516 680 1542 morte
705 1509 880 1552 corporis,
909 1515 940 1541 et
968 1509 1037 1540 ini-

53 1559 141 1593 tium
170 1566 391 1592 aeternarum
418 1571 628 1603 poenarum,
655 1560 722 1591 nisi
749 1572 831 1592 voce
856 1558 1036 1601 Evangelii

51 1620 114 1653 per
129 1609 241 1641 filium
257 1607 322 1641 Dei
344 1606 448 1642 homo
467 1610 652 1650 liberetur,
680 1610 767 1642 sicut
786 1611 953 1653 scriptum
973 1615 1037 1641 est:

53 1659 206 1692 Aculeus
243 1659 365 1691 mortis
399 1666 577 1703 peccatum
604 1667 672 1697 est,
715 1659 875 1692 Potentia
908 1659 1037 1702 peccati
1064 1683 1066 1697 2

52 1710 118 1742 tex.
174 1708 296 1742 Gratia
314 1716 428 1742 autem
446 1709 539 1750 Deo,
564 1711 624 1754 qui
650 1712 707 1743 dat
731 1711 833 1743 nobis
856 1711 1037 1743 victoriam

53 1772 116 1805 per
142 1759 337 1793 Dominum
362 1768 520 1793 nostrum
546 1760 657 1794 lesum
681 1759 874 1795 Christum.
930 1760 1038 1793 Prae—

55 1818 147 1845 terea
178 1811 363 1854 disciplina
398 1818 539 1844 externa
572 1824 634 1844 nec
664 1812 756 1846 toltit
787 1818 938 1855 peccata,
975 1824 1038 1844 nec

51 1869 212 1905 meretur*
224 1861 465 1896 remissionem
488 1869 730 1906 peccatorum,
758 1875 822 1896 nec
847 1871 896 1897 est
915 1863 1038 1906 imple-

0 1923 8 1962 ²]
49 1912 100 1946 tio
127 1911 226 1955 legis.

149 1979 218 2014 Sed
236 1979 467 2023 Evangelium
492 1987 540 2014 est
559 1980 792 2013 ministerium
812 1981 974 2025 spirituS,
999 1987 1037 2014 ut
1064 1995 1065 1999 ¹

0 2030 11 2079 '2
52 2028 109 2064 hie
141 2030 317 2074 incapite
350 2032 452 2064 tertio
487 2032 636 2074 dicitur,
673 2033 706 2064 id
736 2038 806 2073 est,
845 2045 928 2070 vox,
969 2044 1035 2076 qua

8 2082 12 2098 ³
50 2081 145 2115 Deus
165 2082 320 2114 credenti
349 2083 493 2115 remittit
523 2090 658 2125 peccata
685 2090 827 2126 propter
848 2083 977 2120 lilium,
1005 2091 1036 2116 et

11 2136 13 2147 ’
51 2133 109 2165 dat
135 2132 308 2175 Spiritum
334 2139 511 2172 sanctum,
545 2146 614 2177 quo
643 2135 746 2166 corda
782 2135 817 2167 in
848 2134 909 2166 illo
933 2145 1036 2166 sensu
1063 2147 1064 2151 ¹

11 2183 15 2221 s
51 2183 123 2216 irae
144 2182 207 2215 Dei
232 2189 263 2216 et
280 2183 316 2215 in
337 2184 527 2227 pavoribus
551 2184 750 2226 eriguntur,
780 2192 813 2218 et
837 2197 875 2217 ex
902 2185 1036 2217 dolori-

50 2234 116 2267 bus
139 2234 333 2266 inserorum
363 2234 581 2277 eripiuntur,
618 2242 650 2267 et
678 2236 833 2268 sentiunt
861 2247 978 2279 pacem
1004 2242 1037 2269 et

15 2287 17 2291 '
51 2284 219 2318 laetitiam
240 2285 277 2317 in
297 2284 389 2323 Deo,
418 2292 448 2318 et
467 2285 566 2317 initia
586 2285 675 2318 vitae
693 2293 863 2322 aeternae.

151 2351 313 2386 Alterum
349 2352 538 2386 discrimen
569 2361 619 2386 est
653 2354 696 2386 ab
725 2354 970 2394 ulterioribus,
1003 2360 1035 2387 et

51 2403 182 2444 modis,
210 2403 270 2448 qui
291 2404 469 2437 accedunt.
523 2404 614 2447 Lege
639 2405 877 2448 promulgata,
905 2405 1034 2438 consti-

7 2467 9 2486 :
51 2454 161 2487 tuitur
187 2454 307 2498 politia
328 2453 466 2499 Moysi,
495 2463 528 2489 et
551 2456 730 2488 adduntur
757 2456 928 2497 gloriosae
947 2457 1034 2489 libe-

9 2519 24 2529 -·
50 2505 201 2538 rationes
221 2506 438 2548 corporales,
473 2506 610 2540 eductio
631 2518 670 2538 ex
688 2504 867 2551 Aegypto,
893 2514 923 2540 et
942 2507 1034 2539 mul—

50 2561 103 2588 tae
129 2555 357 2588 admirandae
379 2557 564 2599 victoriae,
594 2557 764 2600 repressio
793 2569 914 2590 cursus
939 2558 1034 2597 solis,
1058 2575 1060 2602 ς

48 2612 81 2639 et
103 2606 168 2638 alia
196 2605 410 2640 incurrentia
434 2608 470 2640 in
495 2608 615 2641 oculos
647 2608 838 2640 multarum
865 2609 1033 2652 gentium,
1058 2626 1059 2645 ;

26 2654 29 2671 z
48 2663 80 2689 et
98 2668 186 2701 quae
211 2658 402 2700 proderant
425 2659 611 2693 universae
633 2659 876 2701 multitudini,
904 2660 1032 2693 sant-tis

47 2714 79 2742 et
96 2719 167 2740 non
186 2707 324 2740 sanctis.

601 137 889 175 PRAEFATIO
917 138 966 173 IN
995 137 1040 175 ΙΙ,
1067 133 1221 172 EPIST.
1251 132 1316 169 AD
1342 132 1578 170 CORINTH.

837 1052 905 1085 Per
929 1053 1038 1094 legem
1066 1078 1067 1083 ,

917 1305 1038 1338 Mani-
1064 1301 1066 1307 ’

1997 132 2091 166 1198

1073 230 1077 279 J
1200 219 1382 261 Evangelii
1408 232 1490 252 vero
1515 218 1750 263 promulgatio
1768 229 1840 250 non
1858 214 1961 250 babet
1985 216 2084 248 simi-

1072 282 1075 332 Ι
1100 272 1168 304 lem
1205 271 1383 313 politicam
1413 271 1582 311 gloriam,
1624 281 1686 302 nec
1717 268 1898 301 constituit
1927 267 2084 311 politiam

1099 322 1342 360 mundanam,
1379 322 1437 354 sed
1465 321 1597 363 colligit
1623 320 1707 352 alibi
1733 319 1820 352 alios
1846 319 2022 351 auditores
2047 317 2083 349 in

1071 335 1075 414 Ι
1099 372 1246 405 diversis
1269 372 1418 414 politiis,
1459 378 1493 404 et
1518 378 1566 404 est
1591 370 1843 408 ministerium,
1879 381 1948 413 quo
1973 369 2008 400 in
2033 368 2082 401 eis

1071 418 1074 468 f
1099 423 1286 455 incoautur
1311 422 1446 455 iusticia
1473 427 1507 454 et
1532 422 1600 454 vita
1629 427 1778 453 aeterna.
1840 418 1974 452 Interea
1999 431 2082 451 vero

1071 470 1136 506 lin
1170 471 1235 506 hac
1269 473 1409 505 mortali
1446 472 1515 505 vita
1545 478 1688 504 manent
1721 470 1896 504 auditores
1934 469 2081 502 subiecti

1099 524 1211 564 cruci,
1234 530 1265 556 et
1284 523 1486 565 ingentibus
1506 523 1692 555 aerumnis.
1745 520 1820 554 Hac
1837 521 1948 563 specie
1965 527 2080 553 autem

1098 575 1198 607 valde
1222 574 1422 606 alienantur
1455 573 1563 605 animi
1595 570 1778 604 hominum
1806 572 1848 604 ab
1875 570 2080 614 Evangelio.

1069 638 1072 655 l
1098 625 1402 658 Absurdissimum
1423 624 1516 655 enim
1537 623 1695 662 videtur,
1730 619 1793 654 hos
1817 622 1991 665 dispersos
2013 619 2079 653 bo-

1069 658 1072 719 l
1098 676 1211 709 mines
1235 676 1310 708 sine
1334 675 1482 718 politia,
1527 675 1602 706 sine
1631 679 1722 705 certa
1748 673 1846 714 sede,
1881 673 1954 704 sine
1985 678 2079 704 certo

1068 722 1072 738 ³
1097 727 1268 771 imperio,
1295 726 1370 758 sine
1396 725 1597 769 praesidiis,
1625 724 1684 768 qui
1714 722 1838 766 passim
1863 734 1880 755 a
1906 722 2080 767 quibusli-

1067 740 1071 824 Ι
1095 778 1154 811 bet
1178 777 1454 817 interficiuntur,
1483 787 1554 808 esse
1578 774 1746 818 populum
1764 772 1841 808 Dei.
1901 772 1972 806 Nec
1995 784 2079 805 con-

1067 826 1069 856 l
1095 835 1299 861 sentancum
1326 834 1401 866 est,
1441 839 1517 859 cum
1541 825 1683 871 Moyses
1709 831 1778 857 tam
1806 823 1961 868 pulcram
1989 823 2080 867 poli-

1094 879 1178 912 tiam
1198 879 1437 918 constituerit,
1464 876 1631 910 Blessiam
1650 875 1788 909 nullum
1809 881 1941 908 certum
1959 872 2078 918 hospi-

1095 930 1182 963 tium
1199 930 1270 962 suis
1289 930 1435 963 tradere.

1066 993 1070 1040 l
1197 996 1292 1029 Haec
1317 996 1468 1029 absurda
1497 1005 1634 1037 semper
1663 1005 1786 1027 omnes
1817 990 1978 1025 homines
2004 1004 2079 1025 mo-

1067 1044 1068 1056 *
1094 1054 1185 1082 vent.
1240 1048 1306 1081 Sed
1333 1047 1463 1079 Paulus
1488 1046 1694 1092 respondet,
1730 1044 1931 1077 Ministerio
1958 1042 2077 1076 Evan-

1065 1094 1067 1123 3
1093 1098 1404 1143 geliiafferribona
1422 1108 1644 1141 nequaquam
1657 1096 1823 1139 peritura,
1844 1101 1881 1127 ut
1899 1094 2076 1127 intereunt

1064 1125 1067 1183 l
1093 1150 1254 1194 politica:
1279 1150 1336 1182 sed
1356 1155 1512 1185 aeterna,
1542 1155 1574 1181 et
1590 1147 1648 1187 ait,
1678 1145 1759 1180 huic
1778 1146 1855 1178 voci
1872 1145 1973 1178 etiam
1994 1145 2077 1176 addi

1065 1190 1067 1248 f
1093 1200 1308 1241 testimonia,
1330 1206 1368 1232 ut
1386 1198 1667 1232 resuscitationes
1685 1204 1923 1236 mortuorum,
1951 1203 1982 1228 et
2009 1195 2075 1227 alia

1092 1252 1272 1284 miracula.
1334 1250 1378 1282 Et
1411 1249 1612 1282 consolatur
1644 1247 1837 1281 Ecclesiam
1872 1247 2076 1279 dulcissimo

1093 1308 1299 1346 argumento
1325 1314 1363 1333 ex
1381 1301 1518 1333 minore
1538 1306 1664 1332 sumto.

1063 1339 1068 1400 Ι
1194 1368 1282 1401 Cum
1298 1368 1403 1400 fuerit
1422 1378 1543 1410 magna
1563 1365 1673 1408 gloria
1695 1370 1727 1398 et
1747 1364 1965 1398 conservatio
1984 1365 2074 1408 poli-

1064 1408 1178 1468 }tiae,
1213 1432 1300 1464 quae
1326 1420 1362 1451 in
1395 1417 1677 1460 promulgatione
1707 1416 1792 1459 legis
1824 1416 1982 1448 instituta
2016 1423 2076 1455 est,

1092 1483 1180 1515 quae
1214 1469 1433 1503 tamenrfuit
1467 1481 1520 1500 res
1554 1468 1763 1501 interitura:
1808 1467 2075 1499 conservabitur

1093 1520 1186 1554 haud
1211 1521 1318 1553 dubie
1345 1519 1448 1552 etiam
1475 1518 1658 1555 Ecclesia,
1708 1524 1740 1550 et
1774 1517 1839 1550 erit
1863 1517 1976 1550 maior
1999 1517 2074 1550 eius

1064 1601 1066 1608 ,
1091 1572 1222 1615 gloria,
1249 1570 1382 1604 etiamsi
1402 1570 1618 1602 dissimiliter
1635 1567 1719 1601 haec
1738 1569 1834 1603 fiunt.

1192 1638 1273 1671 Post
1293 1636 1355 1671 has
1375 1638 1577 1671 collationes
1604 1637 1687 1680 legis
1714 1643 1744 1669 et
1763 1634 1966 1679 Evangelii,
1994 1648 2073 1669 cum

1064 1702 1066 1709 ’
1093 1688 1158 1723 hoc
1180 1690 1376 1722 ministerio
1402 1688 1549 1721 Messiae
1576 1700 1646 1720 non
1674 1687 1906 1720 constituatur
1929 1698 2074 1730 regnum

1092 1741 1294 1785 politicum,
1328 1747 1365 1772 ut
1391 1739 1511 1772 Iudaei
1535 1739 1774 1776 somniarunt,
1810 1745 1841 1771 et
1865 1738 2016 1772 Ecclesia
2037 1738 2074 1770 in

1093 1792 1240 1824 diversis
1274 1791 1430 1835 imperiis
1466 1798 1497 1824 et
1530 1790 1565 1822 in
1595 1790 1837 1833 persecutione
1869 1789 2071 1830 colligatur:

1064 1864 1067 1882 ,
1093 1855 1228 1875 necesse
1248 1850 1294 1874 est
1312 1841 1428 1874 doceri
1451 1839 1640 1874 Ecclesiam
1661 1842 1703 1872 de
1721 1852 1843 1879 cruce,
1871 1847 1901 1872 et
1922 1842 1963 1872 de
1991 1852 2075 1872 ven-

1093 1901 1167 1926 tura
1194 1893 1402 1926 liberatione
1427 1893 1463 1924 in
1502 1893 1572 1925 vita
1605 1899 1756 1926 aeterna.
1833 1891 1942 1924 Addit
1966 1891 2074 1932 igitur

1093 1944 1222 1977 Paulus
1240 1945 1275 1976 iu
1295 1944 1404 1987 capite
1423 1941 1446 1976 4
1465 1950 1498 1977 et
1515 1941 1548 1976 5.
1571 1943 1756 1976 conciones
1776 1943 1818 1975 de
1837 1954 1955 1981 cruce,
1983 1949 2014 1975 et
2031 1943 2073 1975 de

1092 1996 1160 2028 vita
1179 2003 1334 2028 aeterna:
1363 2002 1394 2027 et
1416 1995 1539 2027 inserit
1564 1994 1715 2037 insignes
1731 1993 1918 2025 sententias
1938 1995 1980 2025 de
1996 2004 2072 2025 cae—

1092 2047 1172 2079 teris
1199 2044 1383 2087 Evangelii
1412 2045 1596 2083 membris,
1625 2044 1735 2089 qualis
1762 2042 1846 2077 llaec
1869 2050 1917 2076 est
1944 2044 1978 2075 iu
2005 2042 2072 2076 line

1090 2097 1124 2129 5.
1142 2097 1275 2139 capitis,
1301 2109 1387 2141 quae
1405 2105 1452 2129 est
1471 2103 1635 2141 tanquam
1657 2096 1813 2139 epilogus
1831 2094 2068 2138 superiorum:

1063 2160 1064 2163 ’
1090 2147 1142 2181 De
1160 2146 1298 2181 Christo
1317 2148 1487 2190 legatione
1505 2148 1696 2189 fungimur,
1726 2154 1889 2190 tanquam
1912 2144 1985 2176 Deo
2005 2146 2066 2176 ad-

1092 2197 1254 2232 hortante
1287 2211 1346 2242 per
1371 2211 1452 2236 nos,
1489 2206 1520 2231 et
1546 2210 1728 2240 precamur
1760 2197 1902 2228 nomine
1921 2194 2070 2229 Clu-isti:

1089 2249 1383 2284 Reconciliamiui
1404 2250 1489 2284 Deo.
1542 2248 1635 2282 Eum
1656 2249 1770 2284 enim,
1801 2249 1860 2291 qui
1881 2260 1950 2279 non
1972 2247 2070 2280 noxit

1089 2309 1266 2344 peccatum
1286 2313 1347 2344 pro
1366 2302 1467 2333 uobis
1487 2300 1565 2332 fecit
1585 2307 1781 2342 peccatum,
1810 2306 1846 2331 ut
1866 2311 1927 2330 nos
1947 2298 2069 2330 fiamus

1088 2352 1223 2385 iusticia
1246 2352 1320 2384 Deo
1342 2351 1377 2383 in
1397 2351 1481 2394 ipso.
1536 2349 1610 2383 Etsi
1627 2358 1739 2383 autem
1760 2356 1829 2382 tota
1847 2349 1947 2382 lectio
1967 2348 2069 2391 plena

1060 2415 1062 2431 ι
1088 2409 1137 2435 est
1162 2403 1342 2435 doctrinae
1367 2401 1598 2441 necessariae,
1640 2407 1754 2434 tamen
1781 2399 1863 2432 haec
1895 2399 2067 2431 sententia

1059 2493 1062 2502 .
1090 2454 1272 2497 praecipue
1291 2454 1393 2496 digna
1414 2459 1463 2485 est
1481 2452 1778 2494 consider-itione,
1807 2451 1887 2495 quia
1907 2458 1937 2482 et
1963 2450 2068 2481 mini-

1058 2504 1060 2507 ’
1087 2505 1182 2537 stet-ii
1200 2505 1404 2547 dignitatem
1426 2504 1587 2541 illustrat,
1606 2510 1635 2535 et
1651 2501 2070 2545 posteasplendidissimis

1058 2561 1060 2566 ⁸
1087 2556 1206 2597 figuris
1226 2557 1456 2589 concionatur
1473 2555 1515 2586 de
1532 2555 1739 2586 redemtore.
1792 2553 1890 2586 Duae
1909 2559 1987 2584 sunt
2014 2548 2069 2583 hic

1087 2607 1359 2649 ailpellatioues,
1389 2606 1493 2637 altera
1514 2605 1663 2648 peccati,
1693 2604 1798 2636 altera
1818 2604 1973 2636 iusticiae
1994 2600 2068 2633 Dei.

1086 2656 1186 2690 ¹Nihil
1212 2665 1326 2690 autem
1356 2656 1490 2690 tristius
1515 2655 1693 2688 nominari
1711 2662 1839 2698 potest,
1868 2666 1970 2698 quam
1991 2664 2070 2693 pec-

1055 2700 1060 2746 l
1087 2716 1220 2751 catum,
1257 2708 1338 2753 quia
1363 2714 1412 2741 est
1441 2707 1592 2747 malum,
1634 2706 1688 2739 cui
1723 2705 1816 2738 Deus
1851 2703 2070 2738 horribiliter
