2415 2942
118 126 190 164 185
508 127 587 164 XII.

115 221 195 248 sunt
225 211 393 247 horribili
427 214 623 248 vastatione
655 211 885 246 immanitatis
916 218 949 246 et
974 213 1104 246 furoris

114 262 356 300 Mahometici.

215 322 400 357 Discamus
416 334 497 367 ergo
513 334 718 366 agnoscere,
747 327 917 366 qnantum
933 320 976 354 sit
992 320 1102 353 bene-

111 375 230 408 ficium
260 373 389 408 habere
421 375 618 408 doctrinam
651 371 835 415 Evangelii
867 378 901 405 et
931 372 1099 405 noticiam

111 423 267 466 Christi,
294 438 333 459 ac
347 437 549 464 caveamus,
577 437 620 458 ne
637 430 757 456 nostro
774 422 859 456 vitio
878 420 969 455 hanc
986 423 1098 455 lucem

112 477 332 517 amittamus,
359 483 391 510 et
413 486 626 510 accersamus
648 474 751 506 nobis
769 485 916 516 poenas,
943 474 1000 506 sed
1019 485 1098 505 ore-

111 539 190 560 mus
208 526 340 567 Deum,
365 533 403 560 ut
427 532 539 559 servet
560 524 626 558 hoc
649 535 778 557 munus
796 524 955 557 coeleste.
1007 523 1097 557 Nam

113 574 181 610 hae
199 578 389 610 sententiae
407 582 580 610 testantur
596 587 668 608 non
688 586 787 619 posse
808 576 916 608 vitare
936 575 1098 608 tenebras

113 635 146 662 et
167 638 317 667 errore5‚
350 639 414 660 nec
438 627 580 659 liberari
606 638 624 658 a
648 625 792 670 poenis,
826 625 894 659 nisi
919 623 1003 666 hos,
1036 625 1097 670 qui

110 678 178 710 fide
210 678 363 711 retinent
394 677 560 711 noticiam
589 675 742 718 Christi,
775 689 881 722 quam
905 677 1011 711 tradit
1032 678 1097 710 do-

109 728 221 761 ctrina
238 727 434 772 Evangelii.

255 835 443 888 Numquid
465 836 651 885 interficiet
676 837 862 886 seipsum?
889 842 949 872 etc.

210 912 320 953 Vide,
355 913 440 959 quid
472 913 575 947 faciat
606 913 781 947 obstinata
805 913 991 957 impietas?
1025 919 1095 946 tam

105 965 239 998 tristem
257 965 566 998 comminationem
583 965 746 1010 lacrymis
764 971 796 998 et
815 976 892 997 vera
911 964 1096 1008 poeniten-

106 1016 154 1049 tia
171 1016 437 1060 deprecandam,
465 1016 644 1059 excipiunt
662 1016 794 1054 sannis,
824 1021 858 1048 et
876 1016 1095 1048 amarulento

107 1077 293 1102 sarcasmo.
335 1066 504 1111 Nunquid
525 1067 710 1100 interficiet
726 1067 876 1110 seipsum
897 1073 973 1106 etc.⁵
996 1066 1095 1111 quasi

106 1116 242 1151 dicant:
270 1115 368 1160 Quas
390 1117 593 1161 praestigias
617 1124 733 1160 parat,
757 1129 834 1149 cum
861 1117 907 1149 ita
925 1129 960 1150 se
977 1117 1094 1150 occul—

105 1175 179 1202 tare
204 1168 299 1207 vult,
326 1175 364 1201 ut
389 1180 462 1200 non
486 1168 659 1211 possimus
683 1180 760 1200 eum
777 1167 894 1212 sequi,
921 1168 1094 1207 videlicet,

104 1219 256 1263 seipsum
285 1218 532 1252 interfecturus
557 1226 623 1259 est,
659 1231 702 1250 ne
732 1230 878 1263 nsquam
907 1219 1095 1262 appareat?

105 1269 182 1304 Hae
198 1276 279 1303 sunt
299 1275 488 1302 venenatae
508 1281 608 1302 voces
627 1267 779 1301 hostium
798 1266 949 1309 Christi,
976 1276 1013 1302 ut
1033 1281 1093 1312 per

105 1321 301 1354 ludibrium
326 1319 429 1352 etiarn
457 1320 627 1352 insultent
653 1319 819 1361 pendenti
843 1320 879 1351 in
904 1332 1004 1352 cruce
1029 1332 1091 1363 pro

106 1383 231 1415 genere
256 1368 430 1403 humano:
464 1369 502 1403 Si
528 1370 620 1403 filius
644 1368 709 1403 Dei
733 1377 800 1411 est,
835 1370 942 1403 salvet
966 1378 1091 1403 semet-

105 1423 240 1467 ipsum,
274 1420 461 1454 descendat
489 1421 532 1453 de
557 1433 670 1456 cruce.
731 1419 781 1454 Ita
808 1418 864 1453 hic
892 1418 1090 1454 hortantem

104 1474 147 1507 ad
173 1471 424 1517 poenitentiam
448 1477 481 1504 et
505 1471 629 1511 fidem,
658 1471 807 1504 irrident
832 1471 1018 1504 virulentis
1036 1473 1091 1505 (li-

104 1525 184 1558 ctis:
210 1521 277 1557 Eat
297 1534 395 1562 sane,
423 1534 492 1566 quo
510 1522 605 1563 vult,
632 1522 817 1556 interficiat
835 1522 1006 1566 seipsum,
1030 1535 1090 1566 pe-

104 1582 195 1615 reat,
220 1574 336 1607 videat
361 1573 515 1617 nunquis
541 1573 655 1617 ipsum
683 1573 904 1618 quaesiturus
923 1574 978 1607 sit.
1032 1573 1091 1607 Sic

105 1626 294 1669 respondet
311 1623 462 1657 Blessiae
478 1624 581 1657 misso
599 1637 618 1657 a
634 1623 710 1656 Deo
728 1635 808 1667 grex
827 1623 1038 1657 Pontificum
1058 1632 1091 1659 et

104 1675 374 1709 Pharisaeorum
387 1701 396 1714 ,
425 1674 485 1718 qui
503 1686 577 1707 non
594 1675 710 1708 ferunt
727 1687 762 1707 se
780 1675 857 1707 exui
878 1675 987 1717 gloria
1007 1687 1089 1719 pro-

105 1727 202 1770 priae
228 1725 406 1764 iusticiae,
440 1725 568 1758 nolunt
592 1725 745 1758 accusari
767 1725 962 1766 caecitatis,
995 1728 1088 1770 qnod

105 1777 268 1820 ignorent
291 1775 469 1820 quomodo
495 1776 720 1818 perveniatur
740 1776 783 1808 ad
806 1774 940 1817 Deum,
967 1777 1090 1810 vident

103 1828 170 1861 sibi
196 1826 324 1860 deferri
347 1825 489 1858 titulum
513 1823 688 1858 Ecclesiae
712 1833 744 1858 et
768 1826 889 1869 populi
912 1827 992 1866 Dei,
1025 1825 1090 1860 hac

103 1877 213 1922 gloria
240 1876 481 1920 superbientes
505 1887 625 1909 secure
649 1876 799 1909 irrident
825 1889 946 1909 vocem
971 1877 1090 1910 Evan-

102 1929 202 1973 gelii,
245 1939 333 1972 quae
369 1926 484 1968 arguit
516 1926 671 1970 ipsorum
707 1927 1012 1968 incredulitatem,
1057 1936 1090 1963 et

99 1978 269 2025 praedicit
287 1978 330 2010 de
348 1977 479 2010 iudicio
494 1975 560 2009 Dei
577 1989 616 2010 ac
633 1978 766 2021 poenis.

199 2036 390 2080 Praecipua
422 2035 496 2068 odii
525 2047 626 2068 causa
657 2043 707 2069 est
733 2037 900 2070 adversus
924 2035 1088 2081 Evange-

98 2091 204 2131 lium,
245 2100 284 2122 ac
318 2099 454 2130 semper
488 2085 674 2120 acerrimas
707 2087 921 2122 offensiones
953 2090 1088 2133 peperit

101 2140 185 2175 haec
203 2152 268 2173 vox
280 2136 431 2172 Christi:
461 2136 543 2180 Quo
561 2149 623 2179 ego
640 2139 749 2179 vado,
777 2150 838 2172 vos
854 2151 927 2172 non
945 2141 1087 2183 potestis

97 2192 228 2226 venire.
280 2188 433 2231 Derogat
451 2191 545 2221 enim
563 2189 709 2231 gloriam
728 2189 919 2233 sapientiae
935 2197 967 2224 et
985 2191 1087 2225 iusti-

97 2244 189 2281 tiae,
224 2239 300 2280 his,
335 2240 395 2285 qui
424 2237 557 2272 habent
587 2240 785 2274 doctrinam
817 2241 920 2284 legis,
954 2239 1086 2278 habent

98 2295 212 2328 cultus
245 2299 277 2326 et
306 2290 598 2335 gubernationem
625 2290 662 2322 in
688 2289 844 2325 Ecclesia
868 2304 926 2326 seu
952 2294 1084 2337 populo

97 2344 182 2386 Dei,
216 2355 293 2377 cum
321 2348 424 2385 negat
449 2339 611 2375 homines
637 2341 745 2375 iustos
771 2354 859 2382 esse,
888 2350 920 2377 et
948 2344 1084 2387 placere

98 2395 191 2437 Deo,
221 2401 364 2439 propter
380 2394 503 2436 legem,
531 2392 622 2426 sicut
638 2404 733 2426 nunc
747 2400 865 2427 coetus
881 2395 1084 2437 pontificius

98 2447 213 2481 fremit
242 2445 309 2478 sibi
336 2441 473 2478 detrahi
499 2443 795 2477 existimationem
818 2444 975 2478 iusticiae
1000 2459 1082 2490 pro-

98 2503 175 2541 pter
204 2496 317 2531 cultus
349 2495 599 2535 traditionum,
633 2495 742 2527 adimi
769 2502 971 2539 potestatem
997 2510 1082 2531 con-

98 2547 204 2581 dendi
229 2548 319 2590 leges
344 2553 375 2580 et
393 2546 611 2580 traditiones.
665 2545 747 2579 Ideo
765 2559 843 2580 curn
861 2547 1011 2582 audiunt
1029 2556 1080 2583 ta-

97 2599 147 2631 les
172 2610 288 2639 voces,
315 2598 408 2643 qnod
436 2609 509 2630 non
527 2597 756 2630 iustificemur
774 2597 867 2640 lege,
896 2600 989 2643 quod
1009 2606 1080 2633 tra-

96 2649 247 2683 ditiones
269 2661 339 2682 non
364 2648 436 2682 sint
458 2648 573 2682 cultus
595 2648 770 2692 placentes
788 2648 862 2682 Deo
876 2676 885 2690 ,
911 2649 1079 2692 furenter,

94 2706 351 2746 persequuntur
366 2700 453 2745 pios,
483 2705 516 2733 et
530 2698 956 2744 maledicuntEvangelio.

639 125 938 162 ENARRATIO
965 126 1016 162 IN
1043 124 1225 162 EVANG.
1253 124 1464 163 IOANNIS.
1515 128 1618 164 CAP.
1648 128 1745 164 VIII.

1007 2701 1078 2737 Sed
1102 2725 1106 2733 .

2071 134 2144 168 186

1158 209 1291 246 Christi
1317 214 1516 257 exemplum
1540 215 1706 249 admonet
1727 215 1821 259 pios,
1850 228 1894 249 ne
1917 217 2046 251 talibus
2061 230 2146 252 con-

1157 263 1275 303 viciis,
1311 265 1525 306 maledictis,
1561 266 1700 307 sannis,
1735 267 1980 301 deterreantur
2012 281 2029 301 a
2060 281 2145 302 con-

1155 313 1306 346 sessione
1329 326 1432 347 sanae
1457 316 1656 357 doctrinae,
1688 317 1783 351 iuxta
1810 318 1900 352 illud
1925 317 2049 353 Esaiae
2067 318 2144 355 52:

1154 361 1323 396 Convicia
1342 362 1527 400 hominum
1546 368 1654 400 nolite
1672 375 1837 402 metuere.

1216 445 1294 481 Vos
1320 446 1489 482 deorsum
1512 450 1615 490 estis,
1651 463 1715 496 ego
1742 451 1784 486 (le
1803 453 1972 500 supernis
1994 466 2087 490 sum.

1253 515 1366 550 Addit
1391 518 1565 550 rationem
1590 519 1642 551 sni
1668 520 1764 555 dicti.
1816 520 1925 555 Recte
1941 522 2033 557 dixi:
2072 534 2143 567 quo

1152 578 1214 610 ego
1238 567 1345 606 abeo,
1380 580 1441 600 vos
1468 581 1540 602 non
1566 581 1666 612 posse
1688 570 1805 615 sequi,
1839 584 1902 604 nec
1926 573 2056 605 mirum
2083 580 2144 614 est,

1152 629 1213 650 vos
1237 630 1310 650 non
1336 619 1429 652 flecti
1453 620 1497 652 ad
1522 621 1773 663 poenitentiam
1792 629 1825 655 et
1842 622 1965 661 fidem,
1992 625 2050 656 sed
2069 635 2144 656 ma-

1151 669 1201 711 gis
1229 669 1410 711 indurari,
1438 682 1516 703 curn
1534 671 1663 704 auditis
1681 683 1773 704 meas
1789 673 1994 714 conciones,
2020 674 2144 716 ingens

1152 720 1340 753 discrimen
1373 728 1422 755 est
1452 721 1545 754 inter
1576 734 1637 755 vos
1667 729 1699 756 et
1728 735 1802 763 me,
1841 735 1902 756 vos
1927 725 1969 757 de
1995 723 2145 758 infernis

1151 770 1252 811 estis,
1287 783 1348 804 seu
1372 778 1412 805 ut
1436 772 1509 816 ipse
1534 772 1803 817 interpretatur,
1837 775 1880 807 de
1904 772 1971 808 hoc
1995 776 2144 815 mundo,

1151 819 1218 854 hoc
1245 828 1314 863 est,
1349 835 1387 855 ea
1413 829 1550 856 tantum
1576 825 1704 865 nostis,
1739 825 1912 869 probatis,
1947 826 2144 867 sectamini,

1151 884 1240 916 quae
1264 874 1419 907 mundus
1438 880 1470 906 et
1485 875 1573 908 ratio
1593 875 1725 910 iudicat
1744 887 1815 908 esse
1833 876 2060 920 sapientiam,
2087 877 2144 910 iu-

1151 923 1304 963 sticiam,
1342 931 1373 957 et
1404 937 1483 957 cum
1515 926 1697 969 praestatis
1725 927 1880 972 aliquam
1905 927 2143 971 disciplinam,

1150 980 1209 1007 aut
1235 975 1349 1007 cultus
1375 987 1541 1018 operum,
1568 989 1656 1021 quae
1682 977 1771 1010 ratio
1795 978 1983 1021 intelligit,
2011 985 2044 1012 et
2067 979 2142 1011 effi-

1150 1037 1226 1057 cere
1251 1032 1384 1069 potest,
1412 1027 1540 1069 putatis
1566 1039 1627 1060 vos
1654 1028 1828 1071 praeclare
1851 1029 2035 1063 defunctos
2054 1041 2142 1072 esse,

1149 1082 1183 1109 et
1205 1076 1274 1108 iam
1300 1088 1371 1109 esse
1396 1077 1504 1110 iustos
1527 1089 1641 1110 coram
1663 1077 1755 1119 Deo,
1782 1091 1854 1112 non
1878 1080 1989 1113 nostis
2011 1080 2141 1113 volun-

1148 1133 1253 1159 tatem
1276 1125 1359 1165 Dei,
1389 1129 1431 1160 de
1454 1129 1700 1171 magnitudine
1724 1130 1875 1173 peccati,
1903 1131 1998 1175 quod
2021 1128 2140 1164 haeret

1149 1177 1184 1209 in
1206 1183 1332 1210 natura
1354 1176 1526 1217 humana,
1555 1186 1696 1222 propter
1714 1181 1806 1224 quod
1826 1181 1980 1214 subiecta
1999 1188 2049 1214 est
2068 1182 2140 1214 irae

1148 1226 1211 1260 Dei
1232 1235 1263 1261 et
1280 1229 1403 1271 poenis
1421 1229 1593 1269 aeternis,
1620 1242 1683 1262 nec
1702 1231 1745 1263 de
1763 1231 2024 1273 misericordia,
2051 1244 2141 1277 quo-

1147 1279 1252 1311 modo
1273 1279 1356 1312 velit
1374 1279 1508 1312 salvare
1525 1292 1633 1322 genus
1652 1278 1861 1317 humanum.

1246 1326 1402 1362 Econtra
1427 1341 1489 1372 ego
1515 1332 1557 1363 de
1580 1332 1741 1375 supernis
1765 1344 1841 1365 sum
1868 1333 1994 1367 missus
2015 1346 2033 1367 a
2049 1334 2141 1376 Deo,

1146 1379 1253 1412 affero
1293 1381 1491 1413 doctrinam
1529 1382 1731 1423 coelestem,
1773 1384 1943 1427 patefacio
1976 1397 2140 1419 arcanam

1145 1430 1362 1464 voluntatem
1388 1431 1473 1472 Dei,
1509 1432 1664 1475 ignotam
1689 1433 1838 1475 rationi,
1866 1435 1908 1468 de
1933 1436 2140 1469 remissione

1146 1487 1388 1524 peccatorum,
1435 1483 1477 1515 de
1508 1484 1730 1517 restitutione
1760 1485 1851 1519 vitae
1881 1493 2042 1520 aeternae
2075 1494 2137 1521 etc.

1144 1530 1247 1564 Hanc
1278 1533 1360 1577 quia
1390 1545 1463 1565 non
1495 1535 1670 1578 accipitis,
1704 1543 1796 1570 recte
1827 1536 1944 1570 iudico
1978 1550 2040 1571 vos
2065 1550 2140 1571 non

1145 1594 1217 1615 esse
1246 1583 1289 1615 de
1319 1585 1500 1628 superni5‚
1535 1586 1593 1618 sed
1629 1597 1701 1618 esse
1728 1587 1770 1619 de
1797 1588 1951 1627 mundo,
1985 1583 2051 1622 hoc
2074 1596 2139 1630 est,

1145 1633 1220 1666 sine
1240 1633 1317 1666 luce
1344 1634 1538 1678 spirituali,
1572 1636 1647 1668 sine
1672 1637 1853 1679 agnitione
1878 1637 1963 1679 Dei,
1998 1651 2058 1672 seu
2081 1652 2138 1673 sa-

1145 1684 1277 1728 pientia
1305 1692 1468 1719 cernente
1492 1693 1524 1719 et
1547 1686 1763 1729 glorificante
1781 1687 1915 1730 Deum,
1942 1690 2018 1723 sine
2035 1691 2138 1724 iusti-

1144 1734 1215 1775 cia,
1264 1736 1418 1781 denique
1450 1749 1590 1770 manere
1622 1738 1658 1770 in
1689 1739 1845 1772 tenebris
1874 1746 1907 1773 et
1940 1740 1976 1773 in
2011 1748 2136 1776 morte.

1144 1784 1232 1818 Nam
1260 1786 1323 1819 etsi
1346 1787 1436 1820 ratio
1461 1785 1567 1821 habet
1591 1789 1744 1833 aliquam
1770 1790 1937 1823 noticiam
1962 1792 2068 1835 legis,
2104 1800 2138 1827 et

1145 1843 1295 1879 praestat
1313 1838 1448 1882 aliquas
1464 1839 1610 1872 virtutes
1629 1840 1798 1883 politicas,
1826 1847 1943 1875 tamen
1961 1840 2046 1876 haec
2062 1843 2138 1888 ipsa

1145 1887 1401 1933 qualiscunque
1433 1890 1601 1933 sapientia
1635 1898 1667 1924 et
1700 1891 1836 1925 iusticia
1868 1894 2034 1934 carnalis,
2084 1901 2137 1928 est

1144 1937 1298 1971 subiecta
1323 1939 1394 1972 irae
1412 1938 1480 1973 Dei
1505 1947 1537 1974 et
1558 1941 1663 1974 morti
1688 1949 1869 1983 aeternae,
1897 1956 1960 1977 nec
1979 1945 2136 1978 liberan-

1143 1994 1202 2021 tur
1225 1986 1408 2031 homines,
1435 1991 1502 2024 nisi
1527 1992 1670 2025 credant
1688 1990 1768 2026 huic
1787 1994 1882 2036 voci,
1910 2007 2015 2040 quam
2033 1996 2135 2030 affert

1142 2039 1235 2072 filius
1253 2038 1320 2073 Dei
1343 2053 1360 2074 e
1385 2042 1502 2080 coelo,
1528 2055 1616 2087 quae
1641 2049 1788 2077 testatur
1812 2045 1926 2088 ipsum
1950 2058 2022 2080 esse
2047 2047 2134 2080 mis-

1142 2100 1219 2122 sum
1245 2102 1262 2123 a
1291 2099 1406 2135 patre,
1435 2100 1467 2126 et
1491 2093 1648 2127 induisse
1671 2092 1862 2128 humanam
1887 2104 2066 2138 naturam,
2094 2105 2135 2132 ut

1140 2140 1237 2175 fieret
1253 2142 1392 2176 victima
1409 2155 1472 2187 pro
1489 2151 1647 2188 peccato,
1677 2158 1766 2190 quae
1783 2147 1935 2190 placaret
1951 2147 2039 2181 iram
2055 2147 2135 2190 Dei,

1140 2198 1172 2224 et
1201 2193 1360 2227 aboleret
1392 2202 1542 2228 mortem
1574 2203 1762 2230 aeternam.
1818 2196 1893 2230 Hac
1923 2197 1992 2231 fide
2018 2200 2133 2234 renati

1139 2243 1244 2276 etiam
1272 2243 1338 2287 ipsi
1364 2244 1432 2277 iam
1457 2258 1529 2278 non
1550 2253 1631 2280 sunt
1646 2248 1689 2279 de
1706 2244 1773 2279 hoc
1791 2249 1944 2289 mundo,
1971 2250 2053 2294 quia
2071 2262 2134 2295 per

1140 2291 1324 2327 Christum
1350 2295 1489 2330 liberati
1515 2304 1607 2332 sunt.
1661 2296 1827 2342 Reliqui,
1855 2300 1937 2344 quia
1963 2312 2036 2334 non
2057 2314 2132 2335 cre-

1138 2345 1226 2378 dunt
1249 2343 1460 2389 Evangelio,
1502 2359 1574 2381 non
1602 2348 1800 2381 liberantur
1832 2361 1849 2381 a
1880 2358 2022 2394 peccato
2054 2360 2086 2387 et
2111 2364 2132 2387 a

1137 2403 1267 2436 morte,
1302 2398 1361 2430 sed
1391 2405 1535 2431 manent
1567 2398 1617 2430 rei
1650 2405 1682 2432 et
1715 2399 1871 2433 damnati
1902 2414 2018 2435 coram
2043 2402 2131 2437 Deo.

1136 2444 1220 2480 Ideo
1242 2445 1405 2482 Christus
1421 2448 1548 2493 repetit
1564 2449 1782 2493 superiorem
1801 2452 2078 2490 conclusionem.

1185 2529 1279 2568 Nisi
1300 2531 1548 2572 credideritis,
1583 2531 1686 2580 quod
1703 2545 1768 2580 ego
1791 2547 1894 2580 sum,
1922 2538 2132 2573 moriemini

1238 2583 1276 2617 in
1293 2589 1438 2631 peccato
1457 2589 1586 2620 vestro.

1210 2648 1313 2683 Clare
1330 2651 1561 2694 pronunciat,
1594 2651 1729 2685 nnllam
1756 2664 1829 2687 esse
1849 2654 1961 2694 viam,
1989 2657 2129 2691 nullum

1132 2700 1325 2734 remedium
1343 2703 1546 2745 emergendi
1562 2714 1601 2735 ex
1617 2710 1730 2738 morte
1747 2711 1899 2745 aeterna,
1927 2707 1995 2742 nisi
2013 2708 2129 2751 fidem,
