2415 2942
289 106 360 142 691

293 189 390 223 lnm‘?
444 188 482 221 ld
511 186 604 219 enim
630 185 736 219 fuerit
762 184 944 220 detrahere
966 184 1169 222 Christum:
1212 188 1269 221 sed

295 248 421 274 statuas
446 235 626 271 Christum
652 249 731 270 vere
756 237 797 269 ad
830 238 985 271 dextram
1011 238 1119 282 patris
1142 240 1273 279 sedere,

296 302 367 323 esse
389 290 668 328 intercessorem,
696 294 733 321 ut
757 288 997 323 exaudiamur.
1054 287 1094 321 ln
1119 286 1185 323 lioc
1209 301 1273 323 usu

297 340 462 373 discimus
497 338 693 380 intelligere
721 335 826 370 huius
859 339 944 372 dicti
976 340 1046 372 vim
1079 346 1112 373 et
1135 347 1274 374 senten—

297 392 392 424 tiam.
460 388 547 422 Nam
581 389 643 433 qui
686 400 757 421 non
792 389 977 430 invocant,
1014 397 1142 433 negant
1171 389 1277 425 Chri-

297 450 387 474 stum
413 440 530 473 sedere
555 441 597 473 ad
616 440 792 473 dexteram
811 441 937 483 patris,
962 447 995 474 et
1016 441 1278 476 intercessorem

298 503 369 524 esse
395 498 458 526 etc.

471 570 587 621 Prope
606 578 655 607 est
675 573 817 607 verbum
836 574 874 607 in
893 586 950 608 ore
971 580 1032 609 luo
1047 580 1109 610 etc.

403 642 515 675 Antea
541 639 768 687 reprehendit
792 642 1067 683 dubitationem,
1101 655 1195 677 nunc
1217 644 1280 676 ad-

299 694 349 726 dit
369 693 612 725 affirmativam
628 693 899 736 descriptionem
923 694 1022 726 fidei:
1052 693 1208 727 Verbum
1231 700 1281 727 est

301 756 407 787 prope
433 744 467 775 in
492 755 550 776 ore
577 751 648 777 tuo.
704 742 749 776 Et
774 743 822 776 sic
848 744 969 776 definit
993 744 1165 776 iusticiam
1186 744 1280 785 fidei,

299 796 391 838 qnod
416 794 459 826 sit
480 806 550 826 non
568 794 747 834 dubitare,
774 794 832 826 sed
853 794 993 827 credere
1016 792 1098 828 huic
1114 795 1220 828 verbo
1237 796 1279 828 de

298 843 457 883 (jin-isto,
485 850 517 876 et
533 851 683 877 statuere
702 845 796 888 qnod
821 842 914 877 lesus
937 845 981 878 sit
1006 844 1198 884 Dominus,
1229 846 1278 878 vi—

298 895 422 927 delicet
458 894 534 933 ille,
572 906 634 937 per
657 906 759 938 quein
791 901 841 928 est
873 895 1043 938 promissa
1067 896 1278 935 benedictin,

297 946 358 989 qni
381 945 503 977 liberat
521 956 538 977 a
557 952 666 977 morte
683 952 713 977 et
731 958 748 977 a
768 952 918 988 peccato.

401 994 462 1028 Est
480 995 586 1037 igitur
602 996 782 1038 perspicua
807 994 1005 1029 antithesis:
1031 994 1169 1029 iusticia
1195 997 1278 1040 legis

299 1053 348 1079 est
378 1047 488 1077 facere
522 1046 649 1088 legem,
680 1046 714 1078 id
746 1053 813 1084 est,
855 1054 906 1080 est
935 1055 1051 1080 nostra
1077 1048 1276 1081 ohedientia

299 1097 391 1129 iuxta
412 1097 536 1136 legem,
561 1108 620 1129 seu
645 1097 779 1139 integra
805 1109 864 1129 sen
892 1098 1048 1140 politica:
1093 1099 1149 1129 sed
1177 1099 1276 1131 iusti-

297 1147 348 1180 cia
366 1147 445 1179 fidei
473 1155 521 1180 est
547 1148 707 1187 credere,
731 1148 823 1191 qnod
851 1156 994 1191 propter
1016 1145 1196 1181 Christum
1220 1162 1276 1182 ac-

296 1198 385 1241 cepti
418 1198 543 1236 simus,
586 1210 657 1230 non
690 1205 832 1242 propter
864 1206 1019 1232 nostram
1058 1199 1276 1242 dignitatem,

296 1248 480 1293 qualitates
497 1255 555 1282 aut
576 1249 732 1283 virtutes.
786 1246 948 1296 Opponit
970 1250 1077 1293 igitur
1102 1251 1275 1293 superiori

296 1299 514 1339 definitioni,
542 1299 577 1331 in
603 1312 669 1344 qna
695 1299 810 1344 inquit
832 1300 954 1334 facere.
1016 1299 1087 1333 Iam
1114 1301 1150 1333 in
1168 1302 1273 1335 altera

299 1349 517 1389 definitione,
547 1349 660 1393 Prope
679 1357 727 1383 est
744 1351 888 1383 verbum
909 1351 944 1382 in
964 1362 1023 1383 ore
1042 1358 1074 1383 et
1092 1354 1205 1392 corde,
1223 1353 1273 1384 vi—

295 1399 440 1440 delicet,
481 1400 561 1444 quia
605 1401 711 1433 verbo
750 1398 1048 1444 apprehendimus
1081 1399 1274 1440 Chi-istum,

295 1458 437 1494 propter
453 1463 555 1495 quem
574 1451 653 1483 iusti
673 1458 706 1485 et
723 1451 852 1496 accepti
876 1463 1014 1490 sumuS,
1042 1464 1114 1485 non
1133 1460 1275 1497 propter

293 1501 497 1544 dignitatem
523 1508 689 1535 nostram.

395 1551 454 1584 Est
474 1559 505 1584 et
523 1552 609 1585 illud
629 1553 814 1585 observatu
835 1551 978 1595 dignum
1007 1555 1050 1587 de
1073 1555 1275 1588 necessitate

291 1602 479 1635 ministerii
516 1610 547 1636 et
586 1603 683 1635 verbi
716 1603 862 1640 vocatis,
899 1610 930 1636 et
964 1604 1007 1636 de
1037 1606 1164 1645 modo,
1203 1617 1272 1649 quo

291 1652 462 1696 agitDeus
478 1653 674 1688 nobiscum.
727 1652 806 1686 'Non
824 1653 916 1686 enim
932 1655 1196 1698 imaginandum
1215 1662 1274 1695 est,

291 1704 383 1747 quod
419 1702 513 1736 Deus
543 1704 658 1737 mittat
689 1702 861 1747 Spiritum
887 1704 924 1738 S.
955 1705 1030 1738 sine
1061 1707 1168 1739 verbo
1199 1719 1271 1741 suo.

291 1754 361 1787 Sed
389 1753 520 1787 Paulns
546 1755 687 1787 deducit
718 1766 781 1788 nos
821 1756 863 1787 ad
897 1755 1131 1789 ministerium
1167 1765 1200 1791 et
1228 1759 1271 1790 ad

291 1807 437 1837 verbum
463 1805 601 1845 vocale,
638 1817 709 1837 non
735 1806 915 1838 invenitur
946 1807 1032 1840 alibi
1058 1806 1151 1840 Dens
1177 1815 1270 1841 extra

291 1867 391 1888 snum
416 1857 580 1896 verbnm,
621 1863 680 1889 aut
703 1857 777 1888 sine
802 1857 908 1889 verbo
934 1868 1014 1898 suo,
1050 1859 1085 1890 in
1110 1857 1174 1892 hoc
1198 1860 1271 1892 vult

290 1906 440 1947 agnosci.
484 1905 561 1939 Iloc
578 1907 813 1940 instrumento
831 1907 906 1941 vult
923 1919 995 1941 esse
1012 1909 1139 1942 efficax.
1186 1909 1270 1943 Ideo

290 1956 325 1988 in
343 1957 439 1988 omni
456 1957 649 1989 tentatione
667 1969 874 2001 quaeramus
892 1957 1003 1991 Deum
1031 1972 1093 2003 per
1113 1961 1272 1999 verbnm,

290 2013 321 2039 et
342 2006 377 2038 in
396 2007 501 2039 verbo
518 2007 728 2041 resistamus.
782 2006 824 2041 Et
842 2006 931 2041 hanc
947 2021 1018 2042 esse
1035 2018 1126 2043 certo
1147 2012 1271 2044 volun-

289 2064 394 2090 tatem
420 2056 485 2090 Dei
505 2065 717 2101 statuamus,
752 2071 840 2102 qnae
866 2059 902 2091 in
927 2061 1033 2093 verbo
1061 2062 1167 2104 ipsius
1192 2075 1271 2104 pro-

292 2107 446 2151 ponitur.
500 2107 582 2141 ldeo
599 2107 655 2141 hic
673 2110 714 2140 de
736 2121 771 2142 re
797 2115 911 2149 tanta,
940 2110 983 2142 (le
1007 2112 1197 2145 salvatione
1216 2114 1270 2144 di—

290 2159 351 2191 cit:
381 2157 495 2200 Prope
517 2165 566 2191 est
590 2160 733 2191 verbnm
762 2159 797 2191 in
821 2171 881 2192 ore
907 2168 978 2194 too,
1036 2161 1140 2196 Item:

290 2209 374 2241 bum
397 2210 475 2241 fidei
503 2209 595 2254 quod
625 2210 877 2251 praedicamus.
930 2210 974 2244 Et
1000 2219 1114 2254 postea
1141 2220 1270 2255 repetet

292 2256 385 2292 hunc
413 2261 575 2292 modum:
611 2259 715 2293 Fides
739 2267 789 2294 est
813 2272 851 2293 ex
875 2262 1020 2303 auditu,
1047 2264 1188 2297 auditus
1211 2277 1271 2308 per

291 2311 436 2343 verbum
455 2309 520 2343 Dei
537 2317 598 2345 est.

1183 2162 1267 2196 Ver-

553 2391 599 2427 Si
619 2406 681 2427 con
678 2393 806 2441 fessus
812 2394 937 2442 fueris
953 2399 1012 2432 etc.

393 2457 496 2501 Quod
515 2466 628 2493 autem
657 2461 786 2505 inquit:
815 2460 853 2494 Si
873 2462 1049 2495 confessus
1067 2463 1173 2496 fueris
1192 2464 1267 2498 Do-

291 2509 425 2542 minum
446 2508 576 2552 lesuin,
606 2511 649 2542 ita
672 2511 916 2544 resolvendum
944 2519 1011 2552 est,
1037 2513 1073 2547 Si
1091 2515 1268 2549 consessus

289 2560 397 2593 fueris
417 2558 527 2592 lesum
547 2571 617 2592 esse
634 2559 846 2599 Dominum,
874 2562 907 2595 id
927 2570 993 2602 est,
1008 2576 1079 2596 non
1103 2565 1266 2609 otiosum,

290 2611 349 2644 sed
375 2610 475 2642 illum
501 2608 712 2651 Dominum,
739 2613 781 2643 de
804 2624 873 2656 quo
891 2614 999 2647 factae
1022 2621 1101 2648 sunt
1119 2617 1268 2659 promis-

291 2661 422 2701 siones,
449 2660 509 2706 qui
533 2660 658 2694 liberat
682 2672 790 2704 genus
812 2659 1006 2698 humanum
1030 2677 1049 2699 a
1073 2673 1211 2710 peccato
1233 2674 1266 2701 et

852 100 978 138 PHlL.
1007 100 1121 137 MEL.
1150 100 1357 137 SCRIPTA
1400 101 1696 140 ExEGETtCA.

2234 107 2309 144 692

1325 202 1343 222 a
1360 196 1471 223 morte
1483 215 1492 228 ,
1511 189 1571 233 qni
1589 196 1640 223 est
1659 200 1722 233 pro
1738 189 1842 223 nobis
1859 190 1969 225 sactus
1986 192 2127 226 victima
2140 219 2149 233 ,
2176 192 2237 238 qni
2253 203 2309 225 se-

1326 242 1382 273 det
1401 241 1442 273 ad
1464 241 1639 273 dexteram
1662 239 1792 287 patriS,
1819 247 1858 274 ut
1878 242 1998 276 salvet.
2049 242 2139 276 Nam
2160 242 2216 277 liic
2241 241 2308 276 lio-

1328 302 1392 324 nos
1410 290 1557 325 Domini
1581 291 1694 335 qualis
1709 290 1770 330 sit,
1797 297 1830 324 et
1856 303 1943 335 quae
1966 293 2132 326 beneficia
2156 294 2311 338 comple-

1328 348 1458 382 ctatur,
1485 353 1525 374 ex
1547 341 1714 374 omnibus
1741 340 2032 384 promissionibus
2057 344 2172 387 colligi
2198 346 2311 385 debet,

1330 392 1417 425 sicut
1441 392 1478 424 in
1509 391 1665 425 Psalmo:
1706 390 1805 425 Dixit
1832 390 2007 427 Dominus
2033 392 2186 429 Domino
2218 407 2310 436 meu,

1331 450 1364 477 et
1390 443 1482 477 aliis.

1471 520 1589 560 Corde
1614 524 1708 559 enim
1727 523 1885 560 creditur
1906 523 1961 559 ad
1982 525 2177 562 iusticiam.

1433 591 1661 625 Manifestum
1685 591 1924 626 testimouium
1947 599 2017 634 est,
2051 595 2143 638 qnod
2168 594 2234 628 fide
2256 594 2312 628 iu-

1331 643 1539 683 stIficemur,
1565 655 1646 675 nam
1665 643 1874 675 adversariis
1892 641 1974 676 haec
1989 645 2093 677 verba
2111 645 2214 689 plane
2228 652 2311 680 sunt

1331 695 1462 735 otiosa,
1502 700 1535 726 et
1568 691 1661 726 nihil
1701 693 1941 736 significantia.
1984 693 2108 728 Postea
2139 696 2310 739 affingunt

1332 745 1458 778 multas
1473 741 1678 788 sophisticas
1696 744 2010 787 interpretationes.
2051 744 2124 779 Nos
2139 758 2221 779 vero
2236 758 2308 780 non

1328 806 1593 839 corrumpamus
1616 794 1748 828 dictum
1772 794 1891 836 Pauli,
1923 796 1984 828 sed
2010 808 2090 829 vere
2113 796 2309 831 tribuamus

1327 846 1426 887 fidei,
1458 844 1496 879 id
1519 845 1612 890 quod
1636 846 1667 878 ei
1698 845 1823 880 tribuit
1848 845 1994 887 Paulus,
2029 858 2092 880 nec
2117 847 2307 881 obscurum

1328 904 1396 938 est,
1423 896 1508 941 quid
1530 896 1632 929 fidem
1655 902 1772 934 vocet,
1798 897 1929 930 scilicet
1953 897 2010 935 id,
2037 898 2130 943 quod
2154 900 2307 932 vocabu-

1328 949 1401 981 lum
1431 952 1543 981 sonat.
1597 944 1782 980 Confidere
1813 947 1850 979 in
1881 945 2080 989 Christum,
2114 948 2203 983 sicut
2233 949 2306 993 ipse

1329 996 1385 1031 hic
1409 998 1662 1041 interpretatur
1685 997 1810 1035 fidem,
1844 1009 1932 1041 quae
1956 998 2067 1031 credit
2094 998 2208 1031 lesum
2234 1011 2307 1032 esse

1328 1048 1533 1083 Dominum,
1595 1045 1642 1079 Et
1666 1058 1787 1090 supra:
1825 1046 1925 1090 Quae
1950 1048 2076 1091 accipit
2101 1049 2307 1092 promissio-

1327 1111 1419 1132 nem.
1471 1096 1518 1131 Et
1540 1095 1614 1130 hic:
1651 1094 1780 1130 Omnis
1804 1097 1864 1141 qni
1888 1098 2006 1144 credit,
2024 1099 2061 1131 in
2088 1110 2185 1140 eum,
2212 1101 2308 1144 quod

1327 1157 1418 1183 certe
1437 1148 1626 1191 significat,
1655 1148 1714 1192 qui
1733 1148 1877 1181 confidit
1899 1149 1936 1180 in
1962 1160 2060 1187 eum,
2089 1149 2124 1182 id
2153 1157 2218 1190 est,
2247 1151 2308 1195 qui

1326 1200 1494 1240 confidit,
1534 1199 1629 1244 quod
1661 1205 1805 1243 propter
1845 1199 1960 1243 ipsum
1999 1198 2095 1234 Deus
2124 1200 2169 1235 sit
2204 1201 2306 1235 nobis

1325 1250 1516 1296 propicius.

1517 1328 1590 1366 Ore
1601 1330 1652 1377 fit
1678 1332 1858 1381 confessio
1883 1331 1937 1366 ad
1948 1331 2117 1369 salutem.

1424 1400 1623 1434 Multorum
1639 1399 1723 1434 haec
1742 1401 1942 1443 imaginatio
1962 1408 2030 1441 est,
2058 1402 2193 1434 etiamsi
2210 1403 2303 1437 bona

1325 1463 1429 1496 opera
1448 1463 1519 1484 non
1536 1459 1714 1485 merentur
1730 1452 1968 1484 remissionem
1988 1459 2205 1496 peccatorum
2218 1480 2226 1493 ‚
2251 1461 2302 1487 ta-

1325 1514 1405 1535 men
1433 1509 1548 1545 postea
1571 1503 1696 1535 mereri
1727 1503 1832 1535 vitam
1857 1510 2056 1542 aeternam,
2089 1503 2177 1536 sicut
2200 1503 2303 1537 multi

1324 1553 1507 1592 dixerunt,
1547 1551 1707 1585 homines
1738 1553 1873 1586 etiamsi
1901 1565 1973 1585 non
2004 1561 2204 1586 mereamur
2228 1555 2302 1597 pri-

1324 1614 1415 1635 mam
1433 1602 1601 1645 gratiam,
1628 1610 1744 1635 tamen
1770 1602 1898 1634 deinde
1920 1604 2045 1635 mereri
2064 1604 2169 1635 vitam
2189 1612 2302 1637 aeter-

1325 1665 1417 1686 nam.
1466 1652 1523 1685 Ad
1542 1651 1608 1685 hoc
1624 1653 1733 1686 citant
1749 1652 1857 1685 multa
1874 1653 1981 1687 dicta:
2009 1651 2083 1686 Ore
2106 1653 2140 1686 fit
2166 1655 2301 1687 confes-

1323 1704 1374 1736 sio
1390 1704 1433 1736 ad
1451 1703 1608 1737 salutem.
1661 1702 1764 1737 Item:
1791 1701 1951 1741 Esurivi,
1985 1710 2018 1737 et
2043 1704 2188 1736 dedistis
2213 1702 2301 1737 mihi

1321 1755 1451 1789 cibum.
1512 1753 1620 1787 Item:
1653 1753 1690 1787 Si
1714 1752 1860 1787 habeam
1883 1766 2023 1787 omnem
2055 1755 2176 1792 fidem,
2213 1756 2302 1788 dile-

1320 1806 1472 1839 ctionem
1490 1812 1603 1838 autem
1624 1817 1696 1837 non
1713 1802 1877 1843 habeam,
1903 1803 1995 1837 nihil
2012 1817 2100 1839 sum.

1421 1855 1479 1890 Ad
1502 1853 1586 1888 haec
1609 1856 1699 1888 dicta
1722 1855 1840 1888 onmia
1863 1867 1934 1888 uno
1967 1857 2072 1888 modo
2097 1857 2301 1899 respondeo.

1321 1906 1482 1941 Concedo
1504 1906 1732 1939 necessariam
1760 1917 1830 1938 esse
1856 1906 2028 1939 incoatam
2053 1907 2300 1948 obedientiam,

1320 1958 1379 1990 sed
1397 1970 1468 1990 non
1486 1963 1641 1990 meretur
1657 1956 1763 1989 vitam
1789 1962 1983 1996 aeternam,
2010 1968 2081 1989 non
2107 1963 2155 1990 est
2175 1969 2227 1989 res
2245 1958 2300 1989 di-

1320 2019 1386 2051 gna
1417 2008 1487 2041 vita
1519 2015 1679 2047 aeterna,
1722 2018 1781 2039 seu
1819 2007 1969 2050 pretium
2002 2007 2092 2040 vitae
2130 2014 2301 2049 aeternae,

1323 2071 1385 2091 nec
1405 2059 1535 2102 placet,
1552 2057 1619 2091 nisi
1638 2058 1718 2102 qnia
1738 2057 1912 2091 credimus
1929 2057 1965 2089 in
1981 2055 2173 2092 Christum.
2207 2057 2299 2101 Quia

1321 2109 1414 2142 enim
1439 2110 1551 2161 placet
1575 2108 1776 2141 obedientia
1798 2115 1940 2152 propter
1963 2108 2084 2148 fidem,
2119 2110 2298 2142 contradi-

1321 2160 1389 2192 ctio
1408 2167 1459 2192 est
1476 2159 1681 2202 imaginari,
1708 2160 1802 2203 quod
1819 2171 1924 2203 opera
1942 2160 1994 2191 vel
2014 2159 2214 2199 iustificent,
2243 2160 2297 2193 vel

1321 2217 1521 2243 mereantur
1550 2210 1656 2242 vitam
1680 2216 1870 2245 aeternam.
1930 2208 2017 2242 Fide
2038 2217 2150 2243 antem
2173 2210 2295 2242 statui-

1320 2272 1397 2292 rnus
1416 2261 1519 2294 nobis
1540 2267 1683 2304 propter
1698 2258 1877 2294 Christum
1903 2260 2007 2303 gratis
2031 2259 2154 2292 donari
2172 2261 2295 2292 remis-

1319 2312 1453 2343 sionem
1478 2317 1714 2354 peccatorum,
1746 2317 1778 2344 et
1800 2311 1907 2344 vitam
1930 2317 2117 2345 aeternam.
2177 2308 2222 2343 Et
2245 2317 2297 2343 ta-

1320 2373 1399 2394 men
1423 2362 1526 2394 fidem
1561 2361 1754 2394 necessario
1783 2361 1941 2406 seqnitur
1973 2360 2133 2400 effectos,
2164 2361 2295 2396 scilicet

1320 2412 1454 2445 incoata
1474 2413 1628 2452 novitas,
1654 2424 1731 2444 cnm
1750 2412 1815 2443 fide
1833 2412 1936 2444 corda
1953 2411 2184 2446 vivificentur.

1421 2462 1516 2496 Haec
1534 2463 1712 2506 responsio
1731 2459 1820 2494 nihil
1832 2459 1933 2494 habet
1951 2461 2195 2505 perplexitatis,
2210 2474 2295 2495 con-

1317 2513 1408 2547 cedit
1434 2514 1660 2546 necessariam
1692 2524 1763 2544 esse
1787 2511 2043 2551 obedientiam,
2078 2519 2111 2545 et
2141 2511 2293 2547 detrahit

1318 2565 1521 2608 opinionem
1539 2563 1670 2603 meriti,
1695 2569 1727 2595 et
1749 2564 1848 2595 docet
1874 2563 2050 2607 quomodo
2077 2562 2226 2606 placeat,
2255 2571 2292 2597 ut

1316 2614 1458 2648 Christo
1489 2615 1664 2648 tribuatur
1692 2624 1776 2646 suus
1802 2610 1931 2652 honos,
1974 2620 2004 2646 et
2036 2611 2121 2646 fides
2152 2620 2290 2647 maneat

1317 2672 1422 2702 certa.
1482 2665 1598 2699 Fieret
1628 2663 1721 2697 enim
1752 2663 1902 2702 incerta,
1938 2662 1966 2696 si
1991 2663 2038 2697 sic
2068 2663 2287 2697 sentiendum
