2415 2942
293 97 366 134 575

294 184 445 227 seipsum
464 207 472 219 ‚
511 179 571 212 sed
595 175 786 210 arbitratur
811 185 845 207 se
871 173 1001 207 iustum
1035 185 1107 208 esse
1132 179 1274 217 propter

297 246 377 268 suos
395 241 526 269 mores,
551 229 580 261 is
600 228 718 260 eadem
745 225 845 265 facit,
873 225 907 257 id
934 232 1000 266 est,
1028 222 1133 258 habet
1150 224 1277 269 impie-

297 291 399 318 tatem
423 281 459 313 in
485 286 618 317 mente,
645 277 783 309 dubitat
809 288 853 308 an
871 275 966 309 Deus
991 283 1087 309 curet
1110 273 1279 316 humana,

297 346 341 367 an
358 332 500 375 puniat,
523 328 685 362 exaudiat
700 325 880 367 homines,
906 324 1011 360 habet
1036 333 1069 360 et
1095 326 1180 360 alias
1200 337 1279 370 pra-

299 395 358 417 vas
376 381 604 426 cupiditates,
639 378 739 416 odia,
776 384 880 423 atque
904 389 1051 412 amores.
1111 375 1206 410 Haec
1231 382 1280 410 est

298 433 469 468 sententia
483 429 590 465 huius
605 430 701 464 dicti.
755 426 886 462 Eadem
906 428 1010 470 sacis,
1037 427 1200 462 videlicet
1225 428 1281 460 in-

299 484 488 519 terioribus
504 481 658 515 motibus
675 479 794 512 animi.

401 541 540 574 Deinde
557 539 688 573 accedit
708 537 903 571 conclusio:
942 535 1036 580 Ergo
1061 549 1139 570 cum
1163 537 1283 571 eadem

301 594 427 632 facias,
454 590 702 624 inexcusabilis
730 600 763 621 es
788 588 946 633 quisquis
974 589 1125 629 iudicas,
1161 588 1197 620 id
1223 595 1285 628 est,

302 645 389 678 alios
418 644 583 681 damnas,
623 640 795 673 obnoxios
825 639 1028 672 manifestae
1059 638 1287 682 turpitudini,

302 703 336 729 te
364 706 436 727 non
471 694 634 731 damnas,
669 691 730 736 qui
765 690 914 723 similem
945 687 1052 722 habes
1081 688 1285 722 interiorem

304 746 524 790 pravitatem.
577 740 710 785 Estque
726 738 810 773 haec
826 739 1004 772 conclusio
1031 740 1123 772 clara
1149 746 1183 772 et
1208 750 1287 783 per-

304 797 422 840 spicua
447 792 620 828 accusatio
646 791 827 828 omnium,
855 790 916 836 qui
944 801 978 822 se
1004 797 1147 833 propter
1171 789 1290 822 civiles

303 857 418 880 mores
440 844 656 878 arbitrantur
676 842 784 874 iustos
803 851 894 879 esse,
918 852 996 872 cum
1018 840 1159 873 interim
1179 840 1289 873 sciant

307 896 478 930 obnoxios
496 900 658 926 externae
673 891 884 934 turpitudini
903 902 975 923 non
990 902 1062 923 esse
1079 891 1204 931 iustos,
1227 903 1291 923 nec

304 956 422 982 tamen
438 945 590 988 cogitent
608 954 642 975 se
659 942 835 975 similibus
860 942 992 974 morbis
1017 942 1054 974 in
1079 942 1197 974 animo
1214 942 1278 974 ob-

305 997 430 1031 noxios
448 1007 530 1029 esse.
592 992 669 1026 Hoc
687 993 857 1036 significat
873 993 1019 1026 verbum
1031 1017 1041 1031 ‚
1069 993 1131 1037 qui
1148 992 1293 1032 iudicas,

306 1050 341 1082 id
360 1055 429 1087 est,
458 1047 602 1079 damnas
621 1043 725 1083 alios,
753 1051 786 1077 te
810 1055 882 1075 non
906 1043 1071 1082 damnas,
1099 1043 1292 1076 obnoxium

307 1099 483 1133 similibus
498 1095 650 1135 morbis,
678 1095 736 1127 sed
759 1094 999 1128 interioribuS.

411 1159 462 1190 Ac
479 1156 666 1198 diligenter
688 1153 890 1186 memineris
914 1154 1121 1200 particulam
1145 1164 1294 1197 sequen-

311 1217 403 1248 tem,
431 1219 508 1241 cum
531 1206 593 1239 ait:
631 1204 765 1239 Eadem
788 1204 870 1246 agis.
929 1203 1106 1248 Loquitur
1131 1204 1225 1236 enim
1252 1204 1295 1235 de

311 1258 541 1293 interioribus
570 1255 736 1290 motibus.
810 1254 1028 1297 Pomponius
1057 1255 1194 1288 Atticus
1223 1265 1295 1285 non

311 1311 393 1344 fecit
419 1309 559 1342 caedem
587 1317 716 1348 manu,
745 1317 816 1337 non
839 1305 955 1347 rapuit
977 1305 1124 1337 aliorum
1150 1304 1296 1337 faculta-

312 1370 381 1400 teS‚
408 1366 447 1393 ut
468 1357 582 1403 Sylla:
615 1357 674 1388 sed
701 1357 742 1388 de
759 1354 834 1388 Deo
862 1367 932 1387 non
959 1362 1049 1388 recte
1071 1354 1196 1393 sentit,
1231 1355 1298 1387 du-

312 1412 418 1450 bitat,
444 1416 483 1442 ut
501 1406 720 1448 Academici,
749 1418 792 1439 an
812 1406 887 1438 Deo
906 1405 973 1438 sint
992 1418 1094 1438 curae
1112 1403 1298 1444 humanae,

313 1459 496 1506 applaudit
519 1458 666 1491 usitatae
690 1456 893 1494 idolatriae,
931 1457 1058 1498 cogitat
1079 1455 1297 1499 superstitio-

315 1524 378 1545 nes
396 1510 577 1554 prodesse,
605 1514 643 1541 ut
659 1507 783 1549 vulgus
799 1519 838 1539 eo
858 1512 952 1540 metu
972 1514 1137 1550 tanquam
1164 1517 1299 1538 carcere

315 1561 549 1597 contineatur.
601 1556 738 1591 Deinde
763 1555 867 1589 habet
891 1563 924 1589 et
948 1557 1035 1590 alios
1061 1557 1190 1589 multos
1215 1556 1299 1589 affe-

315 1621 389 1648 ctus
406 1611 568 1650 vitiosos,
593 1615 625 1642 et
639 1620 657 1641 a
675 1606 749 1641 Deo
767 1618 920 1640 aversos.

419 1678 503 1713 Ideo
525 1677 622 1711 addit
640 1675 787 1709 Paulus:
820 1674 996 1708 Iudicium
1015 1672 1081 1707 Dei
1107 1674 1299 1707 secundum

317 1731 497 1765 veritatem
523 1735 593 1767 est,
628 1727 664 1760 id
691 1734 759 1765 est,
794 1726 926 1759 iudicat
956 1737 1027 1757 non
1052 1725 1164 1758 solum
1191 1731 1301 1757 exter-

319 1794 401 1816 nam
434 1780 595 1814 umbram
629 1778 828 1817 actionum,
872 1777 930 1809 sed
954 1783 1088 1809 mentes
1115 1782 1147 1808 et
1170 1776 1301 1808 sontem

319 1833 510 1867 actionum.
562 1828 601 1863 Si
618 1829 654 1861 in
673 1828 850 1861 mentibus
866 1838 938 1859 non
958 1827 1051 1860 lucet
1072 1839 1151 1859 vera
1170 1828 1212 1858 de
1230 1825 1302 1858 Deo

320 1883 512 1921 sententia,
546 1880 574 1913 si
599 1879 796 1912 voluntates
828 1889 967 1911 aversae
1000 1884 1079 1910 sunt
1104 1889 1122 1910 a
1145 1876 1237 1916 Deo,
1272 1883 1303 1909 et

321 1945 393 1968 sese
427 1933 506 1977 plus
538 1937 674 1970 amant,
712 1941 815 1974 quam
842 1928 973 1966 Deum,
1018 1934 1109 1961 certe
1142 1940 1214 1960 nou
1239 1928 1302 1960 ob-

321 1989 517 2028 temperant
541 1981 607 2024 legi
626 1981 713 2018 Dei,
740 1992 828 2025 quae
857 1979 989 2023 inquit:
1026 1978 1160 2021 Diliges
1179 1977 1303 2010 Domi-

322 2047 408 2069 num
436 2033 551 2067 Deum
576 2038 676 2065 tuum
706 2043 745 2063 ex
768 2037 839 2063 toto
862 2030 978 2064 corde.
1045 2028 1134 2062 Cum
1160 2029 1238 2061 talis
1263 2029 1304 2061 sit

323 2083 508 2119 infirmitas
525 2082 560 2115 in
578 2082 741 2114 omnibus
763 2079 969 2114 hominibus
986 2080 1161 2113 fateantur
1179 2091 1213 2111 se
1232 2091 1304 2111 non

323 2136 518 2170 satisfacere
538 2133 604 2175 legi
621 2131 697 2168 Dei.
752 2131 802 2165 De
818 2129 883 2164 hoc
903 2142 984 2163 vero
1011 2130 1140 2164 iudicio
1167 2130 1306 2162 concio-

324 2195 429 2221 natur
450 2183 507 2218 hic
524 2183 664 2217 Paulus.

427 2252 478 2286 Ac
513 2252 640 2285 deinde
675 2250 773 2284 addit
810 2245 1111 2288 adhortationem,
1149 2255 1181 2281 et
1209 2254 1309 2281 vocat

328 2316 449 2339 omnes
465 2304 506 2336 ad
525 2300 777 2346 poenitentiam
790 2327 798 2340 ,
826 2311 863 2332 ac
885 2300 986 2331 docet
1002 2310 1110 2342 quare
1127 2297 1221 2331 Deus
1239 2299 1307 2331 ‹lif-

328 2356 413 2388 ferat
435 2364 582 2398 poenaS,
609 2352 770 2385 videlicet
786 2357 824 2384 ut
843 2349 992 2394 spatium
1013 2349 1114 2382 nobis
1133 2351 1309 2386 concedat,

329 2417 399 2450 quo
415 2404 669 2448 resipiscamus.
722 2401 861 2434 Poterat
888 2400 1004 2432 subito
1026 2400 1219 2432 interficere
1238 2400 1309 2443 pri-

329 2467 426 2489 mum
445 2461 623 2497 parentem
643 2452 756 2487 Adam
778 2463 856 2485 cum
877 2451 1089 2495 deliquisset.
1142 2449 1226 2483 Item
1245 2450 1309 2483 Pe-

329 2515 423 2539 trum
450 2505 486 2537 in
513 2504 631 2545 lapsu,
666 2515 744 2536 cum
773 2508 912 2545 negaret
934 2501 1205 2533 familiaritatem
1231 2513 1309 2534 cnm

330 2555 485 2590 Christo.
537 2552 582 2587 Et
609 2555 722 2586 statim
750 2554 936 2586 extiterunt
962 2552 998 2584 in
1023 2551 1207 2596 utriusque
1233 2551 1310 2583 ani-

333 2619 389 2639 mo
409 2616 573 2649 pavores,
600 2605 658 2648 qui
677 2611 822 2636 mortem
840 2603 980 2635 allaturi
1001 2610 1111 2635 erant.
1164 2601 1231 2635 Sed
1251 2603 1311 2635 dat

331 2659 482 2701 spatium
501 2655 654 2696 miseris,
681 2661 717 2687 ut
738 2654 851 2686 redire
870 2654 904 2686 in
925 2653 1014 2686 viam
1038 2653 1188 2697 possint,
1216 2653 1310 2686 iuxta

893 87 1018 125 PHlL.
1046 87 1161 124 MEL.
1188 86 1398 123 SCRIPTA
1425 86 1723 124 EXEGETlCA.

2232 93 2307 130 576

1327 174 1434 209 illud:
1463 172 1555 207 Vivo
1572 186 1656 217 rgo,
1681 174 1766 208 nolo
1785 182 1930 209 mortem
1955 176 2163 221 peccatoris,
2189 178 2247 210 sed
2273 184 2311 212 ut

1328 232 1552 259 convertatur
1577 234 1611 258 et
1634 225 1740 261 vivat.
1806 224 1854 259 Et
1875 223 1944 260 huc
1967 228 2119 272 pertinet
2144 228 2310 273 parabola

1328 278 1370 310 de
1387 278 1473 317 ficu,
1499 276 1614 309 Lucae
1636 276 1693 310 13.

1431 359 1508 408 Qui
1521 357 1652 394 reddat
1672 358 1863 408 mn'cuique
1883 360 1990 394 iuxta
2000 358 2109 409 facta
2126 374 2207 398 sua.

1432 428 1698 463 Removeantur
1722 441 1740 462 a
1766 429 1988 472 dogmatibus
2013 430 2144 463 divinis
2168 429 2313 474 praesti-

1332 480 1406 523 giae
1422 478 1676 523 sophismatum
1689 507 1698 521 ‚
1726 486 1759 513 et
1775 486 1906 514 astutae
1922 480 2188 524 depravationes
2203 490 2315 514 recta-

1334 543 1411 564 rum
1438 531 1701 565 sententiarum.
1770 529 1916 564 Constat
1950 528 2017 564 hoc
2042 542 2141 574 agere
2165 530 2315 564 Paulum

1335 583 1371 614 in
1395 579 1459 614 hac
1482 588 1552 614 tota
1577 580 1736 626 Epistola
1753 607 1764 625 ,
1799 580 1887 614 Fide
1911 581 2016 625 gratis
2039 589 2183 627 propter
2203 581 2316 615 filium

1336 631 1400 665 Dei
1425 632 1604 665 iustificari
1629 630 1808 672 homines,
1850 644 1924 666 non
1947 640 2088 676 propter
2110 632 2318 676 dignitatem

1336 689 1490 716 nostram
1515 690 1575 717 aut
1599 683 1732 719 merita.
1786 681 1862 716 Hoc
1882 695 1962 716 vere
1987 683 2040 726 agi
2066 695 2083 716 a
2105 682 2216 717 Paulo
2239 694 2319 716 cum

1337 740 1489 774 constet,
1533 740 1649 767 tamen
1684 734 1874 767 adversarii
1904 732 1971 767 hoc
2001 734 2153 778 dictum,
2196 734 2319 766 reddet

1338 785 1431 817 iuxta
1454 784 1563 827 facta,
1590 785 1799 830 detorquent
1825 785 1867 817 ad
1894 796 1972 818 suas
1996 785 2198 829 opiniones,
2233 795 2319 817 con-

1339 842 1390 868 tra
1409 833 1511 867 Pauli
1527 836 1746 870 sententiam.
1802 835 2034 869 Contendunt
2052 833 2213 869 homines
2237 846 2319 878 pro-

1340 885 1501 918 nunciari
1524 885 1632 918 iustos
1648 893 1791 930 propter
1813 887 2018 929 dignitatem
2041 898 2207 930 operum,
2235 897 2321 918 con-

1339 936 1490 969 tendunt
1515 947 1619 979 opera
1644 947 1716 969 esse
1738 937 1889 979 pretium
1914 937 2006 970 vitae
2028 943 2199 970 aeternae.
2250 934 2321 969 Sed

1341 993 1430 1019 recte
1457 986 1609 1019 instituti
1635 986 1672 1018 in
1701 987 1860 1020 doctrina
1889 984 2089 1021 Christiana
2112 987 2215 1020 facile
2239 985 2323 1019 talia

1341 1037 1433 1070 dicta
1458 1036 1646 1069 conciliare
1671 1048 1750 1069 cum
1773 1037 1850 1069 aliis
1873 1044 2036 1080 possunt,
2063 1049 2151 1082 quae
2168 1037 2324 1082 loquun-

1341 1094 1400 1121 tur
1426 1088 1469 1120 de
1502 1087 1650 1130 gratuita
1673 1086 1926 1130 imputatione,
1962 1095 1995 1122 et
2019 1088 2210 1122 donatione
2234 1087 2325 1121 vitae

1343 1145 1505 1172 aeternae
1521 1143 1665 1182 propter
1683 1135 1874 1172 Christum.
2056 1171 2060 1181 ,

1446 1187 1495 1222 Ut
1517 1188 1612 1221 enim
1646 1195 1717 1221 tota
1754 1189 1925 1231 scriptura
1957 1188 2076 1221 divina
2105 1188 2189 1222 alias
2213 1189 2325 1232 legem

1344 1238 1527 1284 proponit,
1560 1239 1645 1272 alias
1668 1237 1921 1282 Evangeliam,
1954 1239 2000 1272 ita
2029 1245 2112 1272 sunt
2133 1250 2193 1272 sua
2217 1250 2326 1284 quae-

1344 1290 1425 1322 dam
1449 1290 1541 1322 dicta
1564 1289 1667 1332 legis,
1697 1296 1729 1323 et
1753 1301 1813 1322 sua
1837 1290 2007 1334 quaedam
2031 1287 2228 1333 Evangelii.
2280 1287 2329 1323 Et

1345 1347 1462 1373 tamen
1496 1337 1730 1382 Evangelium
1774 1347 1825 1373 est
1861 1340 1980 1372 lumen
2015 1347 2048 1374 et
2085 1340 2326 1384 interpretatio

1346 1390 1443 1433 legis.
1509 1388 1603 1423 Haec
1628 1397 1675 1422 est
1695 1388 1830 1433 phrasis
1848 1390 1949 1433 legis:
1977 1388 2118 1423 Reddet
2136 1391 2326 1434 unicuique

1347 1441 1439 1474 iuxta
1459 1451 1562 1484 opera
1579 1452 1651 1475 sua.
1694 1439 1827 1485 Estque
1845 1441 2034 1475 sententia:
2062 1439 2212 1474 Tribuet
2228 1440 2328 1474 iustis

1347 1491 1517 1535 praemia,
1545 1498 1576 1524 et
1595 1491 1743 1524 iniustos
1762 1491 1893 1535 puniet.
1947 1490 2017 1524 Nec
2041 1491 2190 1524 dubium
2213 1497 2263 1524 est
2288 1502 2329 1524 ex

1346 1541 1538 1584 Evangelio
1558 1542 1753 1574 addendam
1773 1553 1845 1574 esse
1869 1541 2147 1582 enarrationem,
2174 1541 2235 1586 qui
2259 1541 2330 1575 sint

1349 1592 1448 1631 iusti,
1480 1598 1513 1625 et
1537 1603 1625 1635 quae
1656 1603 1761 1635 opera
1786 1591 1863 1624 Deo
1888 1592 2057 1636 placeant.
2126 1591 2215 1625 Nam
2237 1592 2329 1626 dicta

1350 1642 1432 1685 legis
1451 1641 1525 1674 sine
1542 1640 1734 1684 Evangelio
1750 1642 1893 1686 pariunt
1910 1642 2201 1686 desperationem.
2229 1641 2332 1676 Nun-

1349 1705 1453 1738 quam
1465 1693 1675 1725 conscientia
1693 1693 1730 1725 in
1741 1693 1831 1725 veris
1848 1693 2036 1736 pavoribus
2047 1699 2196 1726 statuere
2208 1699 2332 1737 potest,

1350 1755 1383 1776 se
1401 1755 1506 1787 opera
1524 1740 1651 1776 habere
1668 1744 1771 1786 digna
1789 1743 1994 1776 remissione
2009 1750 2246 1786 peccatorum,
2273 1751 2334 1778 aut

1353 1794 1419 1828 vita
1439 1801 1591 1829 aeterna.
1646 1793 1690 1827 Ut
1707 1806 1784 1827 cum
1810 1794 1855 1826 ait
1872 1792 2051 1827 Christus:
2079 1793 2119 1827 Si
2144 1794 2196 1828 vis
2221 1795 2258 1827 in
2278 1795 2332 1827 vi-

1352 1853 1421 1878 tain
1441 1844 1595 1888 ingredi,
1624 1856 1722 1877 serva
1743 1845 1919 1879 mandata.
1971 1843 2039 1878 Hic
2057 1855 2194 1878 necesse
2215 1852 2265 1879 est
2288 1843 2330 1879 τὸ

1352 1892 1462 1940 ῥητὸν
1485 1894 1635 1938 mitigari
1657 1895 1775 1928 addita
1803 1895 2092 1937 interpretatione
2116 1900 2156 1928 e'x
2172 1893 2334 1939 Evange-

1354 1947 1412 1981 lio.
1466 1945 1576 1979 Nemo
1594 1945 1686 1978 enim
1706 1945 1772 1987 legi
1788 1945 1965 1979 satisfacit.

1456 1995 1573 2038 Quare
1602 1995 1753 2028 breviter
1776 1995 2062 2039 respondendum
2085 2001 2154 2036 est,
2188 1993 2333 2040 phrasin

1356 2047 1439 2089 legis
1475 2058 1567 2086 esse,
1600 2047 1721 2078 reddet
1759 2046 1852 2079 iuxta
1887 2058 2010 2089 opera,
2046 2046 2082 2079 id
2111 2053 2179 2088 est,
2211 2048 2335 2082 reddet

1357 2098 1454 2131 iustis
1484 2097 1654 2140 praemia,
1697 2096 1836 2130 iniustis
1869 2108 2010 2140 poenas.
2077 2096 2147 2131 Sed
2169 2098 2231 2142 qui
2263 2098 2335 2139 sint

1357 2148 1440 2182 iusti
1466 2148 1563 2181 docet
1584 2145 1838 2190 Evangelium‚
1875 2154 1907 2180 et
1931 2149 2108 2192 quomodo
2133 2160 2235 2192 opera
2258 2150 2334 2192 pla-

1357 2206 1457 2232 ceant
1478 2198 1564 2233 Deo.
1615 2197 1661 2231 Et
1686 2199 1827 2243 quidem
1852 2198 1906 2230 lex
1929 2199 1972 2231 de
1992 2198 2076 2236 fide,
2103 2205 2268 2242 tanquam
2292 2201 2335 2233 de

1359 2261 1463 2292 opere
1479 2249 1654 2294 loquitur,
1681 2249 1762 2294 quia
1782 2260 1901 2281 revera
1924 2255 1973 2282 est
1999 2248 2203 2291 praecipuus
2222 2250 2336 2283 cultus

1358 2299 1441 2340 Dei,
1475 2307 1507 2333 et
1538 2299 1762 2344 praecipuum
1788 2310 1895 2343 opus,
1924 2298 2050 2332 fiducia
2075 2299 2335 2334 misericordiae

1359 2351 1446 2390 Dei,
1465 2362 1532 2395 qua
1549 2349 1644 2383 Deus
1661 2361 1739 2382 vere
1757 2350 1948 2383 invocatur.
1990 2347 2094 2382 Unde
2112 2356 2227 2383 autem
2242 2352 2335 2384 oria-

1359 2408 1416 2434 tur
1439 2399 1522 2434 haec
1545 2401 1646 2440 fides,
1673 2401 1798 2432 docent
1823 2399 2070 2442 promissiones
2091 2412 2149 2433 seu
2175 2399 2336 2445 Evange-

1359 2452 1457 2485 lium.
1491 2451 1612 2484 Postea
1632 2451 1767 2495 placent
1787 2457 1819 2483 et
1836 2450 1967 2494 reliqua
1985 2462 2090 2493 opera
2107 2463 2124 2484 a
2143 2449 2217 2484 Deo
2235 2464 2336 2485 man-

1360 2503 1462 2545 data,
1499 2514 1586 2546 quae
1611 2501 1707 2546 sequi
1732 2501 1834 2532 fidem
1862 2501 2052 2533 necessario
2079 2502 2218 2537 dehent.
2272 2500 2336 2536 Est

1361 2565 1441 2595 ergo
1459 2551 1647 2599 sententia:
1672 2550 1811 2585 Reddet
1827 2551 1920 2584 iuxta
1939 2563 2061 2594 opera,
2088 2551 2121 2583 id
2140 2560 2210 2590 est,
2237 2553 2336 2586 iustis

1360 2604 1457 2636 dabit
1479 2603 1584 2636 vitam
1611 2608 1806 2642 aeternam,
1842 2598 1909 2634 hoc
1931 2609 1998 2644 est,
2040 2609 2079 2635 ut
2103 2600 2334 2645 Evangelium

1360 2655 1479 2695 docet,
1507 2654 1573 2686 fide
1591 2652 1795 2686 iustificatis.
1848 2651 1892 2686 Et
1910 2652 1947 2686 in
1965 2651 2019 2686 his
2036 2665 2172 2686 necesse
2190 2661 2239 2687 est
2263 2666 2334 2687 esse
