2415 2942
275 87 368 123 1027

277 170 454 205 ordinaria
484 165 650 200 autoritas
680 164 724 196 de
757 161 904 204 negotiis
933 160 1110 205 politicis,
1160 159 1249 193 sicut
1274 167 1280 178 ¹

279 220 508 256 dissimilibus
533 217 668 249 dierum
694 213 812 257 spatiis
833 212 979 247 utimur.

391 268 545 310 Quartus
564 267 691 308 gradus
713 271 763 297 est
789 262 949 295 liberatio
968 274 986 295 a
1005 261 1255 295 traditionibus

284 320 447 354 humanis
465 319 499 350 iu
520 316 690 354 Ecclesia,
719 321 756 347 ut
769 312 898 346 Paulus
914 313 1046 357 iuquit,
1075 313 1190 347 Colos.
1206 313 1255 345 2:

284 372 393 403 benuo
422 382 480 401 vos
507 368 633 399 iudicet
661 366 695 397 in
719 365 815 406 cibo,
852 370 956 406 potu,
992 363 1128 396 vicibus
1151 364 1256 396 festo-

286 433 374 454 ruuu.
430 418 536 450 item:
579 418 678 457 Quae
704 422 784 447 sunt
811 415 1004 447 secuudum
1034 415 1196 446 mandata
1227 419 1260 445 et

286 470 491 503 traditiones
516 466 712 499 hominum.
766 462 809 496 Et
836 476 875 496 ex
901 465 1021 496 eodem
1050 465 1146 497 fonte
1178 462 1261 496 haec

287 522 429 554 libertas
454 519 586 556 oritur,
613 528 651 548 ex
671 527 739 559 quo
757 514 870 546 oritur
889 515 1049 547 liberatio
1069 527 1085 547 a
1106 526 1261 547 ceremo-

288 572 357 603 niis
376 568 549 602 Mosaicis.
603 567 691 599 Cum
714 563 846 598 Clu-isti
869 565 1067 597 obedientia
1092 565 1137 598 sit
1160 564 1263 596 meri-

290 629 363 655 tum
381 618 595 652 remissionis
612 623 852 659 peccatorum,
888 616 983 647 nulla
1012 613 1162 647 humana
1182 626 1264 657 ope-

292 685 348 710 ra,
383 683 420 703 ac
443 669 553 701 multo
581 667 696 699 minus
723 666 948 698 mactationes
975 667 1167 708 pecudum,
1207 670 1267 696 aut

292 723 378 755 ritus
406 718 699 756 satisfactionum,
727 722 785 748 aut
806 716 932 747 ieiunia
959 716 994 747 in
1015 713 1166 747 Ecclesia
1192 726 1267 747 me·-

294 779 417 805 rentur
439 769 676 803 remissionem
704 772 892 809 peccatum.
949 764 1052 799 Item:
1095 766 1187 798 Cum
1215 777 1269 797 re-

294 834 401 866 gnum
426 818 557 853 Christi
582 818 626 850 sit
655 818 742 856 vita,
777 816 853 854 lux,
881 816 1049 859 sapientia
1075 824 1106 849 et
1135 816 1270 849 iusticia

296 880 436 906 aeterna
462 871 495 902 iu
525 868 707 903 cordibus,
749 878 836 910 quae
863 866 1022 898 incoatur
1044 867 1079 898 in
1106 864 1168 898 hac
1202 866 1270 897 vita

298 936 360 970 per
388 923 499 964 ipsum
528 917 724 951 ministerio
746 916 951 958 Evangelii,
986 924 1016 949 et
1039 918 1169 949 donato
1192 916 1272 960 Spi-

298 975 368 1007 ritu
386 978 515 1009 sancto,
533 980 604 1001 non
623 975 671 1000 est
687 967 882 999 observatio
900 974 1122 999 externorum
1141 967 1274 999 rituum

299 1021 519 1056 mactationis
543 1019 734 1063 pecudum,
761 1024 817 1049 aut
836 1017 1069 1057 ieiuniorum,
1097 1025 1155 1050 aut
1171 1017 1276 1050 vcsti-

299 1082 365 1108 tus.
422 1072 501 1104 ldeo
523 1069 651 1102 Paulus
677 1067 808 1111 inquit:
836 1064 1036 1111 πολίτειχυα
1060 1075 1219 1101 nostrum
1239 1068 1276 1099 in

301 1124 405 1158 coelis
421 1129 491 1161 est,
518 1121 553 1153 id
571 1127 638 1159 est,
662 1130 807 1161 regnum
826 1115 957 1150 Christi
977 1131 1046 1151 non
1067 1126 1115 1150 est
1135 1126 1277 1150 externa

302 1183 333 1208 et
351 1174 534 1207 interitura
550 1170 691 1214 politia,
732 1170 789 1201 sed
817 1180 906 1201 nova
931 1168 990 1202 lux
1010 1169 1192 1212 intanima
1212 1171 1277 1201 du-

301 1233 418 1258 ratura
444 1224 480 1255 in
507 1229 576 1254 tota
607 1220 821 1254 aeternitate.

403 1274 480 1307 Iloc
496 1273 591 1305 sonte
607 1271 849 1311 considerato,
879 1270 1005 1302 rectius
1030 1270 1178 1312 intelligi
1200 1281 1280 1312 pos-

302 1332 382 1360 sunt
400 1323 437 1357 hi
453 1325 579 1366 gradus
597 1321 776 1353 libertatis.
837 1319 959 1352 Postea
978 1332 1113 1352 necesse
1129 1327 1177 1352 est
1194 1321 1280 1352 scire

306 1489 386 1511 mur
413 1476 455 1508 de
483 1473 616 1515 legibus
648 1470 818 1514 politiciS,
860 1482 948 1514 quae
973 1472 1014 1502 ad
1043 1470 1281 1501 defensionem

305 1525 480 1561 societatis
503 1522 694 1565 corporalis
715 1528 746 1554 et
772 1517 952 1553 honestam
978 1532 1097 1562 pacem
1118 1519 1154 1551 in
1172 1520 1282 1561 impe-

306 1579 367 1612 riis
384 1578 492 1609 sactae
510 1580 610 1613 sunt,
636 1573 694 1604 sed
720 1573 763 1603 de
787 1570 911 1603 ritibus
928 1567 1189 1614 ecciesiasticis)
1219 1567 1285 1601 ho-

307 1640 386 1662 rum
411 1634 480 1659 tres
503 1631 584 1657 sunt
608 1624 746 1665 gradus.

409 1676 560 1710 Primus.
612 1672 763 1717 Aliquae
786 1671 993 1705 traditiones
1025 1683 1085 1715 per
1117 1682 1189 1704 sese
1221 1682 1286 1714 pu-

311 1734 418 1773 gnant
442 1738 520 1759 cum
547 1723 736 1767 praeceptis
760 1722 844 1763 Dei,
871 1729 908 1755 ut
928 1722 1079 1754 edictum
1099 1720 1287 1755 Nabucho-
1311 1724 1314 1754 ἶ
1339 1723 1403 1754 λον
1425 1717 1599 1753 οὐδέποτε
1622 1717 1742 1764 ὀρθὸν
1765 1717 1949 1767 γίνεσθαι.

311 1783 482 1817 donosor‚
512 1776 606 1820 quod
630 1774 773 1807 iubebat
798 1773 936 1806 adorari
961 1779 1121 1807 statuam.
1184 1771 1289 1804 Tales

312 1829 517 1864 traditiones
541 1832 622 1858 sunt
648 1824 824 1856 invocatio
849 1830 1089 1861 mortuorum,
1130 1823 1288 1855 adoratio
1312 1815 1315 1854 ¹1

312 1887 523 1917 statuarum,
558 1875 688 1908 Missae
713 1874 917 1918 papisticae‚
954 1873 1206 1906 satisfactiones
1230 1885 1289 1916 pa-
1314 1867 1315 1883 ³

520 1926 624 1966 Item,
646 1925 699 1957 lex
725 1926 765 1957 de
784 1925 979 1962 coelibatu,
1007 1924 1086 1968 quia
1111 1924 1186 1956 sine
1210 1936 1290 1966 pec·
1315 1927 1316 1935 ¹

898 1974 949 2008 De
968 1971 1022 2006 his
1041 1975 1290 2007 traditionibus
1315 1979 1317 2008 ζ

313 2031 479 2063 omnibus
513 2039 650 2060 necesse
688 2033 738 2059 est
771 2032 890 2058 tenere
923 2025 1096 2067 regulam:
1139 2022 1317 2068 Oportet«

1146 2074 1292 2108 Necesse
1316 2072 1317 2078 ¹

312 1929 464 1975 pisticae.

312 1981 397 2014 catis
423 1990 494 2011 non
520 1983 631 2020 potest
654 1976 843 2008 observari.

314 2081 391 2114 Deo
423 2078 530 2122 magis
563 2077 706 2110 obedire
738 2088 841 2120 quam
877 2073 1093 2109 hominibus.

315 2139 363 2165 est
381 2131 489 2174 igitur
507 2129 590 2162 tales
609 2128 699 2169 leges
716 2133 748 2159 et
766 2126 852 2158 ritus
869 2125 1074 2168 simpliciter
1089 2126 1239 2159 abolere.

416 2180 598 2215 Secundus
625 2178 752 2221 gradus
776 2183 825 2209 est
849 2176 1002 2213 rituum,
1039 2176 1100 2219 qui
1122 2176 1185 2209 etsi
1209 2183 1292 2210 sunt

314 2245 450 2272 rerum,
477 2241 626 2275 quarum
651 2239 732 2261 usus
759 2239 819 2270 per
841 2237 914 2259 sese
937 2238 1009 2258 non
1034 2233 1191 2268 pugnant
1213 2239 1291 2260 cum

315 2282 506 2328 praeceptis
530 2278 613 2320 Dei,
640 2285 756 2312 tamen
782 2276 978 2310 observatio
1005 2276 1041 2308 fit
1060 2276 1186 2320 impia,
1212 2290 1290 2310 cum

313 2335 456 2367 additur
479 2330 601 2374 opinio
624 2329 738 2362 cultus
762 2335 820 2361 aut
843 2326 1073 2367 necessitatis,
1107 2335 1144 2360 ut
1168 2328 1293 2361 discri-

314 2396 393 2417 men
421 2383 599 2420 ciborum,
634 2379 794 2416 vestitus,
826 2385 1033 2420 temporum.
1087 2376 1126 2410 ln
1151 2375 1207 2410 his
1231 2391 1291 2411 ne·

314 2446 405 2467 cesse
425 2440 472 2466 est
490 2439 603 2465 taxare
623 2431 725 2463 falsas
743 2428 946 2472 opiniones,
973 2434 1006 2460 et
1031 2429 1214 2461 ostendere
1230 2429 1292 2472 qui

312 2486 383 2518 sint
401 2483 473 2516 veri
491 2489 523 2514 et
541 2481 722 2514 necessarii
740 2480 864 2512 cultus.
921 2476 972 2511 Ac
991 2489 1136 2521 prorsus
1156 2479 1290 2512 aboleri

311 2541 457 2580 possunt
473 2533 537 2576 ipsi
557 2532 661 2570 ritus,
687 2531 747 2574 qui
764 2541 835 2562 non
854 2535 1000 2572 prosunt
1016 2530 1057 2560 ad
1078 2529 1210 2562 honum
1231 2542 1289 2562 or-

870 75 995 112 PHlL.
1022 74 1138 112 MEL.
1166 73 1375 110 SCRIPTA
1401 73 1699 111 EXEGETICA.

2184 75 2280 112 1028

1403 159 1545 194 Tertius
1562 161 1689 203 gradus
1707 166 1756 194 est
1771 161 1903 194 rituum
1915 187 1925 203 ,
1955 162 2016 206 qui
2034 173 2107 195 non
2126 167 2283 205 pugnant

1304 223 1383 245 cum
1408 212 1600 256 praeceptis
1624 211 1707 252 Dei,
1735 218 1767 245 et
1792 219 1873 245 sunt
1889 213 1991 245 utiles
2010 213 2051 245 ad
2072 214 2205 245 bonum
2224 223 2284 244 or-

1305 263 1445 302 dinem,
1471 269 1504 295 et
1526 263 1615 295 fiunt
1633 262 1709 294 sine
1733 262 1902 305 opinione
1922 263 2036 295 cultus
2051 271 2082 296 et
2099 262 2284 295 necessita-

1307 313 1361 346 tis.
1413 312 1505 355 Quia
1532 313 1625 345 enim
1651 319 1774 345 natura
1801 312 1984 345 rationalis
2008 313 2172 356 iutelligit
2190 312 2286 344 ordi-

1309 375 1407 401 nem,
1435 371 1468 396 et
1493 364 1555 396 scit
1579 374 1714 402 causas,
1752 369 1893 405 propter
1911 373 1997 406 quas
2013 363 2100 395 ordo
2119 363 2287 396 amandus

1310 421 1356 446 est
1370 437 1378 451 ,
1408 414 1620 457 praecipitur
1636 421 1672 446 ut
1690 420 1722 445 ct
1740 413 1775 444 in
1794 412 1946 446 Ecclesia
1967 413 2084 445 omnia
2109 413 2233 445 ordine
2256 420 2288 445 et

1313 466 1475 497 decenter
1493 465 1595 502 fiant,
1622 464 1711 496 sicut
1732 463 1846 507 inquit
1867 463 2006 497 Paulus.
2060 463 2206 506 Semper
2226 462 2291 504 igi-

1313 523 1370 547 tur
1392 513 1547 547 Ecclesia
1572 515 1676 547 etiam
1699 514 1891 556 primorum
1910 512 2054 546 Patrum
2075 513 2293 556 temporibus

1315 565 1473 598 distinxit
1497 566 1601 597 festos
1623 566 1695 597 dics
1719 565 1999 596 accommodatos
2025 561 2201 600 historiis,
2244 562 2292 594 sic

1315 623 1348 648 et
1383 616 1547 648 lectiones
1576 622 1606 648 et
1643 615 1833 647 cantilenas
1869 615 2130 655 distinguimus.
2197 614 2295 646 Deus

1317 666 1495 697 mandavit
1514 677 1640 707 agnum
1665 663 1861 709 paschalem
1885 677 1924 696 eu
1951 665 2024 707 ipso
2051 671 2206 707 tempore
2229 663 2296 701 edi,

1318 728 1386 760 quo
1410 716 1444 747 in
1471 727 1571 748 cruce
1595 716 1686 748 filius
1714 716 1852 748 victima
1878 716 2017 748 futurus
2035 721 2116 747 erat.
2170 714 2226 748 Sic
2252 715 2296 746 ad

1320 764 1501 799 historiam
1521 766 1672 797 futuram
1694 767 1846 799 futuram
1866 767 2125 798 accommodata
2145 771 2192 798 est
2212 772 2298 797 tem-

1321 817 1414 860 poris
1441 816 1632 847 distinctio.

1422 865 1504 898 Fuit
1529 864 1676 898 Athenis
1704 866 1846 910 quidam
1873 866 2032 908 petulans
2058 863 2164 898 humo
2184 863 2298 910 Cyne-

1324 917 1411 956 sias,
1449 917 1508 961 qui
1535 916 1657 949 solitus
1679 923 1728 949 est
1753 917 1926 949 contraria
1942 917 2025 948 festa
2045 916 2194 959 publicis
2212 916 2299 948 cele-

1325 968 1445 1005 brare,
1474 967 1500 998 si
1518 966 1596 1010 quis
1613 967 1716 999 talem
1738 967 1966 1009 petulantiam
1983 967 2019 998 in
2032 964 2187 999 Ecclesia
2205 977 2300 998 exer-

1326 1025 1433 1057 ceret,
1460 1029 1681 1061 nequaquam
1699 1024 1901 1061 sequeretur
1919 1016 2050 1049 dictum
2064 1016 2181 1050 Pauli:
2211 1014 2303 1049 Om-

1327 1069 1384 1100 nia
1405 1068 1487 1100 fiant
1505 1068 1629 1100 ordine
1646 1074 1679 1101 et
1697 1068 1861 1100 decenter
1882 1068 1918 1099 in
1936 1065 2100 1102 Ecclesia.
2151 1066 2304 1100 Possunt

1327 1120 1434 1161 igitur
1458 1118 1567 1162 aliqui
1593 1118 1679 1150 tales
1703 1118 1791 1151 ritus
1813 1118 1931 1150 ordini
1954 1117 2057 1150 utiles
2083 1117 2243 1151 retineri:
2273 1123 2306 1148 et

1328 1177 1527 1212 temporum
1539 1168 1718 1201 distinctio
1730 1168 2018 1200 commonefactio
2030 1176 2076 1201 est
2089 1169 2130 1200 de
2147 1166 2307 1201 historia.

1330 1219 1398 1252 Sed
1419 1231 1553 1261 semper
1572 1219 1608 1250 in
1628 1226 1813 1261 conspectu
1835 1220 1879 1252 sit
1898 1219 2034 1261 regula,
2072 1218 2126 1251 llli
2144 1219 2308 1251 observa-

1329 1270 1419 1303 tioni
1445 1282 1664 1313 nequaquam
1690 1271 1888 1302 addendam
1917 1281 1988 1302 esse
2011 1269 2215 1316 opinionem
2234 1267 2309 1301 cul-

1306 1339 1307 1353 :
1331 1328 1385 1353 tus
1403 1327 1435 1353 et
1455 1320 1684 1359 necessitatis,
1714 1333 1776 1352 nec
1802 1320 2026 1361 cogitandum
2051 1331 2139 1358 esse,
2169 1329 2310 1363 peccare

304 1375 506 1411 discrimina
531 1372 780 1410 traditionum,
823 1382 911 1414 quae
938 1370 973 1401 in
993 1368 1147 1402 Ecclesia
1174 1371 1281 1402 factae
1306 1387 1307 1400 ³

306 1433 387 1461 sunt
410 1423 562 1458 humana
586 1422 788 1459 autoritate,
814 1421 910 1464 (non
938 1420 1031 1451 enim
1063 1420 1131 1451 iam
1166 1419 1280 1463 loqui-
1306 1428 1307 1435 ¹

1332 1382 1407 1409 eos,
1427 1370 1579 1414 quisine
1598 1371 1761 1402 scandalo
1782 1371 1866 1402 tales
1886 1371 1973 1402 ritus
1992 1370 2171 1402 omittunt.
2214 1367 2309 1401 Haec

1332 1421 1490 1452 doctrina
1509 1420 1690 1453 traditura
1710 1420 1819 1453 Paulo
1840 1421 1875 1452 in
1895 1421 2006 1463 capite
2026 1420 2194 1465 sequenti.

1690 1499 1750 1534 De
1772 1500 1966 1537 scandalo.

1436 1567 1657 1600 Vocabulum
1684 1567 1851 1601 Scandali
1882 1569 2004 1603 dicunt
2030 1582 2101 1603 esse
2125 1582 2143 1603 a
2171 1567 2314 1612 σκάζω,

1336 1619 1430 1664 quod
1456 1619 1627 1660 significat
1651 1619 1827 1659 claudico,
1870 1620 1924 1651 vel
1948 1632 1966 1652 a
1993 1617 2181 1665 σκάμβον,
2220 1623 2315 1666 quod

1337 1677 1387 1703 est
1404 1681 1532 1708 curvo,
1559 1676 1598 1702 ut
1623 1669 1659 1700 in
1676 1670 1862 1712 proverbio
1885 1670 2031 1703 dicitur:
2060 1668 2232 1716 σκάμβον
2254 1669 2316 1710 ξύ-

2011 1720 2192 1765 Significat
2221 1723 2316 1755 enim

1339 1770 1542 1804 scandalum
1561 1770 1701 1813 proprie
1722 1771 1870 1813 tigillum
1889 1771 1925 1803 in
1944 1772 2207 1812 instrumentis,
2235 1772 2316 1818 qui-

1340 1823 1404 1854 bus
1431 1821 1619 1864 capiuntur
1643 1821 1735 1864 lupi,
1763 1829 1823 1854 aut
1846 1822 1984 1864 vulpes,
2012 1829 2070 1855 aut
2092 1834 2218 1856 mures.
2270 1821 2318 1856 Et

1340 1869 1538 1916 Hesychius
1557 1883 1712 1914 expresse
1729 1872 1857 1916 inquit:
1885 1868 2091 1906 σκάνδολον
2106 1871 2147 1906 τὸ
2164 1873 2203 1907 ἐν
2220 1872 2318 1917 μυοί-

1341 1934 1457 1970 yprae.
1509 1920 1555 1954 Et
1595 1923 1864 1955 commentarius
1899 1921 2147 1966 Aristophanis
2182 1924 2316 1969 inquit:

1343 1968 1611 2016 σκανδάληθρα
1654 1980 1735 2005 sunt
1786 1984 1890 2004 curva
1934 1973 2027 2015 ligna
2065 1974 2101 2005 in
2137 1974 2321 2018 decipulis.

1342 2022 1451 2057 Recte
1468 2023 1575 2064 igitur
1593 2022 1753 2055 redditur
1773 2034 1902 2055 nomen
1922 2020 2128 2058 σκάνδολον
2147 2025 2318 2058 vocabulo

1343 2073 1558 2106 tendiculae:
1608 2073 1691 2105 inde
1719 2072 1873 2105 Ecclesia
1905 2086 2034 2106 nomen
2067 2076 2246 2109 transtulit
2275 2076 2319 2109 ad

1343 2124 1505 2162 insidias,
1536 2134 1594 2155 seu
1615 2124 1825 2163 tendiculas,
1856 2124 2017 2156 videlicet
2036 2137 2139 2168 prava
2157 2127 2320 2169 dogmata

1343 2181 1375 2207 et
1397 2186 1502 2218 prava
1526 2175 1699 2217 exempla,
1736 2186 1823 2219 quae
1849 2175 1992 2218 capiunt
2017 2173 2194 2217 homines,
2229 2176 2317 2209 sicut

1343 2225 1541 2259 tendiculae
1566 2225 1703 2258 bestias.

1444 2273 1579 2308 Usitate
1603 2282 1718 2308 autem
1744 2282 1776 2309 et
1799 2276 1947 2309 docendi
1981 2288 2079 2308 causa
2107 2277 2320 2311 offensiones

1343 2326 1602 2360 discernuntur.
1662 2324 1824 2359 Offensio
1857 2323 2048 2370 pharisaica
2070 2327 2201 2360 dicitur
2224 2328 2320 2362 indi-

1343 2376 1462 2419 gnatio
1486 2376 1521 2408 in
1543 2376 1677 2418 impiis,
1706 2378 1765 2421 qui
1791 2377 2021 2409 offenduntur
2044 2390 2122 2410 vera
2148 2379 2320 2420 doctrina,

1343 2435 1375 2460 et
1401 2427 1567 2469 exemplis
1583 2439 1599 2459 a
1616 2426 1693 2459 Deo
1711 2427 1933 2469 adprobatis,
1971 2428 2051 2471 quia
2077 2440 2177 2471 aegre
2202 2430 2320 2464 ferunt

1342 2478 1542 2510 labefactari
1566 2489 1662 2510 suam
1691 2478 1899 2519 potentiam,
1941 2485 1996 2509 aut
2026 2479 2188 2522 impediri
2212 2492 2320 2525 quae-

1341 2535 1444 2561 stum.
1512 2526 1559 2563 Ut
1582 2540 1659 2559 cum
1684 2526 1863 2560 Pharisaei
1887 2527 2136 2569 offenduntur,
2179 2537 2320 2564 taxante

311 2587 447 2625 dinem,
483 2590 521 2616 ut
546 2581 643 2615 stulti
668 2581 753 2612 ritus
772 2579 985 2612 discriminis
1003 2580 1183 2622 ciborum,
1209 2593 1288 2614 cum
1342 2577 1484 2612 Christo
1504 2586 1684 2622 quaestum
1705 2578 1740 2610 in
1759 2578 1941 2621 ten:p10,et
1956 2579 2057 2612 salsas
2073 2581 2259 2623 opiniones
2276 2582 2320 2613 de

310 2637 451 2682 quidem
467 2640 500 2668 et
517 2631 712 2667 doctrinam
731 2631 893 2664 obscuret
909 2630 1119 2664 observatio.

1341 2629 1526 2663 sacrificiis.

1575 2627 1628 2662 De
1647 2625 1710 2662 hac
1729 2629 1923 2662 offensione
1948 2630 2078 2663 dicitur
2103 2629 2232 2665 Matth.
2253 2632 2270 2665 1
2283 2629 2307 2664 5
