2415 2942
267 101 341 136 599

364 183 426 218 Est
459 188 572 215 antem
605 176 743 223 phrasis
773 178 1005 213 observanda.
1073 175 1121 211 Ut
1152 187 1248 209 nunc

264 243 412 270 utuntur
440 230 630 266 adversarii
665 229 836 264 vocabulo
869 229 1009 269 meriti,
1047 228 1094 261 ita
1119 226 1250 261 Paulus

263 288 374 320 utitur
391 282 596 317 correlativo
613 280 782 313 vocabulo
799 280 938 313 Debiti:
973 286 1011 313 ut
1031 278 1140 322 igitur
1155 278 1250 312 tollit

264 336 441 374 debitum,
470 334 516 366 ita
541 332 633 365 tollit
660 331 824 364 meritum
848 331 885 363 in
910 329 1157 364 iustificatione
1173 356 1183 371 ,
1219 335 1251 362 et

265 388 355 420 clare
375 385 543 425 affirmat,
579 383 674 428 quod
697 382 881 426 imputatio
906 381 984 423 fiat,
1010 393 1084 414 non
1108 386 1252 425 propter

265 438 423 470 debitum
457 447 517 468 seu
548 434 734 474 meritum,
768 434 827 466 sed
851 433 895 466 sit
925 433 1074 477 gratuita
1101 439 1134 466 et
1162 431 1253 465 acci-

265 489 382 533 piatur
402 487 479 520 fide.

569 575 707 605 Tertium
729 580 949 615 argtuuentum.

370 644 433 680 Est
447 644 637 679 declaratio
652 652 684 678 et
702 645 923 679 confirmatio
944 643 1099 677 secundi.
1153 641 1256 675 lusti-

270 698 384 731 ficatio
408 704 458 730 est
482 695 641 730 remissio
667 703 908 739 peccatorum,
943 694 1035 738 Ergo
1057 693 1256 727 iustificatio

272 761 343 782 nou
360 749 394 781 fit
414 754 557 792 propter
573 753 728 780 nostram
744 747 950 790 dignitatem
962 772 971 786 ,
999 757 1059 778 seu
1078 744 1214 779 merita.

373 806 451 840 Hoc
467 812 712 849 argumentum
735 805 847 839 multo
870 804 980 847 magis
1004 803 1158 836 declarat
1178 814 1257 836 sen-

272 859 416 893 teutiam
437 857 537 891 Pauli
557 858 598 888 de
616 855 765 899 gratuita
783 855 1035 898 imputatione,
1062 865 1123 887 seu
1140 854 1183 886 de
1201 865 1257 886 ex-

270 909 414 943 clusiva.
452 906 736 941 NamSadoletus
755 913 787 940 et
803 906 863 939 alii
883 906 1121 949 imaginantur
1137 916 1258 950 synec-

271 957 424 994 dochen:
460 957 547 991 Fide
565 956 813 995 iustificamur,
842 957 876 990 id
894 964 962 994 est,
989 957 1056 989 fide
1073 955 1258 1000 consequi-

272 1023 350 1044 mur
377 1009 523 1042 virtutes
541 1035 549 1048 ,
593 1015 736 1052 propter
755 1005 881 1041 harum
911 1007 1118 1050 dignitatem
1145 1007 1257 1050 place-

273 1073 350 1095 mus
369 1059 454 1093 Deo.
507 1058 566 1093 Sic
591 1059 643 1091 illi
668 1059 918 1103 imaginantur.
970 1057 1026 1091 Ad
1046 1057 1175 1090 Paulus
1201 1069 1259 1090 ex-

274 1111 383 1146 cludit
397 1108 464 1144 boc
483 1110 666 1150 meritum,
693 1117 726 1143 et
751 1110 835 1143 dicit
859 1120 922 1142 nos
947 1121 1063 1142 coram
1082 1106 1156 1141 Deo
1181 1120 1260 1152 pec-

273 1169 406 1196 catores
424 1172 494 1194 esse
506 1188 514 1202 ,
543 1168 575 1195 et
591 1161 637 1194 ita
655 1161 766 1195 iustos
785 1160 962 1206 reputari,
988 1159 1120 1193 scilicet
1135 1159 1258 1192 remis-

274 1214 371 1247 sione
395 1220 627 1257 peccatorum.

373 1269 468 1315 Ergo
486 1269 570 1305 haec
585 1277 635 1305 est
651 1269 820 1304 sententia
838 1281 1002 1313 germana
1013 1268 1132 1302 Pauli:
1153 1268 1259 1311 Quod

274 1323 357 1357 iusti
379 1329 582 1366 reputemur
607 1334 670 1366 per
693 1321 968 1354 misericordiam
995 1327 1136 1363 propter
1155 1318 1260 1352 Chri-

274 1382 387 1415 stum,
413 1385 484 1405 non
512 1379 655 1416 propter
678 1379 833 1405 nostram
859 1371 1086 1413 dignitatem,
1113 1376 1145 1403 et
1164 1371 1258 1413 quod

274 1423 366 1459 hanc
397 1423 675 1456 misericordiam
705 1423 771 1455 fide
805 1429 942 1465 oportet
973 1421 1095 1464 accipi.
1166 1419 1261 1454 Haec

273 1474 449 1509 sententia
493 1474 620 1508 retinet
662 1472 895 1513 exclusivaui,
946 1479 980 1505 et
1013 1472 1107 1505 tollit
1139 1482 1261 1517 synec-

273 1523 423 1561 dochen.

374 1583 559 1618 Caeterum
577 1584 664 1617 illud
683 1582 866 1615 sciendum
884 1589 953 1620 est,
982 1581 1075 1626 quod
1094 1593 1173 1614 cum
1194 1582 1260 1614 irn-

275 1636 457 1681 putatione
474 1642 506 1669 et
525 1635 732 1668 remissione
758 1639 979 1677 peccatorum
1005 1639 1054 1665 est
1075 1632 1260 1665 coniuncta

274 1687 418 1721 donatio
437 1685 591 1731 Spiritus
607 1685 738 1725 sancti,
767 1696 844 1718 cum
871 1684 938 1717 fide
962 1680 1261 1727 apprehendimus

276 1739 435 1771 verbum.
477 1736 549 1770 lam
566 1744 697 1781 quanta
714 1743 765 1770 est
781 1733 865 1768 haec
882 1734 1074 1768 consolatio
1091 1733 1156 1776 piis
1176 1746 1260 1767 con-

276 1789 431 1822 scientiis
453 1788 561 1828 scire,
588 1789 682 1833 quod
708 1785 908 1820 iustificatio
930 1785 974 1819 sit
999 1784 1158 1818 remissio
1182 1797 1261 1828 pec-

277 1839 459 1873 catorum?
494 1838 588 1882 Ergo
611 1851 683 1872 non
707 1839 948 1871 deterreamur
972 1848 1034 1877 eo,
1061 1836 1156 1881 quod
1182 1848 1260 1880 pec-

278 1898 353 1924 cata
375 1892 418 1924 ad
443 1889 557 1924 Deum
586 1889 782 1928 afferimus,
813 1899 887 1920 non
907 1887 1047 1926 merita,
1090 1887 1148 1919 sed
1174 1887 1262 1920 scia-

279 1952 375 1982 mus,
406 1941 500 1986 quod
516 1938 600 1974 haec
617 1940 688 1984 ipsa
706 1940 750 1973 sit
766 1951 831 1971 vox
847 1936 1046 1981 Evangelii,
1072 1943 1105 1970 et
1119 1945 1260 1971 aeterna

278 1992 442 2026 voluntas
459 1991 566 2035 patris
591 1999 623 2025 et
647 1989 868 2023 immutabile
882 1987 1017 2023 Christi
1040 1989 1262 2027 beneficium,
1284 2016 1286 2019 .

277 2043 373 2087 quod
399 2054 479 2076 vere
510 2042 594 2075 velit
624 2041 828 2079 iustificare,
863 2051 1066 2085 quanquam
1097 2023 1287 2084 indignos}

1135 2089 1178 2122 Et
1205 2087 1261 2121 hic
1284 2086 1287 2115 3

277 2144 405 2178 iterum
433 2145 600 2182 observa,
632 2142 742 2186 repeti
770 2141 994 2174 exclusivam:
1022 2139 1090 2174 Cui
1113 2140 1261 2184 imputat
1284 2157 1287 2183 Ι

277 2093 462 2127 afferentes
488 2099 644 2136 peccata,
679 2092 707 2124 si
734 2098 850 2125 tamen
876 2091 1069 2124 credamuS.

278 2194 373 2229 Deus
389 2195 547 2229 iustciam
564 2194 640 2227 sine
661 2193 838 2237 operibus0

381 2254 451 2289 Sed
476 2253 687 2287 cavillantur
713 2249 809 2285 hunc
834 2251 951 2283 locum
980 2250 1168 2283 adversarii
1195 2248 1261 2283 hoc

282 2305 398 2338 modo.
450 2304 525 2339 Alii
543 2305 611 2337 loci
629 2304 790 2337 tribuunt
809 2302 1062 2334 beatitudinem
1080 2301 1260 2344 operibus:

282 2354 410 2389 Beatus
428 2356 482 2389 vir
505 2355 566 2399 qui
584 2355 681 2388 timet
700 2353 912 2387 Dominum:
941 2351 1038 2384 Beati
1064 2352 1259 2385 misericor-

281 2406 343 2439 des
367 2413 428 2441 etc.
487 2404 582 2449 Ergo
607 2405 714 2439 simili
739 2405 845 2437 modo
867 2414 1051 2447 possumus
1074 2413 1260 2445 argumen-

280 2457 374 2497 tari,
413 2457 509 2501 quod
543 2456 771 2490 iustificemur
809 2461 953 2498 propter
991 2465 1096 2497 opera
1115 2478 1125 2493 ,
1171 2454 1260 2488 sicut

279 2506 412 2541 Paulus
433 2514 697 2550 argumentatur
717 2519 758 2539 ex
777 2505 934 2546 Psalmo,
969 2503 1073 2547 Quod
1096 2504 1260 2538 iustifice-

278 2569 360 2592 mur
377 2558 582 2591 remissione
600 2564 832 2601 peccatorum.

374 2616 606 2662 Respondeo:
634 2615 800 2659 Neganda
816 2622 866 2649 est
882 2614 1129 2659 consequentia
1141 2639 1149 2653 ,
1177 2615 1257 2660 quia

273 2667 312 2701 in
329 2669 494 2702 omnibus
511 2667 596 2702 locis
615 2667 658 2700 de
675 2666 840 2712 operibus
859 2667 960 2700 debet
983 2666 1118 2700 includi
1139 2665 1255 2700 locus:

865 90 992 129 PHIL.
1018 91 1135 128 MEL.
1162 86 1374 126 SCRIPTA
1400 85 1700 123 EXEGETtCA.

2211 91 2285 126 600

1298 173 1397 207 Beati
1429 185 1580 218 quorum
1613 172 1778 206 remissae
1810 179 1893 207 sunt
1932 173 2162 219 iniquitates,
2201 176 2286 220 quia

1299 236 1404 268 opera
1427 236 1501 257 non
1532 224 1698 269 placent,
1739 222 1808 256 nisi
1838 224 1875 257 in
1906 227 2068 259 credente
2100 238 2159 259 seu
2184 226 2287 261 iusto.

1300 275 1383 310 Ideo
1400 275 1530 309 Paulus
1548 274 1738 308 rectissime
1756 274 1839 308 citat
1855 272 1950 309 hune
1975 276 2112 316 locum,
2140 289 2219 311 cum
2243 279 2288 311 de

1299 327 1507 361 remissione
1536 332 1759 371 peccatorum
1791 325 1947 371 loquitur
1965 351 1976 366 ‚
2012 339 2102 372 quae
2133 334 2182 362 est
2207 340 2288 373 gra-

1301 378 1402 414 tuita.

1403 435 1473 471 Sed
1497 437 1589 470 dicat
1615 435 1758 481 aliquis:
1796 434 1915 478 Quare
1937 435 2021 470 facis
2043 435 2289 482 synecdochen

1304 488 1341 521 in
1370 488 1456 522 locis
1482 500 1646 532 operum,
1673 493 1706 520 et
1730 498 1801 520 non
1825 487 1863 519 in
1882 487 1967 520 locis
1992 487 2098 520 fidei?
2124 485 2288 531 Respon-

1304 540 1387 572 deo:
1429 537 1522 582 Quia
1547 550 1652 582 opera
1684 549 1756 570 non
1781 537 1943 581 placent,
1976 538 2043 571 nisi
2066 538 2104 571 in
2128 539 2290 573 credente

1305 601 1366 623 seu
1398 589 1501 624 iusto.
1576 589 1659 622 ldeo
1691 589 1728 621 in
1766 588 1852 622 locis
1892 600 2037 633 operum
2073 586 2291 622 includimus

1305 641 1421 676 fldem.
1474 639 1514 674 In
1534 640 1619 673 locis
1637 641 1679 672 de
1698 639 1765 673 fide
1780 651 1853 672 non
1871 646 1921 673 est
1945 637 2180 685 synecdoche,
2208 641 2291 685 quia

1305 691 1431 735 accipit
1450 691 1693 724 remissionem
1717 702 1778 734 per
1795 690 2092 731 misericordiam,
2118 702 2183 724 nec
2204 691 2290 724 niti-

1305 748 1381 783 tur,
1409 741 1579 785 dignitate
1603 753 1769 786 operum,
1803 742 1874 774 imo
1897 742 1993 775 fieret
2020 742 2152 775 incerta
2175 748 2209 775 et
2231 753 2291 775 ex-

1306 799 1500 832 cuteretur,
1543 794 1570 826 si
1598 794 1765 837 penderet
1788 804 1828 825 ex
1855 792 2024 835 dignitate
2052 804 2199 837 operum
2229 804 2291 826 seu

1307 844 1445 879 merito.
1523 842 1607 877 Ideo
1641 844 1772 887 gratiS‚
1814 850 1852 876 ut
1886 844 1930 876 sit
1959 843 2058 876 firma
2092 843 2291 888 promissiO.

1307 893 1506 932 Praeterea,
1541 896 1824 939 quandocunque
1849 894 1994 934 dicitur,
2021 906 2126 937 opera
2152 894 2291 938 placent

1308 953 1449 989 propter
1473 946 1595 986 fidem,
1632 946 1701 978 iam
1731 957 1771 977 eo
1806 946 1881 989 ipso
1905 943 2103 978 detrahitur
2125 945 2291 989 operibus

1308 996 1523 1036 iustificatio,
1550 996 1631 1040 quia
1658 994 1744 1028 fides
1772 1008 1845 1028 non
1870 996 1995 1028 nititur
2019 996 2202 1039 operibus,
2231 996 2292 1029 sed

1307 1054 1357 1080 est
1381 1047 1506 1079 fiducia
1530 1047 1639 1079 solius
1669 1046 1940 1081 misericordiae.
2013 1045 2060 1080 Et
2086 1044 2152 1079 hoc
2176 1047 2293 1090 ipsum

1307 1097 1419 1138 dicit,
1458 1097 1525 1130 fide
1557 1109 1744 1141 personam
1785 1097 1883 1141 prius
1915 1107 1988 1130 esse
2023 1097 2296 1139 reconciliatam,

1309 1156 1425 1192 postea
1444 1149 1579 1192 placere
1595 1160 1712 1191 opera.

1410 1207 1499 1242 Psal.
1518 1208 1577 1243 51.
1618 1206 1717 1240 Beati
1740 1218 1892 1251 quornm
1919 1212 1981 1242 etc.
2004 1212 2055 1239 est
2078 1205 2236 1239 doctrina
2260 1213 2295 1241 et

1297 1259 1498 1300 confessio,
1535 1259 1571 1291 in
1597 1270 1665 1303 qua
1689 1257 1870 1290 doctrinae
1894 1255 2092 1300 exemplum
2114 1257 2292 1301 proponit.

1308 1309 1445 1342 Deinde
1460 1309 1564 1343 tertio
1582 1309 1659 1341 loco
1674 1308 1772 1340 addit
1790 1308 1987 1347 doctrinjim
2007 1307 2102 1349 legis,
2126 1309 2169 1340 de
2183 1308 2291 1341 disci-

1311 1361 1404 1403 plina
1422 1362 1512 1394 etde
1529 1360 1640 1392 causis
1656 1359 1893 1391 calamitatum
1911 1356 2158 1390 humanarum.
2185 1357 2293 1392 Initio

1309 1411 1505 1443 doctrinam
1523 1411 1628 1443 tradit
1647 1422 1706 1442 seu
1726 1409 1942 1448 concionem,
1968 1419 2058 1452 quae
2074 1409 2160 1440 duas
2177 1415 2292 1451 partes

1309 1462 1486 1501 continet,
1526 1461 1656 1494 scilicet
1689 1460 1904 1496 doctrinam,
1943 1459 2037 1502 quod
2069 1469 2191 1490 omnes
2221 1459 2292 1494 siut

1309 1513 1373 1545 sub
1398 1518 1547 1556 peccat0.
1624 1510 1707 1543 ltem
1739 1509 2028 1554 promissionem,
2071 1509 2164 1553 quod
2196 1507 2292 1543 Deus

1310 1563 1392 1596 velit
1410 1563 1587 1595 remittere
1613 1568 1770 1605 peccata,
1798 1568 1830 1593 et
1852 1561 1953 1592 docet
1975 1560 2155 1604 quomodo
2172 1561 2294 1594 remit-

1308 1621 1375 1654 tat,
1403 1614 1579 1659 quomodo
1609 1612 1787 1652 iustificet‚
1819 1610 1952 1644 scilicet
1976 1609 2102 1653 gratis,
2128 1622 2202 1644 non
2223 1611 2292 1645 im-

1310 1672 1436 1709 putans
1453 1669 1589 1707 peccata
1608 1669 1672 1696 ete.

1409 1730 1471 1765 Est
1500 1731 1608 1774 igitur
1632 1729 1836 1774 propositio.
1879 1728 1978 1764 Beati
1995 1741 2146 1775 quorum
2168 1730 2295 1764 remis-

1309 1796 1364 1817 sae
1379 1789 1460 1817 sunt
1478 1782 1702 1826 iniquitates,
1731 1781 1765 1813 id
1785 1788 1853 1815 est:
1882 1780 1931 1814 lta
1951 1791 2071 1813 sumus
2090 1780 2188 1822 iusti,
2220 1793 2294 1815 non

1311 1841 1452 1879 propter
1467 1833 1672 1876 dignitatem
1697 1839 1852 1864 nostram
1881 1838 1941 1864 aut
1963 1831 2106 1871 merita,
2141 1833 2199 1864 sed
2216 1831 2292 1866 Deo

1312 1898 1382 1918 nou
1408 1886 1617 1928 imputante,
1662 1882 1736 1915 Deo
1761 1882 1959 1915 remittente
1981 1889 2130 1925 peccata.
2195 1881 2292 1925 Ergo

1310 1947 1431 1969 omnes
1466 1934 1625 1967 homines
1655 1931 1785 1965 habent
1821 1939 1997 1975 peccatum
2011 1958 2020 1972 ‚
2064 1939 2098 1965 et
2126 1933 2293 1967 omnibus

1311 1993 1421 2030 potest
1438 1984 1532 2019 Deus
1549 1985 1722 2027 imputare
1739 1990 1915 2027 peccatum
1929 2009 1938 2022 ,
1965 1994 2088 2015 omnes
2106 1993 2294 2026 agnoscere

1311 2038 1438 2070 debent
1455 2048 1490 2069 se
1506 2033 1634 2069 habere
1650 2041 1839 2077 peccatum.
1895 2032 1979 2066 Ideo
1996 2033 2128 2078 iuquit:
2157 2031 2227 2067 Nec
2244 2042 2294 2070 est

1312 2089 1347 2120 in
1366 2087 1490 2132 spiritu
1505 2087 1578 2120 eius
1597 2086 1717 2128 dolus,
1746 2085 1780 2117 id
1799 2091 1867 2124 est,
1894 2084 1955 2128 qui
1971 2084 2126 2126 agnoscit
2150 2091 2183 2119 et
2207 2097 2293 2118 con-

1312 2140 1427 2172 fitetur
1447 2144 1642 2182 peccatum:
1669 2135 1798 2168 Beatus
1815 2143 1864 2169 est
1881 2141 1944 2169 etc,
1986 2135 2104 2180 Atque
2118 2134 2166 2168 ita
2185 2147 2291 2179 repu-

1312 2198 1428 2223 tamur
1451 2188 1550 2229 iusti‚
1577 2200 1655 2221 cum
1682 2186 1920 2230 agnoscimus,
1946 2191 1979 2218 et
1997 2186 2206 2219 confitemur
2227 2197 2292 2220 nos

1311 2238 1439 2274 habere
1456 2245 1591 2283 peccata
1603 2266 1612 2280 ‚
1638 2245 1671 2272 et
1687 2238 1861 2271 credimus
1879 2236 1981 2270 nobis
1997 2235 2126 2270 remitti
2144 2248 2207 2281 per
2223 2237 2292 2271 mi-

1310 2291 1536 2325 sericordiam
1558 2297 1701 2334 propter
1716 2286 1911 2323 Christum.

1411 2358 1548 2392 Deinde
1579 2357 1737 2402 sequitur
1766 2354 1936 2388 confessio
1964 2352 2091 2397 ipsius,
2125 2364 2215 2399 quae
2240 2360 2291 2388 est

1310 2411 1505 2454 exemplum
1524 2408 1723 2453 propositae
1744 2405 1935 2440 concionis,
1990 2404 2168 2447 Quoniam
2194 2405 2288 2439 tacui

1310 2461 1592 2495 inveteraverunt
1619 2470 1694 2491 ossa
1710 2463 1773 2490 etc.
1828 2455 1959 2489 Tacere
1981 2456 2129 2500 opponit
2152 2455 2288 2489 confes-

1309 2513 1412 2547 sioni.
1471 2509 1653 2545 Confessio
1677 2515 1792 2542 autem
1815 2513 1864 2539 est
1889 2518 2075 2550 agnoscere
2098 2512 2288 2551 peccatum,

1308 2570 1340 2596 et
1358 2570 1474 2607 petere
1491 2569 1524 2595 et
1546 2561 1685 2594 credere
1703 2557 1957 2593 remissionem.
2010 2556 2087 2590 Hoc
2111 2557 2185 2590 vult
2208 2569 2287 2591 curn

1308 2613 1443 2659 inquit:
1472 2612 1554 2647 Dixi
1569 2610 1762 2644 confitebor
1783 2610 1968 2642 adversum
1992 2620 2048 2641 me
2072 2608 2286 2641 iniusticiam

1306 2676 1417 2699 meam
1433 2663 1602 2699 Domino.
1655 2659 1809 2695 Econtra
1827 2665 1958 2701 tacere,
1986 2666 2036 2694 est
2059 2659 2188 2694 sentire
2203 2669 2285 2703 pee-
