2415 2942
271 105 345 142 211

278 191 440 233 ignorant
463 188 628 222 beneficia
656 185 822 223 Messiae,
857 189 889 216 et
916 188 1051 214 tantum
1080 179 1258 213 somniant
1283 181 1289 211 Ι

278 253 379 274 suum
413 240 499 272 illud
537 237 754 270 nnmdannm
790 244 955 275 regnum,
994 231 1118 274 repetit
1150 230 1259 273 igitur

277 289 439 324 Christus
466 299 544 321 suas
576 284 847 318 asseverationes
878 284 922 315 de
952 282 1117 315 missione
1147 288 1181 314 et
1215 281 1258 314 de

278 341 435 375 doctrina
447 363 456 377 ‚
484 345 516 371 et
534 336 682 380 explicat
697 334 931 367 obiectionem
948 334 990 366 de
1008 329 1199 367 Abraham.

328 417 522 455 Abraham
553 423 659 466 paler
689 422 798 452 vester
827 415 1026 456 cra-ultavit,
1060 420 1097 449 ut
1129 413 1258 448 videret

379 470 472 505 diem
492 481 621 506 mcum.

377 539 472 572 llaec
489 550 579 571 nova
597 537 794 570 absurditas
817 537 926 579 magis
943 535 1045 568 etiam
1067 534 1181 568 irritat
1197 534 1259 567 ad-

278 592 469 629 versarios,
497 589 617 622 miscet
635 595 781 628 aetates,
805 600 902 620 suain
923 594 955 619 et
973 583 1148 619 Abrahae.

379 641 475 683 Quid
510 637 574 672 hoc
607 640 655 672 rei
689 640 763 671 est'?
814 638 883 671 Sed
915 637 1125 670 nominatim
1157 634 1259 667 dicit:
1286 648 1288 652 ’

278 690 459 726 Abraham
477 689 839 733 optavitvideri-diem
858 700 984 720 meum.
1008 686 1083 719 Etsi
1101 688 1143 718 de
1162 697 1261 728 prae-

279 743 455 777 dicatione
482 741 649 773 'x‘ictoriae
677 748 709 772 et
730 741 772 771 de
805 739 1010 771 liberatione
1033 737 1168 777 generis
1194 732 1261 766 hu-

279 794 374 827 mani
392 791 566 836 loquitur,
593 798 706 824 tamen
727 791 768 821 de
785 801 845 821 sua
867 799 1013 831 persona
1039 787 1141 818 etiam
1161 785 1260 816 dicit:
1287 790 1289 836 Ἰ

281 841 463 878 Abraham
487 842 605 873 videre
624 848 800 883 utrunque
818 840 980 870 ardenter
996 837 1139 879 cupivit,
1168 832 1261 866 hunc
1288 838 1289 842 ’

280 894 568 939 propiciatorem,
597 898 628 923 et
652 892 760 933 ipsam
786 888 1081 932 praedicationem
1100 885 1262 927 Evange-

280 946 330 984 lii,
350 951 380 977 et
395 943 540 985 gloriam
562 941 725 974 victoriae
744 941 779 971 in
800 938 1063 977 resurrectione,
1081 949 1118 969 ac
1135 937 1260 969 trium-

280 994 388 1039 phum
407 992 537 1025 Christi
559 991 777 1023 ascendentis
800 990 836 1021 in
856 990 992 1028 coelos,
1021 988 1082 1020 ubi
1099 986 1262 1031 Apostoli

280 1046 443 1077 viderunt
460 1044 609 1075 sormam
627 1042 701 1074 eius
722 1041 832 1084 regni,
860 1040 954 1085 quod
973 1039 1037 1073 erit
1052 1045 1130 1082 post
1144 1049 1263 1070 resur-

279 1096 481 1130 rectionem.

383 1143 573 1187 Quomodo
599 1142 706 1184 igitur
721 1142 809 1176 vidit
831 1139 917 1174 haec
935 1136 1139 1173 Abraham?
1189 1135 1263 1171 Re-

281 1197 454 1241 spondeo:
483 1194 673 1227 Personam
700 1193 816 1232 novit,
844 1190 910 1224 hoc
934 1198 1002 1229 est,
1025 1190 1125 1223 novit
1151 1189 1262 1221 filium

280 1247 346 1282 Dei
370 1252 556 1279 venturum
581 1244 618 1276 in
639 1256 796 1283 carnem,
821 1250 853 1276 et
874 1240 968 1275 hunc
992 1253 1062 1273 esse
1087 1239 1262 1283 propicia-

281 1307 393 1332 torem
418 1304 577 1329 nostrum
601 1302 634 1327 et
650 1295 847 1333 custodem,
873 1296 920 1325 sic
945 1298 1044 1324 norat
1067 1291 1177 1323 filium
1196 1288 1262 1321 Dei

281 1356 315 1383 et
335 1349 455 1385 Iacob,
484 1346 544 1391 qni
565 1346 696 1387 inquit:
724 1343 914 1376 Benedicat
931 1342 1047 1385 pueris
1066 1341 1141 1374 istis
1156 1341 1262 1380 Deus,

282 1407 315 1433 et
331 1399 485 1441 angelus,
502 1397 563 1440 qui
580 1396 707 1439 eripuit
723 1408 777 1427 me
794 1407 833 1427 ex
850 1394 1014 1427 omnibus
1033 1392 1142 1424 malis.
1193 1390 1262 1423 llic

281 1450 442 1493 angelus,
470 1448 531 1492 qui
555 1447 681 1479 liberat.
699 1446 742 1478 ab
764 1445 929 1477 omnibns
953 1443 1071 1483 malis,
1100 1449 1189 1474 certe
1213 1448 1263 1473 cst

282 1501 374 1533 silius
397 1498 481 1538 Dei,
516 1505 630 1530 custos
656 1503 688 1529 et
718 1496 871 1528 salx-'ator
898 1501 1034 1533 noster,
1070 1494 1105 1525 id
1134 1499 1262 1524 norant

281 1559 396 1596 patres
408 1577 416 1590 ,
441 1549 520 1582 ideo
537 1550 627 1581 etde
641 1547 713 1579 filio
729 1545 803 1579 Deo
821 1545 1031 1587 intelligitur
1048 1554 1262 1586 congressus,

282 1614 360 1635 cum
378 1599 540 1644 apparuit
559 1598 651 1630 Deus
667 1595 832 1630 Abrahae
856 1597 892 1628 in
911 1596 1000 1627 valle
1019 1594 1172 1634 Mamre,
1201 1593 1261 1625 ubi

281 1660 351 1685 tres
368 1652 462 1683 viros
478 1648 629 1693 hospitio
647 1648 790 1691 excipit,
819 1654 852 1680 et
869 1658 978 1679 unum
998 1646 1137 1685 adorat,
1164 1645 1262 1676 vide-

281 1704 379 1743 licet,
408 1702 499 1734 inter
517 1700 656 1742 angelos
673 1705 810 1731 euntem
829 1698 940 1730 filium
956 1697 1035 1729 Dei.

384 1753 435 1786 Ac
460 1753 502 1784 de
524 1749 756 1794 promissione
779 1750 857 1781 data
882 1745 1045 1780 Abrahae
1072 1745 1176 1777 nimis
1200 1744 1262 1776 sri-

283 1804 362 1847 gide
381 1803 593 1845 cogitamus,
621 1801 648 1832 si
666 1812 736 1832 non
755 1799 990 1832 existimamus
1008 1809 1084 1830 eum
1103 1797 1263 1828 conside-

282 1867 393 1892 rasse,
430 1859 560 1897 quanta
587 1862 641 1884 res
671 1850 840 1894 promissa
866 1849 981 1881 suerit.
1042 1847 1262 1889 intelligebat

281 1903 462 1939 Abraham
474 1915 551 1935 ‹non
569 1908 702 1936 tantum
720 1901 786 1933 sibi
806 1900 963 1944 promitti
991 1910 1136 1940 regnum
1158 1909 1262 1929 mun-

282 1958 432 1995 danum,
461 1966 538 1986 cum
566 1951 750 1996 promissio
766 1952 874 1984 dicat:
904 1949 944 1982 In
968 1950 1099 1982 semiue
1118 1956 1177 1981 tuo
1201 1949 1262 1980 be-

281 2007 489 2040 nedicentur
513 2015 633 2036 omnes
655 2009 784 2044 gentes.
838 2000 1059 2034 Gubernatio
1083 2000 1262 2031 mundana

281 2057 378 2099 regni
402 2054 583 2089 Isra'e'litici
610 2051 700 2085 nihil
728 2053 892 2095 proderat
921 2051 1062 2084 caeteris
1089 2050 1261 2092 gentibus,

282 2110 340 2141 sed
360 2107 488 2140 sciebat
506 2101 684 2138 Abrabam
702 2103 906 2145 promissam
930 2114 1001 2134 esse
1018 2100 1260 2133 liberationem

282 2171 301 2191 a
326 2164 465 2202 peccato
494 2162 527 2188 et
558 2167 577 2187 a
610 2161 721 2186 morte
757 2160 914 2193 aeterna,
949 2159 981 2185 et
1003 2151 1260 2184 restitutionem

283 2216 441 2242 aeternae
469 2205 626 2239 iusticiae
653 2212 684 2237 et
708 2204 809 2236 vitae.
864 2203 921 2236 Sic
941 2203 1047 2245 igitur
1064 2201 1152 2234 vidit
1168 2201 1260 2233 diem

282 2259 422 2291 venturi
441 2256 608 2296 Messiae,
636 2253 809 2288 intellexit
829 2254 1108 2296 promissionem,
1131 2251 1261 2284 sciebat

283 2316 469 2342 venturum
485 2319 600 2339 semen
617 2306 691 2338 fore
706 2302 855 2337 hostiam
874 2316 936 2347 pro
954 2310 1103 2346 peccam,
1129 2309 1159 2335 et
1180 2315 1261 2345 pro-

282 2367 360 2404 pter
383 2360 496 2402 ipsum
521 2357 594 2389 dari
618 2355 858 2388 remissionem
888 2361 1105 2397 liieccatorum
1142 2360 1173 2385 et
1208 2353 1259 2384 vi-

283 2419 352 2444 tam
371 2416 544 2441 aeternam
558 2433 566 2447 ,
593 2407 662 2438 imo
678 2413 779 2438 norat
798 2405 899 2438 etiam
923 2404 1035 2448 ipsum
1058 2404 1164 2435 fitium
1181 2403 1259 2442 Dei,

284 2472 387 2505 quem
408 2459 542 2490 viderat
564 2464 750 2489 venturum
775 2456 811 2488 in
835 2467 985 2488 carnem.
1038 2451 1132 2486 Ilinc
1155 2453 1260 2495 igitur

283 2512 431 2544 laetatus
456 2515 524 2545 est,
558 2507 638 2551 quia
665 2507 797 2547 agnitio
828 2504 1088 2538 misericordiae
1116 2511 1260 2547 propter

283 2562 394 2594 filium
416 2557 625 2603 promissae,
656 2557 782 2589 liberat
810 2568 829 2589 a
858 2556 1006 2600 peccatis
1039 2560 1071 2587 et
1105 2566 1122 2586 a
1147 2561 1259 2586 morte

283 2619 438 2650 aeterna,
473 2614 506 2641 et
530 2607 630 2640 affert
654 2607 761 2639 vitam
789 2613 984 2646 aeternam,
1018 2605 1107 2637 sicut
1130 2603 1260 2637 Paulus

283 2661 415 2708 inquit:
436 2659 523 2694 Fide
539 2657 714 2692 iustificati
727 2669 846 2701 pacem
860 2655 1028 2691 habemus
1044 2666 1122 2699 erga
1132 2656 1260 2689 Deum.

868 97 991 132 PIIlL.
1019 95 1135 131 MEL.
1162 93 1368 130 SCRIPTA
1394 89 1694 128 EXEGETICA.

2215 98 2290 132 212

1409 177 1462 210 Ac
1478 177 1578 211 docet
1595 175 1662 210 hoc
1677 178 1755 211 loco
1772 175 1942 221 Christus,
1970 180 2148 225 quomodo
2165 181 2289 215 salvati

1310 227 1379 261 sint
1411 239 1531 261 omnes
1566 225 1734 261 haeredes
1768 229 1858 263 vitae
1885 237 2062 272 aeternae,
2103 239 2290 276 antequam

1310 276 1472 312 Christus
1491 290 1529 311 ex
1545 279 1680 322 virgine
1696 285 1797 312 natus
1815 287 1875 314 est.
1925 279 2103 315 Pharisaei
2120 284 2291 326 putabant

1311 341 1431 362 omnes
1448 329 1635 373 disciplina
1653 330 1737 372 legis
1753 330 1903 364 salvatos
1920 343 2011 373 esse,
2039 333 2127 366 sicut
2144 333 2292 377 scripse-

1312 387 1395 412 runt
1410 387 1443 413 et
1461 377 1646 421 Monachi‚
1671 381 1732 425 qui
1750 380 1925 415 finxerunt
1949 389 2018 415 tres
2036 382 2146 425 leges,
2173 390 2206 416 et
2228 384 2292 416 ad-

1312 431 1477 464 diderunt
1514 443 1804 476 unumquemque
1838 432 2009 465 salvatum
2043 444 2114 466 esse
2149 441 2292 478 propter

1312 492 1410 514 suam
1436 481 1556 524 legem.
1610 480 1706 514 Ilaec
1728 482 1957 517 deliramenta
1987 485 2178 517 execranda
2199 490 2293 524 sunt,

1312 543 1351 564 ac
1370 532 1549 565 sciendum
1567 544 1674 565 unam
1693 544 1765 565 esse
1782 533 1891 575 legem
1915 540 2111 575 aeternam,
2139 547 2226 579 quae
2243 541 2294 568 est

1313 582 1483 615 iudicium
1513 589 1694 615 aeternum
1726 582 1791 615 Dei
1821 585 1863 616 de
1896 591 2048 628 peccato.
2101 584 2293 630 Nunquam

1312 639 1423 675 potest
1440 631 1514 665 Deo
1533 633 1666 675 placere
1683 634 1896 667 adulterium
1913 634 2072 676 Davidis,
2098 648 2161 668 nec
2178 636 2293 680 placet

1313 682 1420 715 ullius
1437 680 1591 715 hominis
1607 689 1797 726 peccatum,
1810 686 1869 717 sed
1886 685 1937 718 ira
1953 685 2101 719 incurrit
2117 687 2153 718 in
2169 687 2293 726 filiurn,

1314 739 1456 775 propter
1491 729 1584 765 hunc
1619 733 1788 777 recipitur
1831 747 1978 778 persona
2012 736 2217 779 confugiens
2248 736 2293 769 ad

1313 782 1437 816 filium.
1496 782 1641 826 Semper
1667 784 1776 827 igitur
1804 785 1858 817 lex
1890 786 2022 828 arguit,
2054 793 2087 820 et
2121 786 2294 820 accusavit

1287 850 1289 858 π
1314 839 1449 876 peccata
1464 859 1473 873 ,
1500 845 1564 866 nec
1581 835 1766 879 quisquam
1786 843 1930 882 propter
1948 837 2171 880 disciplinam
2195 837 2293 870 illam

1313 883 1466 916 salvatus
1480 890 1541 918 est.
1582 884 1652 918 Sed
1669 886 1789 918 eodem
1810 887 1915 919 modo
1933 887 2054 920 salvati
2073 894 2155 921 sunt
2171 899 2293 921 omnes

1314 932 1479 966 haeredes
1496 935 1586 968 vitae
1609 943 1788 974 aeternae,
1815 937 1899 977 fide,
1927 938 1961 970 id
1985 945 2052 977 est,
2078 938 2204 972 fiducia
2226 938 2293 970 mi-

1315 985 1523 1017 sericordiae
1559 993 1700 1029 propter
1735 986 1899 1020 Messiam
1937 989 2137 1032 promissae.
2197 987 2294 1021 Haec

1315 1047 1458 1078 prorsus
1490 1036 1608 1078 ignota
1638 1038 1781 1070 suerunt
1814 1035 2029 1080 pharisaeis,
2066 1040 2127 1084 qui
2156 1046 2294 1072 tantum

1315 1086 1538 1119 somniabant
1559 1088 1776 1120 mundanum
1803 1088 2010 1131 imperium,
2037 1102 2101 1122 nec
2120 1090 2294 1133 intellige-

1315 1140 1401 1169 bant
1424 1137 1689 1180 promissionem
1715 1139 1757 1170 de
1783 1139 2044 1180 benedictione,
2071 1152 2134 1174 nec
2163 1141 2294 1184 cogita-

1314 1188 1399 1220 bant
1435 1188 1519 1232 quid
1557 1186 1721 1220 Abrahae
1757 1195 1790 1221 et
1823 1190 1988 1223 omnibus
2023 1191 2182 1234 patribus
2217 1197 2294 1234 post

1314 1239 1450 1281 lapsum
1482 1238 1563 1270 inde
1593 1251 1703 1283 usque
1735 1239 1778 1271 ab
1806 1239 1908 1272 initio
1940 1241 2129 1284 profuisset
2161 1241 2293 1284 agnitio

1315 1288 1474 1323 Messiae.
1530 1288 1691 1334 Denique
1714 1301 1856 1333 prorsus
1876 1291 2088 1333 ignorabant
2110 1303 2229 1325 veram
2251 1292 2295 1325 de

1314 1338 1442 1371 Messia
1463 1340 1672 1375 doctrinam,

1417 1389 1492 1422 Hoc
1512 1390 1616 1432 igitur
1640 1391 1770 1423 dictum
1788 1388 1917 1425 Christi
1943 1392 2223 1434 meminerimus,
2252 1393 2295 1425 de

1315 1441 1506 1473 salvatione
1525 1450 1674 1483 patrum,
1702 1442 1745 1474 ad
1763 1443 1854 1486 quod
1874 1444 2031 1485 congruit
2050 1443 2180 1477 dictum
2198 1442 2295 1476 Petri

1316 1492 1351 1523 in
1370 1490 1466 1524 Actis
1482 1491 1593 1535 capite
1613 1490 1685 1526 15.:
1741 1492 1836 1534 Quid
1855 1494 1994 1526 tentatis
2011 1492 2146 1534 Deum,
2178 1494 2294 1537 impo-

1316 1549 1435 1575 nentes
1463 1542 1583 1585 iugum
1610 1554 1714 1586 super
1738 1544 1868 1575 collum
1896 1544 2167 1587 discipulorum,
2199 1544 2293 1589 quod

1315 1605 1428 1637 neque
1445 1600 1558 1636 patres
1575 1594 1695 1633 nostri,
1723 1605 1836 1638 neque
1855 1606 1919 1627 nos
1944 1601 2081 1638 portare
2106 1594 2295 1638 potuimu8‚

1315 1646 1371 1675 sed
1402 1644 1510 1685 gratia
1537 1644 1673 1676 domini
1701 1642 1775 1676 lesu
1801 1642 1929 1677 Christi
1958 1645 2132 1677 credimus
2156 1645 2295 1684 salvari,

1316 1695 1403 1727 sicut
1422 1701 1453 1726 et
1474 1694 1560 1737 ipsi,
1590 1701 1621 1726 et
1645 1702 1684 1727 ut
1708 1706 1770 1726 nos
1798 1696 1981 1737 gratuitam
2018 1695 2293 1727 misericordiam

1316 1745 1444 1777 clarius
1466 1745 1720 1786 intelligamus,
1749 1752 1781 1778 et
1799 1746 1901 1777 iidem
1924 1745 2129 1785 excitemus,
2157 1745 2293 1779 intuen-

1316 1807 1395 1828 mnr
1418 1802 1530 1839 patres
1553 1802 1632 1827 ante
1657 1795 1787 1837 legem,
1822 1802 2054 1829 sustentantes
2086 1807 2120 1828 se
2144 1795 2294 1838 promis-

1315 1847 1431 1885 sione,
1458 1858 1529 1877 non
1555 1845 1645 1887 lege,
1675 1846 1764 1878 sicut
1789 1853 1820 1879 et
1847 1845 1975 1878 Paulus
1997 1846 2099 1878 nobis
2123 1846 2293 1888 singulari

1315 1898 1461 1929 consilio
1488 1894 1552 1928 lioc
1575 1896 1706 1928 dictum
1727 1896 1908 1939 proponit:
1935 1895 2093 1929 Credidit
2112 1894 2292 1929 Abraham

1315 1947 1408 1987 Deo,
1435 1955 1467 1979 et
1493 1947 1702 1989 imputatum
1727 1953 1778 1979 est
1799 1947 1830 1978 ei
1855 1948 1897 1979 ad
1924 1947 2107 1979 iusticiam.
2161 1946 2201 1979 In
2226 1944 2293 1980 hoc

1315 1997 1512 2040 exemplum
1535 1997 1663 2029 intueri
1690 2008 1753 2029 nos
1778 1996 1891 2037 iubet,
1919 2004 1949 2031 et
1976 2001 2075 2030 docet
2096 2009 2160 2030 nos
2183 1997 2292 2040 recipi

1314 2050 1349 2081 in
1370 2048 1535 2090 gratiam,
1563 2059 1635 2079 non
1654 2053 1794 2090 propter
1817 2048 1944 2090 legem,
1972 2049 2031 2080 sed
2055 2048 2141 2088 fide,
2168 2048 2203 2080 id
2230 2054 2291 2088 est,

1313 2099 1438 2131 fiducia
1463 2097 1721 2130 misericordiae
1744 2105 1888 2141 propter
1905 2098 2070 2132 Messiam
2092 2098 2293 2142 promissae,

1314 2151 1401 2182 sicut
1417 2146 1597 2181 Abraham
1616 2155 1773 2191 receptus
1791 2155 1849 2181 est.
1885 2148 1956 2182 Nec
1974 2149 2120 2182 dubium
2140 2155 2190 2182 est
2205 2148 2291 2192 quin

1313 2198 1474 2234 Christus
1497 2199 1532 2230 in
1559 2196 1621 2231 hac
1648 2200 1849 2232 narratione
1863 2198 2108 2243 Evangelistae
2125 2199 2168 2232 ad
2190 2199 2291 2231 illum

1312 2252 1427 2283 locum
1450 2250 1485 2281 in
1505 2248 1634 2282 Genesi
1658 2249 1836 2293 respiciat,
1865 2262 1942 2282 cum
1970 2251 2017 2283 ait
2035 2251 2077 2282 de
2094 2247 2291 2283 Abraham:

1314 2301 1412 2334 vidit
1431 2308 1462 2333 et
1479 2301 1625 2333 laetatus
1641 2307 1699 2335 est.
1734 2300 1812 2333 Hoc
1829 2301 1930 2344 plane
1947 2301 2038 2333 idem
2056 2307 2116 2341 est,
2143 2301 2236 2345 quod
2254 2299 2291 2332 in

1314 2351 1444 2384 Genesi
1463 2351 1609 2384 dicitur:
1635 2349 1811 2391 Credidit,
1837 2358 1870 2383 et
1894 2351 2105 2395 imputatum
2127 2358 2177 2384 est
2193 2351 2225 2383 ei
2246 2351 2290 2383 ad

1313 2403 1496 2436 iusticiam.
1549 2400 1625 2434 Etsi
1650 2398 1733 2433 haec
1757 2402 1927 2434 sententia
1952 2414 1970 2434 a
1995 2401 2140 2434 somniis
2165 2398 2293 2434 Phari-

1312 2464 1469 2486 saeorum
1492 2463 1632 2495 prorsus
1654 2451 1881 2495 discrepabat.

1414 2502 1506 2536 Sunt
1548 2509 1663 2535 autem
1706 2501 1742 2533 in
1779 2502 1894 2535 verbis
1936 2502 2096 2535 ardentes
2131 2500 2290 2535 affectus:

1312 2552 1491 2587 Abraham
1510 2552 1642 2596 optavit
1660 2553 1776 2585 videre
1794 2553 1886 2585 diem
1904 2565 2030 2592 meum,
2058 2552 2091 2584 id
2110 2558 2173 2592 est,
2193 2559 2292 2596 opta-

1313 2606 1362 2638 vit
1381 2611 1412 2637 et
1429 2603 1619 2643 me'nosse‚
1646 2609 1679 2635 et
1703 2603 1770 2636 mei
1788 2604 1957 2636 adventus
1980 2603 2147 2646 gloriam,
2175 2602 2211 2635 id
2229 2609 2290 2643 est,

1312 2655 1545 2689 incoationem
1571 2653 1669 2697 regni
1692 2654 1823 2688 aeterni
1842 2653 1972 2689 videre.
2027 2652 2144 2695 Vidit,
2169 2653 2206 2686 id
2229 2659 2290 2692 est,
