2415 2942
78 91 154 128 997

81 174 272 212 Conclusit
287 174 393 211 Deus
411 188 532 211 omnes
548 176 616 211 sub
629 182 833 224 peccalum,
852 181 890 210 ut
908 176 1071 211 omnium

467 230 695 262 misereatur.

180 303 429 349 Epipltonema
448 313 515 345 est,
547 307 580 339 in
606 317 674 350 quo
696 305 842 349 ponitur
871 307 1072 350 exaequatio
1099 315 1101 320 ·

81 355 251 390 Gentium
272 364 300 388 et
328 357 555 395 ludaeorum,
588 364 621 389 et
639 353 837 390 detrahitur
858 357 982 388 fiducia
1003 370 1072 389 me—
1098 356 1101 369 ¹

80 408 236 441 ritoruin
254 406 398 443 Cbristi.
457 407 630 441 Hortatur
656 419 776 441 omnes
813 409 854 439 ad
891 409 1072 450 poenitcn—

82 460 194 498 tiam,
227 459 355 492 deinde
379 460 571 503 aequaliter
590 458 754 502 proponit
773 459 939 489 omnibus
966 471 1068 499 agen-

81 511 183 543 tibus
216 510 466 553 poenitentiam
494 510 782 543 consolationem.
838 508 970 554 Estque
993 523 1069 552 gra-

81 561 216 593 tissima
241 562 399 593 doctrina
418 562 453 593 in
471 568 620 605 utroque
647 560 814 592 membro.
870 559 957 592 Nam
984 573 1069 593 cou-

77 612 175 644 cludi
196 612 260 644 sub
284 619 460 655 peccatum
487 624 557 644 non
583 619 632 643 est
656 611 765 643 otiose
788 611 1069 653 intelligendum,

79 664 136 695 sed
166 663 411 706 complectitur
435 670 588 697 reatum,
627 674 808 704 pavorem,
837 661 1008 694 iudicium
1037 671 1067 695 et

80 724 211 757 poenas
229 713 368 756 peccati,
387 713 483 758 quasi
503 714 609 745 dicat:
648 710 784 745 Omnes
801 713 849 744 rei
870 720 963 753 sunt,
992 725 1065 745 om—

85 776 148 796 nes
176 771 279 797 erunt
304 764 512 796 subiiciendi
540 764 670 796 iudicio
689 762 773 803 Dei,
802 764 955 796 mortiet
976 764 1066 796 affli-
1093 778 1095 796 t

79 815 276 854 ctionibus,
304 822 343 848 ut
359 813 471 847 David
489 822 559 847 erat
585 814 771 847 conclusus
790 815 855 846 sub
876 821 1066 858 peccatum,

80 878 156 897 (ιι-ι»
185 866 371 907 pelleretur
392 866 427 897 in
452 866 616 905 exilium,
641 878 718 897 cum
745 862 979 898 horribilibus
1003 867 1065 897 do-

339 89 438 126 xnt.
468 89 503 125 3.
531 87 830 126 ENARRATIO
865 89 1022 127 EPIST.
1058 89 1204 127 PAULI
1233 88 1301 126 AD
1324 87 1588 130 ROMANOS.
1639 92 1742 133 CAP.
1770 96 1830 133 XI.

2048 100 2123 135 998

1098 180 1104 244 1
1129 178 1381 213 excellentibus
1403 179 1614 221 virtutibus,
1648 181 1819 226 sapientia
1837 191 1870 219 et
1887 185 2114 222 fortitudine:

1128 241 1236 274 quare
1271 230 1309 264 iu
1345 228 1437 264 hanc
1472 231 1684 265 imbecillem
1719 241 1882 269 naturam
1921 235 2113 272 humanam

1127 287 1222 313 tanta
1241 282 1339 313 rabie
1357 282 1504 323 grassari
1528 283 1682 316 diabolis
1708 287 1940 329 permittatur.

1229 338 1323 373 Haec
1351 349 1381 373 et
1407 341 1473 373 alia
1494 342 1603 375 multa
1631 353 1788 378 exercent
1818 343 1989 380 humanas
2015 349 2108 391 cogi-

1098 390 1100 410 ἶ
1126 390 1295 431 tationes,
1338 393 1394 423 sed
1416 391 1546 426 Paulus
1571 393 1607 425 in
1635 391 1697 426 liae
1723 396 1973 430 exclamatione
1998 400 2107 439 signi-

1125 442 1198 474 ficat
1213 469 1220 481 ,
1250 454 1320 474 non
1339 443 1456 474 omnia
1476 444 1620 476 consilia
1639 443 1703 477 Dei
1731 443 1894 480 humanis
1919 450 2107 483 ratiocina-

1124 493 1281 525 tionibus
1302 491 1554 536 comprehendi
1585 506 1701 537 posse,
1739 499 1796 529 sed
1824 499 2106 541 amplectendum

1124 555 1195 576 esse
1221 544 1366 576 verbum
1387 543 1450 576 Dei
1476 545 1690 586 revelatum,
1720 559 1782 579 nec
1805 549 1848 580 ab
1874 562 1912 581 eo
1941 551 2106 584 deficien—

1122 595 1206 627 dum
1233 606 1323 632 esse,
1362 602 1391 627 et
1416 595 1522 635 gratis
1547 596 1723 629 mentibus
1749 596 1832 631 baec
1858 601 2023 633 beneficia
2050 603 2105 634 in-

1122 645 1255 688 gentia,
1281 657 1367 690 quae.
1386 646 1507 684 offert,
1535 647 1738 688 accipienda
1765 656 1795 681 et
1822 651 2003 684 retinenda
2023 665 2105 691 esse,

1094 713 1096 729 i
1122 704 1153 729 et
1179 697 1288 738 ipsius
1312 697 1502 729 bonitatem
1523 704 1554 730 et
1574 697 1744 731 iusticiam
1770 699 1833 733 Dei
1860 702 2104 737 celebrandam

1121 759 1204 782 esse.
1259 746 1381 780 Postea
1404 748 1439 779 in
1461 748 1520 780 itta
1542 755 1681 781 aeterna
1710 747 1827 783 schola
1848 764 1967 785 causas
1987 756 2104 787 consi-

1121 798 1248 830 liorum
1292 799 1495 831 divinorum
1532 799 1725 839 discemus,
1771 802 1858 836 sicut
1902 805 2104 847 saepissime

1120 855 1341 891 praeceptum
1369 857 1436 883 est:
1474 849 1633 883 Lucerna
1667 851 1814 894 pedibus
1846 855 1932 886 meis
1957 857 2103 889 verbum

79 916 213 948 loribus
240 917 517 959 excruciaretur,
555 917 649 948 iuxta
675 916 823 949 dictum:
855 915 951 948 Deus
976 917 1065 958 iguis
1091 938 1092 949 ι

77 978 288 998 consumens
305 974 365 1000 est.

78 1018 326 1061 relinquantur
345 1015 507 1051 homines
525 1019 560 1050 in
581 1025 718 1061 peccato
738 1025 768 1050 et
787 1019 909 1058 exitio,
945 1019 1002 1051 sed
1027 1026 1061 1051 ut

80 1080 140 1111 per
160 1068 269 1101 filium
293 1069 497 1102 liberentur.
552 1068 618 1101 llic
642 1069 749 1111 igitur
772 1081 851 1102 mox
871 1069 1061 1102 consolatio

79 1118 198 1151 addita
221 1128 285 1153 est:
318 1119 363 1153 Ut
385 1121 543 1153 omnium
569 1120 785 1153 misereatur.
840 1120 1064 1153 Promittitur

76 1169 225 1212 gratuita
245 1171 505 1211 reconciliatio,
534 1183 622 1215 quae
647 1172 858 1213 opponenda
877 1179 924 1204 est
951 1178 1060 1204 tenta-

75 1220 165 1253 tioni
192 1223 234 1253 de
262 1222 407 1260 merito,
443 1234 502 1255 seu
527 1223 569 1255 de
592 1223 780 1265 dignitate:
818 1230 849 1254 et
877 1223 1061 1265 promissio

74 1271 284 1305 universalis
302 1280 369 1310 est,
399 1270 489 1305 banc
515 1274 720 1316 particulam
741 1273 975 1305 universalem
1000 1285 1061 1316 op—

75 1334 247 1365 ponamus
267 1324 453 1357 tentationi
471 1325 513 1356 de
533 1324 829 1367 particularitate,
858 1336 921 1356 nec
940 1325 1059 1357 turbe-

74 1384 154 1405 mur
171 1373 299 1406 Stoicis
317 1381 348 1406 et
369 1372 589 1406 Manicliaeis
613 1374 935 1417 disputationibus,
976 1375 1061 1406 scia-

420 965 553 1009 Arguit
574 974 690 1000 autem
708 973 886 1010 peccatum
900 994 909 1007 ,
937 979 1008 999 nou
1028 974 1062 1000 ut
1090 997 1091 1008 ἶ
1175 1003 1182 1009 ,

1090 1020 1091 1025 =
1118 1010 1230 1035 tutina
1258 1003 1327 1036 lux.

1088 1060 1090 1079 ῐ
1116 1050 1212 1086 bunc
1237 1055 1366 1088 audite.

73 1434 151 1455 mus
185 1424 297 1467 ipsum
326 1425 437 1456 filium
468 1424 529 1457 Dei
559 1423 650 1457 hanc
679 1425 949 1468 promissionem
981 1426 1088 1459 uni—.

71 1474 239 1506 versaleui
259 1474 409 1515 (Venite
436 1478 476 1508 ad
506 1488 560 1508 me
591 1487 714 1508 omnes
739 1476 799 1520 qui
831 1475 998 1508 laboratis
1030 1484 1059 1508 ct

73 1526 206 1558 onerati
231 1526 329 1566 estis,
358 1538 419 1566 ego
449 1527 599 1559 reficiam
624 1529 707 1567 vos)
737 1526 893 1568 proferre
918 1539 958 1558 ex
981 1527 1059 1558 sinu

71 1577 207 1609 aeterni
226 1577 352 1619 patris,
382 1589 453 1609 non
472 1578 642 1619 fingamus
670 1577 705 1608 in
724 1576 799 1609 Deo
824 1577 1061 1610 contradicto-

74 1626 143 1658 rias
168 1627 384 1667 voluntate-S,
413 1629 472 1659 sed
503 1628 686 1660 credamus
709 1627 781 1660 filio
799 1626 864 1660 Dei
891 1628 996 1660 misso
1018 1629 1060 1660 ad

74 1674 139 1709 boc
159 1677 294 1720 ipsum,
323 1685 358 1710 ot
376 1679 421 1710 sis
445 1678 611 1717 nuncius,
636 1678 750 1717 testis,
778 1678 921 1721 pignus,
948 1685 980 1711 et
997 1679 1060 1710 ob-

72 1728 228 1769 signator
252 1729 394 1762 divinae
419 1729 680 1771 promissionis,
721 1729 808 1761 sicut
839 1729 971 1773 inquit:
1002 1729 1059 1761 Sic

71 1778 167 1811 Deus
191 1780 313 1813 dilexit
338 1782 533 1820 muudum,
573 1786 612 1813 ut
635 1779 750 1812 omnis
785 1780 845 1825 qui
881 1780 991 1813 credit
1024 1780 1058 1811 in

71 1841 150 1863 eum
180 1842 252 1864 non
278 1839 406 1875 pereat.

315 1929 350 1967 Ο
381 1931 544 1967 alliluclo
577 1930 808 1968 diviliarum.

169 2006 387 2043 Exclamatio
406 2010 522 2042 addita
546 2017 613 2050 est,
642 2021 709 2054 qua
732 2008 911 2051 abrumpit
935 2008 1056 2052 dispu-

72 2058 260 2100 tationem,
291 2061 371 2104 quia
391 2074 593 2105 quanquam
616 2059 711 2093 Deus
739 2067 789 2093 est
818 2060 994 2103 aequalis,
1024 2067 1057 2092 et

73 2111 188 2143 statim
209 2111 311 2144 initio
328 2112 435 2144 edidit
456 2112 722 2154 promissionem
740 2112 783 2143 de
802 2112 1006 2150 mediatore,
1025 2117 1055 2143 et

73 2161 185 2194 voluit
203 2163 370 2195 omnibus
389 2163 535 2205 posteris
552 2170 670 2195 notatu
690 2174 779 2202 csse,
805 2169 837 2194 et
857 2174 977 2194 omnes
995 2174 1055 2205 po-

73 2218 182 2245 steros
212 2226 352 2246 manere
389 2214 424 2245 in
458 2226 538 2246 vera
574 2213 752 2256 agnitione
776 2219 808 2245 ct
834 2213 1057 2245 invocatione

71 2261 157 2303 Dei,
193 2270 225 2297 et
250 2265 450 2308 saepissime
472 2265 635 2307 repetivit
658 2276 777 2296 vocem
803 2265 1058 2307 promissionis,

74 2321 105 2347 et
124 2326 243 2347 rursus
261 2316 402 2359 collegit
422 2314 629 2348 Ecclesiam:
659 2322 775 2348 tamen
799 2321 981 2359 postquam
1002 2315 1057 2347 in-

75 2376 157 2407 gens
183 2367 375 2400 multitudo
409 2367 560 2399 subinde
589 2366 698 2399 oblita
724 2373 772 2399 est
802 2366 1058 2408 promissionis,

76 2422 109 2448 et
130 2418 236 2450 secuti
263 2425 344 2451 sunt
372 2416 543 2451 horrendi
570 2418 717 2451 furores,
778 2416 894 2450 Mutia
922 2418 1058 2462 quaerit

77 2463 229 2500 humana
261 2470 367 2506 ratio.
411 2482 517 2514 quare
543 2476 638 2502 tanta
667 2468 858 2500 multitudo
893 2469 1059 2500 omnibus

77 2518 201 2550 seculis
221 2528 353 2561 pereat,
381 2528 527 2553 curtam
548 2520 647 2564 pauci
668 2519 751 2552 fiant
769 2519 874 2551 salvi:
902 2518 975 2552 Cur
993 2518 1058 2551 Ec-

78 2569 180 2601 clesia
198 2570 242 2603 sit
261 2572 447 2615 dissipatus
464 2579 496 2605 et
513 2583 698 2616 oppressus
717 2577 852 2610 coetus,
876 2571 950 2603 sine
966 2577 1058 2603 certo

77 2620 226 2664 imperio
250 2629 282 2655 et
306 2623 379 2655 sine
403 2624 524 2666 pulcro
543 2623 686 2656 ordine:
722 2620 795 2655 Cur
811 2622 919 2666 impia
936 2622 1058 2654 multi-

76 2672 162 2704 tudo
185 2673 368 2708 antecellat
394 2674 566 2719 imperiis,
602 2674 731 2718 gloria,
767 2673 912 2718 opibus,
939 2673 1061 2706 multis

1119 907 1226 932 tuum.
1287 899 1388 932 Item:
1428 901 1482 933 Ad
1512 901 1620 940 legem
1647 909 1676 933 et
1701 904 1742 934 ad
1772 905 2033 946 testimouium,
2077 909 2105 941 si

1119 963 1188 983 non
1209 952 1361 984 dixerint
1383 952 1474 985 iuxta
1495 953 1640 984 verbum
1661 950 1744 986 hoc:
1774 954 1852 987 Non
1875 957 1936 988 erit
1959 958 2008 990 eis
2028 971 2103 991 ma-

1387 1002 1497 1036 ltem:
1536 1002 1602 1036 Hic
1628 1010 1677 1037 cst
1699 1005 1791 1038 filius
1817 1018 1912 1039 meus
1940 1009 2103 1048 dilectus,

1219 1111 1283 1144 His
1309 1112 1502 1155 praeceptis
1528 1114 1829 1156 obtemperemus,
1859 1129 1921 1150 nec
1947 1118 2104 1153 sinamus

1117 1164 1234 1205 vagari
1261 1170 1396 1196 mentes
1421 1164 1644 1204 curiositate,
1673 1177 1761 1209 quae
1783 1167 1981 1211 implicatae
2004 1171 2105 1216 laby-

1116 1212 1243 1247 rinthis
1277 1214 1555 1256 disputationum
1588 1216 1841 1258 opprimuntur
1873 1220 2104 1263 dubitatione,

1117 1277 1205 1310 quae
1231 1265 1355 1307 mergit
1381 1265 1658 1299 innumerabiles
1684 1267 1718 1299 in
1739 1277 1920 1302 aeternum
1946 1272 2090 1305 exitium

1116 1317 1203 1349 sicut
1231 1315 1390 1348 lulianus
1415 1322 1446 1348 et
1474 1316 1534 1348 alii
1561 1317 1662 1350 multi
1700 1320 1889 1361 perierunt.
1952 1320 2103 1358 Insidias

1116 1367 1221 1399 etiam
1240 1367 1466 1398 diabolorum
1486 1366 1734 1408 intelligamus,
1753 1370 1812 1413 qui
1831 1371 1986 1405 curiosas
2004 1386 2103 1407 men-

1115 1425 1164 1450 tes
1190 1417 1379 1460 impellunt
1406 1418 1448 1449 ad
1477 1418 1599 1451 inanes
1623 1420 1880 1461 disputationes
1900 1427 2103 1462 movendas,

1117 1467 1296 1501 Adversus
1320 1465 1382 1500 has
1407 1475 1440 1501 et
1465 1469 1624 1502 doctriua
1649 1478 1680 1503 et
1704 1471 1926 1505 invocatione
1946 1473 2011 1508 Dei
2040 1489 2104 1510 nos

1115 1520 1327 1556 muniamus,
1345 1519 1432 1551 sicut
1451 1519 1576 1552 clamat
1595 1519 1787 1564 Propheta:
1818 1523 1885 1556 Fac
1905 1537 1982 1557 cum
2002 1538 2101 1561 servo

1115 1577 1174 1602 tuo
1191 1571 1384 1602 secundum
1419 1569 1697 1603 misericordiam
1725 1580 1840 1614 tuam,
1877 1581 1908 1607 et
1936 1577 2101 1611 iustifica—

1116 1621 1230 1652 tiones
1251 1626 1329 1652 tuas
1357 1621 1444 1652 (loce
1470 1633 1534 1655 me.
1591 1621 1697 1656 ltent:
1736 1622 1864 1665 Orate,
1899 1638 1940 1658 ne
1965 1627 2101 1663 intretis

1116 1672 1151 1702 in
1176 1671 1420 1704 tentationem.
1483 1669 1527 1704 Et
1554 1679 1646 1705 certe
1671 1675 1814 1707 modum
1845 1688 1917 1709 esse
1943 1679 2102 1723 disputa-

1114 1723 1250 1754 tionum
1275 1729 1431 1764 oportet,
1475 1723 1563 1757 sicut
1588 1725 1759 1769 praecipit
1784 1725 1930 1761 Paulus:
1974 1729 2024 1763 Ne
2047 1743 2101 1765 sa-

1115 1773 1249 1814 piamus
1275 1780 1414 1815 praeter
1438 1785 1543 1817 quam
1569 1782 1706 1818 oportet
1732 1788 1873 1820 sapere,
1900 1780 1959 1812 sed
1985 1782 2102 1824 sapia-

1114 1836 1189 1856 mus
1221 1825 1287 1863 ita,
1316 1831 1354 1857 ut
1377 1826 1534 1858 modeste
1557 1826 1648 1860 intra
1674 1828 1850 1871 regulam,
1878 1842 1982 1875 quam
2006 1831 2102 1866 Deus

1111 1876 1273 1916 tradidit,
1301 1887 1518 1911 maneamus.

1467 2008 1605 2062 Caput
1643 2010 1742 2051 XII.

1208 2099 1384 2134 Usitatum
1413 2107 1461 2133 est
1488 2100 1599 2133 Paulo
1623 2102 1777 2145 primum
1809 2106 1947 2140 tradere
1978 2121 2098 2143 vocem

1112 2149 1295 2193 Evangelii
1315 2152 1357 2182 (le
1377 2152 1612 2195 promissione
1628 2154 1759 2195 gratiae
1776 2156 1818 2188 de
1841 2160 2099 2194 reconciliatio-

1111 2215 1172 2242 ne,
1210 2204 1253 2235 de
1281 2202 1529 2235 iustificatione
1555 2211 1699 2247 propter
1722 2205 1834 2238 filium
1860 2215 1892 2240 et
1919 2221 1980 2252 per
2006 2223 2096 2248 eum.

1111 2253 1231 2286 Postea
1257 2254 1356 2286 addit
1383 2254 1580 2286 docti-inam
1607 2256 1649 2287 de
1675 2255 1776 2289 bonis
1809 2260 1993 2302 operibus,
2037 2275 2097 2297 seu

1112 2317 1200 2337 nova
1219 2304 1438 2343 obedientia,
1467 2317 1524 2338 seu
1544 2313 1746 2349 praecepta,
1775 2320 1864 2352 quae
1880 2319 1960 2345 sunt
1984 2315 2097 2358 expli-

1111 2355 1200 2389 catio
1218 2354 1395 2398 Decalogi.
1432 2354 1500 2388 Hic
1518 2364 1632 2389 autem
1653 2364 1733 2390 nota
1752 2359 1795 2391 sit
1809 2371 1944 2394 summa
1964 2364 2097 2398 doctri—

1113 2419 1194 2444 nae,
1222 2407 1264 2439 de
1288 2407 1391 2439 bonis
1412 2407 1596 2448 operibus,
1625 2420 1728 2451 quam
1748 2410 1897 2443 docendi
1920 2425 2020 2448 causa
2041 2424 2096 2449 ut-

1111 2470 1250 2502 cunque
1276 2458 1522 2491 distribuimus
1541 2458 1577 2490 in
1599 2456 1660 2491 has
1680 2459 1838 2505 quinque
1861 2466 2096 2507 quaestiones-

1162 2516 1279 2550 Prima
1305 2525 1379 2550 est:
1416 2516 1516 2559 Quae
1547 2529 1652 2560 opera
1687 2518 1844 2554 facienda
1879 2525 1984 2557 suut?
2024 2525 2096 2560 Re-

1111 2569 1276 2612 sponsio:
1316 2567 1503 2611 Praecepta
1523 2580 1541 2600 a
1560 2567 1634 2601 Deo
1658 2569 1825 2604 interiora
1850 2579 1883 2605 et
1910 2577 2094 2618 exteriora,

1112 2621 1206 2653 iuxta
1238 2619 1369 2652 (lictum
1398 2619 1434 2650 in
1467 2616 1667 2652 Ezechiele:
1713 2620 1752 2653 ln
1784 2626 1978 2668 praeceptis
2009 2629 2096 2661 meis

1112 2671 1387 2735 attibulztte‚*ac
1412 2681 1548 2704 summa
1576 2671 1612 2703 in
1638 2671 1813 2716 Decatogo
1846 2674 2097 2720 comprehensa
