2415 2942
267 125 341 163 635

267 212 381 246 titudo
407 207 513 248 magis
545 202 731 236 accendere
759 200 895 234 animos
921 200 963 233 ad
983 199 1072 233 bene
1091 211 1242 243 operari·
1268 202 1276 214 '

267 265 351 295 ‹liiiii
373 258 532 291 debebat.

368 317 478 350 Porro
505 316 546 348 ad
566 312 822 358 quaestionem:
861 309 899 344 Si
925 322 997 343 non
1019 321 1139 343 sumus
1165 310 1246 343 iusti

267 376 408 413 propter
433 378 557 410 opera,
593 375 763 408 quorsum
789 372 876 404 opus
902 368 950 394 est
975 361 1063 394 bene
1087 361 1249 404 operari?

266 420 535 463 Respondemus
566 415 707 448 usitate:
742 411 958 445 Beneficium
993 411 1248 445 iustificationis

265 479 313 505 est
332 470 537 504 translatum
556 466 591 498 iii
613 463 812 503 Christum,
831 470 869 496 ut
886 462 930 496 sit
948 470 1099 502 certum,
1130 463 1162 495 id
1189 469 1250 503 est,

269 532 418 565 persona
438 526 486 552 est
504 519 611 553 iusta,
641 516 675 548 id
696 521 763 554 est,
781 520 937 557 accepta,
972 519 1116 557 propter
1141 511 1248 546 Chri—

265 581 370 606 stum.
425 569 471 604 Et
494 576 531 602 ut
556 566 621 600 lioc
648 567 858 604 sitccrtiiin,
887 576 958 597 non
984 564 1111 607 pendet
1136 576 1175 596 ex
1193 563 1248 597 di—

265 623 397 667 gnitate
424 628 561 659 nostr-i,
599 619 654 650 sed
685 617 878 660 imputatur
901 622 1044 659 propter
1068 612 1247 648 Christum

265 673 445 713 credenti,
485 671 519 703 id
547 676 618 708 est,
653 668 719 700 fide
745 666 939 710 accipienti.
992 664 1129 698 Deinde
1157 677 1248 698 nova

266 724 466 758 obedientia
501 728 549 754 est
575 718 787 755 neccssaria,
820 724 857 750 ut
883 716 1025 749 ess'ectus
1052 716 1246 748 necessario

267 785 484 819 consequeus
505 773 599 804 illam
620 768 907 812 imputationem,
934 767 1015 810 quia
1035 778 1113 799 cuin
1133 767 1250 810 impu—

266 827 397 860 tatione
420 826 455 857 fit
482 820 680 857 renovatio,
711 830 799 863 quae
823 823 872 850 est
897 817 1049 850 incoatio
1080 828 1192 850 novae
1218 824 1251 850 et

266 884 424 910 aeternae
444 874 543 907 vitae.
598 870 752 904 Incoatio
780 880 859 901 vere
891 879 1003 900 novae
1032 873 1065 900 et
1089 874 1250 900 aeternae

266 928 355 960 vitae
384 934 430 958 est
471 934 560 956 nova
593 928 625 954 et
656 919 847 964 spiritualis
876 917 1087 951 obedientia.
1156 916 1250 961 Ergo

266 990 356 1010 nova
377 984 407 1009 et
426 973 617 1018 spiritualis
635 970 836 1004 obedientia
861 977 909 1002 est
926 968 1127 1004 necessaria.
1155 967 1252 1002 Haec

268 1030 340 1073 ipsa
358 1036 406 1060 cst
426 1037 560 1060 summa
585 1021 824 1066 responsionis
843 1019 955 1054 Pauli.

371 1094 436 1127 Sui
470 1093 542 1135 ipse
567 1089 748 1123 disti-ibuit
773 1088 843 1120 duo
870 1086 1025 1120 membra
1050 1086 1252 1120 renovatio-

267 1147 341 1184 nis,
385 1144 514 1178 scilicet
553 1139 858 1173 mortificationem
902 1145 933 1171 et
958 1136 1249 1170 vivificationem:

268 1205 299 1230 et
319 1197 366 1229 sic
385 1199 649 1236 argumentatur
673 1202 690 1223 a
715 1190 826 1222 causis
854 1188 1095 1222 efficientibus,
1148 1187 1253 1221 Prior

269 1247 508 1290 svllogisiiius:
543 1243 686 1276 Mortua
713 1248 837 1273 natura
859 1252 930 1271 non
951 1245 999 1271 est
1018 1239 1156 1277 efficax,
1183 1238 1251 1272 Ne-

272 1310 362 1331 cesse
396 1303 442 1329 cst
471 1296 505 1328 iii
532 1293 634 1326 nobis
658 1299 807 1324 veterem
841 1297 873 1323 et
902 1289 1063 1321 vitiosam
1089 1296 1250 1322 naturam

269 1347 490 1384 mortificari,
519 1345 609 1387 Ergo
628 1349 725 1374 vetus
753 1348 783 1374 ct
809 1341 932 1372 vitiosa
951 1347 1075 1373 natura
1099 1352 1170 1372 non
1191 1341 1251 1372 de-

268 1401 326 1433 bet
347 1410 416 1432 esse
437 1397 572 1433 efficax,
602 1406 664 1426 nec
682 1392 947 1436 obsequendum
968 1397 1018 1423 est
1031 1390 1062 1422 ei
1081 1390 1252 1434 pugnanti

270 1462 348 1485 cum
374 1449 554 1481 voluntate
571 1444 647 1479 Dei.

369 1508 469 1541 Alter
485 1505 705 1551 syllogismus
723 1508 789 1535 est:
816 1499 905 1533 Viva
921 1506 1045 1533 natura
1063 1500 1166 1533 debet
1181 1510 1252 1532 esse

272 1560 407 1593 efficax,
443 1557 514 1590 Nos
539 1554 756 1597 concipimus
782 1563 909 1584 novam
936 1551 1042 1583 vitam
1069 1557 1102 1584 et
1127 1551 1253 1591 lucem,

270 1622 347 1644 cum
365 1610 448 1642 fides
466 1607 566 1648 erigit
582 1612 613 1638 et
635 1603 836 1637 consolatur
853 1601 1120 1638 conscientiam,
1155 1599 1250 1643 Ergo

270 1660 355 1694 haec
383 1671 472 1692 nova
499 1658 568 1690 vita
598 1656 700 1689 debet
726 1651 852 1686 habere
876 1664 981 1696 opera
1007 1657 1252 1691 consentanea,

269 1713 303 1745 id
324 1718 388 1751 est,
408 1707 644 1743 obedientiam
664 1716 742 1747 erga
759 1704 870 1737 Deum
883 1728 894 1746 ‚
922 1714 1026 1747 quem
1044 1702 1114 1735 iam
1133 1702 1171 1734 in
1188 1698 1252 1735 hac

270 1774 360 1796 nova
378 1762 448 1795 vita
468 1759 656 1802 incipimus
676 1766 873 1798 agnoscere.

370 1829 445 1863 Hos
464 1829 552 1860 duos
574 1824 793 1867 svllogismos
823 1819 880 1854 liic
900 1820 1020 1855 recitat
1038 1819 1187 1858 Paulus,
1214 1819 1252 1853 in

271 1882 402 1927 quibus
424 1866 756 1911 viilcmus'descrilsi
791 1872 1055 1906 renovationem
1087 1869 1253 1911 hominis,

271 1942 303 1966 ct
333 1932 443 1965 utitur
467 1927 524 1961 liic
558 1924 852 1970 appellationibus
874 1922 1173 1962 mortificationis,
1197 1922 1253 1954 vi-

271 1981 498 2019 vificationis,
532 1985 563 2011 et
588 1976 797 2022 quibusdam
824 1974 998 2007 affinibus.
1058 1972 1254 2015 Diligenter

272 2041 386 2067 autem
411 2028 708 2065 considerandum
726 2033 794 2063 est.,
821 2025 906 2070 quid
933 2024 1183 2068 appellationes
1209 2023 1252 2055 il-

271 2086 325 2118 lae
349 2083 487 2128 proprie
515 2079 720 2122 significent.
780 2075 1001 2109 Describitur
1029 2081 1144 2107 autem
1169 2086 1253 2108 con-

272 2135 386 2168 versio
405 2132 558 2166 hominis
576 2141 636 2163 seu
654 2127 830 2172 potentia,
847 2127 935 2159 sicut
955 2125 1081 2158 usitate
1098 2131 1253 2158 vocatur.

273 2185 380 2218 Hunc
398 2192 564 2228 tanquam
583 2177 812 2224 principalem
831 2176 1014 2219 Evangelii
1031 2175 1147 2208 locum
1163 2187 1252 2208 sem-

274 2237 568 2279 periiitueamur,
595 2238 628 2264 et
652 2230 850 2267 videamus,
878 2238 966 2271 quae
992 2226 1183 2259 sententiae
1213 2238 1252 2259 eo

274 2287 393 2320 referri
414 2291 573 2329 possunt:
612 2288 644 2314 et
666 2287 704 2313 ut
720 2278 949 2320 Evangelium
978 2277 1151 2320 praedicat
1169 2289 1253 2320 poe-

275 2337 460 2370 nitentiam
478 2342 507 2367 et
526 2332 766 2367 remissionem
784 2335 1002 2372 peccatorum
1015 2354 1023 2367 ‚
1051 2327 1097 2360 ita
1115 2334 1253 2360 utrum-

276 2388 394 2432 quein
420 2394 531 2419 morte
546 2382 677 2417 Christi
710 2380 811 2412 nobis
828 2378 1049 2423 proponitur.
1103 2377 1158 2411 lra
1186 2377 1252 2411 Dei

277 2439 442 2470 adversus
462 2441 654 2480 peccatum,
681 2430 825 2464 'Necesse
850 2437 899 2463 est
923 2429 1016 2461 enim
1043 2440 1203 2471 magnam
1221 2435 1254 2462 et

278 2488 492 2521 ineffabilem
511 2486 599 2517 iram
621 2495 710 2522 esse,
738 2493 815 2515 cum
844 2480 943 2514 nulla
966 2479 1033 2512 alia
1059 2477 1173 2513 hostia
1191 2492 1252 2524 po-

277 2539 382 2572 tuerit
397 2536 471 2570 Deo
490 2536 700 2572 satisfacere,
719 2540 749 2566 et
772 2544 849 2565 cum
867 2530 1018 2564 voluerit
1034 2530 1145 2563 filium
1162 2530 1252 2563 mori

277 2598 311 2623 et
339 2587 512 2629 crucifigi,
547 2583 640 2626 Ergo
675 2590 723 2616 est
754 2583 876 2624 ingens
899 2588 931 2614 et
967 2580 1156 2614 ineffabilis
1190 2581 1252 2615 ira.

276 2639 414 2674 Rursus
440 2636 523 2670 hacc
547 2636 619 2678 ipsa
646 2643 738 2666 mors
765 2641 813 2666 est
839 2633 983 2676 pignus,
1019 2632 1113 2676 quod
1136 2631 1252 2665 reddit

278 2702 341 2724 nos
359 2697 468 2724 certos
487 2689 529 2720 de
548 2685 749 2720 remissione
775 2691 1006 2727 peccatorum.

832 113 957 151 PlllL.
986 112 1101 149 MEL.
1129 110 1339 149 SCRIPTA
1366 109 1664 148 EXEGETICA.

2204 116 2279 155 636

1400 196 1459 232 Sic
1481 196 1518 229 in
1550 195 1779 231 conversione
1811 197 1931 234 nostra
1963 211 2024 236 seu
2048 200 2277 246 poenitentia,

1299 260 1436 283 necesse
1451 254 1501 282 est
1527 248 1671 282 existere
1693 259 1793 282 veros
1819 255 1968 285 terrores
1994 260 2028 287 et
2050 253 2209 294 dolores,
2239 253 2276 287 in

1298 300 1426 346 quibus
1450 299 1555 333 corda
1582 310 1661 332 vere
1685 299 1842 333 sentiunt
1855 298 1969 334 Deum
1993 302 2095 337 irasci
2122 311 2275 348 peccato.

1298 351 1436 385 Rursus
1463 360 1602 383 necesse
1635 356 1686 384 est
1709 350 1816 383 corda
1851 362 1969 385 veram
1998 355 2275 388 consulationem

1299 402 1365 435 fide
1382 401 1584 444 concipere,
1612 412 1690 434 cum
1706 407 1883 442 statuunt,
1898 402 1991 446 quod
2008 411 2153 448 propter
2168 403 2276 439 Chri-

1298 460 1390 486 stum
1425 459 1519 485 certo
1572 449 1724 485 habeant
1762 451 2004 486 remissionem
2044 460 2276 497 peccatorum.

1298 502 1369 536 Nec
1388 502 1654 545 imaginandum
1669 509 1720 536 est
1734 502 1842 535 semel
1858 502 1920 536 illa
1945 509 2082 538 tantum
2101 504 2188 538 fieri.
2216 504 2278 538 Fi·

1299 554 1359 586 des
1374 565 1451 586 cuin
1469 553 1632 587 terrorib.
1651 552 1689 585 in
1706 550 1770 586 hac
1787 552 1858 586 vita
1871 553 2010 590 assidue
2025 554 2149 588 luctari
2165 555 2279 597 debet,

1299 611 1331 637 et
1350 604 1387 636 in
1408 601 1473 638 hoc
1490 603 1680 637 certamine
1703 603 1828 638 crescit
1851 604 1936 638 fides
1956 611 1990 639 et
2011 605 2149 640 novitas
2174 606 2280 650 spiri-

1300 654 1415 689 tualis.
1469 652 1551 688 ldeo
1574 655 1678 688 etiam
1701 654 1840 689 assidue
1864 656 2078 700 proponitur
2099 663 2279 702 utrunque

1300 706 1469 745 verbum,
1505 706 1653 738 verbum
1672 717 1821 749 arguens
1848 713 2006 750 peccata,
2033 713 2066 742 et
2090 707 2278 752 promissio

1300 756 1343 789 de
1360 753 1502 790 Christo
1516 755 1738 790 annuncians
1756 756 1996 795 remissionem
2013 764 2078 794 etc.
2131 756 2178 793 Et
2196 758 2280 806 qui-

1300 808 1379 840 dem
1395 805 1627 850 Evangelium
1644 807 1759 850 arguit
1783 807 2085 850 incredulitatem,
2113 815 2147 843 et
2171 809 2280 842 mini-

1301 857 1406 891 sterio
1431 857 1516 900 legis
1541 858 1695 891 declarat
1728 865 1860 892 caetera
1887 865 2045 902 peccata,
2088 859 2277 902 adulteria,

1301 908 1399 948 odia,
1424 914 1489 944 etc.
1542 907 1617 941 lino
1636 906 1730 942 Deus
1754 907 1900 943 adhibet
1918 921 2050 953 poenas
2073 916 2108 943 et
2134 910 2280 944 calami-

1301 965 1406 999 tates,
1434 970 1522 1003 quae
1551 959 1653 993 etiam
1681 966 1764 992 sunt
1788 972 1854 993 vox
1880 960 1946 993 Dei
1970 971 2135 994 accusans
2158 972 2278 1005 pecca-

1301 1017 1387 1043 tum.
1442 1009 1494 1042 Ac
1515 1009 1736 1042 mortificatio
1754 1010 1829 1043 sine
1844 1011 1911 1043 fide
1924 1017 1975 1044 est
2001 1017 2134 1051 terror,
2164 1010 2280 1056 qualis

1303 1060 1405 1093 estin
1430 1059 1565 1103 impiis,
1591 1060 1628 1092 iii
1654 1059 1777 1100 Saule,
1805 1059 1909 1102 luda,
1935 1067 1967 1094 et
1992 1061 2092 1095 affert
2116 1062 2281 1106 despera-

1302 1112 1436 1144 tionem
1459 1117 1491 1143 et
1514 1117 1661 1144 mortem
1686 1117 1877 1145 aeternam.
1930 1110 1999 1145 Sed
2023 1118 2173 1146 terrores
2199 1123 2280 1146 cum

1301 1161 1370 1195 fide
1386 1168 1419 1194 et
1436 1161 1565 1195 noticia
1583 1159 1731 1201 Christi,
1758 1168 1841 1195 sunt
1858 1161 1964 1194 timor
1981 1162 2096 1195 filialis
2112 1174 2175 1197 seu
2198 1174 2281 1196 vera

1302 1212 1488 1253 contritio,
1515 1218 1549 1246 et
1571 1212 1659 1245 fiunt
1678 1212 1792 1245 cultus
1809 1210 1875 1245 Dei
1894 1219 1927 1246 et
1944 1213 2078 1246 bonum
2095 1225 2198 1258 opus:
2233 1213 2282 1247 si-

1302 1270 1359 1297 cut
1376 1262 1536 1296 Psalmus
1552 1269 1653 1296 vocat
1674 1262 1891 1298 sacrificium.

1402 1312 1498 1346 Haec
1515 1313 1707 1347 declaratio
1726 1326 1851 1347 vocum
1876 1320 1909 1347 et
1931 1314 2208 1349 accommodatio
2235 1315 2279 1348 ad

1301 1364 1558 1407 poenitentiam
1585 1370 1634 1397 est
1660 1364 1871 1405 necessaria,
1907 1376 1950 1397 ne
1974 1365 2084 1407 inepti
2117 1363 2280 1399 homines

1302 1415 1435 1457 fingant
1451 1414 1736 1447 mortificationes
1757 1425 1828 1447 esse
1843 1426 1948 1458 opera
1967 1415 2178 1454 monastica,
2204 1422 2236 1448 et
2259 1426 2279 1447 a

1302 1466 1404 1498 nobis
1431 1464 1612 1498 accersitas
1637 1465 1918 1506 observationes,
1959 1471 2018 1498 aut
2053 1465 2182 1499 otiosas
2203 1476 2282 1508 spe-

1302 1516 1514 1555 culationes,
1541 1515 1630 1548 sicut
1655 1514 1893 1555 Monetarius,
1920 1516 2002 1549 item
2022 1514 2197 1550 Platonici
2223 1516 2282 1548 in-

1303 1573 1379 1609 epte
1412 1566 1644 1599 imitabantur
1674 1565 1758 1598 haec
1792 1566 1974 1601 vocabula.
2034 1565 2103 1600 Sed
2131 1566 2282 1600 sciamus

1301 1616 1606 1649 mortificationem
1624 1627 1696 1649 esse
1719 1627 1820 1648 veros
1837 1623 1989 1649 terrores
2013 1623 2046 1650 et
2063 1617 2222 1657 dolores,
2249 1623 2284 1650 et

1307 1667 1581 1701 vivificationem
1601 1666 1711 1709 ipsam
1729 1666 1833 1699 fidem
1853 1666 2092 1701 consolantem
2108 1678 2184 1702 nos.

1353 1748 1569 1798 Quicunque
1593 1748 1778 1796 baptizali
1804 1762 1952 1792 sumus,
1979 1749 2018 1784 in
2039 1745 2232 1786 Christum

1672 1798 1816 1843 Iesum,
1851 1805 1912 1837 etc.

1406 1868 1447 1902 In
1476 1868 1591 1913 primo
1620 1868 1823 1913 syllogismo
1856 1868 1949 1909 vult,
1990 1868 2084 1913 quod
2122 1874 2283 1912 oporteat

1304 1920 1449 1955 existere
1466 1919 1770 1952 mortificationem
1793 1930 1854 1952 seu
1877 1919 2130 1962 poenitentiam
2154 1919 2190 1951 in
2215 1917 2283 1958 his,

1304 1973 1364 2017 qui
1390 1971 1555 2010 credunt,
1588 1981 1648 2003 seu
1681 1970 1776 2014 quod
1802 1969 1978 2003 fides-non
2004 1969 2049 2003 sit
2069 1969 2107 2002 in
2135 1969 2196 2011 iis,
2222 1969 2284 2014 qui

1304 2021 1416 2056 securi
1446 2021 1617 2054 iudicium
1653 2026 1904 2060 contemnunt,
1946 2020 2028 2065 quia
2063 2020 2196 2065 inquit:
2241 2018 2283 2052 In

1304 2080 1454 2106 mortem
1481 2069 1614 2105 Christi
1642 2071 1808 2114 baptizati
1836 2071 1918 2104 estis
1939 2078 1973 2105 et
1997 2070 2212 2115 consepulti,
2245 2070 2283 2104 id

1305 2131 1374 2164 est,
1399 2128 1540 2167 propter
1559 2129 1707 2155 mortem
1727 2119 1856 2155 Christi
1875 2119 2010 2155 habetis
2027 2121 2283 2156 remissionem.

1305 2174 1373 2208 Sed
1401 2174 1459 2206 illa
1485 2184 1579 2205 mors
1603 2173 1756 2206 ostendit
1780 2172 1885 2206 etiam
1909 2173 1998 2206 iram
2025 2171 2090 2206 Dei
2115 2173 2281 2205 adversus

1305 2231 1483 2269 peccatum
1496 2248 1505 2261 ,
1533 2230 1569 2257 ut
1587 2223 1621 2255 in
1640 2223 1743 2256 nobis
1759 2234 1899 2268 quoque
1918 2223 2145 2256 mortificetur
2161 2232 2280 2265 pecca-

1305 2284 1397 2316 tum,
1426 2275 1461 2308 id
1487 2281 1554 2314 est,
1586 2281 1626 2307 iit
1647 2281 1872 2316 agnoscentes
1897 2273 1982 2306 iram
2007 2272 2090 2312 Dei,
2119 2271 2281 2305 console-

1304 2339 1384 2359 mur
1400 2338 1463 2358 nos
1478 2325 1646 2357 beneficio
1663 2323 1808 2359 Christi.
1859 2322 1963 2364 Item,
1992 2322 2039 2356 ita
2063 2322 2100 2356 fit
2122 2322 2280 2355 remissio

1305 2384 1540 2421 peccatorum,
1567 2382 1607 2409 ut
1631 2375 1735 2408 simul
1756 2374 1938 2407 aboleatur
1953 2380 2143 2417 peccatum.
2182 2373 2283 2407 Abo-

1286 2429 1405 2472 Vitium
1422 2434 1536 2461 autem
1555 2438 1627 2459 non
1645 2426 1748 2459 debet
1765 2436 1837 2458 esse
1855 2424 1985 2457 efficax.

1388 2508 1608 2558 Consepulti
1633 2509 1747 2555 igilur
1771 2520 1897 2542 sumus
1923 2519 2000 2541 cum
2019 2505 2108 2548 illo,
2137 2511 2196 2542 etc.

1408 2578 1625 2612 Gravissima
1648 2583 1698 2611 est
1716 2576 1855 2611 collatio
1879 2583 2018 2610 nostrae
2042 2577 2282 2619 conversionis

1305 2631 1348 2663 ad
1364 2628 1494 2665 Christi
1513 2635 1678 2669 mortem,
1695 2628 1910 2672 sepulturam
1928 2634 1961 2661 et
1977 2628 2281 2663 resurrectionem.

1305 2680 1354 2714 lta
1379 2681 1473 2714 enim
1489 2679 1643 2713 instituit
1660 2678 1946 2723 responsionem,
1974 2684 2118 2723 propter
2133 2685 2281 2713 mortem
