2415 2942
90 77 188 113 1133
241 75 342 113 XIII.
388 76 426 116 4.
454 74 793 117 COMMENTAR.
819 79 871 116 IN
898 78 1052 116 EPIST.
1079 77 1228 115 PAULI
1255 77 1323 114 AD
1349 77 1674 119 CORINTHIOS.
1727 80 1832 120 CAP.
1860 80 1963 122 XIII.

182 165 327 204 Γνῶσις
343 171 392 199 est
412 165 599 208 prudentia
626 167 714 199 dans
737 166 883 200 consilia
914 167 950 200 in
969 168 1076 201 rebus

82 216 246 259 agendis,
273 223 312 250 ut
338 215 375 249 in
403 215 594 250 Salomone
627 217 825 257 iudicante,
867 219 966 251 cuius
990 226 1077 252 esset

84 267 202 300 infans
243 274 420 307 mortuus,
461 275 535 301 erat
572 269 721 315 γνῶσις.
799 267 886 301 Erat
925 271 1075 315 γνῶσις,

84 318 227 362 quando
254 317 386 351 Paulus
411 318 606 360 iudicabat,
641 319 702 352 ubi
726 326 881 352 servaret
906 320 993 354 ritus
1018 319 1077 352 In-

84 368 222 409 daicos‚
250 369 311 402 ubi
329 381 401 402 non
419 376 590 409 servaret,
634 370 776 413 quando
801 370 906 403 dabat
930 371 1076 404 consilia

84 420 127 452 de
151 420 334 463 coniugiis.
388 419 429 452 In
454 418 625 453 Zacharia
651 420 896 461 dissuadente,
931 434 974 454 ne
1001 401 1103 454 bel-l

83 470 156 503 lum
182 477 383 504 moveretur
406 478 527 505 contra
544 470 747 512 Romanos,
774 483 977 517 quanquam
1006 473 1075 505 eri-

83 521 227 564 piebant
246 521 374 565 templo
393 519 655 556 didrachmum.

186 586 321 628 Πίστις
347 590 509 632 generale
534 589 668 622 donum
693 589 761 622 fide
784 589 937 622 faciendi
969 591 1074 623 mira-
1100 619 1101 624 ,

83 640 178 680 cula,
206 641 260 672 vel
286 641 322 672 in
348 640 500 684 propriis
526 639 691 684 periculis
718 640 770 671 vel
790 641 933 680 alienis,
959 647 997 674 ut
1014 639 1075 674 271?-
1099 646 1101 684 j

83 701 160 729 στις
183 692 268 732 suit,
297 692 391 736 quod
419 692 454 723 in
474 689 572 724 Actis
597 691 709 734 capite
728 690 789 726 27.
809 692 976 735 scriptum
1005 701 1073 725 est:
1099 729 1100 732 Ἰ

1098 741 1100 750 ’
1126 749 1224 781 sunt,
1251 749 1289 775 ut
1312 742 1532 785 Augustinus
1557 755 1619 776 suo
1645 751 1820 788 tempore,

1098 799 1099 805 ¹
1125 799 1196 825 stro
1221 799 1388 837 tempore.

82 845 172 876 dunt
197 856 325 876 nomen
351 840 470 881 πίστις
493 842 655 885 generale
678 855 770 884 esse,
799 844 878 888 quia
903 844 1005 877 dicit:
1033 844 1072 878 Si
1097 874 1098 878 ,

83 741 252 775 Servatur
270 742 367 775 navis
387 749 419 775 et
437 748 531 774 totus
552 748 669 775 coetus
696 742 800 775 simul
831 742 1072 785 navigantium

82 800 226 836 propter
249 793 350 825 fidem
374 791 488 825 Pauli.
547 790 594 826 Et
616 793 722 825 verba
747 793 927 838 sequentia
954 800 1073 826 osten-

82 891 238 927 habuero
258 906 398 926 omnem
418 894 520 927 fidem
533 920 542 934 ,
569 901 608 928 ut
626 901 763 928 montes
780 895 1000 931 transferam.

184 953 404 987 Donationes
421 953 646 987 sanationum
666 954 750 999 quid
768 955 974 998 significent,
992 967 1071 999 per-

80 1004 240 1048 spicuum
259 1011 318 1038 est.

179 1059 429 1111 'Ez‘epytjuma
456 1064 529 1097 dixi
553 1075 657 1107 supra
676 1064 877 1098 effectiones
895 1065 1068 1098 excellen-

81 1121 130 1148 tes
149 1125 239 1155 esse,
267 1115 380 1160 qualis
399 1121 448 1148 est
465 1115 683 1149 resuscitatio
703 1122 936 1149 mortuorum.

182 1180 372 1226 Prophetia
390 1179 456 1215 hoc
476 1182 552 1215 loco
572 1189 621 1215 cst
637 1182 830 1223 praedictio
856 1183 1069 1221 futurorum,
1094 1197 1095 1205 ¹

81 1240 120 1266 ut
140 1233 293 1278 diximus
317 1233 359 1265 de.
377 1233 512 1275 AgabO.
582 1232 676 1265 Infra
702 1233 805 1266 etiam
832 1234 897 1266 erit
924 1240 1012 1265 recta
1037 1239 1069 1266 et

81 1285 201 1316 dextra
222 1284 464 1326 interpretatio
490 1284 722 1324 concionum,
757 1296 845 1328 quae
864 1292 945 1318 sunt
970 1284 1063 1316 divi-

81 1334 177 1368 nitus
197 1335 344 1368 traditae
362 1335 398 1367 in
416 1332 602 1379 Prophetis
620 1341 653 1367 et
670 1334 862 1377 ApostoliS.

180 1399 345 1432 Proxime
365 1400 507 1433 additur
529 1396 710 1445 διάκρισις
734 1396 979 1444 πνευμάτων,
1010 1400 1066 1432 di-

79 1450 246 1483 iudicatio
284 1457 316 1483 et
348 1451 552 1493 dogmatum
583 1457 615 1483 et
643 1451 854 1494 spirituum,
889 1458 928 1484 ut
960 1451 1063 1485 initio
1090 1462 1091 1469 ¹

78 1501 186 1546 primi
213 1507 352 1534 autores
374 1509 406 1534 et
430 1509 678 1546 propagatores
711 1502 983 1545 anabaptisticae
1007 1514 1066 1535 su-
1089 1530 1091 1539 J

78 1552 296 1596 perstitionis
317 1563 478 1594 magnam
509 1553 658 1596 speciem
689 1553 869 1596 religionis
903 1553 1066 1586 offunde-

78 1604 164 1637 hant
187 1603 298 1635 oculis
322 1600 508 1636 hominum
524 1630 533 1644 ,
561 1603 766 1636 iactitabant
789 1604 983 1646 singulares
1010 1617 1065 1637 re-

76 1706 257 1740 sentirent.
318 1703 413 1737 Haec
437 1716 528 1738 nova
555 1705 686 1749 species
715 1706 808 1748 apud
841 1705 990 1747 multos,
1026 1713 1064 1739 ut

76 1757 169 1799 apud
193 1754 495 1796 Carolostadium,
523 1756 680 1800 pariebat
706 1757 754 1789 eis
780 1757 1062 1790 admirationem.

78 1806 148 1842 Sed
176 1804 353 1840 Lutherus
385 1807 502 1840 statim
529 1807 779 1841 animadvertit
804 1808 944 1851 fucum,
979 1809 1062 1852 quia

75 1870 149 1891 non
169 1858 340 1891 docebant
358 1857 554 1890 doctrinam
580 1859 623 1890 de
650 1858 786 1891 iusticia
810 1858 909 1898 fidei,
937 1860 995 1891 sed
1013 1860 1063 1892 ef-

74 1910 235 1943 ferebant
255 1921 352 1942 suam
370 1908 577 1952 sapientiam
597 1915 630 1942 et
655 1920 715 1942 sua
734 1909 908 1943 exercitia.
961 1909 1007 1944 Et
1025 1911 1062 1943 in

76 1961 164 1993 urbe
186 1959 462 1993 Monasteriensi
494 1961 531 1993 in
557 1958 788 2004 WVestphalia
804 1986 812 1999 ‚
857 1961 1061 2006 priusquam

77 2011 275 2056 erupissent
327 2011 506 2044 manifesta
557 2011 685 2044 scelera
736 2012 1063 2055 Anabaptistarum,

76 2061 243 2095 acerrime
262 2062 462 2094 adversatus
483 2069 532 2095 est
556 2063 604 2095 eis
622 2063 723 2096 initio
742 2062 969 2096 Hermannus
987 2063 1062 2097 Bu—

78 2111 213 2151 schius,
241 2112 295 2144 vir
319 2112 447 2144 nobilis
473 2119 505 2145 et
531 2120 651 2155 poeta,
679 2126 757 2147 cum
785 2114 1060 2157 segregationem

74 2166 187 2197 facere
204 2163 400 2206 inciperent
418 2161 594 2196 Ecclesiae
619 2177 704 2208 pura
730 2177 749 2198 a
775 2165 942 2210 reliquis,
971 2178 1062 2211 quo-

74 2227 154 2249 rum
174 2225 288 2247 mores
305 2211 619 2257 reprehendebant.

176 2280 272 2328 Tim]
312 2284 493 2331 γλωσσῶν
526 2289 577 2317 est
612 2295 714 2317 nosse
746 2285 875 2319 multas
908 2286 1062 2320 diversas

73 2335 224 2379 lingua-S.

173 2398 367 2448 Ἑρμηνεία
391 2403 574 2449 γλωσσῶν
591 2408 641 2435 est
664 2402 809 2436 facultas
828 2403 995 2445 docendi,
1029 2412 1062 2439 et

76 2453 201 2488 ordine
222 2465 260 2486 ae
285 2453 388 2497 plane
413 2454 612 2497 exponendi
635 2454 891 2488 controversias
916 2456 1060 2489 intrica-

75 2512 140 2540 tas,
195 2502 242 2538 Ut
259 2516 460 2549 quanquam
477 2503 612 2549 Capnio
639 2505 739 2538 novit
761 2505 889 2538 multas
913 2506 1064 2549 linguas,

76 2564 194 2589 tamen
230 2566 302 2587 non
337 2556 506 2600 potuisset
540 2556 814 2590 controversiam
848 2557 890 2589 de
926 2557 1062 2591 iusticia

76 2606 176 2646 fidei,
216 2613 276 2640 aut
307 2613 475 2651 potestate
499 2604 758 2653 Episcoporum
791 2619 982 2652 exponere,
1023 2615 1063 2642 ut

75 2654 263 2693 Lutherus.

1096 960 1097 963 ’
1122 965 1195 986 non
1220 961 1299 987 sunt
1327 953 1508 998 Apostoli,

1091 1369 1093 1381 ¹
1118 1375 1239 1409 Esaias
1266 1377 1392 1410 liberat
1416 1377 1602 1410 obsidione
1628 1378 1892 1424 lerosolymam,

2039 89 2136 124 1234

1238 165 1360 200 Postea
1378 167 1475 201 addit
1492 166 1624 201 Paulus
1643 176 1884 213 praeceptum,
1913 178 1951 204 ut
1970 169 2054 207 haec
2073 175 2128 206 di-

1134 217 1278 250 versitas
1295 219 1471 251 donorum
1489 221 1689 253 conferatur
1712 221 1755 254 ad
1778 233 2000 256 communem
2025 225 2124 258 utili-

1131 273 1250 302 tatem.
1302 267 1349 302 Et
1370 270 1494 313 repetit
1511 271 1649 313 gradus.

1232 326 1395 370 Apostoli
1421 336 1519 368 sunt,
1561 331 1621 374 qui
1646 331 1848 365 immediate
1870 344 1888 366 a
1913 331 2055 368 Christo
2080 337 2125 369 ad

1102 377 1329 418 docendum
1349 376 1403 411 Ex
1407 356 1585 422 angelium
1606 383 1717 414 xociti
1739 389 1840 420 sunt,
1869 391 1900 417 et
1918 385 2121 420 testimonia

1101 425 1280 468 habent,
1310 430 1403 472 quod
1427 442 1500 462 non
1526 438 1644 465 errent
1667 432 1703 464 in
1725 434 1902 475 doctrina,
1932 443 1963 469 et
1990 433 2121 471 hahent

1100 504 1102 518 ;
1127 480 1364 512 universalem
1389 481 1630 522 vzocitionem,
1667 490 1704 516 nt
1731 485 1856 517 docere
1881 462 2011 530 tibique
2039 500 2121 531 pos-

1128 529 1215 570 sint,
1241 542 1304 562 nec
1320 537 1401 562 sunt
1421 543 1493 564 voc
1487 532 1531 564 ati
1549 533 1591 564 ad
1614 533 1791 575 politicam
1809 537 2118 580 gubernationem,

1127 587 1166 612 ut
1185 580 1346 621 Samuel,
1375 579 1552 622 Elisaeus,
1582 582 1705 615 lelemi
1711 596 1757 619 a.s

1229 637 1426 684 Prophetae
1456 638 1512 673 hie
1535 648 1617 674 sunt
1641 641 1867 685 intetpietes‚
1912 646 1971 689 qui
1995 648 2035 679 ad
2062 648 2120 682 in-

1125 691 1376 723 staurationem
1409 692 1591 724 doctrinae
1626 692 1796 736 singulari
1829 696 1923 727 dono
1958 697 2119 733 instructi

1853 744 2029 781 Lutlierus
2050 761 2116 782 no-

1226 850 1394 886 Doct01es
1420 860 1519 893 sunt,
1561 855 1621 898 qui
1649 855 1846 888 doctrinam
1872 857 1915 890 ab
1944 855 1998 891 his
2026 860 2118 892 acci-

1124 903 1245 946 piunt,
1283 911 1315 937 et
1345 904 1423 936 aliis
1456 905 1519 936 fid.
1515 905 1606 938 ·liter
1631 907 1775 939 tradunt
1797 907 1871 939 sine
1895 911 2117 954 corrupteliS,

1544 963 1603 990 aut
1630 956 1738 999 primi
1769 958 2020 992 instauratores
2043 962 2117 994 col-

1123 1005 1238 1048 lapsae
1261 1006 1459 1045 doctrinae‚
1496 1008 1554 1039 sed
1591 1014 1710 1052 tanqu
1706 1021 1758 1041 tm
1794 1005 1950 1053 δεύτερα
1984 1009 2034 1058 Ze}
2036 1024 2110 1046 '‘oz-

1120 1068 1197 1097 τες,
1230 1057 1485 1091 consentientia
1508 1070 1587 1091 cum
1612 1059 1866 1102 Apostolorum
1894 1068 1925 1094 et
1953 1060 2114 1106 Prophe-

1122 1113 1238 1140 tarum
1264 1119 1359 1141 xoce.

1222 1163 1408 1211 Δωάιιεις
1430 1169 1591 1202 nominat
1624 1168 1717 1202 idem
1752 1171 1845 1214 quod
1880 1182 1984 1216 supra
2014 1172 2113 1220 ἕιερ-

1119 1212 1281 1263 φήιιατα.

1215 1273 1281 1308 'Al
1272 1272 1462 1321 ῑιὶήψεις,
1491 1277 1641 1317 auxilia,

1118 1326 1304 1369 periculis,

1671 1278 1897 1312 liberationes
1914 1293 1953 1314 ex
1976 1283 2111 1324 magnis

1349 1335 1386 1360 ut
1414 1325 1546 1359 Paulus
1583 1328 1711 1361 liberat
1746 1330 1849 1362 simul
1890 1333 2108 1375 navigantes.

1962 1382 2109 1417 lacobus

1117 1426 1312 1470 Episcopus
1328 1427 1469 1461 Nisibin
1481 1455 1488 1468 ‚
1517 1440 1595 1461 cum
1612 1439 1876 1473 oppugnaretur
1893 1444 1910 1465 a
1929 1445 2007 1477 rege
2023 1434 2109 1468 Per-—

1117 1479 1207 1517 sico,
1236 1486 1273 1511 ut
1292 1486 1409 1511 narrat
1428 1477 1574 1512 historia
1594 1481 1781 1524 tripartita.
1817 1481 1864 1516 Et
1883 1484 1991 1518 multa
2009 1486 2109 1518 simi-

1117 1529 1161 1561 lia
1179 1529 1335 1572 exempla
1354 1530 1532 1571 leguntur.

1217 1585 1498 1634 Ix‘tvsffpmJo‘etg,
1550 1589 1584 1622 id
1615 1597 1684 1634 est,
1729 1592 2024 1635 gubernationes,
2067 1601 2107 1629 ut

78 1654 289 1694 velationes,
325 1660 356 1686 et
382 1655 575 1688 narrabant
599 1655 717 1699 quales
749 1655 785 1687 in
820 1655 924 1687 corde
949 1662 1065 1688 motus
1088 1647 1090 1686 Ῑ
1115 1639 1229 1673 Offiffla
1247 1639 1512 1681 D¹3c⁰¹¹0ffl¹¹⁷¹³
1538 1648 1820 1684 m3g¹⁵tsfltuum·

1385 1772 1522 1826 Caput
1553 1774 1826 1818 tredecimum.

1216 1864 1437 1899 Universalis
1463 1866 1583 1909 regula
1608 1868 1759 1900 tenenda
1785 1874 1834 1901 est
1869 1867 1906 1900 in
1937 1867 2103 1902 omnIbus

1114 1916 1430 1950 deliberationibus
1459 1923 1491 1950 et
1521 1918 1735 1951 actionibus:
1770 1917 1972 1952 Necessaria
2003 1926 2103 1953 ante-

1112 1968 1256 2001 ferenda
1275 1975 1355 2001 sunt
1372 1980 1445 2001 non
1464 1969 1678 2003 necessariis.
1731 1968 1822 2003 Sunt
1846 1977 1961 2003 autem
1983 1982 2102 2002 neces-

1114 2019 1230 2059 saria,
1272 2031 1360 2063 quae
1397 2020 1591 2064 praeceptis
1615 2017 1683 2052 Dei
1716 2021 1857 2064 proprie
1889 2021 2104 2062 flagitantur,

1113 2070 1275 2102 videlicet
1306 2083 1384 2103 vera
1409 2070 1541 2112 agnitio
1569 2067 1652 2109 Dei,
1686 2069 1812 2109 Fides,
1844 2070 1985 2111 Timor,
2021 2083 2102 2105 vera

1115 2121 1315 2161 Invocatio‚
1353 2120 1503 2154 Dilectio
1535 2121 1699 2164 proximi.
1768 2121 1850 2154 Ideo
1885 2123 2017 2155 dictum
2052 2129 2102 2156 est

1113 2170 1243 2207 Matth.
1273 2173 1316 2205 19
1350 2185 1358 2207 :
1404 2172 1442 2206 Si
1478 2171 1530 2204 vis
1572 2172 1609 2204 in
1652 2172 1759 2206 vitam
1801 2173 1960 2216 ingredi,
2004 2184 2102 2206 serva

1112 2225 1289 2256 mandata.

1216 2279 1345 2315 Matth.
1363 2283 1442 2317 22:
1472 2281 1576 2324 Quod
1605 2289 1655 2316 est
1681 2283 1885 2316 mandatum
1911 2283 2102 2316 maximum

1112 2334 1150 2367 in
1165 2333 1262 2377 lege?
1290 2331 1424 2376 Diligas
1441 2331 1635 2365 Dominum
1653 2331 1767 2365 Deum
1785 2340 1896 2367 tuum.
1966 2333 2102 2367 Secun-

1113 2387 1197 2418 dum
1224 2391 1340 2418 autem
1364 2383 1480 2417 simile
1505 2380 1603 2417 huic:
1633 2382 1768 2427 Diligas
1792 2384 1993 2428 proximum
2013 2385 2103 2418 sicut

1113 2443 1146 2471 te
1171 2437 1299 2481 ipsum.

1213 2502 1259 2538 Et
1288 2506 1319 2538 1.
1343 2504 1386 2536 ad
1407 2499 1563 2537 Timotb.
1584 2503 1614 2536 1.
1643 2502 1788 2536 dicitur:
1830 2501 1977 2536 Summa
2001 2514 2101 2536 man-

1114 2556 1186 2590 dati
1206 2562 1273 2596 est,
1297 2554 1438 2588 dilectio
1460 2565 1499 2586 ex
1518 2554 1622 2586 corde
1641 2565 1741 2596 puro,
1766 2555 1978 2587 conscientia
1996 2554 2103 2594 bona,

1113 2614 1146 2641 et
1165 2607 1231 2639 fide
1256 2618 1328 2638 non
1352 2605 1442 2640 ficta.
1497 2603 1600 2637 Item:
1630 2603 1749 2639 Milita
1772 2604 1901 2638 bonam
1927 2603 2102 2644 militiam,

1084 2689 1093 2703 ‚
1113 2654 1247 2692 babens
1263 2657 1367 2690 fidem
1386 2662 1419 2690 et
1437 2656 1564 2690 bonam
1582 2655 1844 2691 conscientiam.
