2415 2942
265 128 358 164 ,295
870 109 997 146 mm„
1024 106 1142 144 MEL.
1168 100 1378 141 semem
1405 99 1705 140 EXEGErtcA.
2211 102 2308 138 1296

910 301 1172 340 PHILIPPI
1213 296 1655 334 MELANTHONIS

566 390 917 438 ENARRATIO
962 387 1149 431 EPIST.
1202 381 1441 426 PRIORIS
1493 383 1575 424 DA
1614 381 1993 425 TIMOTHEUM.

410 509 473 538 lam
503 515 580 536 anno
607 503 687 533 1541
712 499 881 540 prodierat:
905 497 965 534 „In
987 494 1145 534 epistolam
1167 491 1254 521 Pauli
1278 490 1315 520 ad
1340 488 1533 518 Timotheum
1557 491 1687 528 priorem
1711 489 1967 526 Commentarius,
1998 490 2128 520 dictatus
2151 491 2181 521 ju
2204 490 2309 520 schola

286 553 451 590 Wiw‘wrg·
476 560 530 588 1¹⁰¹·
552 548 588 578 D·
606 544 950 593 0⁰31..Osucigcrum.
995 539 1157 576 Argentor.
1183 533 1275 564 1541.
1300 534 1349 562 8.“
1375 542 1461 570 quem
1486 532 1597 572 Mylius
1621 533 1650 563 iu
1670 532 1867 571 chronologia
1897 533 2078 571 scriptorum
2103 533 2314 563 Melanthonis

285 598 354 627 lum.
380 602 521 632 umquam
544 596 659 620 ammon
683 587 824 616 „ndu-at.
869 583 981 612 Postea
1003 590 1093 616 vero,
1117 582 1184 617 post
1208 574 1413 606 Melanthonis
1438 574 1561 617 obitum,
1584 577 1689 606 eadem
1713 564 1863 605 enat-milo
1890 575 1998 614 prodiit
2022 575 2065 605 sic
2089 575 2248 614 inscripta:

370 650 533 698 Euarrat-io
558 647 655 685 Epist.
682 646 709 675 1.
733 645 771 673 ad
796 641 991 689 Timotheum
1009 643 1043 686 ‘et
1073 638 1198 684 duorum
1222 634 1354 673 capitum
1377 633 1543 670 secundae,
1580 632 1694 671 scripta
1718 637 1746 661 et
1770 631 1882 661 dictata
1904 631 1934 661 in
1958 631 2160 670 praelectione
2191 632 2311 670 publica

372 705 449 725 anuo
475 691 556 722 1000
580 696 608 719 et
633 689 714 719 1501
738 697 757 716 a
779 685 856 714 Phil.
879 682 952 712 Mel.
979 681 1088 711 thiel».
1115 679 1207 709 1061.
1232 678 1280 707 17.
1305 676 1344 715 pl.
1369 676 1398 705 8.

290 753 403 803 (edidit
426 751 466 824 1ἶὶ
491 748 680 797 Ctjellius.)‚
721 753 809 783 quam
832 740 1056 771 enarrationem
1077 738 1230 767 Peuccrus
1254 733 1381 764 inseruit
1404 733 1545 771 operibus
1567 732 1786 769 Mekmthonis,
1819 732 1907 762 Tom.
1933 731 1986 769 lv,
2011 742 2039 770 p.
2063 732 2125 762 366
2149 741 2211 772 seq.
2235 734 2311 764 uude

289 808 331 827 sit·
356 805 421 827 eam
468 801 611 823 ausunus.

470 935 902 981 ARGL'MENTUM
952 929 1298 969 EPISTOLAE
1336 926 1582 965 PRIORIS
1630 926 1700 961 AD
1749 925 2141 968 TIMOTHEUM,

679 1025 753 1050 CUM
781 1019 1118 1048 COMMEMORATIOXE
1149 1016 1259 1041 BnEvt
1295 1013 1578 1040 PRAEClPt'ORUM
1611 1012 1784 1036 lTleRUM
1811 1013 1925 1036 PAULI,

295 1116 438 1181 Lystra
464 1132 634 1176 oppidum
663 1136 713 1161 est
734 1123 953 1171 Lycaonicae
975 1122 1067 1154 infra
1093 1119 1283 1159 Galatiam,
1332 1116 1536 1150 manifestis
1559 1114 1739 1149 miraculis
1764 1121 1909 1149 testatur
1931 1127 1988 1148 eos
2012 1114 2236 1148 circumferre
2261 1127 2321 1148 vo-

298 1187 392 1233 quod
415 1190 614 1217 recensetur
641 1186 675 1212 et
697 1192 714 1210 a
740 1176 958 1213 Ptolemaeo,
986 1184 1058 1205 non
1084 1170 1209 1214 procul
1238 1169 1282 1202 ab
1333 1180 1425 1209 cem,
1465 1167 1636 1201 divinam.

294 1238 416 1273 Iconio
435 1242 466 1267 et
484 1232 636 1266 Therbe.
689 1227 782 1271 Quia
807 1237 889 1257 vero
916 1224 953 1256 in
972 1222 1068 1256 Actis
1094 1221 1206 1264 capite
1226 1219 1282 1253 16.

297 1287 480 1324 scribitur,
507 1279 736 1316 Timotheum
754 1278 790 1310 in
807 1275 941 1320 Lystris
959 1274 1101 1311 vixisse,
1125 1272 1175 1305 ibi
1192 1282 1283 1316 quo·
1469 1270 1735 1320 catalogus
1771 1286 1794 1307 a
1806 1286 1827 1307 n
1839 1286 1862 1306 η
1875 1285 1951 1307 ora
1963 1286 1997 1307 m
2033 1271 2070 1307 P
2142 1273 2181 1308 l·

297 1351 365 1384 que
384 1343 488 1369 natus
506 1333 736 1366 existimatur,
789 1326 871 1359 Fuit
891 1332 1006 1357 autem
1026 1330 1137 1355 mater
1147 1321 1283 1354 Eunice
2074 1286 2130 1308 au
2166 1287 2190 1311 ι’

298 1390 446 1426 Iudaea,
479 1391 511 1417 et
536 1382 666 1419 fidelis,
693 1386 732 1412 ut
755 1377 804 1410 ibi
831 1377 866 1408 in
894 1373 992 1407 Actis
1017 1373 1184 1416 scriptum
1214 1377 1284 1411 est,
1354 1364 1458 1395 Anno
1509 1362 1611 1393 Anno
1627 1368 1703 1401 post

300 1449 332 1473 vt
358 1439 434 1471 avia
459 1435 585 1468 Iudaea
613 1431 708 1465 Lois.
771 1427 874 1460 Pater
900 1437 980 1457 vero
1006 1424 1073 1456 fuit
1100 1420 1284 1455 Ethnicus.
1337 1407 1472 1442 Chrffl‘ss
1496 1407 1751 1435 “onsffl‘swnffln·

301 1491 346 1525 [i
367 1495 479 1521 autem
499 1498 515 1517 a
535 1479 789 1517 consuetudine
814 1473 995 1509 Timothei
1014 1475 1130 1505 minus
1155 1470 1284 1504 abhor-
1387 1458 1448 1495 35.
1557 1459 1587 1491 1·
1690 1455 1816 1489 Annus
1833 1455 2074 1488 conversionis
2093 1455 2208 1490 Pauli.
2248 1454 2323 1490 An-

299 1546 418 1575 rerent
432 1535 571 1575 Iudaei,
600 1540 631 1565 et
650 1533 684 1564 in
703 1529 772 1562 illis
789 1527 910 1571 primis
929 1525 1039 1557 initiis
1062 1530 1201 1556 tenerae
1218 1520 1286 1554 Ec-
1751 1518 1817 1538 nus
1834 1518 1851 1538 a
1867 1506 1977 1538 natali
2001 1504 2134 1540 Christi
2190 1505 2249 1541 35.

301 1591 424 1624 clesiae
438 1615 445 1629 ‚
479 1586 638 1619 nondum
667 1578 894 1620 abrogatione
914 1575 998 1617 legis
1021 1574 1193 1606 inculcata
1211 1583 1288 1604 om-
1390 1560 1449 1595 36.
1553 1558 1589 1592 2·
1696 1556 1765 1590 Ivit
1782 1556 1912 1590 Paulus
1938 1556 1975 1588 in
1992 1555 2173 1593 Arabiam.

302 1644 424 1680 nibus,
453 1636 589 1671 facilius
607 1644 684 1666 eum
710 1629 891 1667 audirent,
919 1625 1032 1658 voluit
1058 1635 1138 1657 eum
1158 1622 1288 1655 Paulus
1391 1610 1449 1643 37.
1554 1608 1589 1641 5.

303 1688 519 1726 circumcidi.
1391 1661 1450 1694 38.
1556 1657 1591 1692 4,

406 1740 535 1773 Itinera
553 1748 593 1769 ex
612 1732 709 1768 Actis
724 1729 910 1763 sumimus:
940 1737 1017 1759 cum
1038 1724 1170 1758 Paulus
1192 1723 1290 1755 sede-
1392 1710 1453 1744 39·
1555 1706 1590 1742 5-
1699 1706 1767 1741 lvit
1786 1707 1823 1739 in
1842 1707 2012 1748 Tarsum,
2039 1707 2138 1742 Aeto.
2155 1707 2190 1744 9.

304 1796 393 1829 cimo
422 1801 515 1824 anno
532 1801 549 1820 a
568 1783 796 1819 conversione
824 1779 975 1811 venisset
998 1776 1180 1821 Lystram‚
1225 1772 1290 1806 Ti-
1392 1762 1453 1797 40.
1558 1759 1592 1794 6.

303 1841 484 1878 motheurn
509 1838 560 1871 ibi
587 1836 654 1870 sibi
689 1830 861 1866 adiunxit.
916 1828 1052 1862 Deinde
1087 1824 1221 1859 traiecit
1253 1823 1290 1855 in
1394 1812 1456 1846 41·
1557 1809 1592 1845 7.

306 1891 569 1929 Macedoniam:
607 1884 713 1919 huius
738 1883 871 1926 primae
898 1877 1124 1923 profectionis
1148 1876 1185 1908 in
1209 1872 1291 1907 Bla-
1392 1863 1452 1896 42·
1558 1862 1593 1896 8.
1701 1859 1882 1893 Barnabas
1898 1858 2048 1893 Paulum
2067 1872 2107 1894 ex
2126 1859 2235 1894 Tarso
2253 1861 2329 1894 An-

307 1944 489 1980 cedoniam
521 1946 554 1972 et
592 1935 776 1970 Graeciam
809 1942 924 1965 comes
958 1929 1025 1961 suit
1067 1922 1291 1959 Timotheus.
1750 1907 1918 1944 tiochiam
1935 1910 2048 1952 ducit,
2074 1912 2174 1945 Aeto.
2195 1912 2253 1947 11.

306 1996 428 2030 Postea
460 2004 498 2024 ex
524 1985 698 2023 Corintho
728 1981 906 2024 navigavit
938 1979 1068 2012 Paulus
1092 1974 1293 2020 Ephesum,
1394 1963 1455 2000 43.
1558 1961 1594 1996 9.

306 2047 368 2080 ubi
386 2042 531 2078 biennio
549 2042 784 2072 commoratus
801 2040 870 2072 est,
897 2031 979 2063 inde
997 2041 1074 2062 cum
1099 2027 1292 2060 discederet
1395 2014 1456 2049 44·
1539 2013 1597 2046 10.
1700 2010 1770 2045 Ivit
1786 2010 1822 2043 in
1840 2009 2010 2056 Cyprum,
2025 2010 2126 2047 Aeto,
2147 2012 2204 2046 13,
2221 2014 2331 2047 comi,

307 2098 446 2130 visurus
469 2092 571 2126 Asiae
593 2086 784 2124 Ecclesias,
819 2079 1012 2116 Timotheo
1037 2077 1232 2112 Ecclesiam
1255 2075 1292 2108 in
1754 2061 2119 2099 tameeumBarnaba.
2146 2061 2193 2097 Et
2204 2064 2330 2098 iuben-

307 2145 449 2192 Epheso
482 2136 759 2176 commendavit,
805 2141 838 2167 et
861 2133 898 2165 in
925 2131 1050 2164 itinere
1075 2129 1112 2161 in
1139 2126 1293 2172 Phrygia
1755 2118 1788 2146 te
1804 2112 1941 2156 Spiritu
1956 2120 2088 2149 sancto.
2116 2113 2331 2160 IbiqueSer-

308 2199 464 2242 priorem
489 2190 687 2236 Epistolam
714 2186 745 2219 ei
770 2184 965 2218 Laodiceae
990 2179 1148 2223 scripsit,
1176 2177 1294 2220 Argu·
1756 2163 1833 2205 gius
1852 2164 2042 2207 proconsul
2055 2166 2281 2199 convertitur·

309 2254 468 2282 mentum
491 2250 542 2277 est
557 2238 771 2275 conveniens
786 2233 958 2278 Apostolo
972 2258 980 2272 ‚
1006 2230 1161 2263 breviter
1177 2235 1294 2262 autem
1396 2215 1458 2252 45.
1539 2216 1597 2250 11.
1698 2212 1878 2247 Profectus
1896 2214 1932 2246 in
1951 2214 2084 2258 Pergen
2100 2213 2319 2261 Pamphiliae

311 2301 353 2332 de
369 2295 527 2331 doctrina
544 2290 666 2326 scribit
686 2289 728 2321 ad
746 2284 961 2329 discipulum
980 2281 1171 2322 eruditum,
1189 2289 1294 2323 quem
1758 2262 1988 2298 Antiochiam
1998 2244 2332 2308 pisidiaedconiun}

312 2350 384 2393 ipse
415 2354 447 2380 et
473 2347 640 2378 docuerat
670 2346 704 2373 et
727 2348 828 2380 saepe
853 2333 1024 2368 audierat.
1077 2330 1145 2364 Sed
1177 2336 1294 2362 tamen
1753 2322 1786 2349 et
1803 2315 1936 2349 vicinas
1951 2316 2076 2357 urbes,
2104 2315 2205 2352 Aeto·
2226 2317 2282 2353 14¹

312 2398 452 2440 attingit
477 2393 681 2439 praecipuas
698 2387 860 2421 materias
885 2383 1083 2422 doctrinae,
1110 2387 1148 2414 ut
1165 2386 1198 2413 et
1213 2386 1296 2412 tunc
1399 2369 1459 2405 46.
1541 2368 1599 2402 12·

313 2453 472 2483 extarent
495 2441 694 2478 testimonia
721 2437 824 2472 Pauli
849 2442 971 2469 contra
997 2431 1213 2465 adversarios
1232 2427 1296 2462 Ti-
1398 2419 1461 2454 47·
1544 2419 1603 2453 13.

314 2497 463 2536 moffiei,
481 2502 513 2528 et
529 2499 645 2538 postea
664 2491 701 2523 in
720 2486 872 2522 Ecclesia
890 2483 976 2518 haec
994 2481 1194 2517 testimonia
1213 2491 1298 2513 con-
1399 2471 1461 2506 48.
1541 2467 1598 2503 14.
1703 2466 1827 2500 Fames
1856 2466 2032 2510 praedicta
2057 2468 2101 2501 ab
2126 2469 2248 2512 Agabo
2279 2477 2333 2504 to-

315 2553 546 2585 servarentur.
615 2541 708 2583 Quia
729 2538 825 2572 Deus
853 2537 1023 2569 immensa
1056 2529 1297 2565 misericordia
1501 2562 1503 2566 .
1759 2523 1834 2550 tum
1857 2523 2028 2550 terrarum
2051 2519 2171 2553 orbem
2199 2521 2333 2564 affligit.
2365 2550 2370 2556 ,

316 2601 391 2634 vult
406 2609 471 2631 nos
487 2597 529 2629 de
547 2592 707 2626 doctrina
725 2596 836 2623 certos
854 2598 943 2625 esse,
971 2585 1048 2618 vult
1067 2583 1144 2616 sciri
1158 2609 1166 2622 ‚
1186 2591 1298 2626 quan·
1762 2564 1941 2612 Iosephus.

315 2654 379 2688 «ln,
413 2660 475 2693 per
500 2656 608 2690 quos,
645 2640 773 2686 quihus
797 2635 1009 2671 testimoniis
1031 2638 1218 2681 propagata
1243 2631 1298 2664 sit.
1401 2622 1462 2657 49·
1544 2619 1602 2655 15·

318 2702 398 2735 ideo
425 2697 522 2733 addit
544 2691 724 2739 Apostolis
745 2699 889 2732 magnos
906 2692 1024 2721 coetus
1047 2684 1233 2723 comitum,
1267 2687 1301 2714 et
1403 2672 1463 2707 50.
1546 2670 1602 2705 16.
