2415 2942
98 126 173 162 489
543 125 575 160 1.
609 120 1006 159 ANNOTATIONES
1033 120 1084 156 IN

100 212 250 254 effugere
266 210 460 251 latronem,
488 207 579 243 nihil
597 221 727 254 peccas,
755 209 813 242 sed
833 208 936 241 etiam
956 207 984 240 si
1001 218 1078 251 pos-

98 263 145 297 sis
161 262 312 305 effugere
334 273 482 305 poenam
510 262 751 304 magistratus,
780 267 897 293 tamen
921 269 994 291 non
1018 259 1079 290 de-

96 315 157 348 bes
182 313 373 346 detrectare
394 313 602 356 imperium,
631 310 696 344 hoc
718 318 767 344 est
791 310 885 355 quod
909 309 974 349 ait,
1007 320 1081 341 non

98 370 242 409 propter
278 364 365 396 iram
408 370 544 398 tantum
563 391 571 403 ,
619 363 676 396 sed
721 369 862 405 propter
901 360 1083 392 conscien-

98 416 194 450 tiam.
249 412 293 447 Et
314 414 456 459 quidem
482 414 549 457 ait,
576 413 720 446 Necesse
743 418 791 445 est
817 411 972 446 obedire.
1026 409 1085 443 Si-

100 473 157 500 cut
180 472 297 499 autem
322 465 601 509 magistratibuS,
630 464 676 497 ita
700 470 731 496 et
758 463 891 506 legibus
917 462 988 494 suis
1010 461 1084 493 sin-

99 517 172 561 guli
210 523 362 560 pareant.
439 515 612 550 Romanis
654 514 788 557 legibus
829 520 973 557 pareant
1009 512 1085 550 isti,

98 579 249 614 quorum
274 567 494 610 magistratus
517 565 681 600 Romano
702 565 776 597 iure
794 565 919 598 utitur.
974 563 1085 597 Saxo-

98 618 188 652 nicis
222 618 355 661 legibus
388 623 530 661 pareant
562 617 639 659 isti,
682 627 833 661 quorum
865 615 1087 658 magistratus

99 669 273 703 saxonico
304 669 379 701 iure
411 668 532 702 utitur.
602 666 854 711 Unusquisque
882 673 1001 700 utatur
1033 665 1088 698 sui

98 720 320 762 magistratus
335 718 468 762 legibus
486 719 522 751 in
540 717 790 751 contrahendis
809 718 926 751 rebus.
965 713 1088 749 Theo-

98 770 168 813 logi
195 770 431 814 superstitiose
458 769 653 813 disputant,
693 769 753 813 qui
788 774 987 802 contractus
1018 767 1089 800 sint

100 821 301 865 probandi,
343 832 421 853 cum
455 832 493 853 ea
524 831 578 853 res
610 821 653 853 ad
688 817 957 866 Theologorum
994 818 1088 851 iudi-

100 872 192 905 cium
213 883 283 904 non
304 871 493 915 pertineat,
522 873 580 904 sed
599 873 642 904 ad
661 871 884 914 magistratus
912 870 1088 913 coguitio-

100 934 191 957 nem.
243 921 341 955 Licet
359 922 410 954 uti
428 923 663 955 contractibus
689 922 878 962 omnibus,
907 932 994 966 quos
1013 932 1088 953 ma-

100 972 262 1016 gistratus
293 973 491 1017 approbat,
540 985 600 1006 seu
634 984 720 1018 quos
753 973 844 1016 leges
874 972 1087 1016 approbant,

102 1024 190 1057 sicut
215 1024 265 1056 uti
293 1024 371 1056 licet
395 1023 474 1056 aliis
499 1024 651 1067 politicis
681 1024 980 1058 ordinationibus.
1040 1020 1088 1055 Et

101 1080 141 1108 ut
157 1074 377 1117 magistratus
400 1086 472 1106 non
496 1075 599 1108 debet
623 1087 695 1107 esse
712 1071 1000 1119 ,tctooirt‘Jpomoffi
1028 1073 1086 1105 sed

101 1125 211 1158 multa
230 1126 420 1157 concedere
439 1126 675 1168 temporibus,
705 1133 736 1158 et
754 1125 844 1168 leges
861 1126 903 1157 ad
931 1124 1088 1169 aequita-

101 1182 172 1209 tem
192 1175 348 1215 flectere,
377 1176 422 1208 ita
439 1175 475 1207 in
499 1176 697 1208 iudIcandis
725 1176 979 1214 contractibus,
1014 1187 1087 1206 non

102 1232 153 1260 est
195 1227 434 1270 quaerendum
476 1224 776 1271 ἀκριβωδίκαιον,
818 1234 849 1259 et
892 1226 1087 1268 alligandae

104 1277 337 1310 conscientiae
363 1278 406 1309 ad
433 1289 539 1309 unam
562 1278 715 1322 aliquam
740 1277 992 1310 exactissimam
1015 1277 1088 1308 for-

103 1339 207 1360 mam.
269 1325 321 1360 Ac
346 1327 446 1359 valde
472 1329 612 1371 prodest
638 1330 680 1359 ad
706 1328 937 1360 conscientias
961 1338 1087 1359 conso-

103 1378 226 1410 landas
248 1384 366 1409 tenere
389 1375 478 1409 hanc
500 1378 696 1419 generalem
722 1378 895 1419 regulam,
930 1378 1024 1420 quod
1050 1384 1088 1408 ut

101 1428 180 1460 aliis
207 1428 356 1470 politicis
381 1428 668 1460 ordinationibus
691 1428 771 1460 licet
797 1428 847 1460 uti
873 1425 1088 1465 Christiano,

101 1479 147 1511 ita
170 1478 205 1509 in
224 1477 459 1510 contractibus
477 1478 559 1511 satis
584 1486 633 1511 est
659 1485 792 1520 recepta
809 1478 884 1510 iura
909 1490 968 1510 seu
992 1477 1086 1509 iudi-

100 1529 193 1562 cium
220 1529 441 1570 magistratus
465 1529 577 1573 sequi.
632 1528 708 1561 Hoc
731 1530 856 1561 docere
881 1527 1087 1571 Theologus

100 1580 220 1619 debet,
243 1580 539 1623 quemadmodum
556 1581 680 1613 docere
699 1581 800 1612 debet
813 1607 821 1618 ,
851 1581 944 1624 quod
964 1591 1086 1622 aegro-

102 1631 145 1664 tis
171 1630 271 1663 liceat
300 1630 352 1662 uti
378 1630 567 1669 medicina,
610 1633 705 1675 quod
737 1632 886 1664 debeant
914 1628 1086 1663 honorem

102 1679 228 1714 habere
249 1681 401 1724 corpori.
457 1680 550 1714 lllud
567 1682 610 1714 ad
636 1679 857 1724 Theologum
884 1694 955 1714 non
980 1681 1087 1725 perti-

102 1739 172 1771 net,
190 1744 278 1776 quae
298 1729 483 1774 pharmaca
502 1734 616 1765 danda
636 1732 706 1766 sint
723 1732 969 1765 laborantibus
985 1731 1086 1774 febri,

100 1790 159 1817 aut
177 1782 376 1826 pleuritide.
431 1782 520 1815 Nam
546 1781 611 1816 hae
627 1790 716 1816 artes
732 1784 908 1816 subiectae
924 1790 1005 1816 sunt
1032 1783 1087 1815 iu-

101 1834 191 1867 dicio
210 1834 374 1871 ratiouiS,
404 1841 436 1867 et
457 1831 585 1867 habent
604 1842 716 1868 certos
734 1834 900 1876 artifices,
932 1846 1004 1866 non
1022 1835 1086 1865 do-

101 1893 223 1919 centur
250 1885 286 1916 in
305 1883 511 1927 Evangelio.
566 1885 624 1918 Sic
651 1886 788 1928 negotia
812 1883 979 1918 πολιτικὰ
1004 1886 1085 1917 sub-

100 1936 186 1969 iecta
209 1943 289 1969 sunt
315 1936 446 1968 iudicio
472 1936 637 1978 rationis,
672 1944 704 1969 et
731 1936 875 1981 quidem
904 1937 1086 1978 magistra-

102 1994 175 2028 tus,
206 1999 276 2019 non
306 1988 480 2019 docentur
506 1987 542 2019 in
560 1986 764 2030 Evangelio.
820 1985 922 2030 Apud
943 1986 1088 2020 Strabo-

104 2051 183 2071 nem
209 2039 310 2070 video
345 2035 465 2083 φόρον
498 2038 666 2081 appellari
701 2045 835 2071 certum
870 2038 1019 2071 reditum
1049 2049 1087 2069 ex

105 2089 399 2133 possessionibus,
427 2088 487 2132 qui
506 2089 672 2132 penditur
692 2090 964 2132 magistratibus,
992 2087 1091 2126 τέλος

103 2147 220 2174 autem
255 2139 427 2181 vectigal,
476 2150 535 2172 seu
575 2140 747 2173 tributum
786 2140 1090 2184 superindictum,

104 2204 143 2225 ac
168 2191 306 2223 videtur
327 2189 458 2223 Paulus
485 2190 665 2224 ordinaria
687 2203 795 2224 onera
819 2192 971 2224 voluisse
995 2203 1090 2223 com—

105 2242 219 2286 plecti.
477 2251 481 2254 ’

388 123 486 162 XIII.

374 2331 543 2371 Epe‘logus
565 2338 832 2371 praeceptorum.

207 2390 395 2427 Contrahit
415 2401 598 2441 praecepta
624 2393 659 2425 in
684 2394 909 2436 decalogum,
938 2400 972 2427 et
991 2394 1093 2426 deca—

112 2445 181 2488 logi
206 2445 392 2477 secundam
419 2445 575 2478 tabulam
611 2445 647 2477 in
676 2453 897 2488 praeceptum
930 2446 972 2477 de
1005 2444 1093 2476 dile-

111 2497 224 2530 ctione
250 2495 411 2537 proximi.
473 2495 607 2538 Diliges
634 2496 831 2539 proximum
849 2502 913 2528 etc.
983 2492 1092 2528 Addit

110 2544 347 2580 adhortationi
378 2555 623 2589 argumentum
664 2559 704 2579 ex
735 2547 854 2579 debito
884 2552 1039 2579 sumtum
1075 2558 1092 2578 a

111 2609 201 2631 nova
220 2596 429 2629 revelatione
444 2598 560 2638 verbi,
588 2610 692 2643 quam
709 2597 778 2630 luci
798 2603 986 2641 comparat.
1038 2594 1094 2630 Ex

108 2661 147 2682 ea
164 2643 365 2690 metaphora
382 2648 478 2682 ducit
493 2655 753 2693 argumentum.
786 2647 837 2683 Ea
852 2654 935 2682 sunt
950 2648 1094 2692 agenda,

110 2700 146 2733 in
165 2710 252 2745 quae
269 2698 345 2730 luce
360 2698 492 2734 decent.

1115 120 1271 156 EPlST.
1301 120 1446 157 PAL'Lt
1476 119 1541 156 AD
1570 119 1830 156 ROMANOS.
2046 119 2121 155 490

1474 229 1608 282 Caput
1654 229 1773 271 XIV.

1240 310 1414 344 Hortatur
1440 312 1588 344 tolerare
1614 311 1805 343 imbecilles
1832 310 1866 342 in
1894 310 1979 349 fide,
2007 314 2039 341 et
2066 319 2124 340 eos

1136 363 1303 407 paulatim
1321 363 1470 404 erigere,
1499 370 1534 394 ut
1556 362 1637 394 fiant
1658 362 1840 395 firmiores.
1896 360 2068 392 Hortatur
2092 366 2126 391 et

1409 425 1451 445 ne
1478 420 1605 446 temere
1638 413 1794 444 iudicent
1820 414 1862 444 de
1896 410 2124 443 firmioribus.

1138 464 1349 508 Propositio.
1405 462 1587 496 lnlirmum
1606 463 1642 495 in
1660 463 1727 495 fide
1746 463 1926 502 adiuvate,
1950 473 1994 494 ne
2012 460 2125 493 relin-

1138 523 1266 561 quatur
1284 516 1319 547 in
1340 516 1406 547 fide
1429 515 1625 556 ambiguus.
1679 514 1735 546 Ad
1763 513 2017 557 expositionem
2042 523 2124 554 pro-

1139 566 1323 611 positionis
1342 566 1507 609 pertinet:
1540 565 1789 609 Unusquisque
1811 565 1848 596 in
1866 575 1927 596 sua
1952 561 2125 595 sententia

1139 627 1251 652 certus
1268 618 1330 656 sit,
1359 618 1393 649 id
1418 624 1483 656 est,
1513 613 1604 648 nihil
1625 616 1826 649 faciendum
1851 614 2014 655 ambigua
2039 625 2124 645 con-

1139 670 1296 704 scientia.
1351 669 1438 702 Nam
1467 680 1544 700 cum
1575 668 1732 707 dubitas,
1759 673 1878 700 utrum
1895 664 1969 697 Deo
1993 664 2126 708 placeat

1140 723 1175 754 id
1201 723 1293 765 quod
1318 719 1483 762 suscipis,
1514 726 1547 751 et
1573 718 1721 761 suscipis
1739 725 1873 757 tamen,
1902 717 1936 748 id
1960 722 2052 748 certe
2076 720 2127 746 est

1140 780 1363 806 contemnere
1382 770 1507 804 Deum.
1557 768 1598 801 ln
1615 770 1759 802 eandem
1777 767 1984 800 sententiam
2005 765 2040 797 in
2059 764 2127 796 fine

1140 825 1235 856 addit
1255 819 1430 869 γνιύλιιῃνῑ
1459 821 1578 854 Omne
1604 822 1698 865 quod
1723 831 1795 853 non
1811 826 1916 852 estex
1934 818 2019 857 fide,
2048 826 2128 859 pec-

1139 882 1254 909 catum
1279 881 1340 908 est.

1138 413 1366 453 infirmiores,

1497 973 1635 1027 Caput
1667 973 1765 1014 XV.

1242 1057 1347 1091 initio
1375 1057 1638 1090 conclusionem
1663 1054 1843 1099 proximae
1868 1049 2128 1085 adhortationis

1139 1110 1307 1143 continet.
1390 1108 1501 1141 Addit
1534 1107 1705 1140 rationem
1737 1107 1781 1138 ab
1818 1103 1998 1149 exemplo,
2038 1101 2128 1134 sicut

1139 1160 1301 1194 Christus
1323 1160 1404 1192 tulit
1427 1165 1546 1191 nostra
1565 1164 1698 1199 errata,
1725 1155 1774 1188 sic
1799 1165 1863 1187 nos
1888 1154 2037 1186 fratrum
2062 1151 2129 1182 im-

1141 1212 1366 1245 becillitatem
1393 1211 1555 1243 seramus.
1609 1206 1862 1251 Amplificatio.
1915 1202 2015 1246 Quae
2043 1201 2129 1234 scri-

1140 1270 1197 1306 pta
1217 1268 1316 1302 suut,
1345 1263 1386 1292 ad
1414 1265 1571 1292 nostram
1596 1258 1793 1290 doctrinam
1811 1256 1938 1299 scripta
1961 1260 2062 1293 sunt,
2090 1259 2128 1286 ut

1138 1325 1232 1355 spem
1258 1310 1447 1343 habeamus
1472 1321 1532 1353 per
1558 1308 1834 1341 consolationem
1860 1306 2129 1349 scripturarum.

1138 1362 1310 1396 Consulto
1338 1363 1476 1393 xidetur
1502 1360 1538 1392 in
1570 1359 1637 1392 fine
1668 1359 1834 1393 adiecisse
1866 1355 1957 1390 hanc
1987 1363 2129 1388 sentcn-

1140 1415 1250 1452 tiam,
1294 1421 1331 1445 ut
1357 1410 1563 1444 admoueret
1593 1421 1658 1443 nos
1682 1412 1725 1443 de
1746 1408 1915 1453 dignitate
1942 1404 2130 1440 ministerii

1139 1465 1256 1501 verbi,
1285 1470 1322 1495 ut
1351 1463 1517 1495 sciremus
1542 1474 1615 1494 nou
1643 1473 1716 1494 esse
1739 1462 1825 1494 alias
1848 1458 2129 1492 illuminationes

1138 1515 1387 1560 requirendas,
1423 1515 1482 1545 sed
1510 1510 1575 1545 hoc
1599 1513 1725 1553 verbo,
1753 1512 1848 1557 quod
1874 1510 2042 1553 scriptum
2070 1519 2128 1540 ex-

1137 1573 1204 1606 tat,
1237 1566 1420 1607 erigendas
1438 1571 1570 1596 mentes
1587 1570 1619 1597 et
1637 1563 1869 1596 consolandas
1893 1573 1976 1593 esse.
2036 1557 2128 1590 Vere

1139 1619 1246 1660 igitur
1264 1618 1306 1648 ad
1327 1627 1390 1647 nos
1413 1615 1586 1658 pertinere
1605 1620 1798 1647 statuamus
1816 1610 2019 1645 huiusmodi
2046 1621 2128 1653 pro-

1139 1668 1323 1701 missiones
1344 1666 1379 1698 in
1400 1666 1590 1709 scriptura:
1625 1664 1752 1699 Invoca
1771 1676 1826 1696 me
1846 1663 1881 1696 in
1898 1662 1953 1695 die
1981 1659 2130 1695 tribula-

1140 1719 1264 1759 tionis,
1291 1725 1324 1751 et
1342 1717 1490 1762 eripiam
1508 1723 1540 1750 te
1558 1723 1620 1750 etc.

1240 1801 1395 1834 Additus
1417 1806 1467 1833 est
1492 1805 1525 1833 et
1550 1799 1727 1844 epilogus,
1763 1800 1826 1845 qui
1851 1799 1983 1842 colligit
2007 1797 2128 1832 Evan-

1138 1853 1269 1896 gelium
1304 1853 1345 1884 ad
1384 1850 1530 1884 ludaeos
1565 1864 1603 1883 ac
1637 1858 1755 1894 gentes
1792 1851 1977 1895 pertinere.
2045 1849 2128 1882 Fuit

1139 1905 1232 1937 eniiu
1253 1910 1285 1936 et
1303 1901 1385 1935 llaec
1404 1903 1665 1935 controversiae
1682 1913 1774 1946 pars,
1791 1910 1831 1936 ut
1849 1914 1951 1946 supra
1973 1907 2130 1944 apparet,

1140 1963 1257 1988 utrum
1286 1953 1517 1997 Evangelium
1545 1953 1718 1997 pertineat
1744 1954 1785 1986 ad
1812 1951 1893 1994 hos,
1934 1953 1991 1997 qui
2021 1952 2127 1995 legem

1141 2019 1213 2039 non
1238 2007 1435 2038 observant.
1511 2002 1556 2038 Et
1587 2005 1741 2039 citantur
1773 2002 1829 2038 hic
1860 2004 2060 2038 testimonia
2086 2004 2128 2036 de

1142 2057 1324 2089 vocatione
1349 2057 1520 2099 gentium.
1586 2054 1762 2100 Deinceps
1789 2055 1931 2089 ascribit
1956 2055 2127 2099 quaedam

1140 2110 1183 2142 de
1200 2108 1315 2141 officio
1334 2119 1418 2148 suo,
1446 2113 1566 2140 monet
1582 2107 1705 2147 etiam,
1733 2119 1775 2139 ne
1800 2107 1968 2150 recipiant
1994 2105 2128 2138 doctri-

1142 2172 1223 2192 nam
1240 2165 1495 2202 repugnantem
1515 2155 1597 2191 huic
1613 2170 1694 2191 suae
1714 2158 1907 2191 doctrinae.
1969 2155 2015 2190 Et
2034 2156 2128 2188 indi-

1140 2218 1210 2250 cat,
1236 2221 1305 2254 qua
1322 2217 1395 2243 arte
1412 2209 1494 2242 mali
1512 2210 1672 2242 doctores
1692 2209 1808 2241 sucum
1828 2209 1973 2248 faciant,
2003 2220 2127 2252 nempe

1143 2274 1203 2306 per
1228 2258 1497 2307 χρηστολογίας
1527 2267 1559 2294 et
1587 2258 1765 2306 εὐλογίας.
1837 2258 1965 2292 Graeci
2001 2266 2128 2294 vocant

1138 2309 1407 2358 χρηστολογίας
1429 2312 1580 2345 blandos
1598 2322 1794 2351 sermones,
1821 2317 1858 2343 ut
1876 2318 1957 2344 sunt
1976 2312 2128 2354 benigne

1144 2363 1389 2412 pollicentium
1436 2370 1469 2396 et
1502 2369 1780 2395 assentatorum:
1823 2359 1958 2409 εὔλογα
2003 2369 2129 2396 vocant

1145 2414 1361 2459 probabilia,
1401 2426 1488 2459 quae
1510 2425 1582 2446 non
1606 2419 1732 2445 temere
1756 2412 1941 2453 dicuntur,
1978 2415 2038 2447 sed
2066 2412 2129 2447 ha-

1145 2469 1229 2499 bent
1259 2465 1413 2498 rationes
1443 2465 1479 2496 in
1512 2463 1661 2507 speciem
1696 2464 1890 2498 versimiles
1920 2464 2011 2499 sicut
2041 2466 2129 2500 solet

1146 2517 1252 2560 impia
1295 2516 1456 2550 doctrina
1496 2514 1642 2548 rationis
1676 2522 1881 2558 argumenta
1925 2516 2128 2561 plausibilia

1145 2568 1320 2611 colligere.

1250 2644 1300 2678 lta
1324 2642 1473 2687 geminis
1498 2641 1632 2675 artibus
1660 2643 1790 2677 fallunt
1818 2643 1920 2688 impii
1955 2645 2126 2691 doctores,

1147 2701 1367 2731 assentautur
1383 2693 1636 2739 cupiditatibus
1658 2694 1803 2741 populi,
1828 2701 1867 2730 ut
1893 2695 1977 2730 olim
2003 2709 2128 2733 mona-
