2415 2942
273 115 343 149 907

273 199 382 243 cepti,
412 204 443 229 et
466 194 656 239 gloriamur
671 205 730 238 spe
749 192 880 237 gloriae
897 190 984 234 Dei,
1019 192 1053 226 id
1081 200 1150 235 est,
1184 194 1255 228 lae-

273 259 387 283 tamur
405 255 435 280 et
457 245 659 287 statuimus,
687 245 782 289 quod
800 243 895 278 Deus
916 244 962 278 sit
977 255 1041 277 nos
1057 245 1169 287 gloria
1193 257 1254 280 sua

277 307 416 331 aeterua
447 303 651 336 ornaturus,
678 295 714 327 id
738 301 808 336 est,
841 295 913 328 vita
941 302 1082 329 aeterna
1104 302 1137 330 et
1160 308 1255 329 com·

274 348 510 381 inuiiicatione
529 346 583 379 sui
619 346 749 390 ipsius,
774 345 939 379 videlicet
973 357 1054 380 suae
1070 346 1176 387 lucis,
1202 358 1254 380 sa-

275 399 446 446 pientiae,
476 397 632 430 iusticiae
650 403 682 430 et
702 396 854 430 laetitiae
875 403 1049 431 aeternae.
1088 396 1133 431 Et
1150 395 1257 441 phra-

273 450 319 482 sis
337 450 557 482 observetur:
579 446 703 480 Gloria
720 447 802 488 Dei,
822 447 972 488 scilicet,
991 454 1162 492 quatenus
1182 460 1256 481 eam

274 500 376 532 nobis
408 498 665 535 communicat,
699 504 732 531 et
757 498 839 531 facit
865 510 928 531 nos
947 498 1078 532 similes
1103 499 1190 538 sibi,
1218 505 1257 532 ut

278 551 426 583 loannes
444 548 612 593 loquitur.

377 599 556 643 Significat
573 605 690 632 autem
709 598 875 641 gloriari,
894 599 1032 639 laetari,
1057 606 1090 633 et
1108 605 1257 632 statuere

273 651 407 696 aliquid
428 650 530 682 nobis
545 649 737 692 gloriosum
755 660 848 690 esse,
876 650 910 682 id
934 658 1004 692 est,
1034 661 1107 682 rem
1128 650 1257 682 bonam

274 714 334 735 seu
351 701 536 734 salutarem
554 711 635 734 esse.
670 699 720 733 lta
739 700 908 733 laetamur
923 712 983 744 spe
999 707 1167 733 venturae
1183 701 1257 743 glo-

274 753 365 792 riae,
393 759 425 784 et
449 751 609 784 ducimus
633 751 727 783 illam
752 750 897 793 gloriam
925 762 996 783 esse
1023 762 1139 783 veram
1163 752 1258 784 salu—

276 811 344 836 tem
363 809 394 835 et
413 802 668 834 liberationem.

376 851 443 884 Hic
460 859 492 885 et
511 851 668 884 definitio
687 851 759 894 spei
775 857 948 885 teneatur:
977 850 1063 895 Spes
1088 858 1140 885 est
1165 858 1257 885 certa

274 902 464 947 expectatio
487 909 647 935 aeternae
671 901 780 941 vitae,
809 900 930 936 Gratis
953 904 1089 934 dandae
1116 910 1260 946 propter

273 954 524 989 mediatorem,
553 959 584 985 et
603 952 832 995 mitigationis
852 953 1088 997 praesentium
1116 954 1256 986 calami-

275 1012 405 1044 tatum,
433 1004 527 1036 iuxta
553 1003 739 1036 sensilium
756 1003 834 1038 Dei.

350 1084 433 1119 Imo
462 1084 571 1118 eliam
593 1083 806 1130 gloriamur
835 1085 873 1118 in
903 1085 1185 1134 afflictionibus,

383 1153 485 1197 Legis
507 1160 540 1187 et
564 1155 710 1187 rationis
737 1155 906 1188 iudicium
935 1162 1002 1195 est,
1032 1154 1136 1190 Iustis
1159 1157 1261 1190 debet

280 1208 370 1239 liene
395 1217 477 1238 esse.
530 1203 568 1237 Id
594 1217 715 1237 verum
738 1213 805 1245 est,
832 1206 889 1238 sed
918 1206 1184 1249 intelligendum
1212 1215 1262 1241 est

275 1259 370 1289 iuxta
391 1255 571 1297 Evangelii
588 1256 883 1293 declarationem,
912 1258 1005 1301 quod
1024 1258 1142 1296 docet,
1170 1271 1261 1302 quo-

274 1308 380 1340 modo
405 1304 567 1339 homiues
589 1306 673 1339 fiant
699 1305 799 1344 iusti,
836 1313 869 1339 ct
904 1308 1045 1351 quando
1072 1308 1142 1341 sint
1163 1321 1260 1341 acce-

274 1357 369 1402 pturi
393 1356 567 1400 praemia,
607 1362 638 1389 et
670 1368 732 1388 cur
764 1357 800 1389 in
825 1354 889 1388 hac
924 1358 992 1391 vita
1018 1358 1165 1391 subiecti
1189 1360 1260 1393 sint

275 1407 380 1442 cruci.
442 1405 511 1440 Sed
543 1407 697 1439 muudus
730 1405 813 1440 haec
849 1408 1031 1449 ignorans,
1068 1409 1198 1443 iudicat
1222 1423 1260 1443 ex

275 1456 485 1492 tristissimis
509 1457 713 1501 spectaculis
732 1458 950 1491 miseriarum
974 1458 1168 1500 Ecclesiae,
1197 1472 1260 1493 ne—

279 1509 361 1553 gligi
380 1519 454 1540 eam
475 1519 494 1540 a
514 1505 600 1542 Deo.

379 1557 558 1590 Adversus
581 1555 647 1590 hoc
675 1557 844 1591 iudicium
868 1558 1049 1592 coufirmat
1075 1572 1138 1592 nos
1165 1561 1260 1596 Deus

278 1612 314 1643 in
341 1615 412 1642 tota
443 1608 604 1641 doctrina
637 1606 832 1649 Ecclesiae,
860 1616 900 1642 ut
920 1607 1046 1645 Psalm.
1067 1611 1143 1644 33.:
1165 1612 1262 1646 Mul—

277 1670 331 1694 tae
359 1659 606 1694 tribulationes
632 1659 824 1696 iustorum,
865 1660 925 1692 sed
952 1671 990 1692 ex
1015 1663 1182 1696 omnibus
1208 1661 1262 1697 his

280 1709 447 1744 liberabit
472 1721 529 1742 eos
554 1709 741 1743 Dominus.
811 1709 859 1744 Et
880 1709 1012 1743 Paulus
1044 1710 1100 1745 hic
1128 1714 1261 1758 inquit:

286 1761 493 1795 Gloriamur
516 1760 553 1792 in
571 1760 842 1801 afflictionibus,
870 1761 1058 1795 Laetamur
1083 1770 1115 1796 et
1141 1768 1264 1799 statui-

280 1823 357 1845 mus
381 1822 436 1844 eas
459 1822 530 1844 esse
558 1823 630 1843 non
657 1812 755 1855 signa
776 1811 847 1844 irae
875 1811 958 1852 Dei,
988 1814 1044 1845 sed
1070 1826 1122 1847 res
1140 1816 1261 1857 bonas,

280 1871 317 1896 ut
332 1862 494 1895 Psalmus
513 1861 645 1906 inquit:
674 1862 815 1896 Bonum
839 1859 927 1895 milii
954 1865 1048 1907 quod
1069 1862 1262 1902 humiliasti

281 1925 355 1954 me,
379 1919 418 1946 ut
437 1912 605 1945 discerem
622 1913 882 1946 iustificationes
907 1920 983 1946 tuas
999 1921 1063 1949 etc.

386 1962 513 1996 intexit
530 1970 645 1996 autem
664 1963 793 1996 Paulus
809 1962 899 1996 hanc
917 1966 1146 1999 necessariam
1167 1980 1260 2001 com-

283 2013 574 2047 memorationem
597 2015 638 2046 de
656 2014 928 2054 afflictionibus,
956 2022 994 2048 ut
1018 2026 1178 2052 occurrat
1198 2017 1264 2052 bu-

284 2077 406 2097 manae
425 2064 632 2097 obiectioni:
662 2064 699 2098 Si
719 2076 839 2097 sumus
856 2065 938 2098 iusti
956 2073 988 2099 et
1006 2068 1076 2099 cari
1096 2068 1179 2109 Deo,
1205 2082 1266 2104 cur

285 2127 405 2149 sumus
429 2115 465 2146 in
482 2115 585 2148 tantis
604 2115 802 2147 aerumnis?

385 2164 587 2209 Respondet
619 2173 733 2199 autem
764 2165 929 2198 breviter:
979 2164 1054 2199 I'Iae
1078 2179 1266 2203 aerumnae

287 2223 366 2250 sunt
385 2217 545 2249 exercitia
562 2216 641 2249 fidei
661 2222 692 2248 et
708 2215 797 2258 spei,
817 2228 888 2248 non
906 2223 986 2249 sunt
1004 2219 1100 2258 signa
1119 2219 1189 2251 irae
1202 2219 1265 2253 Dei

287 2268 453 2299 adversus
476 2279 552 2301 nos.
609 2266 678 2299 Iam
706 2264 774 2299 linc
807 2266 1019 2308 adiungatur
1045 2268 1175 2311 integra
1204 2272 1266 2304 do-

288 2318 419 2359 ctrina,
454 2329 561 2362 quare
585 2324 697 2350 totum
721 2328 830 2358 genus
857 2314 1052 2350 humanum
1077 2320 1121 2352 sit
1150 2322 1266 2355 subie—

288 2375 379 2399 ctum
403 2368 509 2401 morti
527 2375 559 2400 et
577 2368 655 2401 aliis
678 2367 960 2401 calamitatibus?
1011 2368 1146 2403 Deinde
1161 2384 1266 2416 quare

287 2415 442 2450 Ecclesia
475 2419 583 2461 magis
617 2430 823 2452 aerumnosa
851 2418 914 2458 sit,
965 2431 1068 2463 quam
1109 2422 1169 2454 alii
1203 2421 1267 2456 ho-

290 2468 413 2502 mines.

390 2517 507 2550 Prima
526 2529 625 2551 causa
643 2525 693 2552 est
707 2519 829 2552 mortis
855 2525 887 2552 et
912 2521 1151 2555 communium
1176 2524 1266 2557 cala-

289 2569 448 2601 mitatum
476 2568 513 2599 in
536 2574 608 2602 toto
635 2580 759 2610 genere
783 2567 960 2609 humano,
993 2570 1110 2615 lapsus
1134 2574 1267 2616 primo-

290 2631 366 2651 rum
386 2625 590 2662 parentum‚
617 2626 649 2652 et
666 2627 843 2662 peccatum
867 2622 961 2664 quod
980 2630 1158 2656 nascentes
1183 2625 1265 2658 affe-

287 2671 409 2704 rimus.
444 2667 582 2702 Deinde
599 2669 823 2704 cumulantur
845 2682 977 2714 poenae
995 2674 1189 2709 actualibus
1207 2677 1266 2709 de-

854 106 981 142 PlllL.
1009 107 1124 142 MEL.
1154 107 1361 144 SCRIPTA
1387 106 1686 146 EXEGETLCA.

2211 116 2286 151 908

1309 194 1396 228 lictis
1423 194 1608 240 quotitlie,'
1641 201 1674 229 et
1697 196 1866 231 accedunt
1889 198 2024 233 furores
2048 200 2284 239 diabolorum,

1308 245 1367 290 qui
1393 246 1429 278 iu
1452 243 1542 278 hauc
1558 246 1719 279 miseram
1744 253 1776 280 et
1804 247 1977 282 desertam
2003 257 2165 284 naturam
2190 264 2288 285 exer-

1308 303 1385 330 cent
1412 293 1620 330 horribilem
1643 297 1844 339 saevitiam,
1873 299 1955 343 quia
1980 308 2061 334 sunt
2080 298 2288 336 homicidae.

1307 346 1378 380 Sed
1403 358 1511 391 quare
1533 344 1689 380 Ecclesia
1711 348 1820 391 magis
1852 355 1903 382 est
1936 360 2155 387 aerumnosa.
2218 352 2286 386 Hic

1308 396 1462 441 primum
1488 398 1696 442 repetendae
1723 405 1806 432 sunt
1828 410 2031 433 communes
2048 412 2185 443 causae,
2206 404 2288 448 quia

1310 459 1432 481 omnes
1455 448 1633 482 nascimur
1651 460 1731 482 cum
1750 456 1905 493 peccato.
1960 449 2044 484 Vult
2061 457 2176 485 autem
2194 451 2288 486 Deus

1308 498 1345 530 iu
1362 496 1516 532 Ecclesia
1531 499 1719 545 praecipue
1736 499 1888 543 intelligi
1914 501 2000 534 iram
2019 502 2185 535 adversus
2210 513 2290 547 pec-

1309 555 1444 589 catum,
1471 550 1566 594 quod
1584 551 1738 583 mundus
1755 561 1898 584 securus
1923 552 2127 585 coutemnit.
2178 550 2291 586 Exer-

1309 606 1406 633 cetur
1431 611 1511 643 ergo
1533 597 1690 633 Ecclesia
1714 601 1860 641 durius,
1902 608 1942 635 ut
1973 603 2220 636 commonefiat
2247 604 2291 636 de

1310 650 1360 682 ira
1387 650 1463 684 Dei.
1524 649 1604 683 Huc
1633 651 1811 695 pertinent
1843 648 2078 695 (ἳοκιιιιασιάι,
2111 652 2206 687 iuxta
2236 653 2291 687 di-

1310 708 1420 734 ctum:
1450 700 1581 734 Filium
1600 713 1704 746 quem
1726 702 1858 744 diligit,
1886 703 2040 745 castigat.

1411 750 1592 791 Secunda,
1607 751 1780 786 Diabolus
1797 752 1880 785 odio
1898 750 2028 787 Christi
2047 753 2200 787 atrocius
2217 766 2292 788 sae-

1311 802 1384 834 vire
1410 808 1556 834 conatur
1574 802 1611 834 in
1628 802 1830 837 Ecclesiam.

1413 851 1553 891 Tertia,
1582 851 1691 885 Valde
1706 853 1815 886 multa
1834 860 1915 886 sunt
1942 861 1972 887 et
1993 854 2140 888 actualia
2165 854 2291 888 delicta

1312 901 1348 934 in
1371 901 1544 944 Ecclesia,
1584 909 1623 936 ut
1651 902 1798 936 Davidis
1829 904 2062 944 adulterium,
2108 904 2292 939 Manassae

1312 953 1486 986 idolatria.
1539 952 1633 986 Haec
1658 953 1760 987 etiam
1781 952 1875 987 Deus
1898 955 2001 997 punit
2018 956 2194 988 atrocibus
2210 968 2293 999 poe-

1311 1003 1366 1036 nis
1385 1004 1420 1035 in
1440 1001 1502 1036 hac
1522 1004 1610 1044 vita,
1635 1009 1675 1037 ut
1698 1003 1735 1036 in
1750 1003 1829 1038 aliis
1848 1001 2063 1040 hominibus.
2116 1004 2195 1039 Huc
2213 1018 2292 1050 per-

1314 1054 1429 1088 tinent
1445 1052 1629 1099 τιμωρίαι.

1413 1103 1566 1147 Quarta,
1589 1103 1770 1149 Supplicia
1791 1103 1829 1137 in
1855 1104 2074 1138 confessione
2090 1112 2172 1139 sunt
2192 1107 2289 1141 testi-

1314 1155 1431 1187 monia
1442 1182 1451 1195 ,
1478 1157 1573 1200 quod
1589 1156 1699 1190 sancti
1718 1167 1798 1188 vere
1814 1155 1862 1188 sic
1878 1155 2029 1189 sentiant
2045 1156 2135 1190 sicut
2149 1158 2291 1192 docent.

1312 1206 1403 1239 Sunt
1420 1206 1502 1239 item
1514 1206 1724 1246 testimonia,
1741 1217 1829 1250 quae
1844 1206 2034 1239 ostendunt
2051 1214 2178 1241 restare
2194 1207 2292 1242 aliud

1313 1257 1501 1289 iudicium:
1527 1257 1608 1301 quia
1628 1257 1720 1289 enim
1732 1256 1829 1289 Deus
1850 1263 1950 1290 antea
1969 1257 2121 1290 ostendit
2138 1257 2293 1292 sePaulo

1313 1308 1429 1339 adesse
1451 1307 1670 1341 resuscitanti
1697 1313 1872 1347 mortuOS,
1905 1313 1939 1340 et
1964 1307 2092 1340 deinde
2117 1308 2196 1342 finit
2212 1321 2291 1342 eum

1313 1357 1460 1390 interfici
1478 1369 1496 1389 a
1513 1357 1668 1398 Nerone,
1691 1357 1860 1400 significat
1878 1363 1996 1401 postea
2014 1357 2202 1392 discrimen
2219 1360 2292 1392 fore

1313 1408 1405 1440 iuter
1423 1406 1572 1440 Paulum
1589 1415 1621 1441 et
1636 1407 1824 1440 Neronem.

1415 1458 1567 1499 Quinta,
1593 1457 1686 1500 Quia
1706 1457 1779 1490 vult
1796 1456 1888 1490 Deus
1907 1456 2111 1490 excellentia
2136 1460 2292 1493 membra

1314 1507 1349 1539 in
1366 1505 1522 1541 Ecclesia
1538 1509 1613 1541 fieri
1631 1507 1825 1541 conformia
1847 1506 1919 1539 filio
1942 1505 2020 1542 Dei.

1414 1558 1535 1598 Sexta,
1564 1558 1649 1591 Vult
1664 1557 1758 1591 Deus
1775 1557 1927 1600 conspici
1945 1568 2042 1589 suam
2062 1560 2291 1600 praesentiam

1313 1607 1349 1639 in
1369 1618 1493 1649 genere
1512 1607 1684 1646 humano,
1712 1615 1744 1641 et
1767 1607 1969 1651 praesertim
1999 1607 2036 1639 in
2053 1606 2228 1651 Ecclesia,
2255 1617 2292 1644 ut

1313 1658 1510 1692 refutentur
1527 1659 1704 1703 Epicurei.
1741 1657 1822 1690 ideo
1840 1669 1912 1691 nou
1929 1654 2032 1691 habet
2054 1656 2210 1693 Ecclesia
2233 1662 2293 1694 de-

1313 1709 1509 1742 fensionem
1528 1717 1567 1744 ut
1583 1709 1728 1752 imperia
1744 1708 1890 1748 mundi,
1911 1714 1944 1741 et
1967 1709 2130 1743 accidunt
2155 1711 2294 1752 sanctis,

1315 1760 1424 1793 multa
1442 1760 1696 1794 inextricabilia
1716 1757 1872 1792 humano
1889 1758 2054 1799 consilio,
2075 1760 2163 1794 sicut
2181 1761 2295 1807 inquit

1317 1810 1494 1844 ieremias:
1530 1811 1611 1845 Scio
1635 1811 1806 1850 Domine,
1841 1810 1935 1854 quod
1958 1820 2031 1842 non
2061 1810 2106 1844 sit
2138 1810 2294 1846 hominis

1315 1862 1369 1894 via
1396 1863 1480 1895 eius.
1544 1862 1647 1896 item:
1685 1860 1774 1894 Cum
1805 1859 1979 1893 nescimus
2005 1860 2089 1904 quid
2119 1865 2292 1905 agendum

1315 1913 1378 1950 sit,
1407 1913 1497 1946 oculi
1518 1913 1629 1946 nostri
1653 1913 1696 1944 ad
1724 1918 1756 1945 te
1775 1909 1928 1944 Domine
1958 1910 2148 1945 tolluntur:
2181 1920 2219 1947 ut
2243 1914 2294 1947 la-

1317 1975 1399 2007 psus
1409 1966 1506 1996 Adae
1518 1992 1526 2004 ‚
1546 1961 1702 1996 venditio
1718 1959 1854 2005 Ioseph,
1872 1959 2018 1994 Davidis
2034 1962 2188 2002 exilium,
2200 1976 2295 1998 mor—

1317 2016 1380 2048 bus
1398 2016 1486 2057 regis
1503 2011 1831 2048 Nabuchodonosor
1855 2019 1918 2045 etc.

1418 2065 1642 2110 Conspicitur
1670 2063 1778 2106 igitur
1809 2061 2001 2106 praesentia
2028 2062 2110 2103 Dei,
2142 2076 2220 2097 cum
2245 2067 2293 2100 sic

1319 2117 1514 2150 liberantur
1539 2115 1668 2155 sancti,
1695 2120 1734 2147 ut
1757 2113 1857 2146 fateri
1879 2113 1973 2157 ipsos
1996 2120 2028 2146 et
2052 2114 2139 2147 alios
2156 2127 2293 2150 necesse

1317 2168 1380 2208 sit,
1407 2167 1577 2200 divinitus
1601 2171 1754 2199 servatos
1777 2175 1862 2198 esse.
1923 2162 1981 2196 Sic
2004 2171 2080 2197 orat
2097 2164 2229 2199 Moises
2256 2167 2292 2199 in

1317 2218 1474 2252 numeris
1492 2216 1578 2261 Cap.
1598 2215 1674 2250 14.:
1711 2214 1755 2249 Ut
1774 2214 1918 2248 audiant
1933 2212 2114 2259 Aegyptii,
2143 2217 2237 2260 quod
2258 2224 2295 2251 tu

1319 2270 1468 2302 Domine
1485 2270 1531 2302 sis
1547 2269 1582 2301 in
1606 2265 1670 2300 hoc
1688 2266 1831 2310 populo.
1883 2263 1928 2297 Et
1946 2265 1974 2297 1.
1991 2263 2078 2308 Reg.
2100 2266 2156 2298 17.
2179 2266 2295 2312 inquit

1319 2319 1450 2354 David:
1480 2319 1526 2354 Ut
1545 2320 1630 2352 sciat
1653 2317 1769 2350 omnis
1794 2323 1905 2354 terra,
1932 2315 2027 2359 quod
2055 2321 2104 2348 est
2121 2315 2294 2353 Dominus

1317 2369 1412 2404 Deus
1436 2372 1472 2404 in
1499 2370 1621 2403 lsrae'l.
1681 2366 1727 2402 Et
1751 2365 1915 2399 leremiae
1939 2363 2009 2400 14.:
2041 2365 2099 2399 Tu
2123 2373 2238 2401 autem
2256 2369 2293 2402 in

1318 2422 1422 2455 nobis
1445 2433 1481 2455 es
1498 2421 1673 2460 Domine,
1700 2424 1733 2451 et
1758 2428 1885 2449 nomen
1909 2422 2008 2449 tuum
2024 2415 2225 2452 invocatum
2243 2427 2294 2454 est

1318 2484 1422 2517 super
1439 2483 1522 2511 nos,
1550 2483 1593 2504 ne
1617 2468 1839 2512 derelinquas
1862 2476 1937 2501 nos.

1419 2522 1498 2565 Hae
1514 2533 1648 2562 causae,
1664 2529 1771 2565 quare
1786 2516 1941 2550 Ecclesia
1960 2518 2052 2550 cruci
2067 2519 2222 2554 subiecta
2238 2521 2295 2561 sit,

1318 2585 1454 2618 semper
1476 2575 1547 2608 sint
1570 2574 1606 2605 in
1630 2575 1815 2612 conspectu
1829 2593 1837 2607 ‚
1871 2573 1904 2601 et
1925 2567 2075 2602 sciamus
2091 2568 2204 2603 Deum
2229 2583 2293 2615 po-

1319 2625 1450 2659 stulare
1466 2622 1703 2658 obedientiam
1722 2619 1759 2651 in
1775 2617 1897 2662 poenis
1909 2643 1919 2660 ‚
1949 2625 1980 2652 et
1998 2619 2035 2652 in
2052 2632 2171 2659 cruce,
2198 2620 2294 2655 iuxta

1290 2701 1294 2712 .
1318 2676 1464 2709 dictum:
1483 2669 2068 2713 Humiliaminisubpotentimanu
2080 2669 2157 2705 Dei.
2187 2670 2291 2706 Item:
