2415 2942
85 938 231 984 Ἔνοχος
254 937 353 972 ἔσται
378 941 446 973 τοῦ
476 936 647 984 σώματος
671 936 734 973 καὶ
758 938 923 984 αἵματος.

94 90 192 128 1125

92 179 220 219 sionis,
255 191 342 223 quae
376 186 426 213 est
460 179 634 222 gratuita,
672 191 745 212 non
779 186 829 213 est
856 180 1077 222 sacrificium,

92 231 185 275 quod
212 230 288 262 aliis
311 237 497 271 mereatur,
552 231 659 270 Item,
686 242 763 263 cum
790 230 835 263 sit
852 232 939 264 ritus
957 231 1079 266 Testa-

91 280 223 321 menti,
257 281 359 313 nobis
385 279 541 314 exbiberi
567 282 678 324 legata
702 292 720 313 a
748 281 820 313 filio
847 287 1011 321 testatur,
1047 289 1079 316 et

90 331 218 375 pignus
242 338 292 365 est
317 332 507 365 voluntatis
532 331 597 365 Dei
621 343 699 373 erga
724 343 805 371 nos,
838 343 910 364 non
940 339 1076 366 tantum

89 389 140 415 est
163 383 360 416 ceremonia
383 390 527 417 mutuae
557 382 757 417 dilectionis
781 382 874 415 inter
900 384 1078 426 convivas,

87 439 126 466 ut
144 430 396 477 Anabaptistae
419 434 554 468 dicunt.

191 482 255 517 Est
282 491 314 518 et
337 482 420 517 baec
453 482 621 528 particula
655 482 823 526 insignis,
858 484 952 529 quod
981 482 1076 516 hunc

89 534 197 568 ritum
214 547 352 568 servare
372 536 479 574 iubet,
496 536 608 568 donec
619 530 779 567 Christus
796 535 942 570 venerit.
981 534 1076 568 Ilaec

91 586 194 618 verba
210 588 300 629 {sunt
318 587 539 630 perspicuum
564 584 802 619 testimonium
816 611 825 625 ‚
852 584 966 618 Deum
985 597 1076 618 sem-

91 648 152 680 per
169 636 206 668 in
223 634 286 670 hac
307 637 376 670 vita
395 648 505 681 usque
523 637 565 669 ad
584 635 888 669 resuscitationem
914 643 1075 669 mortuo-

91 699 170 719 rum
189 695 407 720 servaturum
427 699 498 720 esse
516 685 727 726 Ecclesiam,
757 687 937 729 publicum
969 688 1076 719 mini-

91 738 275 771 nisterium
306 738 632 775 Sacrameutorum‚
674 737 833 780 publicos
861 749 1077 780 congressus,

90 795 123 821 et
139 789 255 833 aliqua
274 787 507 821 Ecclesiarum
528 786 691 832 hospitia.
746 788 822 821 Hae
847 789 965 821 dulces
993 800 1077 822 con-

90 839 278 873 solationes
294 840 329 871 in
352 837 414 872 hac
432 839 531 872 brevi
548 838 977 883 particula'contincntur.

976 935 1079 972 Reus

315 989 380 1022 erit
408 990 568 1037 corporis
592 994 622 1023 el
645 990 860 1035 sanguinis.

191 1065 477 1109 Magnitudinem
505 1066 633 1110 peccati
661 1066 697 1099 in
722 1067 833 1100 abusu
858 1079 985 1100 coenae
1003 1066 1077 1100 Do-

91 1117 180 1150 mini
199 1117 388 1158 describit,
416 1130 492 1149 cum
514 1118 579 1158 ait,
608 1118 791 1150 abutentes
814 1130 891 1150 reos
911 1130 983 1151 esse
1000 1131 1077 1151 cor-

89 1169 184 1212 poris
212 1175 244 1201 et
280 1168 481 1210 sauguinis,
525 1169 560 1200 id
592 1176 661 1208 est,
697 1169 908 1202 contumelia
941 1170 1076 1202 afficere

91 1230 217 1262 corpus
242 1225 273 1251 et
297 1219 502 1260 sanguinem
521 1219 684 1262 Domini,
711 1220 799 1252 sicut
821 1219 974 1253 latrones
998 1232 1077 1252 cru-

91 1269 266 1311 cifigentes
293 1269 486 1303 Dominum
517 1270 728 1302 contumelia
760 1282 838 1302 eum
868 1271 1077 1304 afficiebant.

90 1317 137 1353 Et
154 1321 283 1362 gradus
301 1327 394 1355 sunt.
447 1319 690 1353 Contumeliae
708 1327 807 1361 sunt,
835 1332 911 1353 cum
938 1321 1075 1364 profani

91 1371 267 1413 accipiunt
292 1377 436 1414 propter
463 1371 772 1411 cousuetudinem,
802 1371 876 1403 sine
895 1371 1077 1413 poeniten-

94 1421 141 1454 tia
170 1427 200 1453 et
227 1421 302 1453 sine
326 1421 393 1453 fide
418 1428 554 1464 petente
572 1421 826 1455 remissionem.

91 1483 145 1505 res
170 1472 403 1504 contumeliae
431 1480 530 1512 sunt,
557 1483 634 1504 cum
660 1472 803 1514 fingitur
827 1483 910 1505 usus
928 1484 998 1505 esse
1023 1484 1076 1505 sa-

91 1522 278 1563 crificium,
305 1523 397 1566 quod
425 1529 597 1556 mereatur
615 1522 704 1556 aliis.
762 1523 867 1561 ltem,
895 1536 971 1556 cum
993 1535 1076 1555 con-

90 1575 203 1606 fertur
223 1573 258 1604 in
279 1581 479 1617 quaestum,
504 1580 536 1606 et
559 1580 715 1606 mutatur
732 1573 768 1605 in
788 1573 936 1608 idolum.
989 1573 1076 1606 Pro-

95 1630 172 1667 pter
212 1621 296 1655 haec
331 1621 508 1656 horrenda
548 1630 686 1666 peccata
723 1624 843 1656 multis
876 1624 1078 1667 ingentibus

93 1674 367 1713 calamitatibus,
395 1674 496 1706 bellis
517 1680 547 1707 et
566 1674 820 1707 vastationibus
845 1682 937 1707 totae
961 1682 1078 1717 gentes

93 1725 304 1769 puniuntur,
322 1732 353 1757 et
374 1723 408 1757 lii
428 1725 486 1768 qui
505 1736 575 1757 non
597 1732 702 1765 agunt
723 1725 988 1767 poenitentiam,
1016 1738 1079 1769 op-

93 1776 292 1819 primentur
311 1776 460 1809 aeternis
479 1775 611 1819 poenis,
667 1773 820 1808 Oremus
838 1783 953 1808 autem
971 1777 1080 1809 filium

93 1826 160 1860 Dei
187 1826 380 1860 Dominum
408 1834 568 1859 nostrum
595 1824 708 1858 Iesum
729 1823 929 1867 Christum,
961 1834 997 1859 ut
1014 1825 1081 1859 Ec-

93 1877 235 1910 clesiam
251 1890 348 1910 suam
369 1878 491 1910 liberet
511 1878 553 1909 ab
571 1878 736 1909 omnibus
755 1878 934 1910 erroribus
955 1886 985 1911 et
1005 1878 1082 1910 ido-

93 1928 155 1969 lis,
184 1935 217 1962 et
242 1928 361 1960 lumen
393 1928 566 1969 veritatis,
601 1940 718 1961 veram
743 1928 1018 1969 invocationem,
1051 1936 1082 1961 et

95 1991 196 2012 veros
222 1980 336 2012 cultus
357 1980 534 2014 accendat.

96 2079 138 2112 Et
155 2077 227 2126 fris>
245 2077 397 2118 ἑαυτοῖς
412 2077 663 2125 διεκρίνομεν,
697 2078 764 2114 οὔκ
781 2077 826 2114 ὢν
847 2077 1083 2125 ἐκρινόμεθα.

132 2130 178 2162 Si
193 2142 257 2162 nos
279 2131 376 2176 Ipsos
396 2127 660 2172 indicaremus,
683 2143 753 2164 non
771 2129 1033 2167 iudicaremur.

199 2204 300 2238 Hauc
327 2205 533 2238 sententiam
558 2203 723 2238 monachi
754 2208 796 2239 ad
833 2207 1086 2241 satisfactiones

96 2257 363 2291 transtulerunt.
419 2256 487 2290 Sed
509 2257 692 2290 manifesta
711 2257 831 2290 concio
851 2266 899 2291 est
916 2266 984 2292 tota
1003 2271 1086 2303 poe-

97 2308 257 2342 nitentia.
320 2306 433 2340 Simul
459 2307 560 2350 culpa
584 2313 616 2340 et
644 2319 756 2351 poena
785 2316 923 2342 aeterna
944 2318 1087 2354 propter

97 2359 208 2392 filium
223 2358 283 2391 Dei
298 2356 418 2391 Gratis
435 2359 676 2399 remittuntur,
701 2359 795 2392 iuxta
812 2359 915 2392 illud:
945 2361 979 2393 O
995 2373 1087 2393 mors

99 2422 158 2443 ero
178 2422 270 2442 mors
289 2416 344 2441 tua
359 2437 367 2449 ‚
395 2417 425 2442 et
443 2409 548 2452 pestis
567 2416 625 2442 tua
645 2422 665 2442 o
686 2410 833 2444 inferne.
880 2410 985 2444 Item:
1015 2411 1087 2454 Qui

100 2461 208 2494 credit
227 2461 263 2492 in
282 2459 392 2493 filium
405 2487 412 2500 ‚
440 2458 545 2493 habet
563 2461 668 2493 vitam
687 2467 876 2494 aeternam.

199 2510 336 2543 Deinde
355 2523 475 2543 verum
499 2518 532 2544 et
557 2508 623 2544 hoc
647 2518 716 2552 est,
746 2518 941 2555 praesentes
958 2525 1088 2557 poenas

103 2568 250 2606 propter
274 2568 380 2594 totam
406 2562 660 2605 poenitentiam
681 2562 835 2606 mitigari
860 2564 914 2596 vel
931 2565 1024 2605 tolli,
1050 2573 1088 2599 ut

101 2618 248 2645 testatur
265 2609 413 2645 historia
433 2612 550 2647 lonae.
590 2611 636 2647 Et
652 2611 777 2647 Esaiae
798 2614 829 2646 1.
847 2625 919 2658 cap.
940 2615 1086 2651 dicitur:

103 2662 140 2696 si
159 2669 296 2706 peccata
317 2670 428 2696 vestra
458 2664 589 2698 fuerint
607 2671 645 2698 ut
665 2664 866 2705 coccinum,
894 2665 991 2700 eritis
1007 2678 1089 2700 can-

267 92 367 128 XIII.
418 93 453 129 4.
481 90 819 129 COMMENTAR.
844 92 895 129 IN
920 90 1070 132 EPIST.
1097 93 1244 132 PAULI
1271 94 1339 132 AD
1365 97 1686 140 CORINTHIOS.
1740 105 1843 143 CAP.
1874 109 1941 146 XI.

880 1421 947 1455 Sed
969 1422 1077 1454 maio-
1103 1441 1106 1451 r

2012 114 2110 150 1126

1157 235 1163 240 ι
1507 187 1596 221 Cum
1623 190 1716 224 enim
1747 193 1833 228 velit
1854 195 1953 230 Deus
1982 198 2019 232 in
2044 197 2108 235 hac

1132 241 1220 274 vita,
1260 248 1460 281 quanquam
1484 251 1710 284 aerumnosa,
1743 256 1882 280 servare
1905 246 2109 294 Ecclesiam,

1131 285 1265 327 mitigat
1282 299 1428 329 poenas,
1454 296 1489 322 ut
1509 291 1617 335 aliqui
1635 290 1794 328 homines
1812 297 1882 331 sint
1898 302 2110 344 superstites,

1131 344 1357 370 conservetur
1374 340 1550 380 generatio
1575 349 1607 374 et
1630 344 1788 378 educatio
1813 349 1959 391 sobolis,
1986 359 2019 386 et
2043 355 2111 386 mi-

1130 386 1313 419 nisterium
1341 387 1522 431 Evangelii
1548 393 1748 435 publicum,
1782 404 1814 430 et
1836 399 1907 434 sint
1933 399 2110 439 Ecclesiae

1130 434 1280 480 hospitia
1302 439 1445 480 politiae
1465 447 1494 472 et
1516 446 1753 481 oeconomiae.
1798 446 1843 482 Et
1861 451 2009 485 sciamus
2025 467 2108 496 pro-

1131 495 1203 531 pter
1221 485 1314 521 bunc
1330 489 1434 521 finem
1452 491 1601 532 mitigari
1624 506 1767 537 poenas,
1796 510 1839 531 ne
1857 500 2009 536 Ecclesia
2027 506 2110 539 fun-

1129 539 1222 571 ditus
1245 539 1282 571 in
1308 537 1370 572 hae
1396 541 1466 573 vita
1492 536 1659 576 deleatur.
1726 545 1773 581 Et
1803 547 1897 584 hunc
1924 554 2027 588 finem
2052 558 2109 591 in-

1128 595 1288 630 tuentes,
1330 597 1487 632 petamus
1520 593 1792 638 mitigationem,
1830 601 1918 636 sicut
1948 615 2110 647 precatur

1129 638 1287 673 Ecclesia
1318 641 1354 673 in
1388 641 1546 677 Psalmo:
1585 643 1664 677 Non
1699 648 1801 681 nobis
1830 650 2000 697 Domine,
2034 671 2108 692 non

1129 691 1251 730 nobis,
1279 692 1336 724 sed
1363 693 1499 724 nomini
1527 700 1587 727 tuo
1612 696 1654 728 da
1680 697 1846 742 gloriam,
1873 702 1953 736 Non
1975 709 2110 743 'mortui

1130 741 1325 775 laudabunt
1341 749 1373 776 te
1390 742 1552 777 Domine.
1958 748 1969 751 ⁷*

1130 183 1206 216 didi
1241 184 1328 218 sieut
1361 186 1433 222 nix,

1232 800 1367 834 Deinde
1392 801 1522 835 Paulus
1548 807 1746 846 generalem
1770 810 1966 847 doctrinam
1995 817 2038 850 de
2057 820 2110 852 af-

1130 852 1345 886 flictionibus
1362 854 1484 886 tradit:
1513 853 1601 888 Cum
1619 857 1817 893 iudicamur
1832 874 1849 895 a
1867 862 2022 900 Domino
2036 881 2113 902 cor-

1131 903 1298 946 ripimur,
1325 915 1369 936 ue
1386 916 1462 937 cum
1484 903 1550 938 hoc
1566 909 1700 941 mundo
1719 911 1937 950 damnemur.
1983 917 2023 951 In
2043 918 2112 953 Ec-

1131 953 1233 986 clesia
1257 966 1395 987 necesse
1424 962 1472 988 est
1499 957 1581 990 sciri
1599 970 1735 999 causas,
1764 974 1871 1006 quare
1897 974 2022 1002 natura
2043 968 2110 1004 bu-

1132 1016 1246 1046 mana,
1275 1017 1352 1038 cum
1372 1007 1554 1040 antecellat
1572 1010 1738 1044 omnibus
1754 1014 2003 1060 animantibus,
2027 1022 2112 1054 suh-

1132 1056 1217 1089 iecta
1252 1056 1296 1088 sit
1325 1057 1431 1088 morti
1459 1065 1489 1091 et
1522 1059 1627 1091 tantis
1654 1064 1855 1105 aerumnis,
1892 1079 1930 1100 ac
1965 1071 2112 1114 deinde,

1131 1118 1238 1163 quare
1263 1104 1347 1139 baec
1375 1120 1470 1150 pars,
1511 1122 1598 1153 quae
1628 1118 1676 1145 est
1702 1111 1856 1150 Ecclesia
1879 1116 1963 1159 Dei,
2005 1124 2114 1167 magis

1130 1165 1232 1190 cuam
1251 1164 1392 1191 onerata
1410 1166 1465 1194 stt.

1231 1221 1438 1267 Philosophi
1473 1226 1615 1266 dicunt,
1657 1231 1747 1263 mala
1777 1236 1946 1277 quaedam
1982 1241 2065 1273 oriri
2096 1255 2114 1276 a

1131 1274 1294 1313 materia,
1320 1277 1491 1318 quaedam
1514 1289 1530 1309 a
1556 1280 1685 1312 nostris
1704 1285 1880 1317 erroribus
1900 1295 1931 1320 et
1950 1291 2114 1325 volunta-

1130 1326 1234 1359 tibuS.
1286 1323 1332 1356 Hi
1353 1325 1550 1369 loquuntur
1574 1329 1616 1361 (le
1636 1332 1843 1378 propinquis
1868 1339 1989 1375 causis.
2044 1342 2113 1375 Sed

1130 1388 1191 1408 cur
1210 1374 1353 1407 materia
1371 1373 1525 1409 bominis
1541 1379 1692 1412 obnoxia
1710 1390 1757 1415 est
1776 1389 2017 1429 corruptioni?
2044 1391 2116 1428 Cur

1130 1433 1225 1459 tanta
1243 1425 1354 1468 caligo
1376 1426 1413 1458 in
1441 1435 1556 1462 mente
1579 1427 1758 1466 humana?
1785 1438 1902 1471 curin
1922 1441 2116 1478 voluntati-

1132 1479 1196 1510 bus
1214 1484 1245 1509 et
1263 1478 1367 1509 corde
1386 1485 1479 1511 tanta
1498 1483 1717 1516 contumacia
1745 1486 1819 1519 est?
1846 1486 1912 1522 Hic
1937 1493 2116 1539 principa-

1132 1529 1199 1560 lem
1230 1539 1367 1559 causam
1396 1529 1467 1561 sola
1502 1543 1567 1563 vox
1593 1530 1658 1565 Dei
1684 1533 1720 1566 in
1749 1534 1906 1572 Ecclesia
1934 1551 2117 1587 monstrat,

1133 1590 1223 1622 quae
1244 1584 1363 1632 narrat
1384 1587 1560 1621 peccatum
1579 1594 1651 1616 esse
1668 1596 1807 1619 causam
1825 1592 1948 1624 mortis
1974 1601 2005 1627 et
2028 1597 2116 1630 alia-

1132 1641 1210 1661 rum
1239 1629 1458 1662 miseriarum
1484 1631 1520 1664 in
1547 1639 1618 1665 toto
1651 1645 1776 1676 genere
1801 1636 1978 1683 humano,
2013 1653 2052 1680 ut
2076 1647 2115 1680 in

1133 1679 1261 1713 Genesi
1280 1679 1447 1722 scriptum
1465 1689 1524 1716 est.
1573 1683 1618 1718 Et
1636 1685 1768 1721 Paulus
1785 1689 1921 1735 inquit:
1949 1694 2016 1729 Per
2033 1709 2116 1742 pec-

1132 1738 1244 1764 catum
1269 1742 1374 1764 mors.

1231 1797 1415 1832 Praeterea
1450 1811 1526 1832 cum
1555 1800 1649 1837 Deus
1676 1807 1758 1841 velit
1786 1808 1822 1841 in
1849 1809 2002 1847 Ecclesia
2031 1828 2116 1850 con-

1134 1848 1218 1892 spici
1236 1860 1333 1881 suam
1351 1850 1436 1882 iram
1450 1853 1614 1886 adversus
1627 1865 1775 1899 peccata,
1795 1867 1827 1893 et
1844 1862 1924 1895 velit
1943 1876 2005 1898 nos
2020 1879 2117 1900 com-

1135 1899 1315 1932 monefieri
1350 1901 1392 1933 de
1420 1903 1634 1945 poenitentia
1672 1914 1704 1940 et
1737 1910 1779 1941 de
1810 1914 2106 1955 promissionibus

1136 1951 1245 1992 magis
1273 1953 1376 1984 etiam
1405 1961 1538 1987 exercet
1566 1954 1770 1996 Ecclesiam.
1838 1961 1883 1996 Et
1917 1974 1996 2000 sunt
2028 1947 2117 2002 aliae

1136 2002 1253 2045 plures
1279 2014 1418 2042 causae,
1444 2016 1532 2047 quae
1558 2018 1620 2039 suo
1648 2008 1725 2043 loco
1749 2013 1951 2051 recitantur.
2012 2018 2118 2052 Com-

1137 2053 1340 2084 munissima
1359 2060 1406 2086 est
1423 2061 1537 2087 autem
1556 2054 1657 2097 baec,
1687 2073 1791 2105 quam
1808 2063 1938 2098 Paulus
1956 2065 2021 2101 boc
2040 2071 2117 2103 loco

1136 2103 1274 2141 recitat,
1303 2105 1344 2135 de
1370 2116 1436 2148 qua
1464 2112 1495 2138 et
1514 2105 1640 2145 Psalm.
1661 2111 1835 2156 loquitur:
1864 2115 2003 2151 Bonum
2028 2120 2116 2154 mibi

1137 2155 1229 2198 quod
1251 2152 1445 2188 humiliasti
1464 2169 1527 2197 me,
1553 2167 1589 2193 ut
1605 2161 1734 2195 discam
1755 2164 2017 2203 iustificationes
2034 2179 2120 2206 tuas.

1135 2203 1187 2237 Ε(
1208 2202 1261 2237 liis
1289 2206 1446 2238 sontibus
1470 2217 1660 2244 sumuntur
1681 2215 1890 2259 praecipuae
1908 2222 2119 2256 consolatio-

1137 2267 1213 2296 nes,
1240 2257 1282 2288 de
1303 2256 1430 2300 quibus
1456 2259 1540 2291 alibi
1567 2263 1741 2305 copiosius
1761 2266 1901 2303 dicitur.
1956 2270 2022 2305 Hic
2042 2280 2119 2306 tan-

1137 2313 1209 2339 tum
1233 2307 1427 2340 adscribam
1451 2309 1673 2346 collationem
1693 2312 2016 2361 philosophicarum
2036 2336 2120 2358 con-

1137 2357 1366 2398 solationum,
1408 2366 1439 2392 et
1463 2358 1767 2408 Christianarum,
1802 2380 1905 2413 quam
1932 2369 2059 2408 babere
2084 2377 2118 2409 in

1138 2415 1323 2452 conspectu
1342 2410 1427 2443 utile
1445 2417 1504 2444 est.

1236 2465 1569 2513 Philosopbicarum
1612 2475 1894 2514 consolationum
1937 2482 2006 2517 luci
2041 2493 2122 2520 sunt

1137 2519 1304 2564 quinque.

1290 2569 1318 2605 l.
1347 2569 1550 2605 Necessitas.

1292 2620 1339 2656 ΙΙ.
1369 2621 1490 2657 Virtus
1506 2625 1732 2661 anteferenda
1751 2630 1878 2668 dolori.

1186 2718 1266 2755 71*
1294 2670 1361 2706 Ill.
1388 2671 1488 2707 Bona
1506 2676 1733 2714 conscientia,
