2415 2942
71 73 143 106 709
240 70 340 105 Xttt.

73 163 254 203 peccatum
287 155 351 194 sit,
393 155 525 198 fingere
557 156 670 190 cultus
695 156 769 194 sine
793 156 960 189 mandato
984 153 1062 195 Dei,
1085 156 1088 179 ἵ

72 209 249 242 discedere
275 218 295 240 a
321 207 428 240 verbo
454 205 533 242 Dei.
590 206 643 240 De
669 205 735 240 hoc
758 206 885 239 scelere
912 206 1061 238 maxime

71 259 330 293 concionantur
355 254 570 301 Prophetae,
606 265 639 291 et
663 257 848 301 deplorant
873 254 1061 289 hominum

71 310 292 349 coecitatem,
333 309 394 353 qui
418 309 532 341 cultus
558 315 591 342 et
620 309 781 352 dogmata
813 308 856 340 de
880 308 1060 340 voluntate

70 361 136 395 Dei
163 361 300 404 fingunt
325 357 490 392 horribili
518 360 683 400 audacia,
715 370 780 391 nec
802 357 956 391 retinent
981 370 1060 390 ver-

67 413 152 445 bum
177 423 209 445 et
235 411 371 451 tultus,
401 410 439 442 in
457 410 584 454 quibus
601 410 698 443 Deus
721 420 818 442 suam
842 409 1060 442 voluntatem

69 462 172 496 nobis
198 461 394 507 proposuit.
450 459 519 504 Ipsi
538 460 630 493 coeci
657 466 832 504 quaerunt
850 459 961 492 Deum
982 460 1060 492 aliis

70 513 195 546 modis.
259 512 405 546 Constat
428 517 545 544 autem
567 508 748 543 Christum
774 522 847 543 non
874 511 1061 544 tradidisse

69 564 358 604 Sacramentum,
386 569 423 596 ut
441 573 504 605 pro
523 561 671 594 mortuis
695 561 904 605 adplicetur.

70 615 119 648 ibi
145 615 184 647 fit
211 614 343 646 mentio
367 612 612 646 mortuorum?
666 611 767 645 lubet
784 612 954 645 celebrari
980 624 1059 645 coe·

69 677 172 706 nam,
198 672 237 698 ut
254 664 478 697 recordemur
501 662 625 695 mortis
651 670 684 696 et
705 663 958 696 beneficiorum
976 674 1059 696 suo-

67 727 157 750 rum.

70 768 138 801 Sed
157 767 316 799 breviter
334 764 496 798 adiiciam
514 770 548 797 et
563 764 649 797 alias
665 764 831 800 rationes.

168 816 345 851 Secunda.
382 814 565 849 Sententia
592 822 682 849 certa
707 822 777 856 est,
812 827 901 860 quae
927 815 1059 848 labefa-

67 868 153 900 ctari
187 877 410 910 nequaquam
443 872 572 909 potest:
610 865 725 899 Iustus
757 867 823 899 fide
855 879 916 900 sua
954 868 1059 902 vivet.

68 916 186 960 Quare
211 927 348 949 necesse
373 923 424 950 est
441 928 505 949 nos
531 917 687 961 accipere
713 918 953 950 remissionem
979 930 1059 961 pec—

66 976 222 1002 catorum
240 967 361 1008 vivos,
388 979 427 999 ac
445 967 663 1011 impossibile
682 975 731 1001 est
757 969 958 1011 contingere
977 969 1060 1001 ullis

67 1018 306 1052 remissionem
331 1024 473 1062 propter
499 1030 588 1062 opus
623 1026 683 1052 aut
707 1019 917 1052 sacrificium
942 1019 1059 1053 cuius-

68 1081 171 1115 quam
207 1069 404 1102 sacrificuli.
475 1067 609 1102 Causae
634 1071 820 1111 obscurae,
865 1070 1060 1113 ambiguae,

67 1121 188 1164 longas
206 1120 465 1164 disputationes
483 1120 681 1165 requirunt.
730 1119 799 1154 Hic
819 1133 918 1154 error
934 1123 977 1154 de
994 1122 1059 1155 ob-

67 1172 198 1205 latione
227 1171 400 1204 refutatur
429 1172 516 1203 adeo
549 1172 743 1216 perspicuis
767 1179 798 1206 et
823 1172 931 1205 firmis
955 1185 1058 1216 argu-

66 1222 215 1262 mentis,
257 1228 295 1254 ut
334 1220 426 1254 nihil
459 1222 659 1256 desiderent
685 1223 826 1266 longam
856 1223 1058 1267 explicatio—

65 1285 158 1307 nem.
223 1271 394 1306 Doctrina
419 1273 461 1305 de
487 1273 693 1307 remissione
718 1280 939 1316 peccatorum
968 1281 1057 1308 certa

67 1331 98 1356 et
117 1323 301 1368 perspicua
323 1330 384 1358 est.
438 1322 581 1356 Nemini
599 1325 772 1367 contingit
790 1324 962 1365 remissio,
988 1326 1056 1358 nisi

66 1376 133 1408 fide
164 1373 308 1419 propria
340 1385 416 1406 eam
455 1374 592 1418 accipit.
651 1374 753 1408 Hanc
794 1375 1001 1409 sententiam
1031 1377 1057 1408 si

67 1427 144 1471 quis
177 1425 289 1465 tollit,
323 1425 536 1457 contumelia
569 1425 675 1459 afficit
698 1424 892 1460 Christum.
962 1425 1057 1469 Ergo

65 1476 277 1510 contumelia
301 1476 471 1509 adficiunt
489 1473 691 1515 Christum,
721 1477 781 1521 qui
805 1477 941 1520 fingunt
959 1478 1057 1511 obla-

65 1528 197 1561 tionem
215 1527 312 1559 illam
331 1527 479 1560 mortuis
498 1527 622 1559 mereri
648 1528 903 1563 remissionem.

169 1577 300 1610 Tertia.
331 1576 487 1610 Tantum
508 1577 549 1610 iis
564 1579 705 1621 prodest
730 1579 938 1611 sacramenti
964 1590 1058 1620 usus,

69 1628 130 1673 qui
157 1634 293 1660 utentes
319 1639 358 1659 eo
386 1628 617 1660 recordantur
647 1635 796 1661 mortem
826 1636 858 1662 ct
889 1630 1056 1662 beneficia

69 1677 228 1712 Christi:
275 1689 355 1720 ergo
388 1678 608 1721 impossibile
648 1685 698 1712 est
729 1679 764 1712 id
798 1691 885 1722 opus
909 1681 1057 1713 mortuis

69 1731 254 1774 prodesse,
290 1729 350 1773 qui
376 1740 439 1761 nec
466 1735 616 1762 utuntur
637 1729 723 1772 ipsi,
760 1742 824 1762 nec
848 1732 983 1764 addunt
1008 1732 1055 1764 ibi

70 1780 366 1813 recordationem.
434 1779 658 1812 Antecedens
695 1780 920 1814 manifestum
949 1789 1057 1814 estex

67 1829 201 1865 Christi
220 1830 462 1870 institutione,
491 1831 572 1874 quia
598 1831 694 1865 iubet
720 1831 889 1864 celebrari
909 1830 973 1865 hoc
991 1833 1056 1864 mi-

67 1882 251 1916 nisterium
277 1882 318 1914 ad
346 1882 637 1917 recordationem.
697 1881 768 1914 Nec
792 1882 888 1914 aliud
915 1883 1056 1916 institu-

67 1933 156 1967 tioni
186 1932 423 1975 affingendum
452 1939 510 1965 est.
573 1932 608 1965 Si
643 1933 720 1977 quis
747 1933 824 1976 plus
848 1933 1000 1976 affingit,
1029 1935 1055 1967 si

67 1985 146 2029 quis
161 1984 325 2018 transfert
352 1984 394 2015 ad
422 1991 597 2025 mortuos,
626 1983 733 2028 impie
759 1985 974 2018 contaminat
1002 1985 1058 2017 in-

67 2036 286 2069 stitutionem
305 2031 451 2068 Christi.

171 2084 318 2127 Quarta.
346 2085 475 2127 Aperte
500 2085 585 2119 dicit
611 2085 800 2130 scriptura:
836 2085 935 2119 Beati
961 2098 1057 2118 mor-

69 2136 121 2171 tui
140 2136 200 2180 qui
227 2136 262 2167 in
282 2135 441 2168 Domino
469 2137 682 2170 moriuntur.
727 2137 833 2171 Rom.
852 2137 885 2171 8.
921 2136 1057 2180 Corpus

69 2194 250 2220 mortuum
269 2193 318 2220 est
335 2192 478 2230 propter
496 2194 673 2229 peccatum
687 2214 695 2227 ,
723 2187 876 2232 Spiritus
899 2200 980 2221 vero
1003 2188 1054 2220 vi-

68 2239 118 2272 vit
138 2244 280 2282 propter
299 2237 600 2277 iustificationem,
629 2238 664 2270 id
690 2245 758 2278 est,
785 2239 960 2271 iustificati
986 2239 1056 2282 spi-

68 2290 159 2327 ritu,
196 2290 308 2321 donec
340 2285 408 2320 hoe
439 2300 564 2332 corpus
605 2288 876 2329 circumferunt,
916 2290 953 2322 in
986 2302 1054 2335 quo

70 2337 214 2373 haerent
239 2339 409 2384 reliquiae
445 2339 594 2383 peccati,
628 2339 723 2372 varie
747 2340 981 2382 adssignntur,
1017 2347 1055 2374 ut

71 2391 108 2423 in
130 2391 352 2424 invocatione
371 2396 527 2423 crescant
546 2391 649 2430 fides,
677 2391 811 2433 agnitio
829 2389 911 2431 Dei,
940 2398 973 2424 et
991 2403 1056 2424 no·

73 2441 161 2474 vitas
193 2441 395 2485 spiritualis.
464 2440 533 2475 Sed
567 2447 708 2474 mortuo
746 2453 892 2485 corpore
928 2442 1056 2485 peccati

71 2492 238 2537 reliquiae
257 2493 454 2527 abolentur.
508 2490 552 2524 Et
570 2492 698 2525 diserte
714 2493 812 2526 addit
830 2492 973 2530 Paulus,
1002 2493 1055 2524 vi-

72 2555 151 2576 vere
178 2543 338 2585 spiritum
364 2550 506 2587 propter
530 2543 827 2578 iustificationem.
894 2541 955 2576 llla
985 2544 1053 2577 vita

69 2593 245 2628 iustificati
266 2593 409 2637 spiritus
438 2606 509 2627 non
533 2600 584 2627 est
608 2606 738 2638 pavor,
766 2600 826 2627 aut
847 2604 968 2627 sensus
984 2594 1055 2628 irae

71 2643 155 2685 Dei,
191 2645 248 2677 sed
282 2652 331 2678 est
362 2646 528 2687 gaudium
561 2645 597 2678 in
625 2644 761 2690 Spiritu
793 2652 931 2684 sancto,
967 2645 1055 2680 sicut

118 2695 301 2728 Elei-Axur.
332 2697 432 2729 Orsa.
459 2698 538 2728 Vox..
570 2697 648 2728 XV.

394 70 429 102 Ξ.
458 67 823 104 COMMENTARH
853 70 900 104 IN
928 67 1085 104 EPtST.

959 560 1060 604 Quae
1085 574 1086 604 ἶ
1113 575 1195 619 quia
1210 574 1306 607 Deus
1331 575 1487 607 mirabili
1512 575 1659 607 consilio
1684 577 1759 609 vult
1785 575 1979 610 Ecclesiam
2003 591 2101 612 suam

1085 690 1086 701 ¹
1112 674 1256 710 Christi.

212 716 269 748 An
301 713 434 747 mortui
460 714 605 753 adsunt,
641 720 678 747 ut
705 725 776 747 una
805 714 1060 748 recordentur?
1085 727 1087 734 ι

1084 1365 1085 1373 ,
1113 1338 1191 1370 Non
1211 1337 1341 1371 mortui
1367 1338 1565 1370 laudabunt
1592 1343 1625 1369 te
1643 1335 1808 1372 Domine.

1113 64 1260 101 PAULI
1287 64 1354 99 AD
1378 63 1640 101 ROMANOS.
1702 65 1806 103 CAP.
1834 66 1934 105 XIV.
2029 71 2102 106 770

1117 151 1249 185 Paulus
1283 151 1409 197 inquit.

1113 211 1251 246 gatorii.

1476 150 1558 184 Non
1591 159 1673 186 sunt
1713 152 1824 196 igitur
1857 166 1991 199 poenae
2018 169 2104 202 pur-

1214 268 1375 304 Christus
1415 270 1533 316 inquit
1574 272 1617 303 ad
1658 283 1866 306 conversum
1909 274 2101 307 latronem:

1113 319 1229 353 Hodie
1244 333 1381 353 mecum
1400 322 1467 353 eris
1485 322 1521 354 in
1552 321 1739 363 Paradiso,
1775 322 1841 356 hoc
1865 332 1933 366 est,
1971 326 2007 357 in
2032 327 2101 359 vita

1114 371 1306 416 tranquilla
1333 378 1364 404 et
1391 372 1510 412 beata,
1544 384 1618 404 non
1644 373 1679 404 in
1708 375 1829 417 poenis
1846 382 1877 408 et
1904 377 2102 418 pavoribus.

1113 421 1194 454 Non
1213 422 1321 464 igitur
1340 422 1525 455 discedunt
1543 423 1716 456 iustorum
1741 425 1879 457 animae
1902 428 1944 458 ad
1969 428 2102 460 crucia-

1113 481 1186 513 tus,
1215 474 1274 506 sed
1295 473 1336 505 ad
1355 473 1521 516 gaudium
1540 473 1740 517 spirituale,
1770 482 1802 508 et
1821 477 1863 508 ad
1881 488 2014 519 pacem.
2061 478 2101 511 ln

1113 521 1178 556 hac
1195 525 1264 556 vita
1283 530 1490 557 exercentur
1509 523 1557 567 pii
1576 521 1811 558 horribilibus
1828 527 2104 570 afflictionibus,

1113 625 1306 658 subiectam
1341 637 1413 658 esse
1447 625 1562 663 cruci,
1605 633 1638 659 et
1669 627 1852 669 degustare
1885 628 2103 663 adflictiones

1309 675 1368 709 Sic
1393 676 1530 714 Adam,
1568 675 1680 716 Isaac,
1710 677 1832 717 lacot),
1861 676 2005 722 Ioseph,
2032 679 2103 712 Da-

1114 727 1192 767 vid,
1217 725 1357 767 Esaias,
1386 726 1570 770 Ieremias,
1598 726 1748 760 loanni-s
1772 727 1947 770 Baptista,
1978 736 2009 763 et
2027 743 2103 763 cae-

1113 784 1184 811 tera
1202 777 1336 810 lumina
1352 776 1548 818 Ecclesiae,
1574 777 1716 811 fuerunt
1735 779 1770 811 in
1790 780 1987 821 aerumnis,
2018 794 2103 825 qua-

1113 840 1191 861 rum
1216 828 1495 870 magnitudinem
1523 840 1686 861 enarrare
1711 842 1814 862 nemo
1844 838 1966 873 potest.
2022 831 2103 865 ldeo

1115 879 1238 911 Petrus
1278 880 1410 924 inquit:
1450 879 1699 912 llumiliamini
1734 882 1800 913 suh
1836 882 1970 924 potenti
1997 895 2103 916 manu

1113 929 1188 963 Dei.
1242 928 1319 963 Etsi
1347 931 1454 972 igitur
1480 931 1563 963 tales
1581 938 1664 963 sunt
1682 943 1815 974 poenae
1835 933 1993 975 piorum,
2019 937 2102 967 dum

1114 981 1149 1013 in
1173 993 1319 1024 corpore
1342 983 1486 1021 vivunt,
1514 989 1631 1014 tamen
1662 989 1736 1024 post
1757 991 1904 1015 mortem
1930 995 2001 1016 esse
2020 985 2104 1017 tales

1113 1032 1333 1065 adflictiones
1366 1045 1428 1065 cur
1459 1032 1621 1065 dicetur?
1674 1045 1753 1065 cum
1792 1031 1855 1065 hae
1885 1034 2104 1068 adflictiones

1114 1083 1183 1116 sint
1204 1083 1396 1116 destinatae
1417 1085 1457 1116 ad
1480 1084 1717 1124 agnoscendas
1739 1085 1866 1126 peccati
1884 1085 2050 1129 reliquias
2066 1087 2103 1118 in

1113 1145 1236 1174 carue,
1263 1141 1295 1167 et
1313 1136 1355 1167 ad
1375 1134 1641 1179 poenitentiam.
1697 1135 1742 1167 At
1766 1142 1841 1177 post
1862 1143 2009 1168 mortem
2031 1149 2102 1169 non

1113 1192 1163 1218 est
1187 1186 1282 1217 locus
1306 1186 1563 1229 poenitentiae,
1608 1185 1697 1217 sicut
1721 1184 1853 1218 Paulus
1878 1186 1970 1218 clare
1996 1189 2103 1220 adtir—

1113 1243 1202 1274 mat,
1238 1239 1271 1270 2.
1288 1233 1449 1270 Corinth.
1469 1236 1503 1270 3.
1547 1235 1760 1279 Reportabit
1788 1237 2030 1282 unusquisque
2055 1250 2105 1279 ea,

1113 1298 1201 1331 quae
1227 1288 1331 1330 gessit
1359 1287 1396 1319 in
1422 1298 1580 1330 corpore.
1641 1287 1689 1319 Et
1710 1285 1841 1319 Psalmi
1868 1285 1935 1320 hoc
1960 1289 2103 1323 docent:

1869 1337 1974 1372 ltem:
2004 1337 2105 1381 Quo-

1113 1390 1208 1421 niam
1228 1400 1299 1421 non
1320 1395 1370 1422 est
1389 1389 1426 1420 in
1445 1395 1576 1428 morte,
1603 1388 1663 1432 qui
1689 1400 1826 1421 memor
1842 1389 1887 1422 sit
1906 1389 1969 1425 tui.
2021 1390 2103 1424 Non

1112 1440 1221 1483 igitur
1243 1439 1411 1472 affirmari
1440 1446 1570 1483 potest,
1600 1439 1738 1483 aliquos
1767 1446 1843 1483 post
1870 1448 2018 1474 mortem
2039 1443 2103 1474 ad-

1113 1489 1180 1523 huc
1204 1491 1356 1523 exerceri
1382 1490 1478 1523 illius
1508 1490 1742 1528 cruciatibus,
1778 1498 1817 1524 ut
1842 1498 1946 1533 agant
1979 1492 2103 1536 poeni-

1112 1548 1269 1575 tentiam.

1212 1606 1250 1641 Si
1276 1606 1399 1640 dicunt
1414 1606 1628 1647 adversarii,
1653 1607 1826 1640 cruciatus
1853 1608 1933 1641 illos
1959 1621 2030 1643 non
2063 1622 2102 1644 eo

1112 1658 1244 1701 infligi,
1271 1664 1309 1691 ut
1334 1664 1465 1691 crescat
1492 1658 1730 1701 poenitentia,
1760 1658 1818 1690 sed
1842 1666 1879 1691 ut
1907 1660 1977 1693 siut
2002 1662 2103 1695 satis-

1111 1711 1298 1750 factiones,
1335 1709 1447 1742 multo
1475 1708 1584 1751 magis
1604 1709 1823 1752 explodenda
1848 1716 1898 1743 est
1925 1708 2008 1745 haec
2025 1713 2103 1756 opi-

1113 1762 1184 1795 nio.
1242 1759 1328 1793 Nam
1354 1760 1514 1792 doctrina
1550 1759 1847 1800 satisfactionum,
1885 1774 1989 1806 quam
2021 1775 2102 1796 sen-

1113 1811 1268 1845 tentiarii
1301 1811 1564 1850 confinxerunt,
1607 1810 1692 1843 falsa
1728 1818 1761 1844 et
1795 1811 1902 1855 impia
1934 1819 1993 1849 est.
2056 1812 2102 1847 Et

1112 1864 1254 1908 quidem
1282 1863 1320 1894 in
1346 1873 1401 1895 eas
1433 1862 1707 1904 disputationes,
1744 1869 1912 1906 tanquam
1936 1863 1973 1895 in
1995 1865 2103 1897 senti—

1113 1926 1192 1946 nam
1212 1913 1363 1956 plurima
1381 1912 1562 1944 mendacia
1588 1913 1793 1952 confluunt,
1821 1914 1864 1945 de
1889 1916 2103 1957 purgatorio,

1112 1967 1153 1997 de
1183 1964 1290 2005 votis,
1317 1965 1358 1997 de
1377 1963 1557 1996 oblatione
1576 1974 1640 2006 pro
1659 1965 1827 2004 mortuis,
1858 1965 2010 2010 denique
2035 1967 2101 1999 alia

1111 2016 1232 2049 multa.
1285 2014 1373 2048 Cum
1403 2014 1508 2056 igitur
1540 2014 1805 2057 purgatorium,
1844 2017 1939 2059 quod
1966 2024 2102 2058 vocant,

1112 2066 1288 2099 adfirmari
1310 2077 1380 2098 non
1402 2064 1528 2108 possit,
1558 2065 1718 2108 impietas
1735 2072 1783 2098 est
1801 2065 1984 2100 instituere
2001 2069 2101 2101 obla-

1111 2118 1245 2151 tionem
1294 2118 1336 2149 ad
1375 2115 1578 2148 liberandos
1623 2122 1792 2151 mortuos.
1874 2116 2099 2163 Quanquam,

1111 2167 1246 2202 etiamsi
1264 2174 1351 2200 esset
1371 2167 1612 2210 purgatorium
1624 2190 1632 2204 ‚
1659 2178 1731 2200 non
1747 2167 1928 2201 transferri
1946 2170 1988 2202 ad
2005 2182 2100 2204 mor-

1112 2227 1188 2253 tuos
1206 2230 1312 2252 coena
1330 2217 1477 2251 Domini
1495 2223 1621 2261 posset.

1214 2285 1282 2320 Sed
1302 2286 1387 2330 quid
1404 2284 1571 2329 disputo?
1598 2282 1687 2318 Orta
1716 2292 1765 2319 est
1780 2286 1913 2320 mentio
1932 2295 2099 2332 purgato-

1112 2338 1155 2371 rii
1182 2349 1199 2371 a
1232 2337 1397 2381 spectris,
1435 2337 1562 2369 deinde
1585 2336 1789 2370 confirmata
1819 2345 1963 2382 propter
1992 2352 2100 2384 quae-

1112 2395 1221 2430 stum,
1256 2395 1289 2422 et
1315 2400 1412 2421 nunc
1434 2386 1637 2419 defenditur
1659 2398 1676 2419 a
1693 2385 1944 2428 Pontificibus,
1971 2389 2098 2424 Cardi-

1112 2440 1268 2480 nalibus‚
1302 2438 1506 2483 Episcopis,
1538 2435 1746 2476 Canonicis‚
1782 2439 1842 2483 qui
1877 2441 1992 2484 palam
2016 2451 2098 2477 sunt

1109 2490 1294 2534 Epicurei,
1336 2502 1374 2523 ac
1405 2487 1624 2522 securissime
1654 2495 1884 2524 contemnunt
1925 2491 2096 2526 iudicium

1110 2541 1192 2583 Dei,
1227 2548 1259 2575 et
1282 2552 1370 2585 quae
1392 2541 1435 2572 de
1457 2538 1578 2582 poenis
1604 2545 1683 2582 post
1708 2546 1856 2573 mortem
1881 2541 2020 2584 legunt,
2049 2544 2096 2576 sic

1109 2592 1307 2637 accipiunt,
1343 2598 1381 2624 ut
1403 2590 1539 2623 fabulas
1567 2589 1751 2633 poetarum
1787 2591 1830 2624 de
1862 2591 2002 2634 Ixione,
2041 2593 2097 2627 Si-

1108 2641 1240 2690 sypho,
1268 2641 1439 2683 Tantalo,
1465 2646 1523 2675 aut
1539 2640 1692 2683 similes,
1717 2653 1756 2675 ac
1778 2642 1895 2676 rident
1911 2643 2095 2677 stultitiam

1556 2689 1604 2726 49
