2415 2942
119 91 218 128 10³3
358 89 458 125 xttl.

115 177 169 211 bis
191 175 326 210 scribae
350 182 383 209 et
399 172 623 220 hypocritae,
650 175 710 219 qui
737 174 857 208 colatis
878 174 1043 215 culicem,
1071 181 1102 207 et

519 91 556 125 3.
585 87 883 125 ENARRATtO
912 87 1064 124 EPtST.
1094 85 1241 123 PAULI
1268 84 1335 121 AD
1362 83 1624 123 ROMANOS.
1675 83 1781 124 CAP.
1808 85 1906 124 xlv.

2051 92 2148 129 1034

1159 173 1238 207 talis
1257 173 1325 207 vita
1347 173 1482 207 reddita
1506 185 1567 218 per
1582 173 1714 212 filium,
1742 173 1828 216 fide,
1856 185 1945 219 quae
1962 175 2089 210 deinde
2106 178 2145 212 fit

118 226 293 260 devoratis
311 226 497 261 camelum.
533 225 622 260 Cum
640 226 804 259 videlicet
820 225 982 268 neglectis
1004 237 1103 268 prae·
1157 224 1291 267 integra
1309 224 1509 258 obedientia
1529 231 1605 267 post
1623 225 1926 261 resurrectionem.

116 277 224 321 ceptis
242 277 392 316 divinis,
420 283 453 310 et
477 277 621 322 quidem
645 275 857 320 praecipuis,
884 275 993 319 aliqui
1018 277 1100 309 reti-

115 335 199 362 nent
225 327 440 361 ceremonias
472 327 628 372 aliquas,
659 334 692 361 et
715 327 803 360 ritus
826 326 872 359 ab
895 323 1101 359 hominibus

113 379 280 416 traditos,
316 386 349 412 et
379 390 434 411 eas
462 385 620 411 externas
650 376 912 411 observationes
942 377 1098 410 sentiunt

113 442 185 463 esse
211 429 384 462 iusticiam
410 440 529 462 coram
555 428 650 469 Deo,
686 435 719 462 et
746 427 958 460 necessarios
983 428 1097 460 cultus

112 479 195 520 Dei,
223 487 253 512 et
273 480 525 522 neglectionem
544 479 695 522 cogitant
712 489 785 511 esse
801 478 1015 522 impietatem
1029 505 1037 519 ,
1065 485 1097 512 et

111 530 174 565 hac
203 530 371 572 opinione
398 530 566 563 acerrime
599 529 794 562 defendunt
818 540 898 562 suos
924 529 1030 569 ritus,
1064 535 1096 562 et

108 581 348 616 crudelitatem
384 586 544 614 exercent
571 581 737 613 adversus
770 579 858 612 alios
888 586 979 613 recte
1014 591 1092 612 sen-

106 633 241 666 tientes.

207 680 255 716 Ut
272 689 387 715 autem
412 681 450 714 in
470 680 636 714 omnibus
663 680 768 713 rebus
792 692 930 714 necesse
955 686 1005 713 est
1022 680 1094 713 dis-

106 744 248 767 cernere
264 733 457 766 necessaria
474 744 491 764 a
510 743 583 764 non
603 730 825 772 necessariis,
852 731 898 764 ita
914 731 949 763 in
970 730 1091 764 Eccle-

105 784 154 817 sia
173 783 320 816 maxime
338 782 572 816 necessarium
592 789 642 815 est
659 782 857 815 discernere
875 782 1087 815 fundamen-

105 842 179 868 tum
204 846 221 866 a
242 833 401 876 stipulis,
428 833 517 866 sicut
542 833 658 878 inquit
687 831 832 865 Paulus:
862 831 1090 865 Fundamen-

104 892 176 919 tum
195 884 290 918 aliud
310 885 394 928 poni
413 895 485 916 non
504 890 632 926 potest,
660 889 798 926 praeter
819 884 853 915 id
879 885 972 927 quod
995 883 1090 926 posi-

103 943 177 969 tum
193 942 261 975 est,
287 936 381 980 quod
400 941 450 968 est
466 932 627 968 Christus
645 932 749 967 lesus.
805 933 890 967 Item
910 933 998 969 Psal.
1015 932 1089 967 50.:

105 986 143 1020 Si
169 986 342 1027 esuriero,
377 997 450 1018 non
482 985 595 1018 dicam
619 985 703 1027 tibi,
741 983 868 1018 Invoca
892 997 946 1017 me
972 985 1007 1017 in
1034 985 1090 1018 die

105 1036 346 1071 tribulationis
367 1043 432 1070 etc.
492 1033 539 1069 Et
559 1034 729 1068 Ieremiae
746 1034 794 1068 7.:
822 1035 902 1068 Non
928 1036 1087 1079 praecepi

103 1088 150 1121 eis
168 1088 211 1120 de
234 1085 466 1127 holocaustis,
498 1087 556 1119 sed
587 1084 653 1119 boc
676 1086 857 1130 praecepi,
884 1087 1003 1119 audite
1024 1099 1087 1119 me.

100 1136 145 1172 Et
172 1135 403 1172 Ecclesiastae
428 1136 482 1172 4.:
519 1136 650 1170 Melior
673 1145 721 1171 est
749 1137 949 1171 obedientia
982 1150 1086 1182 quam

101 1188 262 1222 victimae
285 1189 493 1229 stultorum,
519 1188 601 1232 qnia
626 1188 805 1228 nesciunt,
840 1195 1011 1232 quantum
1036 1188 1087 1220 sa-

100 1240 193 1273 ciant
211 1240 307 1274 mali.
360 1238 455 1272 Haec
478 1239 620 1284 querela
644 1239 686 1272 de
712 1239 852 1284 quantis
869 1239 1017 1283 peccatis
1034 1239 1078 1271 lo-

100 1297 228 1336 quatur
249 1291 441 1323 ostendunt
457 1289 624 1333 exempla.

199 1339 329 1384 Magna
351 1352 430 1384 pars
447 1338 632 1373 hominum
656 1339 782 1382 cogitat
805 1339 1021 1372 oblationem
1048 1339 1083 1371 in

97 1390 206 1425 Missa
217 1391 443 1435 praecipuum
461 1390 596 1423 cultum
612 1401 694 1430 esse,
712 1396 744 1422 et
763 1402 803 1422 eo
822 1390 919 1424 cultu
937 1390 1085 1422 maxime

95 1442 259 1480 confidit,
293 1453 372 1475 cum
397 1441 446 1474 ibi
470 1439 646 1474 horrenda
672 1441 887 1473 idolomania
910 1440 965 1472 sit.
1035 1438 1082 1472 Hi

95 1505 169 1526 non
186 1493 411 1535 intelligunt,
433 1498 604 1537 quantum
623 1491 752 1524 faciant
772 1490 866 1525 mali.
920 1488 1084 1532 Opponit

96 1544 203 1586 igitur
227 1543 357 1576 Paulus
388 1543 543 1585 regulam
569 1552 610 1573 ex
642 1540 848 1574 definitione
878 1541 977 1583 regni
999 1540 1082 1573 Dei:

93 1593 256 1636 Regnum
275 1592 341 1626 Dei
371 1604 442 1625 non
466 1598 514 1624 est
540 1602 615 1623 esca
640 1598 672 1623 et
696 1599 818 1634 potus,
847 1591 882 1624 id
907 1598 974 1631 est,
1010 1603 1082 1624 non

92 1651 234 1678 externa
260 1643 458 1677 observatio
485 1642 522 1674 in
551 1641 638 1674 cibis
670 1648 703 1674 et
733 1641 911 1684 vestibus,
948 1642 1004 1673 sed
1034 1649 1083 1675 est
1107 1642 1109 1676 Ξ

95 1694 253 1734 iusticia,
280 1706 345 1737 pax
366 1700 398 1726 et
422 1692 589 1736 gaudium
614 1692 650 1723 in
668 1690 803 1735 Spiritu
829 1699 961 1726 sancto.
1016 1692 1082 1725 His
1107 1727 1108 1733 ἵ

91 1744 389 1790 appellationibus
414 1740 685 1790 comprehendit
716 1754 837 1775 omnes
868 1744 1080 1776 necessarios
1106 1768 1108 1770 -

91 1796 205 1830 cultus
225 1795 304 1835 Dei,
331 1802 368 1828 ut
386 1794 493 1827 alibi:
523 1792 641 1826 Milita
666 1793 796 1825 bonam
815 1793 998 1834 militiam,
1026 1806 1079 1827 re-

91 1848 208 1882 tinens
225 1846 328 1879 fidem
349 1852 381 1878 et
401 1846 528 1877 bonam
547 1843 810 1877 conscientiam.

194 1897 320 1930 Tradit
344 1903 377 1929 et
402 1893 512 1929 Oseas
535 1895 684 1927 similem
709 1894 935 1928 sententiam:
970 1892 1078 1926 Mise-

93 1948 282 1982 ricordiam
307 1947 404 1987 volo,
433 1958 506 1979 non
523 1945 752 1983 sacrificium,
778 1945 993 1987 agnitionem
1012 1944 1078 1977 Dei
1103 1959 1106 2003 ὁ

91 2000 200 2042 magis
223 2010 327 2043 quam
353 1995 570 2031 holocausta.
631 1993 821 2029 Zacharias
851 1995 984 2040 inquit:
1014 1995 1076 2029 Di·
1102 2007 1105 2050 J

90 2050 186 2093 ligite
204 2049 386 2082 veritatem
405 2054 439 2081 et
456 2059 586 2091 pacem.
641 2045 692 2080 Ita
717 2047 842 2090 passim
864 2059 930 2080 vox
956 2046 1075 2079 divina
1102 2051 1105 2092 ζ

87 2106 207 2133 monet
242 2098 434 2132 Ecclesiam
472 2099 515 2130 de
553 2097 758 2130 discrimine
800 2109 963 2131 verorum
1000 2096 1103 2151 cul-,¹

88 2158 187 2185 tuum
207 2156 239 2183 et
255 2149 424 2182 falsorum
444 2149 614 2181 cultuum.
1100 2163 1102 2201 Ι

187 2199 236 2235 Ut
252 2207 367 2233 autem
389 2199 474 2233 alibi
493 2199 618 2232 Daniel
637 2197 771 2243 inquit:
798 2198 964 2232 Messiam
989 2198 1074 2231 alla·
1100 2222 1102 2240 ᾗ

89 2259 208 2295 turum
224 2262 297 2284 esse
320 2250 494 2283 iusticiam
514 2249 782 2292 sempiternam,
811 2250 858 2283 ita
884 2247 939 2282 hie
967 2250 1072 2283 intel·

88 2303 216 2346 ligatur
232 2301 371 2336 iusticia
389 2302 432 2333 de
452 2308 524 2334 toto
543 2299 713 2333 beneficio
732 2300 793 2332 filii
811 2298 896 2340 Dei,
925 2302 1017 2344 quod
1037 2301 1074 2332 in

90 2352 153 2386 hac
176 2354 246 2387 vita
270 2353 434 2385 incoatur
461 2351 548 2391 fide,
575 2351 612 2384 id
636 2357 685 2384 est
710 2350 836 2383 fiducia
853 2351 1071 2389 mediatoris,
1100 2343 1101 2346 Ἰ

89 2400 157 2448 qtia
172 2414 291 2436 sumus
310 2402 410 2443 iusti,
437 2402 471 2435 id
490 2409 559 2440 est,
583 2401 714 2444 accepti
733 2401 823 2442 Deo,
847 2413 913 2446 qua
930 2408 962 2435 et
982 2401 1074 2435 filius
1100 2410 1101 2440 l

88 2454 157 2487 Dei
182 2453 332 2486 vivificat
354 2454 552 2493 credentes,
588 2459 619 2485 et
645 2452 798 2485 ostendit
823 2459 978 2496 patrem,
1014 2453 1074 2486 dat

87 2504 259 2549 Spiritum
282 2511 457 2543 sanctum,
494 2511 532 2537 ut
558 2503 720 2537 incoetur
744 2515 835 2536 nova
861 2503 1073 2543 obedientia,

87 2567 172 2601 quae
192 2561 309 2599 postea
328 2555 391 2588 erit
409 2555 543 2596 integra
560 2555 597 2587 in
618 2554 688 2587 vita
715 2560 873 2594 aeterna,
901 2566 979 2586 cum
1008 2555 1072 2588 erit

84 2606 178 2639 Deus
195 2605 313 2638 omnia
331 2604 367 2637 in
387 2606 561 2639 omnibus.
589 2604 652 2638 Est
671 2605 779 2647 igitur
795 2605 907 2649 reipsa
924 2616 1070 2646 regnum

83 2656 149 2691 Dei
172 2656 309 2691 iusticia
333 2662 491 2697 aeterna,
529 2663 565 2690 ut
587 2654 715 2689 Daniel
740 2656 919 2697 nominat,
947 2656 982 2689 id
1010 2662 1070 2697 est,
1096 2688 1097 2691 ,

1257 274 1327 307 Pax
1365 275 1538 318 significat
1579 275 1902 309 reconciliationem
1936 288 2016 310 cum
2050 277 2140 318 Deo,

1155 325 1242 359 sicut
1260 325 1346 357 alibi
1371 325 1487 370 inquit
1506 324 1654 359 Paulus:
1684 324 1862 360 Iustificati
1889 339 2007 370 pacem
2030 325 2141 363 habe-

1154 388 1230 409 mus
1244 377 1336 419 apud
1356 373 1487 416 Deum,
1515 377 1550 408 id
1575 382 1643 414 est,
1674 374 1841 410 habentes
1863 377 1964 410 fidem
1984 377 2053 412 iam
2079 391 2139 414 sn-

1153 438 1229 459 mus
1248 426 1487 465 reconciliati,
1515 426 1653 460 liberati
1678 427 1722 459 ab
1746 427 1797 460 ira
1816 434 1847 460 et
1865 440 1882 460 a
1900 429 2137 471 damnatione,

1151 484 1182 510 et
1201 477 1376 521 placemus
1392 475 1479 512 Deo.
1531 477 1634 510 Hanc
1659 489 1778 519 pacem
1802 477 1987 512 comitatur
2003 480 2136 515 laetitia

1150 528 1186 560 in
1211 529 1315 561 corde
1339 527 1563 572 acquiescens
1594 528 1631 559 in
1652 526 1746 567 Deo,
1786 534 1819 561 et
1852 525 1943 562 hanc
1975 531 2135 565 nominat

1149 578 1317 612 laetitiam
1345 578 1381 610 iu
1405 577 1542 622 Spiritu
1566 584 1703 617 sanem,
1731 578 1766 611 id
1791 585 1859 619 est,
1895 591 1983 623 quae
2008 593 2130 614 accen-

1148 629 1244 662 ditur
1278 642 1296 662 a
1324 628 1461 672 Spiritu
1497 636 1633 666 saneto,
1673 628 1733 673 qui
1755 635 1804 662 est
1835 640 1933 662 amor
1964 636 1996 663 et
2029 632 2128 665 laeti-

1147 680 1193 713 tia
1211 679 1461 713 substantialis.
1511 678 1592 712 Ideo
1611 680 1695 712 tales
1712 686 1828 712 motus
1844 680 2020 720 accendit,
2044 694 2131 726 qua—

1148 731 1189 763 lis
1214 738 1264 764 est
1292 730 1377 774 ipse.
1446 728 1532 763 Cum
1561 737 1677 763 autem
1710 730 1878 763 accendat
1908 737 2023 764 motus
2047 744 2131 765 con-

1145 788 1307 824 gruentes
1323 780 1488 814 omnibus
1501 780 1693 823 praeceptis
1710 779 1793 821 Dei,
1817 781 2060 824 complectitur
2074 781 2132 816 hic

1145 831 1276 865 Paulus
1292 832 1465 865 incoatam
1485 831 1739 872 obedientiam,
1769 831 1862 863 iuxta
1880 832 1997 865 omnia
2024 845 2125 877 prae-

1145 890 1241 926 cepta
1259 883 1342 922 Dei,
1370 882 1536 916 laetitiam
1556 882 1591 914 in
1613 882 1853 921 invocatione,
1881 881 1917 914 in
1941 883 2128 917 dilectione

1144 933 1228 973 Dei,
1264 933 1455 976 gratiarum
1480 933 1654 965 actionem
1679 939 1712 965 et
1736 932 2010 972 confessionem,
2046 935 2131 968 obe..

1143 984 1311 1017 dientiam
1336 984 1372 1016 in
1398 983 1587 1017 dilectione
1615 983 1785 1027 proximi,
1822 983 1979 1017 castitate
2002 992 2034 1018 et
2052 985 2130 1018 aliis

1144 1035 1350 1075 virtutibus,
1378 1035 1467 1068 sicut
1490 1040 1673 1068 enumerat
1697 1034 1831 1067 fructus
1852 1034 2016 1077 spiritus,
2055 1034 2130 1069 Ga·

1143 1087 1199 1120 lat.
1216 1083 1249 1119 5.
1268 1093 1299 1120 et
1324 1085 1421 1121 alibi.

1242 1136 1294 1169 De
1313 1134 1367 1169 his
1385 1136 1476 1169 veris
1491 1135 1644 1169 cultibus
1661 1141 1779 1179 postea
1799 1135 1901 1169 dicit:
1928 1134 1999 1178 Qui
2019 1136 2055 1169 in
2073 1134 2128 1170 his

1141 1188 1249 1221 servit
1266 1185 1408 1220 Christo
1421 1212 1429 1226 ,
1458 1186 1567 1230 placet
1585 1186 1658 1220 Deo
1671 1211 1682 1229 ‚
1707 1193 1739 1219 et
1759 1187 1926 1230 probatus
1944 1194 1992 1220 est
2012 1185 2128 1220 homi-

1142 1239 1258 1278 nibus.
1321 1236 1389 1270 Hic
1432 1237 1698 1270 meminerimus
1739 1237 1832 1270 tradi
1873 1237 2130 1279 testimonium,

1140 1290 1234 1333 quod
1270 1299 1427 1329 expresse
1459 1287 1621 1320 adfirmat
1654 1288 1746 1320 bona
1784 1299 1890 1332 opera
1923 1296 2127 1322 renatorum

1141 1340 1276 1381 placere
1303 1337 1397 1377 Deo,
1437 1338 1527 1370 sicut
1557 1349 1619 1371 suo
1656 1338 1732 1370 loco
1769 1338 1944 1380 copiosius
1982 1339 2127 1372 dicetur.

1139 1388 1264 1421 Petrus
1289 1388 1421 1432 inquit:
1451 1386 1588 1421 Offerte
1611 1385 1744 1421 hostias
1767 1388 1966 1432 spirituales
1985 1389 2126 1433 placen-

1138 1445 1187 1472 tes
1205 1438 1278 1472 Deo
1300 1450 1361 1482 per
1380 1438 1494 1471 lesum
1510 1436 1706 1472 Christum.

1239 1489 1403 1523 Secundo
1420 1515 1428 1529 ‚
1471 1488 1680 1521 nominatim
1717 1489 1855 1533 inquit:
1905 1489 1976 1532 Qui
2020 1491 2127 1524 servit

1138 1537 1297 1580 Christo,
1324 1546 1362 1572 ut
1387 1539 1577 1582 significet,
1615 1551 1649 1571 se
1675 1540 1718 1571 de
1742 1537 1798 1572 his
1825 1540 1991 1583 operibus
2017 1541 2127 1586 loqui,

1136 1603 1225 1635 quae
1242 1591 1330 1623 fiunt
1350 1590 1386 1622 in
1406 1590 1586 1633 agnitione
1604 1597 1634 1623 et
1654 1590 1780 1622 fiducia
1799 1591 2012 1625 mediatoriS.

1239 1641 1380 1679 Tertio,
1419 1641 1494 1674 vult
1518 1648 1549 1674 et
1573 1641 1614 1673 ad
1644 1638 1738 1673 hunc
1762 1640 1865 1673 finem
1895 1642 2019 1675 referri
2042 1643 2127 1675 obe-

1135 1692 1326 1732 dientiam,
1354 1698 1391 1724 ut
1416 1697 1609 1735 praestetur
1626 1703 1697 1723 nou
1717 1698 1859 1735 propter
1877 1699 2032 1725 nostram
2050 1693 2125 1735 glo—

1135 1743 1235 1781 riam,
1252 1749 1311 1775 aut
1325 1749 1467 1786 propter
1478 1748 1646 1780 ventrem,
1665 1744 1723 1774 sed
1737 1742 2001 1786 propteripsum
2014 1743 2125 1776 filium

1136 1793 1217 1833 Dei,
1245 1793 1396 1832 scilicet,
1423 1793 1504 1837 quia
1522 1792 1691 1825 sentimus
1708 1792 1737 1825 ei
1757 1790 1851 1825 hunc
1867 1791 2040 1826 honorem
2063 1795 2124 1826 de-

1133 1844 1227 1884 beri,
1253 1851 1286 1877 et
1305 1841 1370 1876 hoc
1388 1841 1523 1875 honore
1538 1843 1772 1884 ostendimus,
1800 1855 1862 1875 nos
1882 1844 2002 1884 fateri,
2029 1846 2124 1889 quod

1133 1892 1189 1927 hic
1207 1895 1250 1927 sit
1269 1893 1364 1927 Deus
1382 1901 1414 1927 et
1428 1894 1601 1934 salvator,
1628 1900 1661 1927 et
1681 1905 1760 1926 eum
1782 1894 2011 1929 celebramus.
2052 1894 2124 1927 De-

1133 1946 1242 1990 nique
1275 1943 1332 1978 hic
1364 1945 1640 1988 complectamur
1671 1944 1874 1977 universam
1913 1946 2124 1986 doctrinam,

1131 1996 1166 2028 in
1186 2008 1252 2041 qua
1271 1996 1411 2039 exponit
1431 1996 1609 2040 quomodo
1626 1996 1718 2028 bona
1738 2007 1842 2038 opera
1859 1993 1937 2028 Deo
1955 1996 2103 2039 placent.

1234 2046 1303 2080 Sed
1330 2058 1437 2091 quare
1462 2046 1585 2079 addit:
1621 2044 1684 2079 Est
1711 2047 1878 2089 probatus
1905 2043 2124 2087 hominibus,

1129 2110 1207 2130 cum
1245 2104 1364 2130 tamen
1411 2097 1448 2129 in
1490 2096 1654 2140 plurimis
1697 2094 1903 2129 hominibus
1940 2094 2124 2130 horribilis

1129 2149 1299 2181 acerbitas
1324 2148 1369 2181 sit
1387 2147 1460 2180 odii
1476 2149 1644 2180 adversus
1664 2153 1817 2185 sanctos,
1845 2153 1885 2180 ut
1911 2147 2015 2181 multi
2041 2159 2122 2181 cru-

1129 2199 1303 2232 delissime
1327 2198 1607 2235 interficiuntur,
1651 2198 1711 2243 qui
1739 2205 1855 2231 tamen
1890 2204 1972 2231 sunt
2004 2198 2121 2232 ornati

1130 2250 1338 2282 testimoniis
1359 2249 1510 2289 divinis,
1536 2255 1574 2282 ut
1594 2249 1667 2292 ipse
1695 2249 1786 2281 filius
1804 2246 1891 2285 Dei,
1920 2249 1982 2293 qui
2005 2261 2121 2283 resus-

1128 2301 1294 2334 citaverat
1326 2306 1506 2340 mortuo5,
1543 2299 1659 2339 Abel,
1702 2297 1847 2339 Esaias,
1895 2297 2061 2333 Ieremias
2088 2307 2122 2334 et

1127 2351 1213 2384 alii?

1227 2399 1457 2443 Respondeo:
1486 2400 1616 2434 Paulus
1634 2399 1793 2446 loquitur
1819 2401 1862 2433 de
1891 2400 2030 2434 iudiciis
2048 2397 2119 2434 Ec-

1127 2452 1267 2491 clesiae,
1294 2451 1440 2494 Semper
1457 2450 1587 2485 habent
1614 2452 1725 2485 sancti
1750 2451 1949 2484 testimonia
1970 2463 2049 2484 vera
2080 2452 2119 2484 in

1124 2501 1293 2537 Ecclesia.
1343 2501 1442 2536 Sicut
1466 2502 1651 2548 Syracides
1677 2515 1751 2546 cap.
1773 2501 1834 2536 44.
1859 2502 1992 2546 inquit:
2020 2502 2119 2535 Lau—

1125 2555 1203 2586 dem
1233 2553 1390 2597 ipsorum
1417 2554 1599 2587 nunciabit
1622 2551 1790 2588 Ecclesia.
1854 2551 1901 2586 Et
1921 2552 2015 2586 Deus
2044 2553 2119 2596 ipse

1126 2605 1256 2649 inquit:
1291 2603 1500 2637 Benedicam
1538 2604 1828 2637 benedicentibus
1863 2604 1939 2637 tibi.
2002 2602 2117 2637 Texat

1125 2662 1242 2689 autem
1267 2654 1398 2688 Paulus
1421 2656 1645 2698 quorundam
1677 2655 1916 2697 arrogantium
1955 2654 2117 2699 tyranni-
