2415 2942
271 110 345 148 855

267 206 317 231 sta
344 196 470 229 scelera
505 192 611 224 multa
645 190 802 222 volentes
840 197 1105 232 perpetrarunt,
1139 197 1169 223 et
1192 191 1259 222 im—

269 248 359 292 pulsi
386 260 402 277 a
420 243 568 276 diabolis
587 248 693 274 tetros
709 240 846 272 furores
864 242 905 272 ‹le
927 239 1017 280 Deo,
1034 248 1065 273 et
1084 243 1125 273 de
1145 242 1252 274 actio-

271 300 374 331 nibus
394 295 481 327 vitae
500 291 673 326 humanae
692 292 993 334 mtprotmverunt‚
1017 298 1048 324 et
1068 299 1253 324 moverunt

272 347 427 389 negotia,
453 344 594 377 exitiosa
614 343 679 374 sibi
699 350 729 374 et
751 342 838 373 aliis.
891 341 975 375 Saul
997 343 1164 376 urebatur
1179 344 1256 385 glo-

272 400 322 431 ria
342 395 495 430 Davidis.
548 392 641 426 Huic
665 393 815 425 adfectui
842 394 924 425 dum
953 393 1109 435 indulget
1136 394 1257 426 volens

274 506 393 541 anget,
418 497 542 529 retinet
562 494 702 528 Saulem
723 494 758 526 in
775 494 1046 537 cogitationibus
1067 496 1257 532 venenatis,

275 550 395 583 incitat
413 546 701 585 calumniatores,
730 545 789 589 qui
807 545 950 577 fabellas
969 548 1009 577 ad
1028 557 1141 588 regem
1161 546 1258 578 adfe—

275 607 376 639 runt,
402 599 580 630 ardentem
602 596 668 628 iam
694 596 745 628 ira
771 602 805 629 et
827 597 909 629 odio
927 596 1068 636 incitat,
1091 604 1127 629 nt
1147 597 1257 629 inter-

276 652 366 685 ficiat
385 650 592 683 sacerdotes.

390 723 491 756 Talia
517 721 671 765 exempla
697 721 983 760 considerentur,
1017 727 1049 753 et
1079 733 1157 753 cnm
1190 721 1260 754 iltis

279 775 399 809 dictis,
429 785 516 817 quae
540 772 700 812 recitavi,
729 772 971 809 conferantur,
1000 771 1162 804 videlicet
1180 784 1259 805 cum

279 825 342 859 liic
368 825 456 858 tristi
483 823 716 865 descriptione
736 821 858 854 Iudae:
888 821 1034 855 Satanas
1062 822 1206 856 intravit
1224 824 1261 855 in

279 888 368 909 enm.
404 874 475 907 Nec
493 875 617 906 desunt
637 873 792 915 exempla
811 872 893 905 ullis
911 873 1140 916 temporibus,
1177 873 1260 907 Sae-

283 940 324 971 pe
349 926 455 958 frater
481 936 499 957 a
515 924 620 956 fratre
639 923 855 958 interficitur.
911 922 1019 966 Saepe
1039 935 1147 957 mater
1162 931 1261 957 necat

282 978 470 1013 infantem,
510 986 613 1019 quem
645 974 774 1007 recenti
805 980 906 1017 partu
939 974 1062 1007 edidit.
1116 973 1163 1007 Hi
1183 975 1262 1008 tetri

280 1035 424 1061 eventus
449 1039 466 1058 a
501 1025 642 1057 diabolo
668 1026 852 1063 oriuntur,
887 1025 948 1069 qui
974 1036 1113 1058 securos
1146 1023 1261 1058 horni-

281 1091 360 1117 nes,
388 1086 419 1110 et
439 1077 514 1109 sine
539 1076 762 1108 invocatione
789 1073 854 1108 Dei
878 1076 1051 1115 viventes,
1081 1077 1262 1120 opprimit.

282 1129 560 1172 Expavescamns
576 1127 702 1168 igitur,
728 1134 759 1159 et
778 1126 909 1158 dictum
928 1126 987 1158 filii
1008 1126 1072 1159 Dei
1093 1127 1263 1159 memine-

281 1182 406 1214 rimus:
436 1176 563 1215 Orate‚
593 1190 636 1209 ne
653 1177 789 1210 intretis
810 1177 846 1209 in
869 1177 1109 1210 tentationem.
1161 1177 1263 1210 Peta-

283 1242 359 1265 mus
388 1243 405 1262 a
421 1229 557 1273 Spiritu
572 1235 690 1261 sancto
716 1234 857 1271 propter
870 1225 1049 1261 Christum
1073 1229 1263 1270 gubernari

282 1288 435 1320 mentes,
468 1280 666 1312 voluntates
698 1285 729 1311 et
753 1280 857 1311 corda
884 1286 1019 1317 nostra,
1053 1280 1194 1312 accendi
1226 1279 1263 1311 in

283 1333 385 1365 nobis
410 1342 524 1363 veram
550 1331 592 1361 de
615 1328 689 1361 Deo
720 1329 852 1368 lucem,
878 1329 1058 1368 timorem,
1083 1330 1206 1368 fidem,
1232 1336 1264 1362 et

283 1383 367 1417 alias
388 1382 551 1419 virtutes,
582 1380 669 1412 sicut
686 1380 810 1412 clamat
836 1376 1028 1420 Propheta:
1063 1378 1133 1412 Cor
1160 1392 1264 1412 mun-

284 1436 367 1467 dum
386 1444 460 1465 crea
478 1432 512 1463 in
533 1442 585 1462 me
608 1429 722 1472 Deus,
753 1437 783 1462 et
802 1430 963 1473 spiritum
982 1437 1112 1463 rectum
1133 1430 1263 1462 innova

286 1485 320 1517 in
342 1483 531 1515 visceribus
555 1481 639 1513 meis
664 1487 726 1514 etc.

287 1535 422 1567 missio:
453 1532 593 1574 Quanto
619 1531 727 1572 magis
746 1537 842 1573 pater
861 1537 972 1563 vester
989 1531 1146 1563 coelestis
1169 1532 1265 1563 dabit

286 1586 454 1629 Spiritum
480 1590 636 1615 sanctum
662 1581 870 1624 petentibus.
933 1579 1035 1613 ltem:
1073 1580 1183 1613 Nemo
1211 1593 1265 1613 ra-

285 1638 353 1680 piet
373 1646 453 1667 oves
474 1644 564 1665 meas
583 1644 622 1664 ex
641 1632 805 1664 manibus
828 1630 923 1666 meis.

386 1708 547 1743 Diximus
572 1713 706 1744 antem,
749 1716 868 1738 causas
892 1705 1064 1738 malarum
1089 1705 1265 1739 actionum

287 1762 438 1794 efficaces
458 1766 489 1791 et
509 1757 649 1801 proprie
667 1757 794 1796 dictas,
822 1767 894 1788 esse
917 1756 1133 1788 voluntatem
1151 1756 1266 1788 delin-

284 1811 466 1857 quentitrn
495 1816 528 1842 et
555 1808 799 1846 diabolorum,
842 1813 880 1839 ut
916 1807 960 1839 de
984 1806 1089 1839 Saule
1130 1807 1262 1839 dictum

285 1871 345 1897 est.
406 1860 487 1894 Ideo
524 1860 566 1891 de
591 1855 708 1902 phrasi
742 1856 906 1889 hocloco
941 1857 1078 1889 moneri
1111 1857 1266 1889 iuniores

287 1924 425 1946 necesse
446 1918 512 1944 est:
539 1909 770 1942 Tradiditeos
789 1908 824 1940 in
843 1908 1015 1940 desideria
1033 1908 1212 1951 cordium,
1231 1908 1265 1940 id

287 1972 354 2000 est,
384 1961 541 2006 permisit
558 1971 613 1992 eos
631 1971 731 1991 ruere
748 1970 808 1991 sua
830 1958 1008 1991 voluntate
1022 1983 1030 1996 ‚
1059 1965 1118 1991 aut
1137 1959 1268 2002 impul-
1294 1989 1297 1998 ,

613 2010 700 2042 ΜΠ,
731 2007 813 2041 [mec
837 2009 1043 2049 533¹,ificafio
1064 2010 1265 2052 permissio—
1295 2004 1297 2036 ζ
1320 1996 1374 2038 pia
1395 1994 1482 2027 lucri
1511 1994 1545 2025 in
1571 2001 1643 2026 toto
1668 2005 1792 2036 genere
1816 1991 1991 2034 hnmano,
2018 1993 2130 2036 furta,
2158 1993 2302 2036 rapinae

286 2027 341 2047 sus
360 2028 375 2046 a
403 2012 557 2045 diabolo.

284 2068 337 2098 nis
360 2063 584 2097 usitatissima
609 2067 660 2093 est
681 2061 717 2092 in
743 2060 858 2092 verbis
874 2058 1108 2092 Ebraeorum.
1165 2059 1208 2093 Ut
1229 2060 1265 2091 in

285 2116 484 2160 precatione
513 2111 714 2145 Dominica:
752 2110 803 2143 Ne
829 2111 975 2143 inducas
1005 2122 1068 2143 nos
1091 2110 1127 2142 in
1153 2117 1265 2142 tenta-

285 2168 435 2200 tionem,
465 2164 496 2195 id
515 2170 581 2200 est,
607 2173 677 2194 non
695 2161 787 2193 sinas
807 2173 869 2193 nos
887 2161 1040 2204 opprimi
1060 2161 1264 2194 tentatione.

284 2217 329 2250 Et
362 2217 396 2248 in
422 2214 562 2247 Psalmo
585 2213 774 2245 centesimo
806 2219 947 2256 quarto:
983 2210 1137 2244 Mutavit
1160 2213 1264 2244 corda

285 2278 422 2305 eorum,
450 2273 488 2297 nt
506 2265 658 2296 odissent
677 2263 845 2306 populum
870 2262 962 2300 eius,
986 2261 1019 2293 id
1039 2268 1108 2302 est,
1136 2262 1265 2294 mutari

284 2317 453 2361 permisit.
507 2313 601 2347 Deus
627 2314 719 2346 enim
738 2326 807 2345 non
826 2313 890 2345 suit
909 2324 1008 2344 causa
1027 2313 1098 2344 odii
1118 2313 1154 2345 in
1172 2310 1265 2345 Pha-

285 2379 391 2400 raone
414 2367 580 2399 adversns
603 2364 789 2397 Israelitas.
844 2363 936 2395 Haec
964 2363 1108 2406 simplex
1133 2370 1165 2396 et
1184 2375 1263 2396 vera

285 2417 508 2462 grammatica
540 2415 782 2458 interpretatio
816 2411 1035 2459 labyrinthos
1073 2414 1262 2447 multarum

284 2468 526 2513 quaestionum
559 2466 663 2500 tollit.
738 2463 871 2508 Estque
904 2465 1054 2497 tenenda
1085 2465 1263 2496 verissima

287 2517 476 2555 sententia,
505 2528 591 2560 quae
614 2523 703 2550 extat
721 2517 811 2559 apud
831 2514 998 2547 Hoseam:
1022 2513 1072 2546 Ex
1097 2521 1128 2547 te
1147 2515 1263 2557 perdi-

284 2572 332 2603 tio
366 2576 444 2605 tua,
1193 2564 1263 2597 Nec

284 2621 376 2658 vult,
411 2629 473 2650 nec
506 2618 691 2659 adprobat,
727 2628 788 2649 nec
820 2617 921 2649 efficit
953 2623 1130 2659 peccatum
1158 2615 1260 2649 Deus.

284 2671 314 2704 Il
331 2684 377 2704 wc
401 2680 478 2701 vera
497 2668 667 2701 sententia
686 2667 882 2700 firmissime
900 2667 1080 2700 retinenda
1106 2674 1167 2702 est.

481 2566 635 2599 Tantum
669 2567 704 2598 in
737 2579 789 2599 ine
821 2566 989 2598 auxilium
1022 2572 1132 2597 tunm.

860 103 983 140 Pt-nL.
1013 102 1128 140 MEL.
1156 103 1364 139 SCRIPTA
1397 103 1694 141 EXEGETICA.

1285 398 1287 414 l

1287 502 1289 510 ι

1287 511 1289 525 l

1286 426 1287 433 1
1311 419 1520 453 grassentur.

273 456 304 482 et
324 459 383 480 sua
401 453 544 489 sponte,
572 444 704 476 accedit
729 443 913 486 diabolus,
942 444 1000 488 qui
1022 441 1082 476 bas
1101 445 1257 476 flammas
1287 465 1288 474 η
1312 469 1365 493 ,w
1383 462 1571 508 impiorum

1289 638 1291 659 2
1313 621 1577 657 praeceptorum
1601 614 1765 658 Decalogi
1792 616 1928 650 institui
1959 627 2073 660 posse.

779 1479 822 1512 Et
847 1481 889 1513 ὃς(
916 1480 950 1511 in
976 1488 1163 1523 conspectu
1182 1493 1265 1523 pro,
1318 1472 1392 1514 nis,
1413 1473 1644 1515 negligentiae
1663 1480 1693 1505 et
1719 1474 1943 1516 petulantiae.

2223 109 2297 143 836

1432 189 1647 224 Enarralio
1664 191 1920 227 vocabulorum
1944 193 2182 243 sequentium.

1411 257 1568 293 Acervus
1592 267 1642 293 est
1668 261 1939 302 vocabulorum,
1975 276 2063 308 qnae
2097 263 2294 307 significant

1310 317 1466 352 peccata,
1495 318 1527 344 et
1553 312 1660 344 multa
1689 313 1860 354 congessit
1885 311 2035 354 Paulus,
2067 321 2104 347 ut
2130 315 2295 347 lecton-m

1285 381 1287 393 ι,
1311 362 1625 399 commonefaciat,
1648 363 1767 406 quales
1783 363 1918 396 furores
1939 363 1975 395 in
1999 374 2122 406 genere
2141 362 2297 397 humano

1576 410 1620 445 Et
1640 412 1721 445 baec
1742 414 1868 446 tabella
1888 415 1957 446 fere
1974 414 2154 457 speculum
2171 421 2219 447 est
2239 415 2295 446 vi·

1640 463 1677 496 ln
1701 464 1778 496 aliis
1795 472 1908 497 autem
1926 465 1992 497 alia
2010 465 2092 497 vitia
2116 471 2149 496 et
2165 464 2293 497 scelera

1314 513 1421 555 magis
1439 514 1715 557 conspiciuntur.
1745 514 1864 548 Sciant
1882 523 1996 548 autem
2016 515 2183 553 iuniores,
2199 513 2299 557 opti-

1313 574 1404 595 mam
1442 566 1740 597 enumerationem
1786 566 1955 599 virtutum
1994 565 2088 598 iuxta
2129 564 2301 598 ordinem

2127 613 2182 649 Ad
2209 626 2297 647 enn-

1313 666 1391 695 dem
1417 667 1560 698 modum
1592 666 1772 709 perspicue
1802 667 1969 700 distribui
1995 673 2140 711 possunt
2167 665 2297 708 species

1313 714 1493 751 vitiorum.
1545 715 1589 750 Et
1616 717 1772 750 eruditos
1795 719 1891 751 decet
1910 729 2010 750 nosse
2029 716 2299 749 distributiones

1314 777 1374 797 seu
1400 768 1528 808 species
1552 767 1722 800 virtutum
1747 780 1784 800 ac
1814 768 2003 812 vitiorum,
2040 770 2084 801 de
2112 767 2243 812 quibus
2269 774 2301 800 et

1315 816 1352 848 in
1371 814 1534 850 Ethnicis
1559 829 1621 852 suo
1647 819 1724 851 loco
1742 819 1875 852 dictum
1895 825 1956 854 est.

1412 880 1576 926 Ἀδικία,
1614 883 1813 926 Iniusticia‚
1856 886 2026 928 significat
2068 883 2303 918 universalem

1316 933 1549 977 iniusticiam,
1578 942 1616 967 ut
1640 935 1676 967 in
1701 933 1925 980 philosophia
1950 936 2149 980 loquimur,
2176 935 2212 967 id
2239 940 2300 973 est,

1317 984 1596 1017 inobedientiam
1624 985 1812 1019 violantem
1841 998 1962 1019 omnes
1985 987 2085 1029 leges.
2138 984 2187 1018 Ut
2203 982 2303 1018 Cati-

1317 1034 1389 1067 lina
1415 1041 1464 1067 est
1489 1032 1634 1078 ἄὸικος,
1680 1036 1714 1068 id
1737 1044 1806 1077 est,
1841 1048 1903 1070 nec
1928 1037 2040 1070 Deum
2062 1036 2204 1078 metuit,
2239 1045 2304 1067 nec

1292 1108 1293 1132 ἶ
1316 1092 1413 1118 curat
1432 1083 1585 1118 hnmana
1604 1087 1716 1119 officia
1729 1113 1738 1127 ,
1755 1087 1918 1121 interficit
1933 1087 2045 1129 cives,
2071 1093 2121 1120 est
2137 1087 2304 1125 incestus,

1317 1148 1422 1179 rapax
1432 1163 1441 1176 ‚
1466 1136 1664 1171 seditiosus.
2218 1153 2236 1158 *

1420 1201 1607 1247 Πορνεία,
1640 1203 1833 1245 Scortatio,
1860 1211 1893 1238 et
1911 1203 2158 1248 complectitur
2180 1214 2305 1236 omnes

1318 1254 1634 1287 contaminationes
1659 1262 1854 1298 pugnantes
1878 1267 1957 1288 cum
1984 1262 2079 1288 sexto
2108 1260 2303 1298 praecepto.

1420 1319 1613 1366 Πονηρία,
1642 1320 1817 1362 pravitas,
1845 1329 1877 1355 et
1892 1322 2062 1366 significat
2080 1323 2172 1366 plus,
2197 1332 2303 1366 quam

1317 1368 1438 1405 κακία.
1493 1371 1580 1404 Nam
1597 1370 1707 1405 κακία
1725 1373 1827 1405 etiam
1848 1373 2008 1416 generale
2026 1384 2157 1406 nomen
2183 1378 2233 1406 est
2251 1371 2302 1402 vi·—

1318 1422 1378 1461 tii,
1406 1428 1439 1454 et
1458 1421 1629 1463 significat
1648 1431 1784 1465 peccata
1812 1424 2069 1457 commissionis
2093 1430 2126 1457 et
2141 1421 2304 1456 omissio-

1996 1473 2046 1507 At
2068 1471 2227 1518 πονηρία
2253 1471 2302 1505 si-

1319 1523 1458 1565 gnificat
1495 1523 1721 1565 cupiditatem
1765 1525 1936 1564 nocendi,
1991 1531 2024 1558 et
2062 1523 2305 1567 petulantiam.

1322 1571 1369 1606 Ut
1386 1573 1564 1605 Antonius
1592 1581 1638 1605 est
1658 1571 1788 1616 κακὸς,
1817 1572 1958 1614 helluo,
1984 1574 2163 1613 ebriosus,
2191 1572 2303 1614 negli-

1320 1633 1414 1664 gens.
1468 1621 1514 1655 At
1538 1623 1761 1656 Domitianus
1782 1630 1832 1657 est
1854 1622 2033 1669 πονηρὸς,
2067 1624 2216 1667 cupidus
2239 1633 2305 1654 no-

1320 1673 1439 1713 cendi,
1473 1674 1527 1706 cui
1553 1671 1618 1706 hoc
1648 1675 1764 1718 ipsum
1789 1675 1964 1719 voluptati
1995 1681 2062 1716 est,
2095 1674 2172 1708 aliis
2199 1674 2304 1707 etiam

1320 1724 1425 1766 gratis
1443 1735 1579 1758 nocere.

1423 1788 1623 1830 Πλεονεξία
1654 1791 1825 1833 significat
1850 1791 2056 1830 avariciam,
2088 1797 2121 1824 et
2150 1791 2304 1834 comple-

1295 1849 1297 1859 *
1320 1843 1426 1876 ctitur
1441 1843 1558 1873 omnia
1578 1842 1659 1874 vitia
1681 1850 1715 1875 et
1739 1843 1866 1875 scelera
1886 1842 2076 1885 pugnantia
2098 1853 2175 1874 cum
2203 1853 2302 1885 prae-

1320 1901 1417 1937 cepto
1440 1893 1605 1936 septimo:
1643 1893 1722 1925 Non
1745 1893 1877 1926 surtum
1905 1893 2020 1926 facies.
2082 1892 2154 1925 lam
2178 1892 2302 1935 cogita,

1319 1956 1424 1989 quam
1448 1944 1563 1975 variae
1583 1944 1742 1983 fraudes,
1779 1950 1811 1976 et
1841 1943 1936 1975 varia
1960 1943 2031 1976 sint
2049 1942 2177 1976 iniusta
2194 1953 2301 1975 aucu-

1319 2057 1458 2085 usume,
1485 2044 1722 2082 stellionatus,
1757 2044 2014 2085 mendicitates,
2041 2043 2300 2083 concussiones,

1320 2097 1553 2141 imposturae,
1581 2101 1612 2127 et
1631 2092 1834 2127 huiusmodi
1858 2094 1938 2129 alia.

1419 2157 1653 2205 Κακοήθεια,
1674 2161 1939 2203 malevolentia,
1957 2167 2090 2206 pugnat
2104 2173 2182 2195 cum
2201 2172 2301 2206 prae-

1319 2219 1418 2257 cepto
1436 2212 1558 2256 quinto
1572 2219 1604 2244 et
1621 2219 1764 2251 octavo,
1791 2212 1826 2245 id
1845 2219 1914 2253 est,
1942 2212 2101 2255 opposita
2126 2218 2176 2244 est
2196 2211 2300 2243 lusti—

1319 2264 1407 2303 ciae‚
1436 2262 1589 2296 Candori
1610 2270 1642 2296 et
1661 2261 1821 2296 Veritati-
1876 2262 1939 2302 Ut,
1966 2261 2132 2295 Tiberius
2154 2268 2203 2294 est
2227 2261 2298 2302 ple—

1320 2326 1386 2347 nus
1405 2313 1528 2346 veneni
1547 2320 1577 2346 et
1597 2313 1882 2353 malevolentiae,
1908 2309 2091 2357 κακόηθες
2105 2308 2157 2356 μὴ
2175 2311 2299 2345 καθα-

1320 2363 1396 2408 ρὸν.
1451 2363 1546 2396 Haec
1577 2364 1670 2395 enim
1704 2364 1796 2397 inter
1823 2376 1858 2396 se
1892 2361 2101 2396 Plutarchus
2133 2362 2294 2406 opponit.

1317 2415 1555 2448 Coniunctum
1575 2415 1697 2447 vitium
1715 2421 1764 2447 est
1781 2414 2046 2446 malevolentiae
2068 2410 2300 2452 Obtrectatio,

1318 2464 1402 2499 haec
1423 2465 1583 2509 patefacit
1599 2465 1900 2503 malevolentiam,
1928 2471 2000 2496 arte
2023 2465 2220 2506 depravans
2245 2475 2300 2496 re-

1317 2525 1369 2549 cte
1396 2518 1504 2556 facta,
1540 2522 1572 2548 et
1598 2522 1689 2547 certe
1711 2526 1782 2547 non
1811 2515 1902 2547 malo
1929 2515 2046 2547 studio
2081 2514 2183 2547 facta.
2244 2512 2301 2551 Ut,

1316 2562 1518 2611 Scipionem
1544 2565 1676 2609 optime
1700 2565 1863 2598 meritum
1890 2566 1932 2597 de
1958 2565 2068 2608 patria
2090 2564 2301 2598 allatrabant

1312 2617 1503 2657 Lentulus,
1530 2615 1618 2649 Cato
1642 2623 1672 2648 et
1699 2615 1777 2655 alii,
1804 2616 1875 2648 sola
1906 2616 2164 2650 malevolentia.
2228 2614 2300 2647 Ex-

1314 2676 1388 2702 tant
1406 2667 1569 2701 versiculi
1594 2665 1804 2708 Menandri,
1840 2667 1876 2699 in
1900 2667 2028 2712 quibus
2050 2666 2300 2700 describuntur
