2415 2942
257 116 330 153 859
847 110 971 145 PHlL.
999 110 1114 148 MEL.
1141 108 1348 147 SCRIPTA
1376 108 1673 146 EXEGETtCA.
2196 114 2270 150 840

261 202 471 236 servativnm
489 205 519 232 et
539 197 821 240 congregativum
851 204 883 231 et
906 197 1239 231 communicativum

263 265 352 289 esse,
390 253 434 283 ita
464 250 556 283 Dens
580 256 610 281 ct
637 260 716 281 vere
739 260 858 280 ainans
884 255 935 281 est
960 248 1241 291 congregationis

264 311 293 336 et
311 300 640 334 communicationis
660 300 919 331 beneficiorum.
973 297 1059 332 Vult
1080 297 1240 332 homiues

264 354 354 385 inter
371 363 404 384 sc
423 351 541 383 inultis
567 350 717 382 xiucnlis
742 350 921 394 copulatos
947 360 1036 390 esse,
1065 350 1241 392 coniugio,

262 415 378 436 amore
395 413 471 443 erga
493 408 607 439 natos,
631 407 797 444 tanquam
825 412 902 443 erga
921 408 1054 444 partem
1079 401 1241 444 propriae

262 461 426 491 naturae,
463 464 544 483 cura
570 451 741 483 educandi
776 457 892 490 natos,
923 452 1242 484 communicatione

263 504 529 541 beneficiorum,
564 502 741 534 intellectu
771 502 946 539 iusticiam
975 514 1063 546 quae
1092 514 1155 546 pro
1183 504 1241 533 lie-

263 555 394 587 neficiis
419 554 511 585 iubet
538 553 688 585 vicissim
714 552 878 585 beneficia
902 554 1059 587 reddere.
1118 551 1164 585 Et
1188 550 1242 584 liis

265 605 415 637 vinculis
440 611 470 636 et
498 600 562 635 liae
587 603 905 636 communicatione
936 603 1011 635 vult
1040 603 1240 635 conservari

263 662 435 688 naturam.
491 653 539 685 lta
565 664 666 685 cansa
699 654 931 694 conspicitur,
966 665 1027 686 cur
1058 655 1243 696 impressae

264 708 332 738 sint
352 704 554 737 bominibus
573 702 736 750 στοργαί.
765 702 897 747 Estque
917 710 986 736 tota
1005 701 1087 736 haec
1106 703 1247 747 sapien-g

264 757 311 789 tia
343 757 386 788 de
407 755 562 787 bonitate
582 753 644 786 Dei
671 751 919 796 comprehensa
943 754 978 785 in
998 751 1062 786 hoc
1081 754 1244 786 dulcissi-

265 820 324 839 mo
341 807 452 838 dicto:
483 804 577 837 Deus
601 811 649 836 est
668 804 827 843 dilectio,
855 811 886 837 et
914 805 973 848 qui
998 804 1034 836 iu
1058 805 1245 836 dilectione

265 864 401 894 manet,
429 856 465 887 in
487 855 562 887 Deo
581 860 715 892 manet,
745 861 776 887 et
797 854 888 887 Deus
904 855 940 886 in
958 867 1009 887 eo.
1062 853 1107 887 Et
1130 855 1245 887 vicina

264 916 345 941 sunt
367 905 449 939 llaec
473 905 578 937 dicta:
615 903 709 936 Deus
745 912 794 938 est
821 906 953 943 bonus,
990 912 1040 944 et,
1078 903 1172 938 Deus
1198 911 1245 937 est

267 958 425 998 dilectio,
454 956 487 987 id
508 962 574 995 est,
603 967 683 988 vere
701 956 851 998 diligens
873 968 969 988 suam
987 956 1156 999 effigiem,
1183 968 1246 988 na-

265 1016 378 1042 turam
398 1006 664 1047 intelligentem.
720 1005 807 1038 Nam
835 1004 899 1039 hoc
919 1008 1091 1050 posterius
1115 1008 1246 1040 dictum

266 1059 373 1102 magis
393 1059 434 1090 ad
455 1064 596 1089 naturas
617 1057 850 1098 intelligentes
863 1058 1043 1099 congruit.

368 1108 439 1141 lam
457 1108 581 1149 cogita,
609 1119 686 1138 cum
707 1105 858 1153 ‹Jropycux
877 1108 945 1140 sint
963 1120 1041 1140 vere
1058 1118 1161 1150 opera
1172 1106 1249 1147 Dei,

267 1167 297 1193 et
320 1160 471 1192 reserant
498 1157 560 1190 Dei
587 1158 800 1198 bonitatem,
834 1165 866 1191 et
891 1160 958 1191 sint
984 1170 1036 1191 res
1061 1159 1097 1190 in
1123 1165 1247 1190 natura

267 1211 466 1249 ordinatae,
503 1220 605 1252 quam
632 1208 706 1240 dira
732 1209 933 1251 depravatio
958 1209 999 1242 sit
1026 1209 1062 1241 in
1088 1209 1249 1248 diabolis,

268 1261 325 1305 qni
347 1261 546 1292 abiecerunt
566 1256 738 1305 ‹Jropj-‘cirg¹
775 1266 807 1291 ct
831 1259 864 1290 in
884 1261 1004 1292 ninltis
1035 1257 1251 1298 horninibus,

268 1312 327 1356 qni
356 1309 421 1343 lioc
441 1310 592 1342 naturali
617 1322 733 1341 amore
759 1316 789 1341 et
812 1310 952 1342 vinculo
979 1310 1250 1342 consociationis

268 1363 439 1399 extincto,
474 1360 603 1392 bellum
628 1366 750 1401 gerunt
775 1372 852 1391 cum
876 1359 949 1392 Deo
974 1368 1006 1392 et
1031 1372 1108 1392 cum
1127 1367 1250 1392 natura

270 1413 404 1455 generis
422 1409 580 1443 hnmani.
617 1409 715 1442 Talis
734 1417 781 1442 est
798 1409 905 1451 Cain,
924 1411 1008 1443 tales
1025 1417 1106 1442 sunt
1123 1408 1251 1442 Atreus

269 1470 301 1496 et
327 1460 515 1507 Thyestes,
549 1461 626 1494 talis
660 1467 707 1493 est
734 1460 877 1501 Medea,
921 1473 1010 1505 quae
1047 1459 1139 1493 filios
1171 1472 1251 1493 suos

269 1513 442 1546 interficit.

367 1562 456 1595 Cum
475 1568 588 1594 autem
604 1567 726 1593 natura
748 1561 782 1592 in
801 1558 956 1600 homine,
971 1561 1130 1593 nondum
1151 1572 1250 1604 pror-

269 1625 326 1646 sus
352 1613 505 1655 furioso,
533 1619 648 1645 tamen
676 1612 790 1655 aliqua
817 1623 854 1643 ex
879 1617 975 1653 parte
1001 1611 1178 1644 naturales
1197 1612 1252 1643 in-

270 1664 476 1696 clinationes
502 1663 646 1702 sentiat,
681 1675 752 1694 non
783 1662 930 1694 dubium
965 1668 1013 1694 est
1051 1673 1069 1694 a
1101 1661 1251 1694 diabolis

270 1715 402 1758 impelli
423 1714 509 1747 Cain
536 1721 567 1746 et
594 1713 740 1751 similes,
769 1713 827 1756 qui
845 1711 993 1745 extincta
1018 1712 1169 1745 naturali
1191 1713 1252 1745 be·-

270 1765 490 1804 nevolentia,
517 1764 695 1796 saevitiam
713 1764 748 1795 in
766 1770 930 1806 cognatos
945 1769 976 1795 et
1000 1769 1145 1795 naturae
1170 1774 1252 1795 suae

271 1823 403 1859 partein
434 1827 590 1847 exercere
616 1821 771 1857 possunt.
832 1812 878 1846 Et
901 1814 943 1845 de
968 1813 1097 1846 talibus
1113 1825 1252 1857 quoque

271 1878 391 1899 verum
413 1873 461 1899 est
487 1865 635 1898 dictum:
664 1864 810 1897 Satanas
833 1864 977 1897 intravit
1003 1863 1038 1895 in
1063 1865 1166 1896 corda
1195 1876 1253 1896 eo*

272 1929 363 1950 rum.
417 1916 688 1948 Considerantes
714 1916 838 1957 igitur,
879 1926 981 1959 qnam
1007 1915 1083 1947 dira
1108 1921 1140 1947 et
1165 1921 1252 1948 tetra

274 1969 342 2000 sint
369 1964 451 1999 haec
479 1967 621 2005 scelera,
649 1973 681 1998 et
708 1967 802 1998 unde
825 1965 1000 2003 oriantur,
1028 1977 1151 2007 magna
1171 1978 1252 1998 cura

273 2018 386 2051 Deum
406 2025 583 2049 aeternum
610 2024 740 2059 patrem
759 2015 903 2048 Domini
928 2015 1038 2048 nostri
1056 2014 1131 2048 lesu
1148 2013 1254 2049 Chri-

274 2070 330 2107 sti,
351 2068 566 2100 conditorem
585 2065 829 2112 φιλόστοργον
846 2066 980 2109 generis
1003 2063 1253 2106 h11m÷1115‚0re-

274 2131 366 2155 rnns,
394 2126 430 2150 nt
450 2126 589 2161 propter
607 2118 736 2156 filium,
763 2129 864 2161 quem
888 2116 1023 2148 ardenti
1039 2117 1252 2149 benevolen-

277 2171 325 2202 tia
346 2170 477 2211 diligit,
505 2171 607 2201 corda
625 2175 740 2200 nostra
763 2167 896 2210 Spiritu
915 2178 977 2199 suo
1000 2173 1119 2199 sancto
1136 2174 1253 2200 custo-

276 2222 347 2252 diat
376 2228 407 2252 et
442 2226 553 2259 regat,
598 2232 634 2251 ac
655 2218 805 2260 depellat
838 2229 854 2249 a
897 2217 998 2249 nobis
1032 2217 1253 2250 insidiatores

275 2271 454 2310 diabolus,
487 2268 600 2302 liostes
633 2281 725 2302 snos.
787 2267 917 2300 Primis
949 2268 1052 2300 etiam
1080 2268 1191 2301 initiis
1217 2280 1254 2301 ac

276 2322 435 2352 scintillis
464 2322 585 2352 talium
617 2321 777 2352 odiorum
811 2318 984 2361 sapienter
1022 2330 1254 2364 repugnemus

277 2372 358 2414 ipsi,
387 2384 429 2402 ne
450 2371 611 2402 diabolus
636 2371 814 2403 imitetur.

380 2421 489 2456 Malta
510 2429 709 2461 grassmtnr
725 2422 853 2453 scelera
877 2417 982 2452 liuius
1007 2420 1141 2462 generis
1162 2420 1253 2452 iuter

275 2470 454 2510 homines,
491 2472 650 2514 prix-atini
677 2479 707 2504 et
737 2471 891 2513 publice,
926 2470 992 2502 alia
1024 2471 1149 2513 magis,
1184 2471 1252 2503 alia

275 2523 391 2554 rninns
414 2522 552 2559 atrocia,
581 2529 617 2554 nt
635 2523 741 2564 inagis
759 2530 805 2554 est
824 2519 1003 2567 ἄστοργος
1019 2520 1120 2563 Cain,
1147 2534 1250 2565 quam

274 2571 378 2607 Esau,
407 2573 495 2604 Sunt
515 2572 615 2603 etiam
635 2571 806 2617 ἄστοργοι
825 2570 984 2604 homines
999 2572 1166 2612 seditiosi,
1191 2573 1249 2616 qui

273 2621 463 2655 Ecclesiam
483 2629 538 2654 ant
557 2624 702 2665 patriani
726 2624 799 2654 sine
824 2623 1025 2655 necessariis
1043 2623 1154 2655 causis
1174 2629 1249 2656 tnr—

274 2675 375 2715 bant,
405 2674 483 2719 qnia
510 2685 630 2707 causae
660 2679 740 2706 sunt
774 2673 967 2715 ingentium
999 2674 1182 2712 dolorum,
1216 2679 1248 2706 et

1293 196 1417 229 mortis
1450 197 1642 229 multorum
1673 196 1849 230 bonorum
1888 196 2093 240 hominum,
2140 211 2275 240 senum,

1295 254 1552 287 matronarum,
1573 259 1772 290 puerorum.
1826 246 1872 281 Et
1888 252 1991 282 semel
2011 251 2114 284 motis
2131 249 2272 285 Rebus-

1295 298 1442 340 publicis
1486 310 1557 330 uon
1590 297 1690 330 facile
1723 304 1837 341 postea
1871 311 1956 342 pax,
1990 301 2193 345 disciplina,
2220 302 2272 335 le-

1293 360 1369 391 ges,
1398 349 1520 391 religio
1539 348 1673 382 restitui
1702 355 1857 391 possunt.

1386 396 1583 433 ’Ἁσπονδοι
1599 406 1680 432 sunt
1704 399 1957 443 implacabiles,
1972 400 2060 433 sicut
2070 399 2154 434 Saul
2174 403 2274 437 nullo

1294 450 1408 482 officio
1425 451 1552 492 placari
1564 450 1687 493 potuit,
1708 457 1744 482 ut
1757 451 1947 493 deponeret
1963 450 2132 484 iniustum
2144 453 2277 494 odium,

1295 513 1363 544 quo
1387 501 1531 533 ardebat
1554 503 1719 533 adversus
1748 500 1935 540 Davidem,
1979 502 2068 534 bene
2097 502 2139 534 de
2164 502 2276 546 patria

1296 559 1327 583 et
1347 552 1388 583 de
1407 551 1481 594 ipso
1502 552 1678 584 meritum.
1732 549 1826 583 Haec
1846 551 2034 595 pertinacia
2051 551 2215 586 odiorum
2237 553 2276 586 in

1296 598 1499 633 hominibus
1518 602 1636 633 lividis
1652 608 1681 634 et
1699 602 1808 634 saevis
1829 614 1898 634 non
1918 614 1995 634 rara
2013 609 2074 637 est.

1392 649 1655 696 ’Avemrfiuotwffl
1683 652 1995 685 immisericordes:
2025 650 2108 686 haec
2123 653 2278 697 appella-

1297 701 1345 734 tio
1365 702 1462 744 plnra
1489 701 1771 745 comprehendit,
1806 715 1910 747 quam
1937 703 2135 736 crudelitas.
2186 702 2279 737 Cru-

1299 753 1385 784 delis
1401 759 1467 792 cst,
1495 753 1554 797 qni
1586 754 1690 786 laedit
1716 754 1823 785 alium
1851 754 2036 794 atrociter,
2068 754 2144 787 sine
2176 763 2279 787 causa

1300 803 1408 843 iusta,
1435 811 1494 836 ant
1514 816 1622 846 poena
1648 804 1777 836 maiore
1794 804 1928 842 adficit,
1957 817 2061 848 quain
2084 816 2148 848 pro
2173 805 2278 838 modo

1299 854 1426 886 delicti.
1483 852 1527 886 Ut
1542 854 1692 886 crudelis
1711 860 1783 887 erat
1801 853 1948 896 Augusti
1970 853 2112 898 hospes,
2130 855 2190 899 qui
2208 867 2280 888 ser-

1299 916 1381 935 vum
1406 904 1557 936 obiicere
1585 905 1740 936 murenis
1775 905 1908 945 voluit,
1942 906 2023 950 qnia
2049 906 2196 948 fregerat
2217 917 2279 950 po-

1301 954 1417 986 culum
1445 954 1698 998 crystallinum.
1757 953 1826 987 Sed
1854 956 2102 989 immisericors
2133 962 2182 989 est
2207 968 2281 988 non

1302 1005 1415 1036 solum
1451 1005 1622 1044 crudelis,
1668 1005 1724 1036 sed
1750 1005 1853 1037 etiarn
1888 1006 1948 1050 qui
1978 1019 2056 1039 cum
2089 1006 2282 1050 probabilis

1302 1055 1389 1088 ratio
1408 1062 1476 1093 est,
1504 1067 1575 1087 non
1598 1054 1731 1097 mitigat
1749 1055 1876 1088 iustam
1901 1057 2134 1098 asperitatem.

1404 1105 1491 1138 Nam
1505 1105 1639 1138 iusticia
1658 1113 1717 1145 est,
1732 1106 1907 1138 neminem
1926 1106 2063 1140 laedere
2079 1108 2152 1139 sine
2169 1118 2282 1140 causa.

1302 1155 1363 1189 Est
1380 1163 1412 1188 et
1429 1156 1463 1188 in
1480 1157 1602 1200 poenis
1634 1167 1772 1188 servare
1795 1157 2057 1201 aequalitatem:
2084 1158 2283 1191 misericor-

1303 1207 1359 1239 dia
1385 1219 1468 1239 vero
1495 1207 1648 1250 primum
1670 1206 1760 1239 insta
1787 1214 1856 1248 est,
1888 1220 1958 1239 non
1986 1208 2093 1241 laedit
2117 1208 2284 1243 insontes,

1306 1257 1439 1290 Deinde
1464 1257 1639 1301 probabili
1680 1257 1815 1290 ratione
1851 1258 1954 1291 etiam
1984 1258 2110 1300 iustam
2134 1270 2283 1300 poenam

1303 1308 1448 1349 mitigat.
1506 1307 1555 1340 lta
1582 1308 1674 1340 Deus
1694 1308 1892 1340 misericors
1910 1315 1977 1348 est,
2001 1316 2034 1342 et
2059 1316 2097 1342 ut
2123 1307 2286 1343 Psalmus

1305 1358 1439 1402 inquit:
1476 1356 1555 1390 Non
1575 1359 1731 1390 accendit
1751 1364 1857 1390 totam
1875 1359 1961 1391 iram
1979 1370 2091 1392 suam.
2196 1391 2202 1395 ,

1404 1407 1505 1440 Hanc
1537 1409 1798 1449 grammaticam
1836 1409 2093 1441 enarrationem
2128 1420 2286 1453 quarun-

1305 1459 1382 1490 dam
1402 1470 1525 1490 vocum
1552 1458 1693 1494 addidi,
1720 1465 1757 1490 ut
1782 1459 1938 1491 iuniores
1963 1459 2154 1493 adsuefiant
2169 1461 2211 1491 ad
2231 1459 2286 1491 di-

1305 1509 1485 1550 ligentiam
1514 1509 1548 1540 in
1574 1509 1829 1541 consideranda
1856 1509 2068 1552 proprietate
2095 1511 2283 1542 verborum

1305 1559 1389 1591 etin
1410 1559 1663 1591 distribuendis
1686 1559 1876 1591 virtutibus
1899 1567 1931 1592 et
1957 1560 2064 1595 vitiis.
2118 1560 2286 1593 Intuean-

1306 1616 1362 1642 tur
1378 1616 1512 1650 autem,
1538 1617 1578 1643 ut
1599 1620 1700 1652 saepe
1726 1609 1810 1641 alias
1833 1609 1923 1650 dixi,
1949 1608 2172 1654 Decalogum.

1621 1690 1781 1726 Scientes
1802 1691 1860 1726 ius
1882 1690 1970 1729 Dei.

1406 1759 1474 1793 Hic
1506 1760 1605 1794 addit
1635 1761 1792 1802 regulam
1823 1761 1866 1793 de
1900 1761 2036 1804 legibus
2066 1763 2288 1797 naturalibus

1307 1811 1530 1844 seu''noticiis
1561 1812 1800 1859 naturalibus,
1829 1823 1917 1855 quae
1941 1812 2172 1847 nominantur
2201 1811 2287 1847 Ius

1307 1875 1329 1895 n
1342 1867 1419 1895 alu
1431 1874 1479 1894 ra
1492 1873 1516 1894 e.
1558 1861 1605 1895 Ut
1621 1863 1713 1894 enim
1731 1862 1768 1894 in
1787 1859 1851 1894 hac
1867 1861 2085 1895 accusatione
2103 1864 2287 1898 convincat

1308 1912 1486 1953 homines,
1532 1913 1698 1956 proponit
1731 1912 1778 1944 eis
1812 1913 1988 1946 naturales
2018 1914 2097 1946 illas
2129 1914 2287 1950 noticias.

1307 1963 1381 1997 Hae
1407 1963 1540 2008 inquit,
1569 1970 1730 1996 accusant
1755 1974 1837 2001 vos,
1872 1975 1957 2007 quas
1982 1964 2125 2008 quidem
2148 1965 2226 1998 ideo
2249 1965 2287 1998 in

1307 2013 1493 2047 hominum
1513 2020 1636 2046 natura
1655 2013 1748 2045 Deus
1772 2025 1844 2045 non
1870 2013 1981 2047 voluit
2007 2026 2149 2057 prorsus
2173 2015 2287 2048 extin-

1307 2066 1383 2107 gui,
1414 2071 1452 2097 nt
1474 2071 1586 2097 essent
1613 2064 1810 2096 testimonia
1846 2064 1889 2096 de
1918 2062 1992 2096 Deo
2021 2072 2054 2098 et
2082 2067 2125 2098 de
2151 2066 2284 2100 iudicio

1307 2116 1391 2155 Dei,
1426 2122 1459 2148 et
1483 2121 1574 2146 certo
1604 2115 1789 2154 sciremus,
1821 2111 1893 2147 tiae·
1911 2127 1994 2147 voce
2020 2123 2165 2149 naturae
2188 2129 2285 2149 com—

1307 2165 1512 2205 inonesacti,
1531 2163 1643 2197 Deum
1664 2177 1744 2197 vere
1761 2171 1792 2198 et
1813 2162 2033 2199 horribiliter
2049 2167 2150 2199 irasci
2167 2166 2283 2199 omni-

1308 2218 1371 2249 bus
1387 2216 1596 2249 facientibus
1614 2223 1733 2249 contra
1757 2213 1818 2248 has
1836 2216 1998 2257 noticias,
2026 2217 2197 2249 divinitus
2211 2228 2283 2259 ,no-

1307 2268 1360 2300 bis
1384 2267 1512 2300 insitas.

1405 2316 1639 2350 Considerent
1655 2323 1768 2349 autem
1786 2317 1940 2350 iuniores
1958 2315 2058 2349 Pauli
2078 2328 2285 2350 sermonem.

1305 2367 1378 2401 Has
1397 2368 1555 2408 noticias,
1575 2380 1660 2413 quas
1677 2379 1840 2400 vocamus
1855 2367 1962 2409 Leges
1981 2374 2125 2400 naturae
2142 2379 2201 2401 seu
2224 2367 2281 2401 lus

1306 2427 1460 2459 naturae,
1487 2430 1643 2462 expresse
1667 2416 1724 2450 hic
1741 2418 1900 2450 nominat
1918 2417 1975 2450 lus
1994 2416 2071 2453 Dei.
2124 2417 2283 2452 Sciamus

1305 2470 1427 2512 igitur,
1455 2471 1546 2514 quod
1575 2468 1793 2502 verissimum
1821 2474 1888 2507 est,
1924 2468 2015 2510 leges
2040 2476 2186 2502 naturae
2210 2481 2282 2503 esse

1305 2522 1357 2553 ins
1383 2521 1560 2565 divinum:
1584 2527 1632 2552 est
1652 2519 1743 2551 enim
1762 2519 1820 2550 lux
1836 2530 1854 2550 a
1871 2517 1946 2550 Deo
1963 2519 1999 2551 in
2022 2520 2199 2553 mentibus
2216 2532 2281 2554 no-

1302 2571 1381 2604 stris
1397 2572 1534 2604 condita
1547 2598 1556 2611 ‚
1575 2578 1605 2603 et
1626 2569 1805 2601 verissime
1821 2569 1983 2611 congruit
2002 2582 2080 2602 cum
2105 2569 2281 2614 Decalogo

1303 2629 1335 2655 et
1349 2623 1426 2654 aliis
1448 2622 1548 2655 dictis
1568 2621 1603 2652 in
1627 2621 1701 2662 lege
1719 2618 1846 2657 Moisi‚
1883 2620 1919 2652 in
1945 2620 2072 2664 quibus
2093 2621 2281 2665 repetitum

1302 2680 1349 2707 est
1374 2673 1426 2706 ius
1448 2680 1601 2706 naturae.

1662 2669 1753 2704 Sunt
1792 2670 1884 2703 enim
1909 2671 2129 2714 gravissimae
2154 2683 2295 2714 causae,
