2415 2942
165 72 241 109 297

168 155 343 197 liumDei,
361 156 418 189 sed
439 155 674 189 confidentem
695 155 836 200 propria
856 154 1052 197 diligentia,
1073 167 1158 195 pro-

169 208 256 252 priis
289 207 447 241 consiliis
476 214 508 240 et
542 207 698 244 viribus,
738 213 769 240 et
797 208 827 240 1.
852 205 946 238 Petri
971 206 1033 239 ult.
1057 205 1156 238 dicit:

167 259 339 302 Vigilate,
382 258 464 303 quia
498 258 719 290 adversarius
741 263 854 290 vester
886 256 1049 288 diabolus
1077 262 1156 288 tan—

166 321 272 355 quam
299 310 353 342 leo
379 309 521 351 rugiens
545 309 727 348 circumit,
769 318 938 351 quaerens
964 318 1068 351 quem
1093 307 1154 337 ‹le-

165 367 283 401 voret,
313 360 368 393 cui
393 360 541 393 resistite
564 360 671 392 sortes
696 358 733 390 in
754 358 833 391 fide.
887 355 1003 389 Homo
1027 357 1064 389 in
1089 354 1153 389 hac

163 411 414 454 depravatione
431 417 574 443 naturae
592 410 783 442 delectatur
799 407 870 440 suis
888 407 990 440 donis
1003 434 1012 448 ,
1029 415 1061 441 et
1072 419 1150 440 cum

164 468 213 495 est
229 462 467 506 tranquillitas
484 467 516 494 et
533 461 650 505 quies,
678 459 788 503 placet
804 458 870 491 sibi
889 465 1032 502 propter
1048 460 1152 498 dona,

164 521 196 547 et
233 512 377 545 effertur
403 524 441 544 ac
474 510 697 544 obliviscitur
731 508 814 549 Dei,
863 515 895 542 et
925 521 1024 552 saepe
1054 516 1148 541 extra

164 570 294 606 metas,
326 564 361 595 id
382 569 449 600 est,
485 568 580 594 extra
604 560 824 594 vocationem
849 557 1074 603 provehitur,
1110 566 1149 592 ut

162 613 271 647 Iosias
291 625 491 658 quanquam
511 617 648 644 sanctus
666 623 744 652 rex,
779 618 894 644 tamen
917 611 955 643 iu
973 611 1148 653 successi-

162 665 229 698 bus
246 664 284 698 fit
307 663 493 704 audacior,
528 669 562 696 et
587 661 718 695 bellum
746 670 864 696 movet
891 663 966 695 sine
996 661 1148 695 necessi-

162 722 251 754 tate,
286 715 332 748 ita
357 714 523 748 omnibus
548 710 754 746 hominibus
779 712 883 746 multi
910 713 1024 746 tristes
1049 724 1147 745 casus

162 766 346 804 accidunt,
383 777 460 798 cum
489 765 527 797 in
553 764 809 808 tranquillitate
835 764 956 797 confisi
980 761 1146 796 humanis

162 816 319 850 consiliis
335 824 393 848 aut
421 816 581 853 fortuna,
615 815 754 848 facilius
776 815 912 860 aliquid
938 815 1145 859 suscipiunt,

160 878 265 912 quam
285 867 439 899 facerent
456 866 547 899 tristi
566 872 741 909 tempore,
772 866 860 899 sicut
883 866 1052 910 scriptum
1079 872 1144 898 est:

158 917 260 951 Sedit
291 917 443 960 populus
467 917 680 949 manducare
703 922 736 949 et
761 917 903 957 bibere,
937 924 969 950 et
995 917 1145 950 surrexit

158 968 295 1002 ludere.
348 966 468 1001 Simus
492 967 600 1010 igitur
618 968 820 1011 vigilantes,
849 974 882 1001 et
899 967 1049 1000 maxime
1070 980 1143 1000 me-

157 1026 297 1052 tuamus
314 1018 628 1063 tranquillitatem,
650 1030 739 1063 quae
756 1019 845 1052 solet
862 1019 1028 1051 omnibus
1048 1030 1144 1051 sum-

155 1069 223 1101 mis
238 1075 271 1102 et
288 1068 418 1102 infimis
435 1069 559 1101 afferre
583 1069 721 1113 aliquos
744 1069 858 1102 tristes
885 1081 994 1102 casus.
1048 1068 1143 1102 Infra

155 1126 271 1154 autem
289 1120 332 1153 de
350 1119 446 1153 Petri
462 1120 566 1163 lapsu
580 1120 850 1153 etcouversione
859 1120 961 1163 plura
972 1120 1148 1153 dicentur.-

488 1226 625 1278 Caput
664 1226 784 1268 XIV.

376 1295 465 1334 Non
483 1298 649 1332 turbetur
669 1311 728 1333 cor
746 1304 914 1334 cestrum.

253 1365 410 1400 Exorsus
429 1373 478 1400 est
496 1365 658 1400 Christus
677 1368 818 1411 longam
833 1368 1067 1415 concionem,
1103 1369 1140 1401 in

154 1430 222 1464 qua
249 1418 344 1451 varie
363 1417 485 1450 miscet
505 1419 763 1452 consolationes
791 1426 824 1452 ct
855 1420 1070 1460 doctrinam,
1108 1426 1139 1453 et

153 1469 390 1512 interpellatio
410 1469 553 1512 praebet
575 1470 791 1502 occasionem
818 1470 920 1503 novis
945 1471 1138 1512 sententiis,

153 1532 231 1553 cum
249 1519 409 1553 dixisset:
424 1519 505 1552 Non
522 1521 687 1553 turbetur
704 1533 764 1553 cor
782 1527 933 1553 vestrum
947 1548 955 1561 ,
979 1522 1014 1553 in
1033 1523 1138 1554 domo

155 1571 263 1614 patris
279 1571 348 1602 mei
366 1571 567 1604 mansiones
585 1571 716 1604 multae
733 1580 825 1612 sunt,
845 1572 880 1604 id
898 1579 966 1610 est,
989 1571 1137 1605 Etiamsi

153 1619 211 1654 hie
228 1621 409 1654 toleranda
437 1628 540 1654 erunt
565 1622 687 1661 exilia,
723 1634 868 1664 magnae
890 1635 1077 1656 aerumnae
1105 1631 1137 1657 et

154 1683 273 1711 neces,
308 1677 425 1703 tamen
443 1671 583 1712 scitote,
619 1683 680 1704 vos
698 1672 733 1704 in
752 1674 849 1706 coelo
874 1673 1002 1712 vitam,
1037 1674 1137 1708 laeti-

152 1724 237 1756 tiam
267 1729 299 1755 et
321 1722 468 1763 gloriam
493 1722 739 1766 sempiternam
763 1735 841 1755 cum
875 1724 1038 1757 universa
1063 1724 1136 1758 Ec—

152 1773 253 1805 clesia
271 1769 456 1804 habituros
472 1783 560 1811 esse,
583 1780 617 1805 et
633 1773 775 1816 quidem
793 1774 923 1807 multae
938 1782 1020 1808 sunt
1038 1788 1136 1808 man-

152 1824 278 1855 siones.
329 1820 484 1854 Ecclesia
502 1823 564 1854 etsi
590 1829 640 1855 est
664 1823 808 1865 exiguus
832 1831 967 1865 coetus,
998 1826 1025 1858 si
1051 1839 1135 1859 con-

150 1874 284 1906 seratur
309 1873 350 1904 ad
378 1872 568 1916 impiorum
595 1873 880 1915 multitudinem,
916 1883 1032 1909 tamen
1060 1889 1135 1910 ma—

150 1935 239 1967 guus
256 1924 338 1964 erit,
374 1935 438 1956 nec
460 1924 528 1956 suit
551 1923 672 1956 irritus
698 1924 799 1957 labor
823 1925 968 1959 Patrum
990 1934 1022 1960 et
1045 1927 1134 1961 Pro-

150 1973 353 2019 phetarum,
393 1986 457 2006 nec
479 1972 734 2018 Apostolorum
767 1983 799 2009 et
824 1978 1045 2021 sequentium
1073 1991 1133 2022 pa-

150 2033 284 2058 storum
301 2025 402 2058 labor
421 2025 537 2057 inanis
554 2026 639 2066 erit,
661 2026 749 2060 sicut
764 2024 888 2060 Esaiae
905 2040 980 2072 cap.
998 2027 1056 2063 55.
1078 2030 1132 2061 di-

150 2077 256 2110 citur:
274 2075 430 2108 Verbum
446 2087 561 2108 meum
573 2102 582 2117 ‚
598 2078 692 2121 quod
711 2079 888 2120 egreditur
905 2080 946 2111 de
963 2092 1022 2112 ore
1041 2093 1131 2121 meo,

149 2139 224 2160 non
247 2133 442 2160 revertetur
465 2127 508 2159 ad
536 2139 590 2159 me
616 2139 785 2169 vacuum,
818 2130 878 2162 sed
901 2130 1001 2163 faciet
1025 2143 1131 2176 quae-

149 2190 289 2223 cunque
307 2179 423 2218 volui,
463 2184 496 2210 et
514 2179 779 2221 prosperabitur
802 2180 839 2212 in
863 2178 937 2221 his,
972 2183 1014 2214 ad
1043 2195 1131 2227 quae

149 2229 230 2262 misi
251 2229 352 2264 illud.
404 2229 552 2271 Semper
575 2229 662 2267 fuit,
691 2236 760 2271 est,
787 2237 819 2264 et
843 2231 908 2264 erit
930 2232 1045 2277 aliqua
1065 2233 1131 2266 Dei

148 2279 305 2314 Ecclesia
334 2287 365 2314 et
398 2291 546 2323 regnum
577 2278 726 2314 Christi.
788 2280 860 2315 Nec
892 2290 997 2317 staret
1027 2296 1131 2317 mun-

150 2332 234 2372 dus,
270 2332 339 2364 nisi
357 2331 466 2375 aliqui
486 2338 598 2364 essent
615 2331 732 2369 electi,
765 2339 909 2376 propter
935 2347 1021 2378 quos
1037 2333 1132 2369 Deus

151 2389 263 2415 servat
282 2394 391 2424 genus
410 2380 622 2415 humanum:
660 2383 723 2416 etsi
742 2384 851 2426 igitur
866 2384 902 2416 iu
922 2392 1018 2418 tanta
1045 2398 1130 2428 pau-

150 2432 252 2466 citate
266 2431 440 2466 Ecclesiae
458 2440 613 2477 pastores
630 2445 731 2478 saepe
754 2435 934 2475 dubitant,
970 2448 1014 2468 an
1040 2437 1131 2471 inter

148 2484 331 2517 auditores
343 2497 422 2517 suos
441 2486 509 2517 sint
526 2485 642 2529 aliqua
660 2486 816 2518 membra
834 2487 955 2530 populi
974 2487 1055 2528 Dei,
1077 2495 1130 2522 ta—

148 2547 231 2568 men
256 2532 340 2567 haec
365 2536 454 2569 dicta
480 2536 722 2570 meminerint:
764 2536 844 2570 Non
869 2545 1064 2571 revertetur
1085 2541 1127 2572 ad

146 2598 202 2618 me
217 2586 362 2618 verbum
387 2598 547 2622 vacuum.
603 2586 706 2620 ltem:
735 2587 967 2630 Evangelium
992 2596 1041 2623 est
1065 2602 1128 2634 po-

147 2638 253 2671 tentia
274 2635 352 2670 Dei.
405 2636 449 2671 Et
468 2636 561 2671 loan.
580 2638 660 2673 95)..-
696 2638 794 2673 Sicut
817 2639 913 2672 misit
939 2652 993 2673 me
1016 2648 1132 2685 pater,

553 68 634 105 ΧΠ.
670 67 985 105 -ENARRATIO
1015 68 1066 105 IN
1091 66 1274 104 EVANG.
1309 64 1522 104 IOANNIS.
1575 68 1681 106 CAP.
1708 68 1807 107 XIV.

2122 72 2200 106 298

1211 153 1260 187 sic
1279 160 1310 188 et
1330 166 1392 198 ego
1410 154 1511 188 mitto
1528 167 1600 191 vos,
1653 154 1825 190 Matthaei
1842 156 1986 190 ultimo:
2015 154 2105 190 Ecce
2130 169 2195 200 ego

1211 205 1392 238 vobiscum
1425 217 1501 239 sum
1534 207 1701 240 omnibus
1737 208 1861 240 diebus
1893 219 2003 252 usque
2033 209 2073 240 ad
2107 221 2192 241 con-

1209 256 1480 288 summationem
1499 258 1618 293 seculi.
1671 257 1736 290 His
1752 259 1962 291 dulcissimis
1980 265 2012 292 et
2030 259 2192 292 firmissi-

1208 305 1273 338 mis
1289 306 1592 339 consolationibus
1611 320 1674 340 nos
1688 316 1933 350 sustentemus,
1951 322 2030 343 cum
2047 310 2190 343 intanta

1208 356 1416 389 confusione
1435 353 1621 389 hominum
1640 367 1815 402 quaerunt
1841 361 1949 392 animi
1973 362 2016 393 (le
2038 361 2189 394 efficacia

1206 406 1405 446 ministerii,
1461 406 1606 440 Initium
1626 420 1707 451 ergo
1729 407 1834 443 huius
1859 411 2040 444 concionis
2062 423 2190 444 conso-

1204 456 1298 490 latur
1322 456 1515 490 Ecclesiam
1542 465 1574 491 et
1600 460 1797 501 ministros,
1831 473 1870 493 ac
1893 468 2040 494 testatur
2063 462 2099 494 in
2124 460 2190 495 hac

1205 508 1275 540 vita
1292 508 1430 541 labores
1449 521 1522 541 non
1543 509 1618 542 sore
1640 510 1777 551 irritos,
1809 517 1841 544 et
1866 518 1944 555 post
1967 510 2057 545 hanc
2080 512 2188 546 vitam

1203 556 1389 592 habituros
1404 571 1476 592 esse
1493 566 1630 592 aeterna
1651 561 1758 595 bona.

1303 609 1441 643 Deinde
1464 610 1707 654 interpellatus
1730 624 1747 644 a
1774 609 1931 651 Thoma,
1975 626 2045 658 quo
2072 615 2188 655 vadat,

1201 672 1325 694 rursus
1365 662 1518 696 occurrit
1553 674 1666 695 novae
1700 663 1928 696 dubitationi.
1993 665 2188 707 Anguntur

1201 711 1330 753 animi,
1363 712 1498 745 etiamsi
1516 713 1644 745 scimus
1665 725 1788 756 magna
1815 714 1988 757 praemia,
2023 727 2186 758 magnam

1200 763 1349 805 gloriam
1371 760 1549 797 Ecclesiae
1582 766 1796 808 propositam
1826 777 1916 806 esse,
1955 772 2073 799 tamen
2100 767 2187 811 quid

1200 814 1374 856 agendum
1393 814 1455 853 sit,
1484 815 1613 858 quibus
1633 816 1789 848 consiIIis
1812 823 1908 850 tanta
1933 817 2043 850 moles
2067 829 2186 851 rerum

1200 866 1351 906 regenda
1371 865 1433 906 sit,
1459 866 1543 910 quid
1563 866 1760 899 docendum
1780 867 1840 907 sit,
1865 869 2045 912 quomodo
2060 870 2188 901 adver-

1198 915 1357 949 santibus
1374 916 1532 959 imperiis
1548 917 1824 950 circumferenda
1841 919 1886 952 sit
1900 920 2059 952 doctrina
2071 947 2079 960 ,
2094 932 2184 964 quo-

1199 967 1305 999 modo
1336 968 1478 1009 regendi
1510 967 1578 1001 sint
1613 965 1776 1001 homines
1806 968 1886 1001 sine*
1914 970 2124 1003 exercitibus
2150 978 2185 1003 et

1198 1017 1273 1050 sine
1289 1019 1415 1056 armis,
1441 1015 1509 1051 hoc
1525 1030 1606 1051 vero
1632 1019 1824 1052 obscurum
1848 1026 1911 1052 est«
1963 1020 2061 1062 Quid
2084 1022 2183 1053 vide-

1199 1074 1258 1101 tur
1276 1068 1481 1107 absurdius,
1510 1081 1613 1112 quam
1640 1081 1767 1111 paucos
1792 1070 1984 1103 imbecilles
2010 1069 2184 1114 homines,

1199 1119 1298 1150 nulla
1317 1119 1506 1152 instructos
1525 1119 1700 1162 potentia,
1733 1120 1829 1153 velut
1850 1132 2011 1159 errones,
2046 1123 2184 1156 discur—

1198 1175 1311 1201 rentes
1328 1180 1390 1215 per
1411 1175 1523 1201 totum
1551 1170 1672 1201 orbem
1697 1176 1887 1212 terrarum,
1921 1173 2039 1205 moliri
2067 1180 2183 1206 muta-

1197 1219 1329 1250 tionem
1364 1219 1467 1253 orbis
1495 1226 1689 1260 terrarum,
1730 1228 1763 1254 et
1789 1222 1946 1265 polliceri
1974 1221 2182 1257 hominibus

1196 1276 1334 1301 aeterna
1354 1271 1465 1309 bona,
1493 1282 1570 1303 cum
1588 1271 1622 1302 in
1644 1271 1804 1305 maximis
1823 1273 1971 1306 miseriis
1998 1282 2182 1308 versentur

1195 1319 1288 1366 ipsi?
1316 1318 1389 1353 Has
1406 1320 1620 1354 obi'ectiones
1636 1323 1677 1354 de
1692 1323 1908 1357 absurditate
1932 1325 2019 1358 tanti
2042 1326 2183 1359 consilii

1195 1378 1227 1402 et
1261 1372 1303 1403 de,
1337 1372 1544 1405 difficultate
1569 1373 1739 1416 praecidit
1764 1372 1944 1416 Christus,
1981 1377 2181 1410 omnesiu-

1193 1421 1298 1462 bens,
1339 1430 1376 1456 ut
1402 1430 1595 1467 sequantur
1618 1423 1782 1467 Apostoli
1806 1437 1843 1458 se
1865 1427 2010 1465 ducem,
2054 1435 2086 1461 et
2116 1439 2179 1461 suo

1194 1473 1299 1505 unius
1313 1474 1444 1507 auxilio
1464 1475 1658 1513 confidant,
1695 1487 1729 1508 se
1750 1477 1826 1509 sore
1850 1478 2076 1520 perfectorem
2102 1485 2181 1511 tan-

1194 1530 1246 1556 tae
1276 1524 1347 1564 rei,
1390 1536 1424 1557 se
1450 1526 1571 1568 populi
1600 1526 1738 1559 animos
1764 1527 2017 1561 inclinaturum
2043 1541 2115 1562 esse
2136 1532 2179 1562 atl

1193 1572 1424 1616 Evangelium
1447 1576 1728 1619 amplectendum
1742 1604 1750 1617 ,
1774 1584 1806 1611 et
1823 1579 2011 1612 ducturum
2031 1581 2178 1613 creden-

1192 1631 1242 1657 tes
1268 1627 1309 1657 ad
1329 1624 1463 1666 Deum,
1499 1638 1533 1658 se
1559 1627 1697 1659 frenum
1722 1628 1933 1662 iniecturum
1961 1642 2032 1663 esse
2056 1638 2178 1676 tyran—

1192 1676 1258 1709 nis.
1314 1675 1444 1719 Magna
1465 1673 1548 1709 baec
1565 1678 1734 1720 promissa
1753 1686 1851 1719 sunt,
1880 1692 1967 1724 quae
1990 1681 2093 1725 longe
2119 1694 2179 1715 su-

1190 1733 1316 1772 perant
1332 1727 1450 1759 omnia
1470 1725 1622 1761 humana
1649 1729 1794 1761 consilia
1823 1737 1855 1763 et
1882 1728 2053 1765 humanas
2077 1734 2179 1768 vires.

1192 1776 1273 1809 ldeo
1297 1778 1341 1810 ab
1365 1778 1485 1821 impiis
1508 1779 1726 1821 sapientibus
1748 1780 1855 1814 effuse
1881 1782 2054 1818 ridentur.
2107 1783 2176 1817 Sed

1190 1840 1254 1860 nos
1278 1828 1315 1860 in
1338 1826 1494 1861 Ecclesia
1522 1830 1672 1862 sciamus
1695 1828 1784 1863 hanc
1808 1833 2084 1866 consolationem
2117 1847 2175 1867 ve-

1189 1890 1283 1919 ram,
1303 1886 1344 1912 ,et
1363 1881 1558 1912 necessario
1579 1880 1824 1914 inculcandam
1845 1895 1916 1916 esse
1942 1884 2109 1926 siugulis,
2138 1894 2175 1918 ut

1188 1929 1298 1962 animi
1323 1931 1489 1963 adversus
1515 1931 1736 1965 difficultates
1762 1934 1989 1977 professionis
2013 1933 2180 1978 Evange-

1188 1980 1226 2011 lii
1252 1981 1288 2012 in
1316 1981 1385 2013 vita
1410 1981 1546 2023 privata
1570 1989 1602 2016 et
1626 1983 2054 2030 publica-confirmentur,
2100 1986 2180 2020 Hac·

1187 2031 1368 2064 occasione
1385 2031 1485 2065 dicit:

1362 2113 1451 2161 Ego
1466 2129 1546 2150 sum
1567 2117 1626 2150 ιἰἀ
1638 2145 1646 2160 ,
1682 2112 1833 2161 det-ilas,
1868 2124 1899 2153 el
1917 2119 2003 2159 wila,

1287 2182 1335 2218 Et
1370 2183 1545 2229 emphasis
1578 2192 1626 2219 est
1655 2187 1692 2219 in
1729 2189 2048 2224 demonstratione:
2095 2188 2176 2233 Ego*

1187 2246 1248 2277 ego
1266 2235 1428 2279 inquam,
1456 2237 1549 2269 filius
1565 2235 1648 2277 Dei,
1677 2238 1802 2270 missus
1820 2245 1856 2271 ut
1872 2239 1936 2271 sim
1954 2242 2041 2281 dux,
2069 2248 2101 2275 et
2126 2243 2171 2274 li-

1186 2286 1327 2318 berator
1345 2286 1520 2320 adiuvabo
1537 2300 1608 2327 vos,
1624 2300 1682 2320 ero
1700 2289 1879 2321 vobiscum
1898 2302 2009 2335 usque
2025 2293 2067 2324 ad
2086 2305 2170 2326 con-

1185 2338 1455 2370 summationem
1475 2339 1592 2372 seculi.
1637 2337 1708 2371 Ero
1725 2340 1797 2380 via,
1818 2340 1852 2372 id
1871 2348 1938 2381 est',
1956 2350 2170 2377 monstrator

1185 2387 1280 2428 viae,
1310 2388 1411 2421 dator
1428 2389 1583 2426 consilii,
1621 2390 1747 2421 tollens
1768 2402 1823 2431 ea,
1859 2404 1946 2435 quae
1972 2394 2027 2425 vel
2051 2395 2169 2438 priva-

1185 2439 1264 2477 tim,
1300 2440 1354 2472 vel
1373 2440 1511 2482 publice
1529 2440 1594 2472 iter
1610 2440 1731 2474 salutis
1747 2441 1956 2484 impediunt.
1994 2443 2068 2487 Ego
2092 2458 2169 2479 sunt

1185 2490 1332 2528 veritas,
1360 2491 1394 2522 id
1416 2497 1483 2530 est,
1513 2491 1808 2524 verae-doctrinae
1824 2493 1867 2525 de
1891 2494 2071 2529 voluntate
2091 2495 2168 2537 Dei,

1184 2547 1216 2574 et
1240 2542 1283 2573 de
1306 2541 1418 2573 salute
1442 2548 1581 2573 aeterna
1609 2548 1728 2583 autor,
1767 2544 1877 2585 sugite
1901 2552 1933 2578 et
1957 2549 2171 2580 execramini

1183 2603 1304 2624 omnes
1335 2591 1521 2636 opiniones
1551 2604 1635 2624 cum*
1663 2605 1738 2626 mea
1770 2595 1928 2629 doctrina
1962 2605 2172 2639 pugnantes,

1182 2641 1366 2688 Denique,
1391 2640 1466 2686 Ego
1484 2654 1559 2676 sum
1580 2643 1672 2688 vita,
1705 2645 1743 2678 id
1760 2652 1827 2687 est,
1855 2658 1931 2680 mea
1946 2649 2173 2693 morspl'acav
