2415 2942
129 90 201 127 869
386 86 487 125 xttt.
541 90 573 124 3.
602 85 900 124 ENARRATIO
928 86 1083 123 EPIST.
1110 86 1257 125 PAULI
1288 89 1354 125 AD
1382 89 1643 129 ROMANOS.

1695 95 1799 134 CAP.
1828 98 1893 135 111.
2091 103 2166 138 870

127 181 365 220 peccatorum,
392 175 678 210 reconciliatione
695 186 755 209 seu
771 172 1003 217 imputatione
1020 174 1121 208 iusti—
1146 176 1150 234 ξ
1173 177 1440 217 conciliatione,
1467 186 1498 213 et
1517 179 1748 225 imputatione
1767 184 1924 220 iusticiae
1950 186 2082 223 dictum
2103 198 2162 231 est,

125 228 218 264 ciae,
243 238 322 259 cum
349 237 416 270 qua
442 227 628 261 coniuncta
657 233 708 260 est
732 225 940 263 vivificatio,
969 237 1057 270 quae
1084 226 1122 259 fit
1172 228 1261 262 illud
1295 231 1338 263 de
1375 230 1612 266 vivificatione
1644 233 1747 268 dixit:
1790 234 1965 281 Eripuisti
2006 241 2159 275 animam

124 289 185 322 per
210 277 325 320 ipsum
353 277 463 310 filium
491 276 576 318 Dei,
617 290 696 311 cum
729 277 795 310 fide
825 275 972 309 verbum
1001 276 1120 309 vocale
1145 296 1147 311 ι
1172 290 1300 319 meam,
1323 292 1367 313 ne
1389 281 1530 324 periret.

124 327 333 372 accipimus,
360 339 438 360 cum
464 340 532 372 quo
552 340 634 362 vere
652 334 701 361 est
718 327 836 360 efficax
859 326 952 359 filius
968 324 1053 364 Dei,
1081 333 1120 360 ut
1144 316 1147 392 Ι

467 378 474 385 ·
760 377 768 384 ·
870 377 877 383 ·
1271 337 1440 383 Sequitur
1466 340 1635 382 particula
1665 342 1862 385 exclusiva,
1898 345 2037 390 Gratis,
2068 363 2157 395 quae

124 379 271 412 dicitur:
302 376 537 421 Evangehum
563 386 613 413 est
636 384 791 423 potentia
813 374 879 409 Dei
906 377 950 409 ad
972 376 1118 410 salutem

1171 387 1323 422 excludit
1339 395 1456 422 nostra
1477 391 1598 424 merita
1611 418 1620 432 ‚
1648 399 1680 425 et
1697 399 1811 427 tamen
1837 408 1934 431 causa
1951 402 2157 436 reconcilia—

125 429 223 462 omni
241 429 408 462 credenti.

226 477 303 513 Etsi
336 480 430 513 enirn
463 489 600 512 necesse
632 484 683 512 est
714 477 859 511 retineri
883 477 920 511 in
946 479 1116 513 vocabulo

126 529 384 563 iustificationis
423 529 655 568 relationem,
697 529 830 562 scilicet
874 528 1144 563 remissionem¹

126 587 348 624 peccatorum
374 587 406 614 et
433 579 755 613 reconciliationem
775 605 783 620 ‚
825 590 884 613 seu
909 580 1116 624 imputatio-

126 642 204 663 nem
234 631 408 671 iusticiae,
441 637 584 674 propter
607 629 855 669 mediatorem,
890 637 1008 664 tamen
1033 632 1114 664 sciri

125 686 264 724 oportet
291 681 396 714 simul
417 681 490 713 fieri
509 680 781 713 vivificationem
807 681 904 721 fide,
923 693 1003 714 cum
1021 682 1114 716 filius

126 731 212 765 dicit
237 731 513 765 consolationem
537 731 575 763 in
598 731 764 764 cordibus
789 743 852 775 per
876 733 1023 766 verbum
1049 745 1114 766 vo-

126 782 219 823 cale,
245 789 276 815 et
294 782 446 816 ostendit
463 779 553 815 hanc
569 792 640 814 esse
658 783 875 816 voluntatem
893 784 1026 817 aeterni
1051 796 1113 827 pa-

126 832 208 871 tris,
251 839 283 865 et
307 833 367 866 dat
394 832 565 876 Spiritum
597 839 776 871 sanctum,
819 833 907 866 sicut
940 831 1111 870 Esai.38.

123 882 323 915 dulcissime
339 883 484 926 dicitur,
510 882 573 916 ubi
590 894 670 915 vera
687 884 870 917 conversio
888 885 1111 920 describitur.

125 933 216 966 Cum
245 932 388 966 dixisset
410 931 579 966 Ezechias
601 934 644 966 de
674 935 869 967 terroribus
892 947 953 968 seu
976 936 1110 969 contri-

124 983 243 1018 tione:
282 982 379 1016 Sicut
404 983 459 1016 leo
485 983 651 1018 contrivit
675 985 795 1018 omnia
817 996 892 1018 ossa
919 997 1010 1019 mea:
1047 998 1109 1030 po-

122 1041 191 1067 stea
203 1033 353 1067 additde
362 1034 625 1075 consolatione,
651 1034 828 1080 Corripies
845 1048 900 1069 me
911 1037 1108 1070 etvivifica-

123 1085 177 1118 bis
193 1096 267 1126 me,
294 1092 331 1118 tu
351 1091 467 1118 autem
484 1085 605 1118 eruisti
625 1086 779 1119 animam
804 1098 937 1125 meam,
971 1094 1010 1121 ut
1035 1099 1108 1121 non

123 1135 270 1179 periret,
297 1134 479 1168 Proiecisti
506 1142 582 1179 post
608 1142 743 1180 tergum
768 1144 867 1171 tuum
892 1138 1010 1171 omnia
1029 1150 1107 1182 pec-

122 1192 198 1219 cata
218 1197 305 1220 mea.
363 1185 413 1219 Ita
432 1186 678 1220 universaliter
703 1188 745 1220 de
769 1188 998 1222 conversione
1022 1202 1107 1222 cou-

121 1237 283 1269 cionatur
306 1248 370 1270 vox
396 1237 517 1270 divina
542 1237 579 1270 in
601 1238 793 1282 scriptura,
822 1245 854 1272 et
879 1240 968 1272 duos
991 1247 1107 1273 motus

124 1286 327 1330 coniungit,
369 1286 523 1320 Pavores
554 1295 586 1321 et
615 1289 911 1327 consolationem,
953 1301 1041 1334 quae
1070 1291 1108 1324 sit

123 1337 208 1377 fide,
236 1337 272 1369 id
297 1344 366 1377 est,
392 1338 570 1380 agnitione
596 1345 628 1372 et
651 1339 776 1371 fiducia
804 1339 869 1371 filii
895 1338 979 1380 Dei,
1010 1340 1105 1373 iuxta

123 1388 272 1421 dictum:
297 1386 435 1420 Noticia
446 1389 535 1421 servi
548 1389 615 1421 mei
634 1389 715 1422 iusti
732 1389 1082 1426 iustificabitmultOS.

220 1436 289 1470 Nec
313 1437 476 1480 fingimus
494 1438 797 1480 iustificationem,
824 1452 911 1484 quae
929 1440 973 1474 sit
995 1441 1105 1474 otiosa

122 1488 285 1531 cogitatio
309 1489 352 1521 de
376 1489 602 1530 remissione,
637 1492 695 1523 sed
724 1490 872 1524 dicimus
899 1489 963 1524 hos
989 1499 1106 1525 motus

123 1538 294 1572 divinitus
311 1539 384 1571 fieri
405 1539 439 1571 in
458 1537 618 1578 homine,
647 1553 726 1573 cum
745 1541 903 1583 arguitur
927 1550 1105 1585 peccatum

124 1600 209 1622 voce
233 1588 446 1628 ministerii,
482 1591 576 1634 quod
595 1591 712 1632 docet,
747 1604 836 1636 quae
865 1593 936 1626 sint
957 1601 1108 1636 peccata,

124 1639 302 1672 mentione
328 1639 412 1681 legis
438 1647 470 1673 et
495 1638 679 1683 Evangelii
713 1642 888 1684 arguentis
914 1643 1108 1676 increduli-

124 1697 228 1723 tatem
248 1716 257 1730 ,
299 1689 392 1722 iuxta
427 1690 583 1722 dictum:
628 1691 783 1733 Spiritus
815 1699 953 1725 sanctus
986 1701 1108 1736 arguet

125 1740 298 1773 mundum
322 1742 364 1772 de
392 1747 548 1783 peccato,
579 1742 673 1785 quod
700 1754 772 1774 non
795 1744 942 1776 credunt
970 1744 1007 1776 in
1033 1757 1105 1778 me:

125 1791 280 1824 sentiunt
297 1787 460 1824 homines
476 1791 563 1823 iram
583 1791 658 1826 Dei.
712 1791 756 1824 Et
774 1793 810 1824 in
828 1790 894 1826 hoc
909 1805 1013 1827 sensu
1036 1795 1107 1828 irae
1132 1785 1135 1845 Ξ

124 1840 210 1882 Dei,
238 1853 318 1874 cum
345 1854 410 1874 vox
426 1840 608 1885 Evangelii
631 1843 783 1876 ostendit
809 1844 919 1876 filium
939 1845 1107 1878 mediato·
1133 1848 1135 1864 ''

125 1903 198 1924 rem
210 1918 219 1932 ,
247 1898 278 1925 et
298 1891 401 1925 offert
416 1893 657 1925 remissionem
674 1900 894 1936 peccatorum
906 1921 916 1935 ,
943 1893 1008 1928 hac
1025 1908 1109 1929 voce

127 1943 220 1974 filius
237 1940 303 1975 Dei
320 1943 489 1984 colligens
509 1943 697 1976 Ecclesiam
715 1945 823 1977 simul
841 1945 1041 1979 immediate
1060 1955 1109 1980 est
1133 1938 1136 1980 ἶ

127 1993 264 2033 efficax,
290 2000 329 2027 ut
347 1994 452 2026 corda
480 1993 652 2038 incipiant
675 1996 831 2035 credere,
858 2003 888 2030 et
912 2008 946 2029 se
972 2005 1108 2031 susten-

126 2049 217 2083 tent,
243 2044 357 2086 agnita
377 2044 615 2078 misericordia
632 2052 774 2089 propter
790 2046 902 2079 filium
928 2049 1111 2091 promissa,
1134 2078 1135 2083 ,

128 2093 164 2125 in
188 2105 225 2126 ea
249 2094 487 2127 consolatione
508 2096 658 2130 vivificat
679 2098 805 2137 corda,
837 2110 879 2130 ne
903 2099 1109 2143 oppriman-

127 2151 185 2177 tur
200 2144 383 2177 doloribus
399 2144 603 2181 inferorum.

228 2193 281 2228 Ita
298 2194 506 2239 aspiciamus
522 2208 637 2230 veram
656 2199 931 2241 conversionem,
948 2213 1007 2234 sen
1024 2213 1109 2244 poe-

127 2245 333 2285 nitentiam,
367 2252 401 2279 et
419 2245 522 2279 Pauli
545 2247 741 2281 doctrinam
765 2251 806 2282 ad
832 2262 933 2284 usum
961 2253 1109 2285 transse-

129 2307 264 2336 ramus,
296 2296 335 2330 in
358 2308 427 2341 quo
455 2296 514 2331 fiet
538 2297 719 2333 illustrior.
798 2300 913 2334 Simul
935 2309 1050 2336 autem
1076 2310 1110 2337 et
1133 2297 1136 2340 Ῑ

129 2344 265 2390 phrasis
289 2347 542 2382 consideretur.
596 2348 784 2394 Qnanqam
804 2359 887 2385 sunt
905 2353 941 2385 in
961 2366 1108 2387 conver-

131 2397 228 2430 sione
247 2397 364 2441 plures
388 2406 520 2439 motus,
548 2406 666 2432 tamen
685 2401 893 2435 vocabulum
916 2404 1109 2446 iustificari,
1133 2385 1136 2443 i

133 2447 302 2490 significat
326 2446 421 2482 haud
447 2451 555 2483 dubie
576 2451 731 2495 accipere
761 2454 1019 2493 remissionem,
1054 2467 1109 2488 re-
1133 2446 1136 2504 ξ

132 2498 430 2541 conciliationem,
445 2512 484 2534 ac
502 2501 770 2546 imputationem
787 2503 953 2540 iusticiae.

1008 2505 1109 2540 Hanc
1133 2511 1136 2515 ’

132 2557 247 2582 autem
270 2561 349 2583 cum
372 2552 579 2595 accipimus,
619 2553 726 2587 simul
754 2554 985 2592 vivificamur.
1027 2556 1110 2591 Ideo

1170 438 1277 472 tionis
1292 451 1373 472 mox
1391 440 1508 472 addita
1526 447 1594 481 est,
1620 443 1762 487 scilicet,
1791 458 1854 489 per
1871 450 2015 489 gratiam
2036 452 2155 495 ipsius,

1170 488 1204 520 id
1224 496 1290 527 est,
1309 502 1371 533 per
1391 491 1688 533 misericordiam,
1716 502 1754 528 ut
1769 497 1810 528 ad
1826 495 2001 540 Ephesios
2019 502 2152 548 inquit:

1168 537 1298 573 Dilecti
1317 541 1353 573 in
1378 540 1517 574 dilecto.
1570 540 1617 575 Et
1642 551 1760 586 postea
1785 548 1963 591 sequitur,
1991 553 2153 588 mirando

1167 590 1316 624 consilio
1341 598 1567 635 temperatam
1589 604 1660 625 esse
1687 596 1947 632 misericordiae
1970 602 2153 640 iusticiam.

1166 639 1329 676 Remittit
1349 643 1442 675 Deus
1462 654 1523 685 per
1539 643 1815 679 misericordiam
1829 675 1836 688 ,
1860 651 1920 682 sed
1938 651 2002 693 ita,
2027 660 2065 687 ut
2081 667 2150 688 ser-

1167 692 1240 725 vari
1259 699 1374 725 tamen
1390 694 1553 726 ordinem
1574 694 1732 729 iusticiae
1750 698 1845 733 velit.

1267 750 1397 786 Omnis
1413 754 1467 786 lex
1485 754 1637 797 obligat,
1664 756 1717 788 vel
1741 759 1783 790 ad
1811 759 2069 804 obedientiam,
2098 767 2151 799 vel

1164 804 1206 835 ad
1226 815 1387 847 poenam.
1442 803 1632 850 Postquam
1651 805 1759 848 igitur
1776 806 1938 844 homines
1961 813 2043 847 facti
2069 824 2149 850 sunt

1164 854 1236 894 rei,
1270 854 1372 888 offert
1397 865 1433 886 se
1460 855 1552 888 filius
1579 857 1619 887 ad
1648 869 1816 900 poenam,
1851 873 1939 906 quae
1971 864 2062 898 valet
2087 879 2149 909 pro

1163 905 1258 944 aliis,
1296 905 1377 949 qnia
1395 905 1467 949 ipse
1487 913 1518 939 et
1539 906 1710 940 innocens
1740 917 1788 943 est
1814 917 1845 944 et
1870 925 1949 946 vere
1974 915 2146 959 diligitur.

1163 954 1239 988 Hoc
1263 956 1464 989 mirandum
1488 958 1676 991 consilium
1697 966 1730 993 et
1753 967 2066 1005 temperamentum
2084 969 2150 1000 mi-

1162 1006 1371 1039 sericordiae
1391 1014 1421 1039 et
1440 1007 1596 1041 iusticiae
1615 1008 1651 1041 in
1675 1016 1745 1043 tota
1771 1015 1975 1048 aeternitate
1993 1025 2149 1051 contem-

1162 1057 1339 1100 plabimur
1356 1057 1393 1090 in
1411 1056 1502 1098 Deo,
1531 1065 1563 1092 et
1581 1060 1623 1091 de
1646 1072 1687 1092 eo
1706 1060 1816 1095 filium
1835 1062 1900 1097 Dei
1928 1078 1991 1099 nos
2017 1068 2147 1102 docen—

1161 1114 1229 1140 tem
1256 1108 1463 1148 audiemus,
1505 1116 1537 1143 et
1567 1110 1822 1147 celebrabimus
1850 1111 1916 1148 boc
1947 1118 2147 1153 mirandum

1160 1158 1294 1199 foedus,
1313 1159 1573 1203 copulationem
1591 1161 1733 1195 divinae
1749 1170 1781 1196 et
1798 1163 1973 1200 humanae
1989 1176 2149 1212 naturae,

1160 1215 1192 1242 et
1212 1209 1287 1243 Deo
1310 1210 1438 1252 gratias
1464 1222 1616 1253 agemus.
1669 1212 1809 1247 Incoari
1835 1223 1952 1250 tamen
1971 1217 2033 1253 has
2052 1222 2147 1265 cogi-

1160 1260 1308 1293 tationes
1325 1260 1363 1293 in
1383 1258 1448 1294 hac
1466 1262 1536 1295 vita
1557 1273 1693 1296 neeesse
1711 1271 1767 1298 sst.

1261 1317 1415 1352 Assiduo
1431 1320 1694 1354 consideremus
1708 1349 1716 1363 ‚
1744 1331 1873 1369 quanta
1892 1338 1944 1359 res
1960 1329 2023 1368 sit,
2052 1331 2147 1374 quod

1159 1370 1280 1402 divina
1305 1381 1453 1413 persona
1479 1382 1514 1403 se
1544 1372 1722 1413 demittit,
1759 1381 1791 1408 et
1824 1378 1967 1411 assumit
1999 1391 2147 1413 massam

1159 1427 1300 1454 nostrae
1329 1428 1493 1461 naturae,
1529 1429 1682 1466 quantus
1708 1436 1807 1458 amor
1837 1427 1880 1461 sit
1912 1429 1947 1461 in
1971 1430 2042 1463 filio
2068 1443 2147 1474 erga

1160 1483 1245 1511 nos,
1279 1478 1409 1515 quanta
1443 1472 1683 1507 misericordia
1717 1478 1849 1509 aeterni
1884 1480 2011 1522 patris,
2053 1484 2148 1527 quod

1160 1522 1273 1554 filium
1296 1522 1423 1560 mittit,
1458 1535 1562 1567 quam
1587 1525 1737 1566 pretiosa
1762 1528 1805 1560 sit
1837 1526 1921 1563 haee
1948 1532 2146 1567 obedientia

1159 1573 1197 1604 in
1215 1572 1306 1612 filio,
1331 1584 1419 1616 quae
1437 1570 1668 1607 horribilibus
1687 1577 1876 1612 sceleribus
1897 1582 2058 1615 omnium
2082 1582 2145 1617 ho-

1160 1623 1297 1655 minum
1327 1624 1552 1656 anteferenda
1584 1633 1653 1666 est,
1695 1627 1788 1661 iuxta
1824 1630 1973 1664 dictum:
2018 1632 2142 1669 Gratia

1161 1673 1326 1706 exuberat
1344 1685 1447 1718 supra
1464 1674 1644 1711 delictum.

1156 1775 1161 1781 ι
1262 1729 1479 1774 Cogitandae
1501 1740 1584 1767 sunt
1607 1746 1745 1776 causae,
1773 1749 1881 1782 quare
1905 1740 1996 1775 filius
2022 1743 2147 1777 missus

1161 1782 1223 1821 sit,
1251 1788 1283 1814 et
1307 1794 1414 1826 quare
1437 1784 1618 1827 copulatae
1640 1786 1708 1819 sint
1733 1787 1768 1820 in
1787 1787 1915 1823 Messia
1940 1799 2063 1827 natura
2092 1796 2147 1828 di-

1162 1834 1242 1865 vina
1267 1839 1299 1866 et
1324 1831 1498 1874 humana,
1526 1842 1558 1868 et
1579 1838 1673 1880 quod
1694 1836 1840 1872 Messias
1859 1853 1930 1874 non
1949 1850 2083 1877 tantum
2103 1847 2146 1880 sit

1133 1886 1135 1906 ’ν
1162 1884 1320 1924 victima,
1347 1885 1406 1917 sed
1429 1886 1523 1929 qnod
1550 1886 1642 1919 filius
1667 1889 1790 1923 missus
1817 1891 1860 1924 sit
1885 1893 1929 1925 ab
1958 1894 2080 1936 initio,
2108 1905 2146 1930 nt

1161 1933 1354 1967 Ecclesiam
1381 1935 1524 1979 colliga,
1558 1944 1591 1970 et
1614 1937 1651 1970 in
1678 1951 1715 1972 ea
1740 1941 1783 1973 sit
1806 1942 1940 1983 efficax,
1975 1946 2063 1979 sicut
2090 1947 2145 1980 in—

1162 1985 1254 2029 quit:
1282 1983 1357 2028 Ego
1384 1987 1488 2019 vitam
1515 1994 1692 2022 aeternam
1718 1991 1762 2023 do
1787 1991 1846 2027 eis.
1901 1993 2006 2029 Item:
2034 1996 2145 2031 Nemo

1162 2036 1261 2069 novit
1276 2043 1429 2080 patrem,
1454 2038 1520 2071 nisi
1545 2038 1656 2080 filius,
1683 2047 1716 2074 et
1738 2043 1793 2075 cui
1816 2043 1908 2077 filius
1933 2047 2025 2080 volet
2049 2060 2146 2082 reve-

1161 2087 1243 2121 lare.
1298 2086 1377 2121 Sint
1397 2095 1511 2121 autem
1535 2090 1571 2122 in
1595 2099 1782 2134 conspectu
1808 2106 1928 2129 causae
1952 2098 2147 2142 copulatio-

1161 2138 1216 2170 nis
1232 2138 1374 2171 divinae
1390 2146 1421 2171 et
1440 2136 1615 2174 humanae
1634 2149 1790 2179 naturae.

1267 2198 1300 2233 1.
1326 2196 1404 2231 Nisi
1427 2199 1557 2232 factum
1583 2208 1669 2234 esset
1694 2203 1893 2244 decretum,
1919 2211 1958 2238 ut
1979 2205 2070 2240 filius
2095 2219 2148 2241 as-

1162 2255 1314 2283 sumeret
1330 2260 1479 2282 massam
1495 2251 1632 2293 generis
1656 2250 1802 2286 humani
1815 2280 1822 2293 ‚
1849 2260 1919 2288 tota
1937 2263 2060 2291 natura
2081 2256 2146 2291 hu—

1163 2311 1264 2331 mana
1282 2311 1361 2332 mox
1371 2299 1531 2334 funditus
1548 2302 1661 2335 deleta
1677 2310 1774 2338 esset.
1801 2304 1945 2339 Servata
1959 2315 2006 2340 est
2021 2316 2150 2350 autem,

1163 2356 1201 2382 ut
1217 2347 1274 2382 hic
1296 2350 1389 2383 filius
1419 2359 1639 2393 nasceretur,
1674 2360 1705 2386 et
1733 2354 1859 2388 deinde
1884 2356 2003 2392 inserti
2025 2360 2054 2392 ei
2074 2372 2147 2394 cre-

1162 2402 1283 2434 dentes
1299 2412 1420 2434 mrsus
1437 2414 1497 2445 per
1516 2414 1594 2436 eum
1613 2403 1885 2439 vivificarentur.

1264 2460 1297 2493 2.
1334 2458 1423 2494 Cum
1454 2473 1564 2504 genus
1597 2459 1791 2497 humanum
1818 2468 2029 2509 peccaverit,
2064 2481 2146 2502 con-

1163 2511 1327 2553 gruebat,
1354 2518 1394 2545 ut
1417 2524 1564 2556 poenam
1590 2513 1700 2547 lueret
1725 2515 1852 2559 aliquis
1874 2517 1910 2550 in
1934 2529 2060 2561 genere
2084 2518 2145 2554 hu-

1162 2573 1280 2597 mano.
1334 2560 1419 2596 Ideo
1437 2562 1529 2596 filius
1544 2563 1751 2598 intercessor
1777 2569 1939 2602 assumsit
1961 2567 2149 2603 humanam

131 2596 297 2633 Ezechias
311 2597 397 2635 haec
414 2603 483 2636 duo
501 2604 701 2638 coniunxit:
733 2603 916 2640 Proiecisti
940 2615 1018 2652 post
1040 2615 1112 2642 ter·
1165 2620 1325 2646 naturam
1341 2639 1351 2652 ‚
1383 2620 1421 2646 ut
1446 2612 1586 2647 Psalmo
1611 2618 1763 2649 secundo
1788 2617 1932 2651 dicitur:
1969 2619 2108 2654 Postula
2133 2635 2149 2655 a

132 2661 214 2692 gum
229 2650 348 2685 omnia
363 2660 499 2696 peccata
513 2665 602 2692 mea.
654 2653 733 2690 Hoc
751 2656 794 2690 de
809 2658 1032 2701 remissione,
1057 2671 1112 2693 re*

1164 2675 1238 2705 me,
1261 2669 1295 2697 et
1309 2664 1401 2697 dabo
1416 2663 1480 2699 tibi
1498 2671 1616 2707 gentes
1632 2663 1882 2703 haereditatem
1901 2677 2006 2703 tuam.

1504 2712 1588 2748 55*
