2415 2942
250 85 320 120 703

248 170 341 216 quod
362 166 473 202 adhuc
491 163 629 197 haereat
647 161 682 194 in
699 159 802 193 nobis
823 164 1020 203 peccatum,
1047 169 1116 203 quo
1144 170 1230 192 con·

249 222 465 256 taminantnr
490 215 593 248 etiam
617 214 709 245 bona
736 221 853 254 opera.
906 208 990 242 Ideo
1015 220 1167 242 crescere
1193 209 1231 242 in

249 272 351 305 nobis
377 266 507 310 agnitio
532 270 672 297 nostrae
705 259 920 294 infirmitatis
951 267 983 293 et
1014 260 1230 303 poenitentia

248 323 362 356 debet.
414 316 551 351 Deinde
575 315 637 348 etsi
661 325 732 346 non
758 322 877 345 sumus
904 311 986 344 iusti
1011 317 1155 354 propter
1169 322 1235 345 no-

248 380 334 406 stras
351 369 514 407 virtutes,
541 372 658 398 tamen
678 370 860 408 postquam
882 362 948 394 fide
966 362 1184 395 reconciliati
1202 368 1236 395 et

249 422 328 455 iusti
345 429 485 458 sumus,
511 417 621 461 placet
636 416 740 449 etiam
757 415 893 447 incoata
912 412 1130 450 obedientia,
1157 424 1232 445 non

249 473 330 518 quia
355 469 539 504 satisfaciat
570 467 653 510 legi,
683 473 741 499 aut
769 465 849 509 quia
874 464 917 497 sit
941 463 1016 496 sine
1043 463 1148 502 vitio,
1177 464 1235 496 sed

249 529 392 568 propter
409 518 590 553 Christum
618 517 837 562 pontificem,
863 514 1146 559 interpellantem
1173 526 1237 558 pro

250 574 354 608 nobis
379 579 441 605 etc.

351 622 446 656 Haec
461 620 619 654 doctrina
637 629 762 661 magna
781 615 976 649 consolati0
1002 622 1052 648 est
1080 614 1167 658 piis,
1205 621 1238 647 et

250 674 456 718 magnitudo
475 670 736 704 misericordiae
747 666 909 701 hortatur
925 667 965 698 ad
981 667 1070 699 bene
1087 676 1238 708 operan-

251 729 348 761 dum.
415 723 506 757 Cum
531 721 624 754 enim
650 720 748 753 audit
774 719 829 761 pia
856 728 954 749 mens
980 723 1073 749 certo
1101 716 1238 760 placere

252 776 343 810 hanc
371 773 717 819 quantulamcunque
743 767 981 801 obedientiam
1011 774 1042 799 et
1068 767 1238 799 contami-

253 835 388 865 natam,
416 836 493 857 cum
515 823 612 854 audit
634 821 765 853 cultum
785 818 848 851 Dei
874 825 904 850 et
925 817 1132 850 sacrificium
1156 828 1239 856 esse,

253 878 346 911 haud
385 875 491 908 dubie
527 872 748 910 accenditur,
781 876 819 902 ut
852 880 926 901 eam
962 868 1094 900 maiore
1121 868 1239 900 studio

252 933 413 973 praestet.
466 923 534 957 Hic
550 930 643 956 totns
668 922 766 954 locus
789 931 893 963 supra
919 920 955 951 in
980 925 1102 951 octavo
1128 918 1240 962 capite

252 978 402 1014 traditus
422 982 489 1013 est,
517 974 577 1007 ubi
598 974 700 1005 etiam
720 972 850 1004 dictum
871 977 940 1008 est,
968 969 1084 1014 qualia
1105 975 1242 1012 peccata

255 1031 322 1063 sint
341 1029 376 1060 in
393 1026 533 1059 sanctis.
587 1023 672 1056 Item
692 1024 734 1055 de
754 1021 958 1055 discrimine
975 1020 1103 1064 peccati
1122 1020 1242 1052 venia-

254 1082 296 1113 lis
314 1087 346 1113 et
360 1077 532 1111 mortalis.
584 1074 632 1107 Hi
651 1074 718 1106 loci
737 1072 952 1117 pertinentes
974 1073 1016 1104 ad
1043 1071 1240 1104 doctrinam

257 1141 402 1176 operum
416 1155 423 1169 ‚
452 1126 509 1160 hic
528 1126 631 1160 initio
653 1123 897 1157 considerandi
915 1129 1008 1155 sunt.

358 1180 461 1213 'Nunc
480 1178 584 1211 redeo
603 1177 645 1208 ad
664 1182 809 1209 textum.
863 1173 1121 1206 Duodecimum
1140 1179 1244 1217 caput

256 1239 306 1266 est
334 1228 488 1276 ἠθικὸν,
516 1228 553 1260 id
581 1234 648 1267 est,
691 1226 798 1259 tradit
821 1230 1004 1268 praecepta
1031 1226 1073 1256 de
1098 1223 1244 1267 privatis

257 1283 460 1316 virtutibus·
529 1277 862 1312 Decimumtertium
899 1281 948 1307 est
984 1275 1165 1318 politicum
1201 1275 1244 1306 de

257 1333 482 1376 magistratu,
509 1336 539 1361 et
565 1330 607 1361 de
629 1326 842 1360 obedientia.
894 1323 1244 1370 Decimumquartum

259 1391 309 1418 est
327 1380 577 1419 ceremoniale,
603 1379 644 1411 de
664 1390 730 1411 usu
748 1376 1038 1410 ceremoniarum,

469 1460 640 1498 Oblostor
658 1470 778 1495 autem
800 1473 858 1493 sos
871 1460 1028 1508 sralres,

362 1534 469 1567 Initio
490 1531 658 1576 proponit
683 1529 843 1571 generale
868 1535 1094 1571 praceptum,
1122 1527 1247 1560 videli-

261 1594 332 1627 cet,
357 1593 395 1619 ut
417 1582 645 1617 exhibeamus
665 1581 818 1624 aliquem
844 1579 976 1612 cultum
996 1577 1090 1616 Deo,
1119 1586 1151 1612 et
1171 1579 1249 1622 qni-
1273 1596 1276 1608 .

262 1642 339 1671 dem
359 1635 586 1671 rationalem,
614 1630 681 1665 hoc
699 1637 766 1671 est,
793 1630 918 1670 tatem,
944 1631 981 1662 in
1004 1641 1072 1674 quo
1092 1629 1250 1671 agnosci-
1274 1632 1276 1651 ἒ

262 1697 319 1722 tur
345 1694 377 1721 et
400 1683 678 1730 apprehenditur
701 1683 816 1721 Betis,
851 1692 911 1713 seu
944 1681 980 1713 in
1004 1692 1074 1725 quo
1099 1680 1252 1712 existunt

267 1738 305 1772 hi
332 1744 448 1771 motus
473 1735 608 1774 divini,
643 1733 808 1765 videlicet
831 1732 938 1764 timor
962 1730 1028 1764 Dei
1054 1738 1086 1765 et
1111 1730 1250 1764 fiducia.

263 1789 400 1824 Deinde
419 1787 581 1820 nominat
606 1783 702 1817 hunc
720 1783 874 1822 cultum,
902 1780 1082 1820 videlicet,
1108 1788 1147 1815 ut
1165 1781 1252 1813 offe-

263 1851 380 1874 ramus
403 1837 551 1875 hostias,
587 1846 732 1879 corpora
759 1840 896 1872 nostra,
923 1833 957 1865 id
976 1840 1043 1871 est,
1072 1839 1110 1866 ut
1128 1832 1252 1864 morti-

263 1892 411 1924 ficentur
430 1898 576 1932 corpora
596 1893 734 1925 nostra,
763 1891 794 1917 et
813 1886 862 1916 sic
883 1884 967 1917 fiant
984 1883 1166 1922 victimae,
1201 1883 1253 1914 vi-

265 1943 392 1975 delicet
417 1937 633 1972 mortificatis
648 1935 830 1968 affectibus
850 1935 1071 1974 carnalibus,
1099 1941 1132 1968 et
1149 1934 1254 1967 susti-

266 1992 391 2026 nendis
409 1988 670 2023 afflictionibus.

370 2041 432 2074 Est
451 2040 557 2083 igitur
574 2037 734 2081 generale
753 2042 988 2080 praeceptum,
1017 2035 1052 2067 in
1078 2047 1146 2080 quo
1166 2035 1252 2068 illud

268 2093 475 2134 estinsigne,
493 2091 584 2135 quod
599 2087 687 2121 hanc
699 2087 935 2120 obedientiam
948 2087 1022 2119 vult
1040 2098 1111 2118 esse
1123 2086 1255 2118 cultum

269 2144 477 2178 rationalem
492 2168 499 2179 ‚
523 2148 553 2173 et
571 2151 634 2172 nos
651 2138 723 2170 fieri
743 2138 913 2169 victimas.
967 2135 1059 2178 Quia
1084 2137 1176 2168 enim
1193 2148 1256 2180 po-

270 2196 392 2240 pulum
427 2191 490 2225 Dei
523 2201 660 2223 necesse
697 2196 746 2221 est
772 2186 900 2219 habere
927 2187 1079 2231 aliquem
1109 2187 1255 2230 cultum,

272 2244 501 2279 sacerdotium
527 2249 559 2274 et
584 2239 770 2278 sacrificia,
804 2236 976 2270 habemus
1001 2244 1033 2270 et
1056 2248 1119 2269 nos
1146 2249 1257 2270 sacer-

272 2297 406 2329 dotium
426 2300 456 2327 et
476 2292 653 2325 sacrificia.
707 2288 746 2322 Et
766 2287 821 2321 hic
840 2289 992 2331 primum
1011 2295 1079 2320 tota
1097 2288 1257 2335 doctri-na

275 2348 316 2379 de
343 2343 543 2378 'sacerdotio
576 2350 609 2376 et
642 2341 891 2375 sacrificiorum
926 2339 1124 2371 differentia
1160 2351 1259 2383 repc-

272 2397 376 2432 tenda
395 2401 455 2428 est.

378 2443 562 2482 Secundo,
607 2441 794 2484 diligenter
839 2440 1096 2473 observandum
1114 2467 1122 2479 ‚
1165 2441 1258 2483 quod

276 2497 431 2542 requirat
461 2494 564 2526 fidem
593 2493 632 2524 in
662 2493 722 2526 illa
748 2491 949 2525 obedientia
978 2497 1009 2523 et
1034 2490 1071 2522 in
1097 2492 1260 2524 omnibus

277 2547 382 2582 bonis
399 2544 576 2588 operibus.

379 2594 526 2632 Tertio‚
554 2592 667 2637 qualis
685 2593 726 2625 sit
747 2589 941 2636 emphasis,
969 2592 1062 2637 quod
1080 2598 1179 2624 vocat
1199 2603 1262 2624 nos

280 2647 449 2682 victimas.
509 2642 707 2677 Sacerdotis
740 2644 881 2688 proprie
917 2643 983 2677 tria
1017 2650 1098 2677 sunt
1131 2642 1262 2675 officia:

839 74 965 111 pum
992 72 1109 109 MEL,
1137 71 1348 108 SCRIPTA
1375 70 1680 108 EXEGETICA.

2195 75 2267 111 704

1289 158 1426 193 Tenere
1454 166 1487 193 et
1511 159 1667 192 confiteri
1692 156 1934 203 Evangelium
1961 161 2132 197 divinitus
2157 163 2274 197 tradi—

1290 217 1380 251 tum,
1414 209 1543 244 habere
1563 211 1770 243 mandatum
1795 217 1828 244 et
1852 212 2122 255 promissionem
2149 215 2191 248 de
2215 214 2273 247 in-

1288 262 1471 295 vocatione
1490 268 1523 294 ct
1540 261 1582 294 de
1600 260 1780 294 sacrificio.

1389 311 1484 345 Ilaec
1501 312 1655 360 primum
1677 318 1881 355 competunt
1899 309 2060 353 Christo,
2088 326 2151 358 per
2167 325 2270 359 quem

1288 363 1478 396 revelatum
1503 369 1553 396 est
1573 360 1826 405 Evangelium,
1868 363 1930 406 qui
1961 364 2055 396 solus
2085 362 2191 398 habet
2219 365 2273 398 ius

1288 414 1529 448 intercedendi
1561 425 1625 457 pro
1651 413 1749 453 aliis,
1785 419 1819 446 et
1840 413 2011 446 offerendi
2036 415 2194 448 sacrificii
2219 415 2273 449 sui

1289 477 1351 509 pro
1370 465 1459 499 aliis.
1511 462 1648 497 Deinde
1670 462 1832 497 Christus
1850 464 1897 497 ita
1921 464 2077 508 impertit
2102 462 2274 498 honorem

1288 515 1475 549 sacerdotii
1491 515 1734 556 credentibus,
1755 515 1836 560 quia
1854 515 1913 549 dat
1930 515 1977 548 eis
1996 516 2141 549 verbum
2159 527 2274 556 suum,

1289 573 1323 600 et
1340 566 1437 599 addit
1457 566 1743 609 promissionem,
1763 566 1857 610 quod
1879 567 2106 599 exauditurus
2122 567 2166 600 sit
2179 565 2276 600 Deus

1290 617 1512 655 invocantes,
1554 623 1586 650 et
1619 617 1726 650 donat
1755 617 1803 649 eis
1838 617 1891 649 sui
1926 617 2087 650 sacrificii
2110 617 2276 653 fructum.

1289 666 1426 701 Deinde
1445 668 1488 700 ab
1513 667 1597 711 ipsis
1622 668 1726 702 etiam
1753 667 1902 712 requirit
1928 668 2114 708 sacrificia,
2143 668 2276 703 scilicet

1290 719 1566 756 confessionem,
1601 724 1634 752 et
1658 718 1897 752 obedientiam
1921 718 1958 751 in
1984 718 2087 752 bonis
2110 719 2277 763 operibus

1291 776 1325 803 et
1342 769 1606 804 afflictionibus,

1392 818 1482 852 Cum
1508 819 1617 862 igitur
1640 820 1820 853 credentes
1845 819 1914 853 sint
1939 821 2152 860 sacerdotes,
2193 831 2279 853 con-

1291 870 1452 903 cionatur
1469 876 1502 903 et
1518 869 1649 903 Paulus
1663 867 1721 903 hic
1749 871 1792 903 de
1818 871 1994 904 sacrificiis
2006 898 2014 911 ,
2049 871 2138 904 sicut
2154 869 2278 904 Petrus

1292 921 1423 965 inquit:
1460 920 1533 954 Vos
1552 921 1632 954 estis
1656 921 1890 955 sacerdotium
1913 928 2091 961 sanctum,
2126 927 2165 955 ut
2189 921 2279 954 offe-

1292 972 1375 1004 ratis
1393 971 1591 1015 spirituales
1607 968 1760 1013 hostias,
1786 979 1941 1016 acceptas
1958 972 2057 1013 Deo,
2083 983 2146 1015 per
2163 970 2278 1004 Iesum

1292 1020 1486 1056 Christum.
1547 1021 1618 1055 Ubi
1650 1022 1778 1056 diserte
1808 1022 1957 1063 dicitur,
1998 1029 2137 1056 nostros
2167 1022 2282 1055 cultus

1293 1079 1452 1116 acceptos
1483 1084 1575 1110 esse,
1609 1084 1683 1105 non
1707 1079 1852 1116 propter
1876 1080 2034 1106 nostram
2061 1073 2282 1117 dignitatem,

1294 1124 1352 1157 sed
1370 1130 1515 1167 propter
1534 1123 1733 1167 pontificem
1750 1121 1945 1158 Christum.

1395 1173 1464 1208 Hic
1480 1181 1595 1208 autem
1614 1175 1764 1207 tenenda
1781 1180 1831 1207 est
1850 1174 1953 1207 etiam
1970 1173 2150 1207 distinctio
2174 1174 2282 1206 sacri-

1295 1225 1363 1258 ficii
1384 1226 1520 1259 usitata.
1565 1223 1685 1259 Unum
1701 1231 1752 1258 est
1767 1224 1973 1258 sacrificium
1992 1224 2282 1268 propiciatorium

1296 1288 1358 1320 pro
1377 1276 1474 1316 aliis,
1501 1276 1536 1309 id
1554 1282 1625 1315 est,
1651 1276 1746 1320 quod
1763 1275 1842 1308 aliis
1861 1282 2015 1309 meretur
2039 1275 2284 1308 remissionem

1297 1333 1538 1370 peccatorum,
1565 1326 1696 1359 scilicet
1721 1337 1815 1358 mors
1840 1323 1984 1359 Christi.
2036 1325 2178 1358 Habent
2203 1336 2285 1368 ergo

1298 1378 1478 1410 credentes
1497 1377 1648 1419 primum
1669 1376 1757 1409 illud
1773 1376 1928 1409 alienum
1948 1376 2169 1415 sacrificium,
2188 1376 2284 1419 qnod

1299 1434 1415 1460 tamen
1435 1427 1538 1459 nobis
1557 1428 1726 1459 donatum
1752 1432 1820 1464 est,
1848 1426 1914 1464 ita,
1941 1433 1980 1460 ut
2002 1426 2069 1458 fide
2093 1431 2285 1458 statuamus

1299 1490 1379 1511 vere
1413 1478 1516 1510 nobis
1550 1477 1675 1509 donari
1698 1477 1870 1517 fructum,
1905 1488 1964 1509 seu
1990 1477 2154 1510 meritum
2180 1473 2286 1509 huius

1300 1528 1470 1561 sacrificii.
1523 1527 1661 1561 Deinde
1687 1528 1841 1560 reddunt
1865 1528 2046 1560 credentes
2071 1528 2175 1560 etiam
2201 1538 2286 1571 pro-

1301 1579 1375 1622 pria
1394 1578 1580 1617 sacrificia,
1614 1578 1672 1610 sed
1696 1575 1782 1610 haec
1806 1589 1880 1610 non
1904 1584 2086 1610 merentur
2109 1577 2287 1610 remissio-

1301 1641 1381 1662 nem
1397 1635 1619 1672 peccatorum
1635 1627 1778 1661 facienti
1792 1634 1852 1661 aut
1869 1627 1965 1666 aliis,
2000 1628 2060 1660 sed
2086 1627 2227 1671 placent
2249 1628 2287 1660 in

1302 1679 1538 1712 reconciliatis
1563 1685 1707 1721 propter
1737 1678 1938 1722 pontificem
1963 1675 2162 1718 Christum,
2199 1678 2290 1712 sicut

1304 1730 1426 1764 Petrus
1443 1730 1505 1762 ait:
1535 1728 1582 1762 Ut
1601 1729 1756 1762 offeratis
1775 1736 1837 1762 etc.
1890 1728 1986 1762 Haec
2002 1728 2166 1762 sacrificia
2187 1741 2290 1762 voca-

1305 1793 1382 1814 mus
1407 1778 1661 1815 Eucharistica.
1726 1777 1789 1813 Est
1819 1786 1935 1813 autem
1966 1780 2009 1812 de
2032 1786 2158 1812 natura
2184 1776 2291 1812 huius

1305 1831 1485 1870 sacrificii,
1509 1830 1619 1863 facere
1637 1842 1725 1873 opus
1740 1842 1758 1863 a
1778 1830 1851 1864 Deo
1869 1830 2091 1868 mandatum,
2123 1827 2191 1863 hoc
2210 1830 2290 1871 fine,

1305 1890 1342 1916 ut
1359 1882 1487 1925 gratias
1503 1893 1645 1925 agamus
1661 1879 1754 1920 Deo,
1781 1887 1813 1914 et
1832 1880 2066 1923 glorificemus
2091 1891 2188 1920 eum,
2222 1878 2289 1913 hoe

1307 1941 1373 1973 est,
1406 1939 1445 1966 ut
1470 1930 1534 1965 hac
1556 1932 1628 1974 ipsa
1650 1931 1851 1964 obedientia
1875 1937 2059 1971 testemur,
2091 1927 2186 1963 hunc
2209 1942 2289 1964 vere

1307 1983 1421 2017 Deum
1437 1994 1529 2022 esse,
1556 1993 1658 2026 quern
1678 1982 1900 2021 invocamus,
1927 1987 1960 2014 et
1978 1993 2058 2014 vera
2075 1991 2165 2021 esse,
2198 1992 2289 2025 quae

1309 2035 1351 2067 de
1368 2046 1407 2066 eo
1425 2032 1683 2077 praedicamus,
1701 2039 1805 2077 atque
1824 2032 1870 2065 ita
1888 2032 2078 2064 invitemus
2092 2038 2214 2065 nostro
2231 2043 2291 2065 ex*-

1309 2085 1424 2128 emplo
1456 2083 1555 2116 alios.
1616 2081 1685 2115 Hic
1714 2088 1764 2115 est
1788 2082 1993 2126 principalis
2017 2082 2097 2114 finis
2120 2082 2291 2124 sacrificii,

1310 2143 1347 2168 ut
1362 2135 1473 2178 gloria
1490 2133 1554 2167 Dei
1574 2133 1631 2166 fiat
1648 2133 1838 2173 illustrior,
1865 2141 1898 2167 et
1915 2131 2009 2166 Deus
2022 2132 2229 2168 innotescat.

1412 2185 1505 2219 Sunt
1535 2190 1652 2217 autem
1685 2184 1850 2217 sacrificia
1881 2183 1937 2216 vel
1967 2183 2211 2216 ceremonialia
2235 2183 2291 2217 vel

1311 2236 1515 2280 spiritualia.
1570 2234 1611 2268 ln
1635 2234 1743 2268 veteri
1760 2233 1985 2267 Testamento
2009 2233 2138 2267 fiebant
2162 2240 2291 2267 macta-

1312 2288 1424 2321 tiones
1439 2286 1632 2330 pecudum,
1666 2291 1699 2318 et
1715 2285 1804 2318 aliae
1827 2284 2061 2324 ceremoniae,
2095 2295 2184 2328 quae
2208 2291 2294 2318 tunc

1311 2336 1488 2371 habebant
1507 2337 1710 2370 mandatnm
1727 2333 1814 2375 Dei,
1837 2342 1877 2369 ut
1892 2340 2006 2368 essent
2020 2334 2166 2367 umbrae
2185 2335 2293 2369 bene-

1313 2389 1470 2422 ficiorum
1501 2386 1698 2430 Evangelii.
1776 2384 1853 2426 Hae
1891 2385 2037 2418 umbrae
2071 2393 2293 2420 cessaverunt

1314 2446 1497 2483 postquam
1514 2436 1746 2480 Evangelium
1763 2436 1954 2469 revelatum
1971 2442 2035 2475 est,
2063 2447 2212 2481 cumque
2226 2448 2293 2470 no-

1314 2502 1394 2522 vum
1412 2488 1676 2522 Testamentum
1691 2486 1813 2519 afferat
1830 2486 1865 2518 in
1882 2486 2047 2519 cordibus
2063 2486 2236 2520 iusticiam
2259 2495 2293 2521 et

1313 2540 1439 2579 vitam,
1467 2539 1535 2572 iam
1553 2537 1664 2572 cultus
1680 2544 1712 2570 et
1728 2536 1894 2569 sacrificia
1911 2548 1982 2569 esse
2009 2537 2138 2570 debent
2161 2538 2234 2570 veri
2260 2544 2294 2571 et.

1315 2590 1472 2635 perpetui
1498 2596 1615 2623 motus
1637 2587 1770 2627 cordis,
1805 2593 1969 2631 perpetua
1993 2587 2198 2630 glorificatio
2214 2586 2292 2628 Dei,

1313 2642 1401 2675 sicut
1427 2640 1542 2685 inquit
1557 2637 1735 2673 Christus:
1764 2636 1849 2671 Veri
1872 2639 2071 2672 adoratores
2095 2639 2295 2672 adorabunt
