2415 2942
256 118 303 153 35

261 201 410 235 aeternis
445 198 575 244 poenis.
636 195 805 229 llomincs
840 194 942 226 otiosi
977 199 1008 225 et
1035 192 1146 225 securi
1173 203 1244 224 non

264 259 407 296 possunt
439 249 653 286 existimare,
688 252 817 290 qnmta
846 243 950 275 suerit
973 243 1007 274 in
1036 243 1158 285 primis
1186 255 1240 286 pn-

266 304 421 336 rentibus
453 298 536 332 liaec
565 295 816 332 consternatio¹
851 294 910 338 qui
945 291 1035 325 nihil
1062 294 1273 327 audierant*

266 356 307 386 de
327 351 528 385 remissione
545 353 776 392 peccatorum,
800 345 869 377 imo
887 344 1069 377 audierant
1087 356 1246 387 magnam

267 402 528 436 multitudinem
555 397 763 440 spirituum,
797 402 874 439 post
897 395 1051 439 lapsum,
1077 396 1114 428 in
1139 402 1247 428 aeter-

268 465 328 486 nas
346 462 472 496 poenas
490 449 656 482 abiectam
673 459 753 480 esse.
804 446 1007 489 Cogitemus
1025 446 1129 488 igitur
1145 446 1249 479 fuisse

268 513 415 537 terrores
441 502 542 541 longe
567 499 730 538 maiores,
759 509 862 542 qnam
886 497 947 542 qni
969 498 1082 530 verbis
1099 496 1250 530 describi

270 554 411 598 possint.
473 550 539 584 llic
571 561 649 582 cnm
680 549 812 581 adesset
843 547 926 591 legis
950 548 1097 587 noticia,
1133 549 1251 581 deerat

272 617 336 636 xox*
357 602 547 645 Evangelii.
601 599 718 641 Quare
738 599 946 633 admirando
966 599 1112 632 consilio
1132 600 1251 631 decre-

271 664 342 689 tum
368 661 434 693 est,
460 661 497 686 nt
520 652 610 684 silius
628 650 692 684 Dei
713 651 837 683 missus
855 651 897 683 ad
919 647 1098 690 homines,
1127 650 1251 682 indue-

271 713 321 739 ret
347 703 536 738 humanam
563 710 744 742 naturam,
772 701 865 735 fieret
890 701 1027 733 victima
1049 713 1110 745 pro
1127 711 1251 743 genere

272 755 445 795 hnmano,
484 762 515 788 et
556 753 749 785 restitueret
786 752 888 784 nobis
928 751 1031 783 vitam
1064 758 1251 784 aeternam.

275 807 350 840 ltoc
382 805 627 839 admirandum
661 802 847 836 consilium
880 802 1011 834 aeterni
1043 802 1150 845 patris
1172 808 1254 834 tunc

274 869 414 903 quoque
437 857 526 889 filius
544 855 614 898 ipse
633 854 808 887 enarravit
826 852 946 896 primis
963 852 1184 895 parentibus,
1217 863 1255 884 ac

275 909 383 941 edidit
409 906 675 951 promissionem
702 905 744 937 de
767 904 885 936 futuro
905 903 1055 942 semine,
1082 915 1119 935 ac
1138 903 1254 936 sutura

276 959 482 992 liber-«tione
510 970 526 989 a
553 963 689 1002 peccato
711 962 743 988 et
766 960 888 987 morte.
950 952 1044 985 Ilaec
1069 959 1118 986 est
1142 954 1255 996 prima

275 1009 457 1052 Evangelii
489 1006 654 1039 revelatio
687 1015 828 1049 prorsus
857 1010 950 1037 extra
977 1004 1136 1037 naturale
1163 1003 1256 1037 iudi-

275 1061 366 1093 cinm
387 1059 496 1103 posita
510 1082 518 1095 ,
547 1068 633 1102 qnae
650 1056 791 1100 quidem
811 1062 843 1088 et
865 1062 946 1087 tunc
964 1067 981 1087 a
998 1054 1069 1086 filio
1089 1053 1153 1087 Dei
1171 1055 1257 1086 sacta

276 1118 322 1143 est
337 1137 344 1150 ,
373 1117 404 1143 et
425 1115 539 1154 postea
560 1118 660 1150 saepe
679 1106 822 1149 repetita
843 1106 879 1137 in
898 1106 1083 1150 colloquiis
1099 1117 1175 1138 cun·
1198 1117 1256 1148 pa-

276 1162 399 1195 tribus,
463 1158 505 1192 Et
530 1158 670 1191 tandem
695 1156 811 1189 sonuit
832 1168 892 1199 per
909 1168 1008 1195 eum,
1038 1169 1115 1189 cum
1137 1156 1258 1188 induta

278 1224 379 1246 carne
399 1210 510 1254 palam
532 1207 765 1252 promulgavit
781 1205 1025 1249 Evangelinm.

379 1287 429 1319 Ex
461 1283 525 1318 hac
549 1284 736 1318 collatione
759 1283 932 1316 discamus
957 1282 1145 1316 discrimen
1171 1282 1262 1316 inter

278 1340 403 1383 Legem
436 1344 467 1370 et
494 1334 736 1378 Evangelium.
798 1333 936 1367 Deinde
968 1340 1000 1367 et
1031 1334 1156 1377 gratias
1181 1344 1261 1376 aga-

278 1403 355 1424 mus
377 1388 472 1428 Deo,
507 1388 600 1432 qnod
626 1384 691 1419 hoc
715 1384 869 1418 mirabili
893 1384 1039 1418 consilio
1064 1397 1124 1428 per
1149 1383 1260 1417 filium

279 1440 440 1475 liberavit
455 1449 563 1481 genus
580 1435 774 1471 humanum
791 1436 835 1468 ab
851 1442 990 1469 aeterna
1008 1435 1070 1471 ira.
1117 1434 1162 1469 Et
1180 1434 1262 1467 baec

280 1500 328 1527 est
352 1490 523 1524 sententia
547 1488 727 1522 concionis
750 1487 786 1519 in
803 1493 910 1520 textu.
963 1485 1161 1520 Discrimen
1180 1486 1263 1528 legis

281 1551 313 1577 et
338 1540 518 1584 Evangelii
544 1539 721 1572 declarare
746 1537 877 1576 voluit,
905 1543 937 1570 et
961 1538 1079 1570 testari
1102 1535 1262 1579 Evange-

280 1594 367 1627 lium
400 1604 460 1635 per
492 1591 602 1623 filium
627 1589 695 1623 Dei
727 1589 829 1621 nobis
859 1588 1069 1628 revelatum,
1103 1600 1165 1621 nec
1193 1599 1264 1621 esse

281 1643 476 1678 doctrinam
508 1641 689 1674 nobiscum
715 1645 933 1679 nascentem,
966 1645 1005 1672 ut
1029 1645 1111 1672 sunt
1133 1639 1263 1672 doctri-

281 1707 345 1728 nae
369 1692 518 1727 ethnitis
544 1698 665 1731 notae,
693 1690 808 1733 legum
834 1689 1025 1733 sapientia,
1055 1696 1116 1723 ant
1141 1701 1263 1722 nurne-

283 1757 403 1780 rornm
431 1751 464 1777 et
488 1744 676 1786 figurarum
696 1741 836 1774 noticia.
889 1739 1050 1773 Sciamus
1068 1740 1173 1782 igitur
1192 1741 1262 1773 sin-

283 1796 394 1840 gulari
420 1802 451 1828 et
478 1792 706 1826 inenarrabili
733 1791 889 1824 bonitate
914 1791 1079 1824 traditum
1104 1788 1169 1824 hoc
1188 1803 1262 1824 ver-

283 1850 387 1887 bum,
429 1852 461 1878 et
498 1845 643 1878 missum
683 1842 814 1881 filium,
857 1853 900 1874 ne
931 1853 1040 1885 genus
1071 1839 1264 1875 humanum

283 1899 431 1944 periret,
457 1896 546 1930 sicut
563 1893 698 1928 diaboli
718 1893 909 1938 perierunt.

385 1973 480 2007 Haec
502 1979 553 2006 est
578 1981 714 2005 summa
740 1970 928 2003 verborum
950 1968 986 2002 in
1008 1975 1112 2002 textu.
1165 1967 1267 2001 Nunc

286 2026 439 2061 breviter
468 2024 574 2057 verba
599 2021 879 2056 consideremus:
913 2019 1026 2054 Deum
1050 2032 1153 2053 nemo
1180 2020 1268 2052 vidit

286 2089 455 2123 unquam.
514 2072 603 2108 Cum
634 2070 701 2106 hoc
729 2072 806 2105 loco
837 2078 949 2106 textus
981 2077 1142 2116 quaerat,
1180 2082 1267 2115 quo-

287 2130 393 2162 modo
411 2125 494 2160 haec
513 2125 676 2158 voluntas
692 2123 760 2157 Dei
780 2123 897 2166 agnita
915 2122 977 2163 sit,
1004 2122 1099 2167 qnod
1118 2121 1269 2154 voluerit

289 2179 383 2213 Deus
411 2176 594 2210 restituere
623 2185 731 2218 genus
764 2171 978 2213 humanum,
1026 2179 1059 2206 et
1092 2173 1269 2217 quomodo

289 2229 420 2275 placari
445 2228 531 2260 iram
556 2238 653 2259 suam
678 2224 848 2265 voluerit,
875 2236 947 2257 non
973 2229 1022 2256 est
1042 2235 1130 2267 opus
1148 2223 1267 2267 dispu-

290 2281 421 2315 tatione
439 2279 481 2312 de
499 2277 631 2310 visione
647 2276 833 2314 essentiae,
862 2276 920 2308 sed
937 2275 1019 2308 satis
1037 2281 1086 2307 est
1103 2271 1169 2307 hoc
1185 2286 1269 2307 con-

291 2332 444 2366 stituere.
497 2327 609 2362 Deum
625 2339 728 2361 nemo
744 2326 832 2360 vidit
845 2338 1013 2371 unquam,
1041 2325 1076 2358 id
1094 2332 1154 2363 est,
1181 2323 1270 2358 hanc

291 2393 450 2417 arcanam
475 2379 691 2412 voluntatem
713 2379 755 2411 de
776 2377 945 2411 salvando
963 2374 1118 2410 humano
1135 2387 1271 2419 genere,

293 2440 324 2468 et
340 2433 383 2466 de
402 2431 505 2464 modo
521 2428 724 2462 salvationis
741 2441 845 2462 nemo
863 2428 962 2462 vidit.
1015 2426 1270 2461 VidentDenm

293 2483 426 2527 angeli,
458 2481 514 2514 sed
549 2477 616 2513 hoc
643 2492 807 2512 arcanum
835 2481 1010 2513 decretum
1036 2490 1107 2511 non
1134 2485 1273 2519 norant,

292 2535 495 2581 priusquam
521 2530 613 2563 filins
638 2531 795 2574 protulit.
849 2530 987 2564 Mentes
1009 2527 1184 2563 hnmanae
1208 2529 1270 2562 ali-

293 2598 362 2632 quo
385 2584 490 2617 modo
515 2587 646 2615 norunt
663 2580 795 2621 Deum,
818 2589 952 2615 norunt
977 2581 1086 2625 legem
1103 2579 1187 2621 Dei,
1214 2581 1271 2614 sed

294 2637 454 2671 voluntas
484 2634 526 2666 de
549 2632 740 2665 salvatione
766 2644 909 2677 prorsus
933 2639 983 2667 est
1008 2639 1104 2667 extra
1126 2643 1273 2676 conspe—

291 2695 383 2722 ctum
403 2684 577 2719 humanae
594 2683 751 2718 rationis.

843 109 964 144 PlllL.
995 106 1108 143 MEL.
1136 105 1345 142 SCRIPTA
1374 107 1673 144 EXEGETtCA.

2231 110 2279 144 36

1398 194 1492 228 llaec
1515 202 1564 228 est
1589 195 1753 238 simplex,
1783 202 1813 227 et
1837 202 2007 239 quantum
2030 195 2184 229 iudicare
2200 207 2281 239 pos-

1296 258 1391 286 sum,
1429 246 1570 290 propria
1594 245 1836 289 interpretatio
1859 243 1963 279 huius
1986 252 2110 283 textus.
2174 245 2280 289 Quod

1298 298 1391 330 enim
1417 297 1476 330 alii
1502 294 1558 330 liic
1585 303 1778 341 quaerunt,
1811 308 1872 329 cur
1894 296 1984 329 dicat
2009 303 2140 336 textus,
2166 296 2281 329 Deum

1297 360 1400 382 nemo
1425 348 1536 381 vidit?
1564 360 1641 381 cum
1667 355 1781 381 tamen
1802 346 1918 380 Moses
1936 347 2084 380 viderit?
2135 347 2216 381 Non
2233 354 2283 381 est

1299 410 1386 443 opus
1410 396 1474 432 liae
1500 399 1749 442 disputatione.
1804 397 1892 431 Nam
1912 397 2127 431 voluntatem
2149 399 2191 432 de
2213 398 2282 431 sal-

1299 450 1414 482 vando
1442 461 1568 492 genere
1591 446 1746 482 hnmano
1772 448 1887 482 Moses
1913 448 2044 482 dedicit
2068 460 2107 481 ex
2131 449 2281 492 promis-

1300 500 1476 541 sionibus,
1504 512 1589 545 qnas
1613 507 1792 544 acceperat
1814 512 1831 532 a
1858 500 2033 543 patribus,
2062 511 2124 532 nec
2149 499 2283 543 primus

1302 551 1448 595 protulit
1482 562 1538 583 eas
1571 563 1611 584 ex
1644 558 1802 595 aspectu,
1836 563 1905 595 qno
1936 550 2024 583 vidit
2051 549 2185 589 Deum,
2221 561 2284 583 nec

1301 603 1442 645 disputo
1467 614 1562 635 nnnc
1585 603 1763 647 quomodo
1782 608 1841 635 ant
1862 608 2030 646 qnantum
2051 600 2169 634 Moses
2187 601 2286 634 vide-

1302 653 1363 692 rit,
1391 659 1482 686 certe
1505 652 1600 685 illam
1626 653 1888 686 inscrutabilem
1908 652 2123 685 voluntatem
2142 663 2205 685 nec
2221 663 2286 685 an-

1302 703 1389 746 geli,
1427 715 1490 736 nec
1524 710 1656 747 patres,
1692 715 1754 736 nec
1780 703 1898 737 Moses
1932 703 2050 735 videre
2085 708 2286 746 potnerunt,

1303 761 1487 798 antequam
1513 766 1573 797 per
1597 754 1706 787 filium
1726 766 1807 787 voce
1828 753 2099 796 promissionum
2119 753 2287 796 patefacta

1304 812 1371 843 est,
1400 812 1430 837 et
1458 802 1543 839 Exo.
1564 805 1625 839 57.
1647 806 1739 838 clare
1762 805 1907 837 dicitur:
1936 803 2072 836 Faciem
2099 815 2209 835 meam
2234 802 2287 835 vi-

1304 857 1385 888 dere
1402 868 1472 888 non
1490 856 1640 901 poteris,
1668 857 1725 889 sed
1745 863 1775 889 et
1795 855 1885 888 filius
1901 854 2035 899 inquit,
2064 851 2192 888 Manli.
2214 855 2287 888 11.:

1304 906 1415 939 Nemo
1441 907 1539 938 novit
1563 906 1694 944 filium,
1722 906 1789 938 nisi
1816 913 1932 948 pater,
1961 917 2024 938 nec
2049 911 2182 948 patrem
2209 904 2288 950 quis

1305 957 1420 995 novit,
1448 956 1515 988 nisi
1535 956 1643 992 filius.
1671 963 1703 989 et
1720 957 1774 989 cui
1794 956 1943 989 voluerit
1961 955 2053 988 filius
2071 955 2236 990 revelare.

1408 1022 1552 1066 Propria
1578 1020 1661 1055 haec
1684 1023 1746 1055 filii
1771 1023 1880 1066 gloria
1905 1029 1954 1056 est
1977 1023 2125 1067 perfecte
2150 1022 2291 1056 novisse

1307 1079 1462 1117 patrem,
1499 1073 1580 1117 qnia
1615 1079 1663 1106 est
1694 1073 1806 1116 imago
1839 1073 1956 1117 patris.
2009 1073 2119 1107 Lucet
2146 1085 2227 1117 ergo
2252 1073 2289 1106 in

1307 1124 1378 1156 filio
1395 1124 1572 1156 decretum
1592 1123 1782 1157 voluntatis
1800 1124 1959 1164 divinae,
1986 1124 2028 1157 de
2045 1124 2205 1158 miranda
2223 1124 2292 1158 sal-

1309 1175 1449 1208 vatione
1473 1173 1610 1217 generis
1633 1171 1793 1207 humani.
1846 1173 1971 1207 Nostra
1992 1181 2129 1217 pectora
2148 1175 2291 1208 duriora

1308 1224 1453 1259 Caucasi
1487 1225 1635 1269 rupibus
1658 1231 1690 1258 et
1713 1224 1896 1267 frigidiora
1920 1224 2028 1267 glacie
2051 1237 2123 1258 non
2146 1232 2294 1269 possunt

1309 1276 1478 1319 cogitare,
1503 1275 1617 1319 qualis
1643 1275 1747 1308 fuerit
1772 1276 1823 1308 ira
1849 1275 1956 1319 patris
1980 1275 2147 1309 adversus
2172 1288 2294 1324 pecca-

1312 1333 1406 1366 tum,
1440 1326 1554 1371 qualis
1583 1326 1789 1359 deliberatio
1821 1327 1863 1359 de
1890 1326 2029 1359 victima
2052 1333 2084 1360 et
2107 1327 2150 1360 de
2172 1327 2295 1361 remis-

1310 1378 1418 1412 sione.
1472 1375 1673 1420 Cogitamus
1688 1376 1807 1410 Stoico
1831 1389 1927 1410 more
1951 1374 2035 1410 haec
2058 1377 2105 1411 ita
2129 1378 2228 1423 quasi
2244 1378 2295 1411 fa-

1311 1428 1372 1463 tali
1398 1428 1600 1461 necessitate
1619 1428 1801 1468 accidisse,
1829 1440 1901 1461 non
1921 1428 2112 1471 cogitamus
2128 1440 2246 1461 veram
2263 1434 2296 1462 et

1312 1480 1494 1512 ardentem
1532 1479 1639 1516 iram,
1680 1485 1712 1512 et
1750 1491 1847 1512 veras
1878 1479 2148 1514 deliberationes
2178 1479 2297 1515 fuisse.

1313 1529 1381 1564 Sed
1400 1537 1514 1563 textus
1531 1527 1598 1562 hoc
1618 1530 1693 1562 loco
1711 1530 1785 1563 vult
1801 1542 1865 1563 nos
1880 1531 2086 1572 admonere,
2112 1537 2149 1564 ut
2168 1531 2298 1574 cogite-

1312 1593 1390 1613 mus
1413 1593 1529 1613 veram
1549 1580 1654 1613 fnisse
1674 1580 1760 1613 iram
1773 1607 1780 1621 ‚
1809 1587 1843 1614 et
1861 1581 2108 1615 admirandum
2125 1593 2213 1625 opus
2231 1581 2297 1614 mi-

1313 1632 1522 1664 sericordiae
1560 1643 1651 1671 esse,
1685 1633 1779 1676 quod
1819 1632 1997 1665 decretum
2032 1639 2100 1672 est,
2134 1639 2175 1666 ut
2205 1631 2298 1666 filius

1315 1683 1410 1716 fieret
1429 1682 1568 1715 victima
1588 1689 1619 1715 et
1637 1682 1800 1715 salvator.

1416 1748 1529 1782 Filius
1552 1749 1612 1793 qui
1636 1756 1685 1782 est
1711 1749 1748 1781 in
1771 1749 1853 1782 sinu
1873 1748 1999 1792 patris,
2027 1747 2062 1782 id
2081 1755 2148 1791 est,
2175 1749 2300 1784 intima

1316 1799 1423 1845 patris
1455 1806 1660 1843 penetrans,
1702 1799 1851 1842 perfecte
1880 1799 2127 1843 introspiciens
2155 1807 2301 1843 patrem,

1316 1851 1405 1884 sicut
1435 1855 1536 1882 antea
1560 1849 1693 1883 dictum
1717 1856 1785 1890 est,
1818 1849 1880 1882 uni
1906 1849 1978 1881 filio
2001 1849 2150 1892 perfecte
2174 1858 2298 1884 notum

1316 1913 1387 1935 esse
1415 1907 1559 1945 patrem.
1614 1898 1693 1947 Ipse
1715 1900 1910 1938 enarravit,
1945 1899 2107 1933 videlicet
2129 1912 2202 1934 non
2226 1902 2300 1946 pri-

1317 1963 1414 1985 mum
1445 1958 1530 1985 tunc
1559 1962 1637 1984 cum
1668 1950 1812 1984 indutus
1844 1948 1997 1984 humana
2030 1957 2154 1984 natura
2180 1952 2217 1985 in
2241 1951 2300 1986 Iu-

1318 2004 1402 2037 daea
1430 2002 1570 2042 docuit,
1603 2002 1664 2035 sed
1689 2001 1866 2035 enarravit
1890 2001 1973 2034 inde
1995 2012 2106 2046 usque
2128 2002 2172 2036 ab
2198 2003 2300 2037 initio

1319 2066 1402 2087 voce
1427 2053 1510 2094 filii,
1543 2050 1659 2092 Adae,
1692 2051 1806 2093 Evae,
1839 2049 2020 2094 Abrahae,
2048 2051 2160 2094 Isaac,
2190 2052 2303 2096 Iacob,

1318 2104 1414 2139 Most
1444 2111 1476 2137 et
1506 2104 1584 2137 aliis
1606 2100 1794 2148 Prophetis
1823 2110 2020 2137 sonuerunt
2042 2104 2304 2148 promissiones.

1318 2156 1434 2191 Unius
1457 2155 1520 2188 filii
1547 2154 1670 2199 legatio
1696 2152 1780 2187 haec
1805 2160 1854 2188 est
1871 2155 1913 2188 de
1931 2152 1995 2187 hac
2014 2154 2148 2199 ingenti
2166 2156 2303 2190 miseri-

1319 2206 1437 2240 cordia
1455 2206 1608 2250 primum
1626 2205 1850 2250 concionari,
1877 2212 1910 2239 et
1927 2202 1994 2239 hoc
2013 2206 2189 2239 decretum
2206 2219 2303 2241 arca-

1322 2270 1406 2290 num
1434 2258 1477 2290 de
1501 2256 1711 2298 salvatione,
1737 2257 1780 2290 de
1798 2257 1972 2291 abolendo
1990 2263 2145 2300 peccato,
2170 2258 2214 2291 de
2233 2258 2304 2292 vita

1321 2315 1479 2349 aeterna,
1506 2309 1708 2353 patefacere.
1761 2304 1857 2352 Ergo
1879 2315 1910 2342 et
1932 2307 2035 2341 initio
2052 2307 2304 2351 promissiones

1322 2360 1482 2401 tradidit,
1523 2366 1555 2394 et
1585 2367 1701 2404 postea
1732 2366 1836 2393 natus
1864 2371 1903 2392 ex
1935 2358 2092 2402 virgine,
2135 2371 2191 2393 eas
2220 2360 2304 2394 illu-

1321 2411 1455 2444 stravit.

1425 2477 1621 2521 Diligenter
1639 2483 1754 2511 antem
1773 2477 2030 2510 observandum
2048 2484 2096 2511 est
2111 2477 2223 2522 ipsum
2243 2491 2304 2513 vo-

1323 2529 1486 2562 cabulum
1518 2528 1704 2563 enarravit.
1765 2528 1895 2571 Alligat
1929 2540 1994 2561 nos
2021 2530 2062 2561 ad
2092 2526 2157 2562 hoc
2191 2529 2304 2571 ipsum

1327 2581 1488 2617 verbum,
1515 2581 1608 2624 quod
1628 2577 1786 2613 exhibuit
1800 2579 1890 2613 filins
1910 2579 2083 2623 patribus,
2109 2579 2306 2624 Prophetis,

1324 2630 1522 2675 Apostolis,
1556 2643 1619 2675 per
1646 2628 1713 2664 hoc
1747 2631 1890 2664 verbum
1916 2631 1990 2664 vult
2011 2632 2152 2674 agnosci
2175 2633 2306 2674 Deum,

1327 2694 1387 2726 per
1410 2680 1476 2716 boc
1500 2683 1646 2715 verbum
1666 2688 1811 2716 testatur
1826 2681 1959 2715 aboleri
1978 2689 2174 2726 peccatum,
2201 2691 2233 2718 et
2250 2683 2306 2716 in-
