2415 2942
257 98 332 134 503

265 189 346 231 gelii
378 186 584 221 sententiam
616 183 714 217 fateri
751 194 887 216 necesse
921 189 981 216 est.
1041 180 1085 216 Et
1116 184 1248 223 refutat

266 245 397 279 Paulus
419 255 572 276 errorem
598 242 641 274 de
664 240 904 278 dubitatione,
932 251 1011 273 cum
1039 240 1140 274 docet
1167 251 1248 283 pro—

266 295 467 328 missionem
494 299 654 337 oportere
678 291 744 324 fide
771 290 894 334 accipi.
959 288 1063 325 Rom.
1082 291 1134 324 4.:
1167 290 1248 324 Ideo

268 358 307 378 ex
332 345 399 377 fide
424 345 549 387 gratis,
578 349 615 376 ut
639 342 682 375 sit
708 342 805 374 firma
825 340 1023 385 promissio.
1075 339 1123 375 Et
1140 341 1249 382 iubet,

268 403 306 429 ut
331 395 407 428 Deo
430 395 626 428 tribuamus
650 393 788 425 laudem
814 392 988 431 veritatis,
1018 391 1106 425 sicut
1131 391 1247 426 Abra-

267 443 348 478 ham
368 457 439 478 non
458 444 633 479 dubitavit
648 442 854 477 diffidentia.
906 440 953 476 Et
974 443 1003 478 l.
1023 441 1070 477 lo,
1091 440 1143 478 5.:
1176 442 1246 485 Qui

270 496 378 530 credit
394 496 430 528 in
447 496 557 529 filium
578 494 654 535 Dei,
682 491 787 527 habet
802 493 1043 527 testimonium
1063 493 1099 526 in
1118 494 1248 537 seipso:

269 548 329 591 qui
355 558 428 580 non
458 546 569 580 credit
593 545 689 587 Deo,
731 545 935 577 mendacem
969 544 1051 578 facit
1081 555 1160 577 eum
1185 549 1249 578 etc.

272 596 366 640 Ergo
402 610 481 631 cum
518 596 694 636 dicimus,
740 595 806 627 fide
842 595 1045 637 contingere
1082 593 1248 627 beneficia

269 647 422 690 Christi,
464 659 601 681 necesse
631 653 681 679 est
713 646 882 689 intelligi,
925 646 1018 690 quod
1046 645 1251 687 contingant

270 706 413 744 propter
437 696 615 733 Christum
635 724 644 738 ,
684 704 716 731 et
740 696 999 729 assentiendum
1026 701 1077 728 est
1100 695 1250 738 promis·

269 750 360 783 sioni
380 750 519 782 divinae
549 761 587 780 ae
611 747 824 780 credendum
852 757 933 778 vere
960 745 1060 778 nobis
1084 744 1249 788 praestari

268 801 449 846 promissa.
524 798 643 842 Quare
678 797 762 829 fides
797 808 870 829 non
911 802 1046 829 tantum
1081 795 1251 838 significat

272 851 440 884 historiae
463 850 648 888 noticiam,
690 847 749 880 sed
773 846 943 890 siguificat
972 846 1134 879 fiduciam
1168 857 1250 890 pro-

270 902 395 935 missae
428 899 689 933 misericordiae
722 904 864 939 propter
894 894 1093 936 Christum,
1133 908 1250 929 assen-

269 953 414 986 tientem
437 949 663 995 promissioni
695 948 847 981 divinae.
915 946 1039 980 Talem
1067 947 1168 980 fidem
1194 959 1250 980 re-

271 1003 381 1048 quirit
396 1001 536 1041 Paulus‚
559 1011 647 1045 quae
663 1000 780 1032 credat
796 998 960 1031 omnibus
976 997 1132 1031 articulis
1146 997 1248 1043 Sym-

270 1054 363 1095 boli,
389 1052 551 1087 videlicet
567 1062 655 1096 quae
670 1050 787 1083 credat
805 1056 946 1093 propter
960 1048 1070 1081 filium
1088 1046 1154 1081 Dei
1171 1060 1250 1092 pas-

269 1116 346 1139 sum
371 1111 405 1138 et
428 1102 669 1137 resuscitatum
695 1100 771 1133 dari
796 1100 897 1133 nobis
914 1099 1153 1132 remissionem
1172 1111 1251 1143 pec-

270 1163 448 1190 catorum:
492 1165 573 1186 nam
596 1153 639 1186 ad
665 1149 759 1184 huuc
786 1150 992 1191 articulum,
1021 1156 1186 1195 tauquam
1207 1150 1249 1183 ad

272 1218 411 1240 causam
428 1205 586 1245 finalem,
612 1202 809 1247 superiores
827 1201 1000 1235 referendi
1020 1207 1113 1234 sunt.
1162 1199 1250 1234 Cum

271 1258 309 1290 in
335 1256 593 1301 precationibus
617 1252 807 1287 adversarii
833 1252 978 1286 recitant
1004 1249 1098 1285 hunc
1122 1251 1251 1285 articu-

272 1308 363 1342 lum:
397 1306 510 1342 Credo
528 1304 768 1338 remissionem
784 1309 1003 1346 peccatorum
1017 1328 1026 1342 ,
1051 1313 1168 1335 secum
1186 1302 1251 1345 ipsi

273 1364 447 1403 pugnant:
477 1357 597 1389 iubent
614 1355 786 1394 dubitare,
807 1360 838 1386 et
854 1358 969 1385 tamen
987 1352 1135 1385 audiunt
1154 1363 1252 1395 prae-

274 1410 361 1452 cipi,
393 1415 433 1441 ut
458 1407 599 1440 credant
630 1404 870 1438 remissionem
896 1409 1126 1445 peccatorum.
1201 1403 1252 1435 Ac

273 1460 344 1493 scio
361 1459 550 1504 quosdam,
577 1467 664 1500 quos
690 1453 746 1487 hic
770 1455 841 1497 ipse
866 1453 1033 1486 articulus
1057 1453 1252 1493 admonuit,

271 1518 312 1544 ut
329 1509 604 1543 consolationem
623 1505 858 1544 admitterent,
884 1511 916 1536 et
933 1503 1121 1545 cogitarent
1138 1515 1253 1536 assen-

273 1561 434 1596 tiendum
450 1570 521 1591 esse
539 1554 850 1601 promissioniDei,
868 1560 899 1586 et
918 1554 1108 1586 abiicerent
1123 1554 1254 1587 doctri-

274 1624 356 1645 nam
375 1606 655 1648 Monachorum,
680 1607 722 1638 de
741 1605 961 1638 dubitatione
979 1611 1011 1637 et
1028 1604 1168 1639 meritis.

398 1661 466 1695 Sed
509 1670 619 1704 qnare.
668 1656 810 1689 additur
849 1655 1018 1699 particula
1063 1651 1256 1693 Gralis‚

274 1725 347 1747 non
366 1719 509 1757 propter
526 1721 629 1752 opera
647 1715 766 1740 nostra
779 1734 787 1747 ,
815 1708 872 1739 sed
896 1714 1037 1749 propter
1052 1703 1256 1739 Christum?

276 1764 350 1798 lmo
378 1775 459 1796 vero
484 1763 526 1794 de
553 1758 616 1792 hac
650 1758 819 1802 particula
845 1756 964 1789 Gratis
993 1757 1176 1799 praecipue
1202 1755 1255 1788 di-

275 1816 407 1849 micant
438 1810 672 1846 conscientiae
712 1816 744 1842 et
775 1806 972 1851 Prophetae
1010 1819 1048 1840 ac
1081 1805 1256 1850 Apostoli,

274 1863 531 1909 Complectitur
547 1868 661 1895 autem
680 1860 767 1892 dno:
792 1857 957 1891 Excludit
981 1858 1103 1891 merita
1128 1864 1258 1898 nostra,

273 1926 306 1951 et
325 1911 630 1963 proponitChristi
647 1910 780 1945 merita.
815 1908 883 1942 Hie
896 1909 988 1942 enim
1003 1909 1057 1942 vel
1073 1909 1258 1953 praecipue

274 1966 371 2001 cerni
396 1971 525 2009 potest,
552 1962 703 2006 primum
730 1960 937 2004 magnitudo
961 1959 1032 1993 irae
1048 1958 1113 1993 Dei
1133 1960 1257 1992 adver-

275 2029 333 2052 sus
359 2024 558 2060 peccatum,
599 2013 692 2057 quod
727 2011 823 2044 nulla
848 2008 960 2044 hostia
985 2011 1120 2055 placare
1143 2009 1257 2043 Deum

277 2069 408 2113 potuit,
438 2066 505 2098 nisi
532 2075 624 2097 mors
649 2062 722 2097 filii.
776 2060 914 2095 Rursus
932 2061 1024 2095 lucet
1039 2061 1168 2094 amoris
1183 2071 1258 2093 ma-

276 2119 444 2163 gnitudo,
474 2116 566 2161 quod
586 2114 696 2146 filium
714 2125 776 2156 pro
796 2112 896 2145 nobis
912 2112 1017 2145 dedit.
1071 2111 1257 2155 Utrunque

277 2177 393 2203 autem
411 2168 447 2200 in
467 2178 577 2209 agone
593 2163 841 2197 conscientiam
860 2169 976 2195 tenere
994 2173 1080 2205 opus
1097 2170 1162 2195 est:
1204 2162 1255 2193 vi-

277 2221 422 2259 delicet,
464 2217 539 2251 Deo
576 2215 802 2259 proponenda
843 2224 916 2245 esse
950 2211 1082 2246 Christi
1116 2212 1255 2245 merita:

278 2277 421 2315 propter
441 2266 621 2302 Christum
648 2265 832 2308 petendam
858 2271 889 2296 et
916 2264 1163 2306 expectandam
1186 2274 1257 2295 esse

277 2322 446 2361 gratiam,
487 2331 558 2351 non
591 2323 732 2359 propter
758 2321 875 2347 nostra
900 2315 1037 2348 merita.
1110 2312 1198 2347 Nam
1225 2321 1257 2347 et

277 2370 479 2404 certaminis
508 2368 604 2401 illius
627 2366 769 2412 epitasis
796 2363 880 2398 haec
903 2371 971 2398 est:
1012 2363 1092 2397 Non
1121 2365 1255 2409 quaerit

279 2434 377 2454 mens
395 2419 655 2462 perterrefacta,
683 2429 724 2450 an
746 2416 824 2449 aliis
840 2415 1064 2448 benemeritis
1081 2426 1119 2448 ac
1141 2415 1257 2458 dignis

278 2471 374 2506 Deus
390 2471 472 2503 xelit
497 2481 568 2501 esse
590 2467 779 2512 propicius.
831 2466 1041 2501 Adsentitur
1056 2463 1170 2499 Deum
1193 2467 1257 2499 bo-

279 2534 364 2556 num
390 2527 422 2553 et
449 2519 707 2552 misericordem
735 2529 827 2556 esse,
860 2519 919 2550 sed
944 2516 1077 2560 dignis,
1104 2516 1256 2561 quinon

277 2572 407 2606 habent
436 2577 592 2614 peccata,
627 2576 685 2601 aut
709 2568 767 2610 qui
799 2568 927 2600 maiora
961 2565 1091 2600 habs-nt
1118 2567 1257 2600 merita:

277 2635 358 2656 nam
391 2622 475 2663 legis
506 2619 634 2653 noticia
664 2619 844 2651 nobiscum
875 2625 954 2651 nata
985 2619 1101 2659 docet,
1143 2616 1256 2651 Deum

277 2675 408 2707 honum
436 2684 524 2708 csse,
552 2670 608 2703 sed
638 2681 715 2709 erga
741 2670 876 2710 dignos.
934 2669 1026 2702 illud
1051 2681 1131 2702 vcro
1150 2680 1254 2714 quae—

850 90 975 127 PHtL.
1004 88 1119 125 MEL.
1147 89 1352 125 SCRtt‘TA
1386 87 1686 126 EXEGETICA.

2206 92 2279 127 504

1303 189 1376 232 rit,
1417 201 1462 222 an
1487 188 1582 223 Deus
1608 185 1696 221 mihi
1721 187 1866 231 indigno
1891 191 1971 224 velit
1996 202 2068 225 esse
2091 192 2280 237 propicius.

1304 240 1368 273 llic
1397 240 1565 274 intuenda
1599 246 1649 273 est
1681 239 1850 282 particula
1894 238 2090 284 Gratis,
2138 250 2177 277 ut
2211 251 2281 277 sta-

1303 299 1439 325 tuamus
1473 302 1552 323 vere
1588 288 1701 323 Deum
1745 290 1921 324 remittere
1956 300 2094 334 peccata
2133 301 2280 340 propter

1302 340 1480 376 Christum
1507 341 1633 384 gratis,
1670 352 1742 373 non
1765 348 1907 384 propter
1933 342 2004 374 ulla
2030 350 2148 378 nostra
2175 356 2278 388 opera

1303 399 1363 427 aut
1391 392 1527 426 merita.
1599 390 1645 425 Et
1674 387 1760 424 haec
1791 391 1960 433 particula
1985 389 2151 427 Gratis
2180 408 2281 428 mon-

1303 450 1387 477 strat
1409 443 1598 476 discrimen
1624 440 1807 485 Evangelii
1834 453 1874 474 ac
1901 441 2011 486 Legis.
2077 443 2149 477 Lex
2173 445 2278 479 etiarn

1303 494 1532 528 concionatur
1557 494 1673 527 Deum
1705 504 1777 526 esse
1806 493 1965 534 bonum,
2005 493 2281 529 misericordem:

1303 545 1361 578 sed
1385 544 1482 578 addit
1506 543 1746 578 conditionem
1768 543 1970 586 diguitatis,
1996 555 2056 577 seu
2075 545 2210 584 meriti,
2238 546 2284 579 ait

1303 593 1415 628 Deum
1437 595 1632 640 propicium
1651 606 1722 627 esse
1740 591 1816 632 his,
1844 594 1904 639 qni
1931 595 2007 628 sine
2033 602 2172 639 peceato
2191 603 2284 632 sunt.

1303 645 1350 679 At
1371 643 1603 689 Evangelium
1628 651 1781 678 removet
1807 645 2046 678 conditionem
2069 653 2208 681 nostrae
2230 647 2285 680 di-

1305 696 1467 739 guitatis,
1492 707 1553 729 seu
1579 696 1805 729 meritorum:
1836 702 1979 729 testatur
2004 696 2119 729 Deum
2143 704 2287 742 propter

1305 744 1438 780 Christi
1458 747 1580 780 merita
1597 747 1703 790 gratis
1719 746 1822 779 nobis
1840 746 2077 787 reconciliari,
2105 759 2178 781 non
2203 760 2286 792 pro-

1304 803 1380 841 pter
1402 797 1472 830 ulla
1495 804 1614 830 nostra
1640 797 1780 839 merita,
1816 809 1894 830 curn
1921 795 2004 830 haec
2021 797 2126 839 fides,
2162 798 2196 832 id
2223 805 2286 839 est,

1306 847 1432 881 fiducia
1459 847 1716 881 misericordiae
1749 847 1876 881 nititur
1903 845 2059 882 Christo.
2126 848 2288 883 Solemus

1305 904 1420 931 autem
1449 898 1625 931 interdum
1654 910 1716 942 pro
1747 898 1937 931 exclusiva:
1982 898 2101 932 Gratis
2122 899 2287 933 iustifica-

1303 960 1384 981 mur
1398 947 1487 987 fide,
1515 948 1565 981 uti
1581 946 1646 981 hac
1663 948 1829 981 formula:
1857 948 1939 982 Sola
1957 948 2025 982 fide
2045 950 2285 993 iustificamur,

1304 999 1366 1031 ubi
1382 996 1466 1032 haec
1481 999 1650 1042 particula
1666 1010 1738 1031 non
1756 999 1906 1032 excludit
1921 1006 2070 1033 caeteras
2086 1000 2232 1035 virtutes
2245 1012 2289 1034 ne

1304 1049 1438 1090 adsint,
1462 1050 1521 1082 sed
1535 1049 1689 1082 excludit
1704 1048 1907 1092 opinionem
1926 1050 2061 1092 meriti,
2088 1062 2149 1085 seu
2166 1051 2289 1085 condi-

1304 1100 1436 1133 tionem
1456 1099 1656 1143 dignitafis,
1678 1110 1738 1132 seu
1762 1099 1914 1133 excludit
1942 1100 2019 1134 illas
2034 1112 2053 1134 a
2070 1112 2172 1136 causa
2187 1102 2289 1135 iusti-

1305 1150 1494 1192 ficationis,
1519 1147 1585 1183 hoc
1601 1155 1669 1190 est,
1694 1150 1956 1193 acceptationis,
1979 1157 2018 1184 ut
2041 1158 2155 1195 postea
2171 1153 2291 1196 copio—

1306 1201 1376 1235 sius
1387 1201 1512 1237 dicam.
1540 1199 1592 1234 Ac
1601 1200 1714 1244 reipsa
1731 1211 1873 1244 prorsus
1890 1200 1981 1234 idem
1996 1208 2047 1235 est
2058 1202 2187 1236 dicere:
2204 1202 2292 1237 Fide

1306 1263 1425 1286 sumus
1441 1251 1535 1292 iusti,
1551 1258 1594 1287 et,
1610 1249 1697 1284 Fide
1711 1251 1816 1294 gratis
1830 1251 2054 1296 sumusiusti,
2072 1259 2116 1293 et,
2133 1252 2216 1287 Sola
2225 1254 2292 1287 fide

1305 1313 1426 1335 sumus
1437 1302 1531 1336 iusti.
1557 1301 1646 1335 Nam
1656 1301 1740 1334 fides
1756 1302 1901 1335 existere
1911 1302 2007 1335 nulla
2019 1309 2140 1346 potest,
2157 1304 2186 1337 si
2201 1304 2291 1338 fidu-

1307 1353 1358 1385 cia
1383 1353 1506 1385 debeat
1527 1352 1592 1385 niti
1616 1351 1786 1394 dignitate
1808 1359 1945 1393 nostra,
1973 1364 2033 1386 seu
2051 1354 2202 1395 meritis,
2229 1361 2290 1389 aut

1310 1403 1434 1448 partim
1456 1400 1613 1442 Christo,
1638 1402 1766 1445 partim
1783 1403 1935 1441 meritis,
1962 1410 2000 1436 ut
2017 1403 2152 1446 fingunt
2168 1404 2290 1449 aliqui.

1307 1452 1493 1486 Excutitur
1509 1453 1608 1493 fides,
1635 1453 1662 1485 si
1682 1453 1904 1496 cogitandum
1931 1453 2014 1487 erit:
2044 1454 2091 1486 ita
2113 1454 2291 1499 propicius

1309 1504 1373 1537 erit
1396 1502 1511 1543 Deus,
1538 1515 1616 1536 cnm
1641 1503 1722 1536 mtis
1750 1503 1955 1536 meritorum
1981 1501 2138 1540 habebis.
2195 1504 2290 1549 Ergo

1310 1566 1379 1586 nou
1398 1560 1509 1598 potest
1526 1553 1590 1586 niti
1608 1554 1712 1594 fides,
1741 1553 1809 1586 nisi
1828 1554 2059 1597 promissione
2077 1553 2160 1596 Dei,
2185 1568 2290 1590 mon—

1309 1611 1440 1638 strante
1469 1601 1675 1641 Christum,
1718 1610 1861 1647 propter
1892 1616 1996 1648 quem
2031 1605 2208 1648 pollicitus
2241 1615 2291 1640 est

1311 1663 1407 1698 paster
1437 1661 1531 1688 certo
1559 1666 1594 1687 se
1624 1653 1727 1687 nobis
1749 1654 1823 1687 fore
1856 1655 2066 1698 propicium.
2139 1653 2186 1690 Et
2212 1668 2291 1690 cum

1311 1705 1441 1739 Paulus
1465 1705 1620 1750 quaerit,
1649 1711 1766 1738 utrum
1791 1705 1860 1737 fide
1883 1717 1927 1738 an
1948 1706 2112 1750 operibus
2128 1706 2291 1741 iustifice-

1312 1769 1409 1798 mur,
1436 1756 1539 1789 fidem
1557 1755 1721 1797 intelligit
1739 1755 1900 1789 fiduciam
1924 1756 2184 1791 misericordiae
2208 1770 2291 1802 pro·

1311 1808 1436 1840 missae
1459 1814 1600 1851 propter
1627 1804 1829 1840 Christum:
1863 1803 1954 1839 hanc
1976 1808 2124 1851 opponit
2147 1809 2182 1842 in
2206 1809 2288 1843 uni-

1313 1870 1450 1891 versum
1468 1857 1630 1900 dignitati
1647 1865 1795 1897 nostrae,
1815 1857 1912 1901 quasi
1930 1857 2135 1901 interroget:
2165 1858 2290 1893 Utrum

1312 1916 1461 1942 statuere
1485 1909 1610 1941 debeas
1634 1907 1697 1941 tibi
1724 1907 1853 1940 remitti
1880 1914 2036 1951 peccata,
2063 1916 2097 1942 et
2121 1915 2154 1942 te
2177 1909 2288 1943 filium

1312 1958 1374 1992 Dei
1394 1970 1466 1991 esse
1491 1965 1633 2002 propter
1655 1965 1749 1990 tuam
1775 1957 1999 2000 dignitatem,
2035 1966 2177 2003 propter
2198 1960 2288 1994 ullas

1313 2009 1456 2042 virtutes
1473 2016 1560 2047 tuas,
1578 2008 1773 2052 qualitates,
1794 2015 1854 2041 aut
1871 2009 2035 2049 actiones,
2060 2023 2104 2042 an
2119 2022 2200 2044 vero
2217 2018 2286 2045 sta-

1313 2069 1407 2094 tuere
1424 2060 1549 2093 debeas
1567 2059 1631 2093 tibi
1650 2059 1778 2092 remitti
1797 2066 1951 2102 peccata,
1980 2066 2013 2093 et
2031 2067 2064 2094 te
2081 2072 2154 2094 esse
2178 2061 2288 2095 filium

1312 2110 1376 2143 Dei
1394 2122 1455 2154 per
1476 2110 1586 2144 solam
1607 2110 1902 2150 misericordiam,
1930 2117 2071 2154 propter
2086 2110 2264 2145 Christum
2278 2114 2294 2145 P

1313 2161 1466 2195 Proinde
1482 2161 1593 2205 reipsa
1611 2168 1661 2194 est
1677 2160 1867 2201 exclusiva,
1895 2173 1972 2193 cum
1991 2162 2055 2194 ait:
2084 2160 2170 2195 Fide
2193 2162 2290 2196 iusti-

1312 2214 1472 2253 ficantur,
1503 2212 1538 2245 id
1558 2219 1624 2252 est,
1653 2224 1725 2245 non
1743 2218 1885 2258 propter
1902 2211 2105 2254 dignitatem
2124 2219 2290 2247 nostram.

1312 2263 1430 2306 Quare
1452 2263 1479 2296 si
1503 2262 1580 2308 quis
1613 2274 1692 2296 vere
1723 2263 1814 2295 volet
1844 2261 2019 2305 iudicare,
2052 2270 2212 2305 agnoscet
2236 2276 2290 2297 re-

1313 2315 1384 2358 ipsa
1404 2314 1496 2347 idem
1513 2313 1720 2357 significari,
1746 2311 1834 2346 Fide
1859 2312 2106 2353 iustificamur,
2134 2320 2165 2346 et
2184 2315 2289 2355 gratis

1312 2365 1557 2403 iustificatum,
1585 2363 1671 2405 fide,
1698 2370 1730 2397 et
1747 2363 1819 2396 sola
1833 2362 1900 2395 fide
1915 2362 2154 2399 iustificamur.
2197 2364 2292 2398 Haec

1312 2416 1425 2449 obiter
1439 2415 1549 2448 adieci
1567 2416 1610 2448 de
1631 2414 1792 2447 formulis
1808 2413 1997 2454 sermonis,
2024 2420 2062 2447 ut
2084 2413 2290 2457 significatio

1313 2466 1498 2510 diligenter
1523 2465 1748 2510 expendatur.
1806 2462 1990 2497 Caeterum
2016 2477 2159 2509 quoquo
2184 2467 2289 2500 modo

1313 2519 1516 2562 loquemur,
1543 2516 1630 2549 illud
1655 2514 1844 2548 videndum
1865 2514 1949 2553 erit,
1977 2527 2021 2547 ne
2038 2526 2092 2548 res
2108 2516 2286 2550 obruatur.

1312 2568 1491 2602 Sententia
1509 2567 1678 2600 exclusiva
1696 2565 1878 2599 retinenda
1895 2572 1962 2605 est,
1995 2566 2037 2598 de
2062 2567 2209 2608 gratuita
2233 2579 2287 2600 ac-

1312 2618 1520 2663 ceptatione:
1557 2614 1641 2650 haec
1666 2616 1760 2648 enim
1784 2615 1973 2648 discrimen
1998 2616 2090 2648 inter
2109 2616 2232 2659 Legem
2256 2625 2288 2652 et

1311 2668 1541 2712 Evangelium
1566 2667 1689 2707 efficit,
1716 2673 1753 2701 ut
1770 2666 1902 2701 dictum
1920 2673 1981 2703 cst.
2034 2665 2115 2701 Dixi
2142 2670 2184 2700 de
2209 2679 2284 2712 par-
