<?xml version="1.0" encoding="UTF-8"?>
<!DOCTYPE html PUBLIC "-//W3C//DTD XHTML 1.0 Transitional//EN"
    "http://www.w3.org/TR/xhtml1/DTD/xhtml1-transitional.dtd">
<html xmlns="http://www.w3.org/1999/xhtml" xml:lang="en" lang="en">
 <head>
  <title>
</title>
<meta http-equiv="Content-Type" content="text/html;charset=utf-8" />
  <meta name='ocr-system' content='tesseract 3.04.00' />
  <meta name='ocr-capabilities' content='ocr_page ocr_carea ocr_par ocr_line ocrx_word'/>
</head>
<body>
  <div class='ocr_page' id='page_1' title='image "./operaquaesupersu15melauoft/operaquaesupersu15melauoft_0071.png"; bbox 0 0 2415 2942; ppageno 0'>
   <div class='ocr_carea' id='block_1_1' title="bbox 79 103 570 143">
    <p class='ocr_par' dir='ltr' id='par_1_1' title="bbox 79 103 570 143">
     <span class='ocr_line' id='line_1_1' title="bbox 79 103 570 143; baseline -0.006 -1"><span class='ocrx_word' id='word_1_1' title='bbox 79 104 151 143; x_wconf 77' lang='lat'>125</span> <span class='ocrx_word' id='word_1_2' title='bbox 488 103 570 140; x_wconf 85' lang='lat' dir='ltr'><strong>XII.</strong></span> 
     </span>
    </p>
   </div>
   <div class='ocr_carea' id='block_1_2' title="bbox 221 195 909 244">
    <p class='ocr_par' dir='ltr' id='par_1_2' title="bbox 221 195 909 244">
     <span class='ocr_line' id='line_1_2' title="bbox 221 195 909 244; baseline 0 -12"><span class='ocrx_word' id='word_1_3' title='bbox 221 195 338 232; x_wconf 84' lang='lat' dir='ltr'><em>Dedit</em></span> <span class='ocrx_word' id='word_1_4' title='bbox 353 195 442 244; x_wconf 91' lang='lat' dir='ltr'>filio</span> <span class='ocrx_word' id='word_1_5' title='bbox 467 198 579 232; x_wconf 68' lang='lat' dir='ltr'>vitam</span> <span class='ocrx_word' id='word_1_6' title='bbox 601 195 734 232; x_wconf 83' lang='lat' dir='ltr'>habere</span> <span class='ocrx_word' id='word_1_7' title='bbox 759 197 799 232; x_wconf 84' lang='lat' dir='ltr'>in</span> <span class='ocrx_word' id='word_1_8' title='bbox 821 208 909 232; x_wconf 79' lang='lat' dir='ltr'>sese.</span> 
     </span>
    </p>
   </div>
   <div class='ocr_carea' id='block_1_3' title="bbox 67 269 1060 824">
    <p class='ocr_par' dir='ltr' id='par_1_3' title="bbox 67 269 1060 824">
     <span class='ocr_line' id='line_1_3' title="bbox 174 269 1060 318; baseline -0.003 -11"><span class='ocrx_word' id='word_1_9' title='bbox 174 271 222 308; x_wconf 92' lang='lat' dir='ltr'>Et</span> <span class='ocrx_word' id='word_1_10' title='bbox 237 280 287 308; x_wconf 88' lang='lat' dir='ltr'>est</span> <span class='ocrx_word' id='word_1_11' title='bbox 309 272 484 318; x_wconf 80' lang='lat' dir='ltr'>emphasis</span> <span class='ocrx_word' id='word_1_12' title='bbox 505 274 543 307; x_wconf 90' lang='lat' dir='ltr'>in</span> <span class='ocrx_word' id='word_1_13' title='bbox 567 272 635 308; x_wconf 85' lang='lat' dir='ltr'>hoc</span> <span class='ocrx_word' id='word_1_14' title='bbox 660 274 773 314; x_wconf 83' lang='lat' dir='ltr'>dieto,</span> <span class='ocrx_word' id='word_1_15' title='bbox 797 273 905 305; x_wconf 84' lang='lat' dir='ltr'>vitam</span> <span class='ocrx_word' id='word_1_16' title='bbox 931 269 1060 305; x_wconf 88' lang='lat' dir='ltr'>habere</span> 
     </span>
     <span class='ocr_line' id='line_1_4' title="bbox 72 324 1059 369; baseline -0.003 -12"><span class='ocrx_word' id='word_1_17' title='bbox 72 324 111 357; x_wconf 88' lang='lat' dir='ltr'>in</span> <span class='ocrx_word' id='word_1_18' title='bbox 129 335 220 366; x_wconf 81' lang='lat' dir='ltr'>sese,</span> <span class='ocrx_word' id='word_1_19' title='bbox 248 325 284 358; x_wconf 91' lang='lat' dir='ltr'>id</span> <span class='ocrx_word' id='word_1_20' title='bbox 305 331 373 366; x_wconf 86' lang='lat' dir='ltr'>est,</span> <span class='ocrx_word' id='word_1_21' title='bbox 395 325 465 358; x_wconf 90' lang='lat' dir='ltr'>alio</span> <span class='ocrx_word' id='word_1_22' title='bbox 487 326 611 365; x_wconf 87' lang='lat' dir='ltr'>modo,</span> <span class='ocrx_word' id='word_1_23' title='bbox 639 336 743 369; x_wconf 87' lang='lat' dir='ltr'>quam</span> <span class='ocrx_word' id='word_1_24' title='bbox 770 329 968 363; x_wconf 82' lang='lat' dir='ltr'><strong>creaturae,</strong></span> <span class='ocrx_word' id='word_1_25' title='bbox 995 334 1059 355; x_wconf 90' lang='lat' dir='ltr'>an-</span> 
     </span>
     <span class='ocr_line' id='line_1_5' title="bbox 72 372 1058 419; baseline -0.003 -11"><span class='ocrx_word' id='word_1_26' title='bbox 72 375 142 419; x_wconf 85' lang='lat' dir='ltr'>geli</span> <span class='ocrx_word' id='word_1_27' title='bbox 159 381 192 409; x_wconf 86' lang='lat' dir='ltr'>et</span> <span class='ocrx_word' id='word_1_28' title='bbox 210 373 384 411; x_wconf 86' lang='lat' dir='ltr'>homines.</span> <span class='ocrx_word' id='word_1_29' title='bbox 436 374 552 410; x_wconf 86' lang='lat' dir='ltr'>Habet</span> <span class='ocrx_word' id='word_1_30' title='bbox 575 375 668 408; x_wconf 91' lang='lat' dir='ltr'>enim</span> <span class='ocrx_word' id='word_1_31' title='bbox 687 372 782 407; x_wconf 88' lang='lat' dir='ltr'>Deus</span> <span class='ocrx_word' id='word_1_32' title='bbox 797 374 903 407; x_wconf 88' lang='lat' dir='ltr'>vitam</span> <span class='ocrx_word' id='word_1_33' title='bbox 921 373 957 405; x_wconf 90' lang='lat' dir='ltr'>in</span> <span class='ocrx_word' id='word_1_34' title='bbox 974 384 1058 411; x_wconf 89' lang='lat' dir='ltr'>sese,</span> 
     </span>
     <span class='ocr_line' id='line_1_6' title="bbox 71 423 1057 470; baseline -0.004 -11"><span class='ocrx_word' id='word_1_35' title='bbox 71 426 237 460; x_wconf 87' lang='lat' dir='ltr'>videlicet</span> <span class='ocrx_word' id='word_1_36' title='bbox 264 433 460 467; x_wconf 87' lang='lat' dir='ltr'>aeternam,</span> <span class='ocrx_word' id='word_1_37' title='bbox 487 433 518 458; x_wconf 94' lang='lat' dir='ltr'>et</span> <span class='ocrx_word' id='word_1_38' title='bbox 543 437 632 470; x_wconf 90' lang='lat' dir='ltr'>quae</span> <span class='ocrx_word' id='word_1_39' title='bbox 655 425 755 457; x_wconf 89' lang='lat' dir='ltr'>nullo</span> <span class='ocrx_word' id='word_1_40' title='bbox 773 425 878 457; x_wconf 92' lang='lat' dir='ltr'>modo</span> <span class='ocrx_word' id='word_1_41' title='bbox 901 423 1057 465; x_wconf 79' lang='lat' dir='ltr'>extingui</span> 
     </span>
     <span class='ocr_line' id='line_1_7' title="bbox 71 475 1057 521; baseline -0.003 -12"><span class='ocrx_word' id='word_1_42' title='bbox 71 483 204 521; x_wconf 90' lang='lat' dir='ltr'>potest,</span> <span class='ocrx_word' id='word_1_43' title='bbox 226 477 297 510; x_wconf 89' lang='lat' dir='ltr'>imo</span> <span class='ocrx_word' id='word_1_44' title='bbox 315 477 381 517; x_wconf 88' lang='lat' dir='ltr'>sic,</span> <span class='ocrx_word' id='word_1_45' title='bbox 405 482 444 509; x_wconf 86' lang='lat' dir='ltr'>ut</span> <span class='ocrx_word' id='word_1_46' title='bbox 460 476 536 509; x_wconf 87' lang='lat' dir='ltr'>aliis</span> <span class='ocrx_word' id='word_1_47' title='bbox 555 476 658 508; x_wconf 87' lang='lat' dir='ltr'>etiam</span> <span class='ocrx_word' id='word_1_48' title='bbox 677 475 871 519; x_wconf 85' lang='lat' dir='ltr'>impertiat,</span> <span class='ocrx_word' id='word_1_49' title='bbox 900 475 1057 516; x_wconf 79' lang='lat' dir='ltr'>Angelus</span> 
     </span>
     <span class='ocr_line' id='line_1_8' title="bbox 71 525 1056 571; baseline -0.003 -11"><span class='ocrx_word' id='word_1_50' title='bbox 71 534 104 560; x_wconf 91' lang='lat' dir='ltr'>et</span> <span class='ocrx_word' id='word_1_51' title='bbox 119 525 226 561; x_wconf 87' lang='lat' dir='ltr'>bomo</span> <span class='ocrx_word' id='word_1_52' title='bbox 249 539 321 560; x_wconf 91' lang='lat' dir='ltr'>non</span> <span class='ocrx_word' id='word_1_53' title='bbox 345 533 455 571; x_wconf 88' lang='lat' dir='ltr'>potest</span> <span class='ocrx_word' id='word_1_54' title='bbox 478 526 530 558; x_wconf 89' lang='lat' dir='ltr'>rei</span> <span class='ocrx_word' id='word_1_55' title='bbox 551 533 711 559; x_wconf 78' lang='lat' dir='ltr'><strong>mortuae</strong></span> <span class='ocrx_word' id='word_1_56' title='bbox 736 526 842 558; x_wconf 90' lang='lat' dir='ltr'>vitam</span> <span class='ocrx_word' id='word_1_57' title='bbox 866 525 1056 568; x_wconf 88' lang='lat' dir='ltr'>impertire.</span> 
     </span>
     <span class='ocr_line' id='line_1_9' title="bbox 71 576 1057 621; baseline -0.004 -10"><span class='ocrx_word' id='word_1_58' title='bbox 71 577 167 611; x_wconf 84' lang='lat' dir='ltr'>Haec</span> <span class='ocrx_word' id='word_1_59' title='bbox 182 584 316 611; x_wconf 86' lang='lat' dir='ltr'>tantum</span> <span class='ocrx_word' id='word_1_60' title='bbox 333 582 415 610; x_wconf 87' lang='lat' dir='ltr'>sunt</span> <span class='ocrx_word' id='word_1_61' title='bbox 432 582 578 609; x_wconf 86' lang='lat' dir='ltr'>naturae</span> <span class='ocrx_word' id='word_1_62' title='bbox 595 576 865 621; x_wconf 85' lang='lat' dir='ltr'>omnipotentis:</span> <span class='ocrx_word' id='word_1_63' title='bbox 895 588 972 609; x_wconf 87' lang='lat' dir='ltr'>cum</span> <span class='ocrx_word' id='word_1_64' title='bbox 991 576 1057 618; x_wconf 78' lang='lat' dir='ltr'>igi-</span> 
     </span>
     <span class='ocr_line' id='line_1_10' title="bbox 72 626 1056 670; baseline -0.004 -8"><span class='ocrx_word' id='word_1_65' title='bbox 72 635 129 662; x_wconf 88' lang='lat' dir='ltr'>tur</span> <span class='ocrx_word' id='word_1_66' title='bbox 150 627 242 660; x_wconf 86' lang='lat' dir='ltr'>filius</span> <span class='ocrx_word' id='word_1_67' title='bbox 265 627 307 661; x_wconf 89' lang='lat' dir='ltr'>sit</span> <span class='ocrx_word' id='word_1_68' title='bbox 334 627 576 667; x_wconf 79' lang='lat' dir='ltr'>resuscitator,</span> <span class='ocrx_word' id='word_1_69' title='bbox 603 639 741 660; x_wconf 88' lang='lat' dir='ltr'>necesse</span> <span class='ocrx_word' id='word_1_70' title='bbox 758 633 808 660; x_wconf 89' lang='lat' dir='ltr'>est</span> <span class='ocrx_word' id='word_1_71' title='bbox 831 626 1056 670; x_wconf 83' lang='lat' dir='ltr'>omnipoten-</span> 
     </span>
     <span class='ocr_line' id='line_1_11' title="bbox 69 675 1056 711; baseline -0.001 -1"><span class='ocrx_word' id='word_1_72' title='bbox 69 684 139 711; x_wconf 90' lang='lat' dir='ltr'>tem</span> <span class='ocrx_word' id='word_1_73' title='bbox 163 689 244 711; x_wconf 85' lang='lat' dir='ltr'>esse.</span> <span class='ocrx_word' id='word_1_74' title='bbox 303 675 399 710; x_wconf 88' lang='lat' dir='ltr'>Haec</span> <span class='ocrx_word' id='word_1_75' title='bbox 424 677 506 710; x_wconf 87' lang='lat' dir='ltr'>satis</span> <span class='ocrx_word' id='word_1_76' title='bbox 528 678 573 711; x_wconf 89' lang='lat' dir='ltr'>sit</span> <span class='ocrx_word' id='word_1_77' title='bbox 596 685 781 711; x_wconf 72' lang='lat' dir='ltr'>annotasse</span> <span class='ocrx_word' id='word_1_78' title='bbox 797 678 840 710; x_wconf 87' lang='lat' dir='ltr'>de</span> <span class='ocrx_word' id='word_1_79' title='bbox 855 684 924 710; x_wconf 91' lang='lat' dir='ltr'>tam</span> <span class='ocrx_word' id='word_1_80' title='bbox 944 677 1056 709; x_wconf 86' lang='lat' dir='ltr'>subli-</span> 
     </span>
     <span class='ocr_line' id='line_1_12' title="bbox 67 726 1055 772; baseline 0 -11"><span class='ocrx_word' id='word_1_81' title='bbox 67 728 185 761; x_wconf 88' lang='lat' dir='ltr'>mibus</span> <span class='ocrx_word' id='word_1_82' title='bbox 210 728 331 766; x_wconf 82' lang='lat' dir='ltr'>dictis,</span> <span class='ocrx_word' id='word_1_83' title='bbox 367 728 409 760; x_wconf 89' lang='lat' dir='ltr'>de</span> <span class='ocrx_word' id='word_1_84' title='bbox 434 728 563 772; x_wconf 87' lang='lat' dir='ltr'>quibus</span> <span class='ocrx_word' id='word_1_85' title='bbox 588 729 773 772; x_wconf 76' lang='lat' dir='ltr'>praecipue</span> <span class='ocrx_word' id='word_1_86' title='bbox 800 726 866 760; x_wconf 91' lang='lat' dir='ltr'>hoc</span> <span class='ocrx_word' id='word_1_87' title='bbox 885 727 1055 761; x_wconf 87' lang='lat' dir='ltr'>memine-</span> 
     </span>
     <span class='ocr_line' id='line_1_13' title="bbox 68 778 902 824; baseline -0.002 -12"><span class='ocrx_word' id='word_1_88' title='bbox 68 779 135 820; x_wconf 87' lang='lat' dir='ltr'>ris,</span> <span class='ocrx_word' id='word_1_89' title='bbox 163 779 258 824; x_wconf 90' lang='lat' dir='ltr'>quod</span> <span class='ocrx_word' id='word_1_90' title='bbox 283 778 353 812; x_wconf 89' lang='lat' dir='ltr'>sint</span> <span class='ocrx_word' id='word_1_91' title='bbox 378 778 579 812; x_wconf 85' lang='lat' dir='ltr'>testimonia</span> <span class='ocrx_word' id='word_1_92' title='bbox 603 778 800 812; x_wconf 85' lang='lat' dir='ltr'>divinitatis</span> <span class='ocrx_word' id='word_1_93' title='bbox 828 778 902 811; x_wconf 87' lang='lat' dir='ltr'>filii.</span> 
     </span>
    </p>
   </div>
   <div class='ocr_carea' id='block_1_4' title="bbox 168 845 1055 891">
    <p class='ocr_par' dir='ltr' id='par_1_4' title="bbox 168 845 1055 891">
     <span class='ocr_line' id='line_1_14' title="bbox 168 845 1055 891; baseline -0.001 -12"><span class='ocrx_word' id='word_1_94' title='bbox 168 845 292 879; x_wconf 79' lang='lat' dir='ltr'>Postea</span> <span class='ocrx_word' id='word_1_95' title='bbox 323 845 360 878; x_wconf 89' lang='lat' dir='ltr'>in</span> <span class='ocrx_word' id='word_1_96' title='bbox 390 845 458 878; x_wconf 89' lang='lat' dir='ltr'>fine</span> <span class='ocrx_word' id='word_1_97' title='bbox 488 845 587 879; x_wconf 84' lang='lat' dir='ltr'>addit</span> <span class='ocrx_word' id='word_1_98' title='bbox 617 846 919 889; x_wconf 84' lang='lat' dir='ltr'>obiurgationem‚</span> <span class='ocrx_word' id='word_1_99' title='bbox 960 847 1055 891; x_wconf 89' lang='lat' dir='ltr'>quod</span> 
     </span>
    </p>
   </div>
   <div class='ocr_carea' id='block_1_5' title="bbox 68 895 2099 991">
    <p class='ocr_par' dir='ltr' id='par_1_5' title="bbox 68 895 2099 991">
     <span class='ocr_line' id='line_1_15' title="bbox 68 895 1082 939; baseline 0 -10"><span class='ocrx_word' id='word_1_100' title='bbox 68 895 245 939; x_wconf 74' lang='lat' dir='ltr'>Baptistae</span> <span class='ocrx_word' id='word_1_101' title='bbox 262 896 460 930; x_wconf 86' lang='lat' dir='ltr'>testificanti</span> <span class='ocrx_word' id='word_1_102' title='bbox 477 897 520 929; x_wconf 88' lang='lat' dir='ltr'>de</span> <span class='ocrx_word' id='word_1_103' title='bbox 536 897 612 939; x_wconf 90' lang='lat' dir='ltr'>ipso</span> <span class='ocrx_word' id='word_1_104' title='bbox 630 908 701 929; x_wconf 90' lang='lat' dir='ltr'>non</span> <span class='ocrx_word' id='word_1_105' title='bbox 727 896 955 932; x_wconf 85' lang='lat' dir='ltr'>crediderint.</span> <span class='ocrx_word' id='word_1_106' title='bbox 1009 895 1056 930; x_wconf 83' lang='lat' dir='ltr'>Et</span> <span class='ocrx_word' id='word_1_107' title='bbox 1081 923 1082 929; x_wconf 68' lang='grc'>,</span> 
     </span>
     <span class='ocr_line' id='line_1_16' title="bbox 1081 947 2099 991; baseline 0.002 -13"><span class='ocrx_word' id='word_1_108' title='bbox 1081 952 1083 958; x_wconf 71' lang='grc'><strong>“</strong></span> <span class='ocrx_word' id='word_1_109' title='bbox 1109 958 1184 986; x_wconf 89' lang='lat' dir='ltr'>cus,</span> <span class='ocrx_word' id='word_1_110' title='bbox 1212 948 1304 991; x_wconf 87' lang='lat' dir='ltr'>quod</span> <span class='ocrx_word' id='word_1_111' title='bbox 1327 947 1515 980; x_wconf 73' lang='lat' dir='ltr'>damnetur</span> <span class='ocrx_word' id='word_1_112' title='bbox 1537 947 1658 991; x_wconf 89' lang='lat' dir='ltr'>opinio</span> <span class='ocrx_word' id='word_1_113' title='bbox 1675 947 1886 981; x_wconf 82' lang='lat' dir='ltr'>Pontificum</span> <span class='ocrx_word' id='word_1_114' title='bbox 1909 955 1940 980; x_wconf 91' lang='lat' dir='ltr'>et</span> <span class='ocrx_word' id='word_1_115' title='bbox 1959 948 2099 981; x_wconf 75' lang='lat' dir='ltr'>Princi-</span> 
     </span>
    </p>
   </div>
   <div class='ocr_carea' id='block_1_6' title="bbox 64 944 1055 1194">
    <p class='ocr_par' dir='ltr' id='par_1_6' title="bbox 64 944 1055 1194">
     <span class='ocr_line' id='line_1_17' title="bbox 65 944 1053 990; baseline -0.002 -9"><span class='ocrx_word' id='word_1_116' title='bbox 65 944 306 981; x_wconf 84' lang='lat' dir='ltr'>utEcctesiam</span> <span class='ocrx_word' id='word_1_117' title='bbox 324 947 464 979; x_wconf 83' lang='lat' dir='ltr'>abunde</span> <span class='ocrx_word' id='word_1_118' title='bbox 482 947 677 988; x_wconf 88' lang='lat' dir='ltr'>confirmet,</span> <span class='ocrx_word' id='word_1_119' title='bbox 704 947 831 990; x_wconf 82' lang='lat' dir='ltr'>allegat</span> <span class='ocrx_word' id='word_1_120' title='bbox 847 959 919 979; x_wconf 86' lang='lat' dir='ltr'>non</span> <span class='ocrx_word' id='word_1_121' title='bbox 940 947 1053 980; x_wconf 89' lang='lat' dir='ltr'>solum</span> 
     </span>
     <span class='ocr_line' id='line_1_18' title="bbox 64 996 1055 1041; baseline -0.001 -10"><span class='ocrx_word' id='word_1_122' title='bbox 64 996 244 1041; x_wconf 78' lang='lat' dir='ltr'>Baptistae</span> <span class='ocrx_word' id='word_1_123' title='bbox 259 997 473 1038; x_wconf 85' lang='lat' dir='ltr'>testimonia,</span> <span class='ocrx_word' id='word_1_124' title='bbox 492 999 550 1030; x_wconf 88' lang='lat' dir='ltr'>sed</span> <span class='ocrx_word' id='word_1_125' title='bbox 569 998 672 1030; x_wconf 87' lang='lat' dir='ltr'>etiam</span> <span class='ocrx_word' id='word_1_126' title='bbox 689 998 819 1030; x_wconf 91' lang='lat' dir='ltr'>aeterni</span> <span class='ocrx_word' id='word_1_127' title='bbox 838 998 945 1040; x_wconf 82' lang='lat' dir='ltr'>patris</span> <span class='ocrx_word' id='word_1_128' title='bbox 964 998 1055 1031; x_wconf 84' lang='lat' dir='ltr'>dicta</span> 
     </span>
     <span class='ocr_line' id='line_1_19' title="bbox 67 1045 1053 1092; baseline -0.001 -11"><span class='ocrx_word' id='word_1_129' title='bbox 67 1055 100 1081; x_wconf 90' lang='lat' dir='ltr'>et</span> <span class='ocrx_word' id='word_1_130' title='bbox 119 1048 283 1081; x_wconf 83' lang='lat' dir='ltr'>miracula</span> <span class='ocrx_word' id='word_1_131' title='bbox 297 1074 306 1088; x_wconf 94' lang='lat'>,</span> <span class='ocrx_word' id='word_1_132' title='bbox 334 1060 422 1092; x_wconf 89' lang='lat' dir='ltr'>quae</span> <span class='ocrx_word' id='word_1_133' title='bbox 439 1059 503 1080; x_wconf 91' lang='lat' dir='ltr'>nos</span> <span class='ocrx_word' id='word_1_134' title='bbox 522 1055 631 1082; x_wconf 88' lang='lat' dir='ltr'>certos</span> <span class='ocrx_word' id='word_1_135' title='bbox 656 1049 809 1081; x_wconf 89' lang='lat' dir='ltr'>reddunt</span> <span class='ocrx_word' id='word_1_136' title='bbox 827 1045 921 1080; x_wconf 83' lang='lat' dir='ltr'>bunc</span> <span class='ocrx_word' id='word_1_137' title='bbox 941 1047 1053 1080; x_wconf 85' lang='lat' dir='ltr'>Iesum</span> 
     </span>
     <span class='ocr_line' id='line_1_20' title="bbox 65 1097 1054 1140; baseline 0.001 -9"><span class='ocrx_word' id='word_1_138' title='bbox 65 1098 177 1132; x_wconf 87' lang='lat' dir='ltr'>filium</span> <span class='ocrx_word' id='word_1_139' title='bbox 196 1097 260 1132; x_wconf 89' lang='lat' dir='ltr'>Dei</span> <span class='ocrx_word' id='word_1_140' title='bbox 289 1105 322 1132; x_wconf 91' lang='lat' dir='ltr'>et</span> <span class='ocrx_word' id='word_1_141' title='bbox 339 1098 505 1132; x_wconf 70' lang='lat' dir='ltr'>Messian]</span> <span class='ocrx_word' id='word_1_142' title='bbox 524 1110 614 1140; x_wconf 87' lang='lat' dir='ltr'>esse,</span> <span class='ocrx_word' id='word_1_143' title='bbox 642 1100 700 1132; x_wconf 89' lang='lat' dir='ltr'>sed</span> <span class='ocrx_word' id='word_1_144' title='bbox 726 1099 914 1132; x_wconf 79' lang='lat' dir='ltr'>durissima</span> <span class='ocrx_word' id='word_1_145' title='bbox 931 1099 1054 1132; x_wconf 89' lang='lat' dir='ltr'>obiur-</span> 
     </span>
     <span class='ocr_line' id='line_1_21' title="bbox 65 1147 553 1194; baseline 0 -11"><span class='ocrx_word' id='word_1_146' title='bbox 65 1150 159 1193; x_wconf 85' lang='lat' dir='ltr'>gatio</span> <span class='ocrx_word' id='word_1_147' title='bbox 176 1149 334 1194; x_wconf 86' lang='lat' dir='ltr'>sequitur</span> <span class='ocrx_word' id='word_1_148' title='bbox 349 1147 404 1182; x_wconf 81' lang='lat' dir='ltr'>his</span> <span class='ocrx_word' id='word_1_149' title='bbox 421 1150 553 1183; x_wconf 84' lang='lat' dir='ltr'>verbis:</span> 
     </span>
    </p>
   </div>
   <div class='ocr_carea' id='block_1_7' title="bbox 59 1231 1053 2310">
    <p class='ocr_par' dir='ltr' id='par_1_7' title="bbox 115 1231 1053 1318">
     <span class='ocr_line' id='line_1_22' title="bbox 115 1231 1053 1281; baseline -0.001 -14"><span class='ocrx_word' id='word_1_150' title='bbox 115 1231 242 1281; x_wconf 77' lang='lat' dir='ltr'>Neque</span> <span class='ocrx_word' id='word_1_151' title='bbox 259 1245 372 1267; x_wconf 63' lang='lat' dir='ltr'>rocem</span> <span class='ocrx_word' id='word_1_152' title='bbox 389 1232 464 1267; x_wconf 79' lang='lat' dir='ltr'>eius</span> <span class='ocrx_word' id='word_1_153' title='bbox 482 1231 656 1275; x_wconf 78' lang='lat' dir='ltr'>audistis,</span> <span class='ocrx_word' id='word_1_154' title='bbox 683 1244 794 1281; x_wconf 76' lang='lat' dir='ltr'>neque</span> <span class='ocrx_word' id='word_1_155' title='bbox 811 1233 959 1281; x_wconf 76' lang='lat' dir='ltr'>speciem</span> <span class='ocrx_word' id='word_1_156' title='bbox 977 1233 1053 1267; x_wconf 80' lang='lat' dir='ltr'>eius</span> 
     </span>
     <span class='ocr_line' id='line_1_23' title="bbox 168 1282 324 1318; baseline 0.006 -1"><span class='ocrx_word' id='word_1_157' title='bbox 168 1282 324 1318; x_wconf 72' lang='lat' dir='ltr'>vidistis.</span> 
     </span>
    </p>

    <p class='ocr_par' dir='ltr' id='par_1_8' title="bbox 59 1348 1052 2310">
     <span class='ocr_line' id='line_1_24' title="bbox 139 1348 1052 1395; baseline 0.001 -12"><span class='ocrx_word' id='word_1_158' title='bbox 139 1351 271 1385; x_wconf 75' lang='lat' dir='ltr'>Verum</span> <span class='ocrx_word' id='word_1_159' title='bbox 290 1358 359 1390; x_wconf 87' lang='lat' dir='ltr'>est,</span> <span class='ocrx_word' id='word_1_160' title='bbox 386 1350 499 1384; x_wconf 88' lang='lat' dir='ltr'>Deum</span> <span class='ocrx_word' id='word_1_161' title='bbox 524 1362 559 1383; x_wconf 88' lang='lat' dir='ltr'>se</span> <span class='ocrx_word' id='word_1_162' title='bbox 577 1351 659 1383; x_wconf 89' lang='lat' dir='ltr'>solis</span> <span class='ocrx_word' id='word_1_163' title='bbox 677 1350 833 1395; x_wconf 87' lang='lat' dir='ltr'>patribus</span> <span class='ocrx_word' id='word_1_164' title='bbox 858 1348 964 1384; x_wconf 85' lang='lat' dir='ltr'>huius</span> <span class='ocrx_word' id='word_1_165' title='bbox 990 1364 1052 1395; x_wconf 92' lang='lat' dir='ltr'>po—</span> 
     </span>
     <span class='ocr_line' id='line_1_25' title="bbox 65 1402 1052 1447; baseline 0 -12"><span class='ocrx_word' id='word_1_166' title='bbox 65 1402 143 1447; x_wconf 87' lang='lat' dir='ltr'>puli</span> <span class='ocrx_word' id='word_1_167' title='bbox 166 1402 365 1446; x_wconf 74' lang='lat' dir='ltr'>patefecisse</span> <span class='ocrx_word' id='word_1_168' title='bbox 390 1402 482 1434; x_wconf 85' lang='lat' dir='ltr'>clara</span> <span class='ocrx_word' id='word_1_169' title='bbox 509 1414 610 1440; x_wconf 85' lang='lat' dir='ltr'>voce,</span> <span class='ocrx_word' id='word_1_170' title='bbox 640 1409 672 1435; x_wconf 88' lang='lat' dir='ltr'>et</span> <span class='ocrx_word' id='word_1_171' title='bbox 694 1408 784 1434; x_wconf 88' lang='lat' dir='ltr'>certa</span> <span class='ocrx_word' id='word_1_172' title='bbox 807 1403 937 1445; x_wconf 89' lang='lat' dir='ltr'>specie,</span> <span class='ocrx_word' id='word_1_173' title='bbox 964 1403 1052 1435; x_wconf 88' lang='lat' dir='ltr'>sicut</span> 
     </span>
     <span class='ocr_line' id='line_1_26' title="bbox 63 1452 1051 1496; baseline -0.001 -9"><span class='ocrx_word' id='word_1_174' title='bbox 63 1456 107 1487; x_wconf 87' lang='lat' dir='ltr'>de</span> <span class='ocrx_word' id='word_1_175' title='bbox 132 1452 232 1486; x_wconf 85' lang='lat' dir='ltr'>Mose</span> <span class='ocrx_word' id='word_1_176' title='bbox 256 1453 423 1496; x_wconf 88' lang='lat' dir='ltr'>scriptum</span> <span class='ocrx_word' id='word_1_177' title='bbox 450 1458 520 1491; x_wconf 83' lang='lat' dir='ltr'>est,</span> <span class='ocrx_word' id='word_1_178' title='bbox 553 1453 646 1496; x_wconf 89' lang='lat' dir='ltr'>quod</span> <span class='ocrx_word' id='word_1_179' title='bbox 675 1452 802 1485; x_wconf 87' lang='lat' dir='ltr'>viderit</span> <span class='ocrx_word' id='word_1_180' title='bbox 825 1452 939 1485; x_wconf 87' lang='lat' dir='ltr'>Deum</span> <span class='ocrx_word' id='word_1_181' title='bbox 965 1454 1051 1486; x_wconf 87' lang='lat' dir='ltr'>facie</span> 
     </span>
     <span class='ocr_line' id='line_1_27' title="bbox 64 1504 1051 1538; baseline -0.001 -1"><span class='ocrx_word' id='word_1_182' title='bbox 64 1504 256 1538; x_wconf 86' lang='lat' dir='ltr'>adfaciem.</span> <span class='ocrx_word' id='word_1_183' title='bbox 311 1504 455 1537; x_wconf 81' lang='lat' dir='ltr'>Certum</span> <span class='ocrx_word' id='word_1_184' title='bbox 483 1509 532 1536; x_wconf 86' lang='lat' dir='ltr'>est</span> <span class='ocrx_word' id='word_1_185' title='bbox 549 1504 652 1536; x_wconf 90' lang='lat' dir='ltr'>etiam</span> <span class='ocrx_word' id='word_1_186' title='bbox 671 1515 789 1535; x_wconf 71' lang='lat' dir='ltr'>vocem</span> <span class='ocrx_word' id='word_1_187' title='bbox 809 1511 992 1536; x_wconf 86' lang='lat' dir='ltr'>sonantem</span> <span class='ocrx_word' id='word_1_188' title='bbox 1015 1504 1051 1536; x_wconf 90' lang='lat' dir='ltr'>in</span> 
     </span>
     <span class='ocr_line' id='line_1_28' title="bbox 64 1554 1050 1598; baseline -0.001 -11"><span class='ocrx_word' id='word_1_189' title='bbox 64 1556 149 1590; x_wconf 88' lang='lat' dir='ltr'>Sina</span> <span class='ocrx_word' id='word_1_190' title='bbox 175 1555 218 1587; x_wconf 86' lang='lat' dir='ltr'>ad</span> <span class='ocrx_word' id='word_1_191' title='bbox 239 1554 442 1588; x_wconf 86' lang='lat' dir='ltr'>universum</span> <span class='ocrx_word' id='word_1_192' title='bbox 468 1554 636 1598; x_wconf 89' lang='lat' dir='ltr'>populum</span> <span class='ocrx_word' id='word_1_193' title='bbox 661 1554 767 1587; x_wconf 88' lang='lat' dir='ltr'>fuisse</span> <span class='ocrx_word' id='word_1_194' title='bbox 796 1555 1050 1592; x_wconf 85' lang='lat' dir='ltr'>testimonium,</span> 
     </span>
     <span class='ocr_line' id='line_1_29' title="bbox 63 1602 1050 1651; baseline -0.001 -13"><span class='ocrx_word' id='word_1_195' title='bbox 63 1618 133 1651; x_wconf 92' lang='lat' dir='ltr'>quo</span> <span class='ocrx_word' id='word_1_196' title='bbox 158 1605 256 1638; x_wconf 85' lang='lat' dir='ltr'>Deus</span> <span class='ocrx_word' id='word_1_197' title='bbox 281 1612 423 1638; x_wconf 87' lang='lat' dir='ltr'>testatus</span> <span class='ocrx_word' id='word_1_198' title='bbox 453 1611 520 1645; x_wconf 91' lang='lat' dir='ltr'>est,</span> <span class='ocrx_word' id='word_1_199' title='bbox 557 1602 623 1638; x_wconf 89' lang='lat' dir='ltr'>hoc</span> <span class='ocrx_word' id='word_1_200' title='bbox 649 1605 794 1637; x_wconf 87' lang='lat' dir='ltr'>verbum</span> <span class='ocrx_word' id='word_1_201' title='bbox 827 1607 919 1650; x_wconf 88' lang='lat' dir='ltr'>quod</span> <span class='ocrx_word' id='word_1_202' title='bbox 956 1605 1050 1638; x_wconf 83' lang='lat' dir='ltr'>Mosi</span> 
     </span>
     <span class='ocr_line' id='line_1_30' title="bbox 63 1656 1049 1695; baseline 0 -6"><span class='ocrx_word' id='word_1_203' title='bbox 63 1656 273 1695; x_wconf 73' lang='lat' dir='ltr'>tradiderat,</span> <span class='ocrx_word' id='word_1_204' title='bbox 300 1667 400 1688; x_wconf 87' lang='lat' dir='ltr'>suum</span> <span class='ocrx_word' id='word_1_205' title='bbox 417 1667 488 1688; x_wconf 90' lang='lat' dir='ltr'>esse</span> <span class='ocrx_word' id='word_1_206' title='bbox 507 1656 671 1695; x_wconf 74' lang='lat' dir='ltr'>verbum,</span> <span class='ocrx_word' id='word_1_207' title='bbox 698 1658 756 1688; x_wconf 88' lang='lat' dir='ltr'>sed</span> <span class='ocrx_word' id='word_1_208' title='bbox 776 1662 893 1688; x_wconf 84' lang='lat' dir='ltr'>tamen</span> <span class='ocrx_word' id='word_1_209' title='bbox 913 1657 1049 1689; x_wconf 82' lang='lat' dir='ltr'>infinita</span> 
     </span>
     <span class='ocr_line' id='line_1_31' title="bbox 64 1706 1049 1750; baseline 0.001 -11"><span class='ocrx_word' id='word_1_210' title='bbox 64 1706 260 1739; x_wconf 80' lang='lat' dir='ltr'>differentia</span> <span class='ocrx_word' id='word_1_211' title='bbox 277 1713 327 1739; x_wconf 82' lang='lat' dir='ltr'>est</span> <span class='ocrx_word' id='word_1_212' title='bbox 342 1707 434 1738; x_wconf 90' lang='lat' dir='ltr'>inter</span> <span class='ocrx_word' id='word_1_213' title='bbox 457 1706 640 1743; x_wconf 77' lang='lat' dir='ltr'>noticiam,</span> <span class='ocrx_word' id='word_1_214' title='bbox 668 1719 735 1750; x_wconf 80' lang='lat' dir='ltr'>qua</span> <span class='ocrx_word' id='word_1_215' title='bbox 758 1706 851 1739; x_wconf 84' lang='lat' dir='ltr'>filius</span> <span class='ocrx_word' id='word_1_216' title='bbox 874 1707 974 1740; x_wconf 85' lang='lat' dir='ltr'>novit</span> <span class='ocrx_word' id='word_1_217' title='bbox 996 1719 1049 1740; x_wconf 92' lang='lat' dir='ltr'>es-</span> 
     </span>
     <span class='ocr_line' id='line_1_32' title="bbox 65 1756 1049 1800; baseline -0.001 -9"><span class='ocrx_word' id='word_1_218' title='bbox 65 1757 211 1791; x_wconf 88' lang='lat' dir='ltr'>sentiam</span> <span class='ocrx_word' id='word_1_219' title='bbox 229 1756 359 1789; x_wconf 85' lang='lat' dir='ltr'>aeterni</span> <span class='ocrx_word' id='word_1_220' title='bbox 379 1756 506 1800; x_wconf 89' lang='lat' dir='ltr'>patris,</span> <span class='ocrx_word' id='word_1_221' title='bbox 533 1763 566 1789; x_wconf 86' lang='lat' dir='ltr'>et</span> <span class='ocrx_word' id='word_1_222' title='bbox 590 1756 681 1788; x_wconf 90' lang='lat' dir='ltr'>inter</span> <span class='ocrx_word' id='word_1_223' title='bbox 704 1757 778 1788; x_wconf 84' lang='lat' dir='ltr'>illas</span> <span class='ocrx_word' id='word_1_224' title='bbox 803 1758 969 1790; x_wconf 84' lang='lat' dir='ltr'>revelatas</span> <span class='ocrx_word' id='word_1_225' title='bbox 987 1770 1049 1790; x_wconf 92' lang='lat' dir='ltr'>vo—</span> 
     </span>
     <span class='ocr_line' id='line_1_33' title="bbox 66 1804 1047 1850; baseline -0.001 -8"><span class='ocrx_word' id='word_1_226' title='bbox 66 1820 139 1847; x_wconf 86' lang='lat' dir='ltr'>ces,</span> <span class='ocrx_word' id='word_1_227' title='bbox 178 1807 266 1839; x_wconf 84' lang='lat' dir='ltr'>sicut</span> <span class='ocrx_word' id='word_1_228' title='bbox 291 1804 450 1840; x_wconf 81' lang='lat' dir='ltr'>Christus</span> <span class='ocrx_word' id='word_1_229' title='bbox 475 1806 660 1850; x_wconf 84' lang='lat' dir='ltr'>aliquoties</span> <span class='ocrx_word' id='word_1_230' title='bbox 685 1804 815 1840; x_wconf 79' lang='lat' dir='ltr'>Mauh.</span> <span class='ocrx_word' id='word_1_231' title='bbox 838 1809 908 1841; x_wconf 82' lang='lat'>11.:</span> <span class='ocrx_word' id='word_1_232' title='bbox 937 1807 1047 1841; x_wconf 84' lang='lat' dir='ltr'>Nemo</span> 
     </span>
     <span class='ocr_line' id='line_1_34' title="bbox 64 1854 1047 1901; baseline -0.002 -10"><span class='ocrx_word' id='word_1_233' title='bbox 64 1859 163 1892; x_wconf 84' lang='lat' dir='ltr'>novit</span> <span class='ocrx_word' id='word_1_234' title='bbox 188 1864 338 1900; x_wconf 89' lang='lat' dir='ltr'>patrem,</span> <span class='ocrx_word' id='word_1_235' title='bbox 364 1857 430 1888; x_wconf 90' lang='lat' dir='ltr'>nisi</span> <span class='ocrx_word' id='word_1_236' title='bbox 449 1857 557 1897; x_wconf 89' lang='lat' dir='ltr'>filius;</span> <span class='ocrx_word' id='word_1_237' title='bbox 591 1864 622 1890; x_wconf 89' lang='lat' dir='ltr'>et</span> <span class='ocrx_word' id='word_1_238' title='bbox 649 1857 684 1888; x_wconf 91' lang='lat' dir='ltr'>in</span> <span class='ocrx_word' id='word_1_239' title='bbox 705 1854 770 1889; x_wconf 91' lang='lat' dir='ltr'>hoc</span> <span class='ocrx_word' id='word_1_240' title='bbox 795 1869 867 1901; x_wconf 89' lang='lat' dir='ltr'>cap.</span> <span class='ocrx_word' id='word_1_241' title='bbox 884 1857 980 1893; x_wconf 86' lang='lat' dir='ltr'>loan.</span> <span class='ocrx_word' id='word_1_242' title='bbox 997 1857 1047 1894; x_wconf 86' lang='grc'>5,;</span> 
     </span>
     <span class='ocr_line' id='line_1_35' title="bbox 63 1907 1048 1954; baseline -0.001 -12"><span class='ocrx_word' id='word_1_243' title='bbox 63 1908 242 1954; x_wconf 81' lang='lat' dir='ltr'>Quicquid</span> <span class='ocrx_word' id='word_1_244' title='bbox 261 1908 353 1940; x_wconf 72' lang='lat' dir='ltr'>videt</span> <span class='ocrx_word' id='word_1_245' title='bbox 377 1908 468 1939; x_wconf 89' lang='lat' dir='ltr'>filius</span> <span class='ocrx_word' id='word_1_246' title='bbox 492 1914 623 1951; x_wconf 90' lang='lat' dir='ltr'>patrem</span> <span class='ocrx_word' id='word_1_247' title='bbox 650 1907 853 1948; x_wconf 78' lang='lat' dir='ltr'>facientem,</span> <span class='ocrx_word' id='word_1_248' title='bbox 878 1921 966 1952; x_wconf 87' lang='lat' dir='ltr'>quae</span> <span class='ocrx_word' id='word_1_249' title='bbox 989 1909 1048 1942; x_wconf 91' lang='lat' dir='ltr'>ille</span> 
     </span>
     <span class='ocr_line' id='line_1_36' title="bbox 62 1958 1046 2000; baseline -0.002 -6"><span class='ocrx_word' id='word_1_250' title='bbox 62 1960 163 1999; x_wconf 86' lang='lat' dir='ltr'>facit,</span> <span class='ocrx_word' id='word_1_251' title='bbox 192 1959 353 1991; x_wconf 81' lang='lat' dir='ltr'>similiter</span> <span class='ocrx_word' id='word_1_252' title='bbox 376 1965 407 1991; x_wconf 87' lang='lat' dir='ltr'>et</span> <span class='ocrx_word' id='word_1_253' title='bbox 431 1958 522 1990; x_wconf 78' lang='lat' dir='ltr'>filius</span> <span class='ocrx_word' id='word_1_254' title='bbox 549 1958 642 1992; x_wconf 87' lang='lat' dir='ltr'>facit.</span> <span class='ocrx_word' id='word_1_255' title='bbox 704 1958 823 2000; x_wconf 81' lang='lat' dir='ltr'>Quare</span> <span class='ocrx_word' id='word_1_256' title='bbox 849 1960 891 1991; x_wconf 91' lang='lat' dir='ltr'>de</span> <span class='ocrx_word' id='word_1_257' title='bbox 918 1961 1046 1992; x_wconf 79' lang='lat' dir='ltr'>noticia</span> 
     </span>
     <span class='ocr_line' id='line_1_37' title="bbox 63 2009 1045 2053; baseline -0.002 -9"><span class='ocrx_word' id='word_1_258' title='bbox 63 2011 229 2044; x_wconf 84' lang='lat' dir='ltr'>esseutiae</span> <span class='ocrx_word' id='word_1_259' title='bbox 247 2022 317 2043; x_wconf 88' lang='lat' dir='ltr'>non</span> <span class='ocrx_word' id='word_1_260' title='bbox 335 2016 383 2042; x_wconf 87' lang='lat' dir='ltr'>est</span> <span class='ocrx_word' id='word_1_261' title='bbox 401 2009 568 2049; x_wconf 83' lang='lat' dir='ltr'>dubium,</span> <span class='ocrx_word' id='word_1_262' title='bbox 598 2009 684 2053; x_wconf 89' lang='lat' dir='ltr'>quin</span> <span class='ocrx_word' id='word_1_263' title='bbox 712 2021 831 2041; x_wconf 91' lang='lat' dir='ltr'>vocem</span> <span class='ocrx_word' id='word_1_264' title='bbox 848 2016 879 2043; x_wconf 91' lang='lat' dir='ltr'>et</span> <span class='ocrx_word' id='word_1_265' title='bbox 897 2010 1045 2052; x_wconf 84' lang='lat' dir='ltr'>speciem</span> 
     </span>
     <span class='ocr_line' id='line_1_38' title="bbox 63 2059 1043 2097; baseline -0.001 -2"><span class='ocrx_word' id='word_1_266' title='bbox 63 2074 136 2095; x_wconf 81' lang='lat' dir='ltr'>non</span> <span class='ocrx_word' id='word_1_267' title='bbox 154 2061 273 2094; x_wconf 84' lang='lat' dir='ltr'>norint</span> <span class='ocrx_word' id='word_1_268' title='bbox 291 2067 486 2097; x_wconf 76' lang='lat' dir='ltr'>creaturae,</span> <span class='ocrx_word' id='word_1_269' title='bbox 513 2060 600 2092; x_wconf 88' lang='lat' dir='ltr'>sicut</span> <span class='ocrx_word' id='word_1_270' title='bbox 617 2060 708 2092; x_wconf 82' lang='lat' dir='ltr'>filius</span> <span class='ocrx_word' id='word_1_271' title='bbox 724 2061 832 2093; x_wconf 88' lang='lat' dir='ltr'>novit.</span> <span class='ocrx_word' id='word_1_272' title='bbox 874 2059 944 2093; x_wconf 85' lang='lat' dir='ltr'>Nec</span> <span class='ocrx_word' id='word_1_273' title='bbox 963 2074 1043 2094; x_wconf 89' lang='lat' dir='ltr'>vero</span> 
     </span>
     <span class='ocr_line' id='line_1_39' title="bbox 62 2108 1044 2154; baseline -0.002 -8"><span class='ocrx_word' id='word_1_274' title='bbox 62 2113 249 2146; x_wconf 90' lang='lat' dir='ltr'>dicendum</span> <span class='ocrx_word' id='word_1_275' title='bbox 276 2118 358 2154; x_wconf 92' lang='lat' dir='ltr'>puto</span> <span class='ocrx_word' id='word_1_276' title='bbox 381 2112 423 2143; x_wconf 83' lang='lat' dir='ltr'>(le</span> <span class='ocrx_word' id='word_1_277' title='bbox 448 2108 511 2143; x_wconf 88' lang='lat' dir='ltr'>hac</span> <span class='ocrx_word' id='word_1_278' title='bbox 533 2122 656 2143; x_wconf 84' lang='lat' dir='ltr'>arcana</span> <span class='ocrx_word' id='word_1_279' title='bbox 687 2110 814 2144; x_wconf 85' lang='lat' dir='ltr'>noticia</span> <span class='ocrx_word' id='word_1_280' title='bbox 848 2109 914 2144; x_wconf 90' lang='lat' dir='ltr'>hoc</span> <span class='ocrx_word' id='word_1_281' title='bbox 949 2112 1044 2145; x_wconf 87' lang='lat' dir='ltr'>loco:</span> 
     </span>
     <span class='ocr_line' id='line_1_40' title="bbox 60 2159 1042 2204; baseline -0.003 -6"><span class='ocrx_word' id='word_1_282' title='bbox 60 2163 149 2198; x_wconf 68' lang='lat' dir='ltr'>&#39;Nam</span> <span class='ocrx_word' id='word_1_283' title='bbox 170 2162 289 2195; x_wconf 83' lang='lat' dir='ltr'>Iudaei</span> <span class='ocrx_word' id='word_1_284' title='bbox 307 2174 377 2195; x_wconf 89' lang='lat' dir='ltr'>non</span> <span class='ocrx_word' id='word_1_285' title='bbox 395 2162 637 2204; x_wconf 82' lang='lat' dir='ltr'>gloriabantur</span> <span class='ocrx_word' id='word_1_286' title='bbox 662 2159 787 2194; x_wconf 87' lang='lat' dir='ltr'>dehac</span> <span class='ocrx_word' id='word_1_287' title='bbox 811 2162 959 2203; x_wconf 85' lang='lat' dir='ltr'>noticia,</span> <span class='ocrx_word' id='word_1_288' title='bbox 984 2165 1042 2196; x_wconf 89' lang='lat' dir='ltr'>sed</span> 
     </span>
     <span class='ocr_line' id='line_1_41' title="bbox 61 2211 1044 2257; baseline -0.003 -8"><span class='ocrx_word' id='word_1_289' title='bbox 61 2217 103 2249; x_wconf 86' lang='lat' dir='ltr'>de</span> <span class='ocrx_word' id='word_1_290' title='bbox 121 2214 350 2253; x_wconf 84' lang='lat' dir='ltr'>revelatione,</span> <span class='ocrx_word' id='word_1_291' title='bbox 384 2225 451 2257; x_wconf 87' lang='lat' dir='ltr'>qua</span> <span class='ocrx_word' id='word_1_292' title='bbox 478 2211 573 2245; x_wconf 81' lang='lat' dir='ltr'>Deus</span> <span class='ocrx_word' id='word_1_293' title='bbox 597 2219 691 2245; x_wconf 87' lang='lat' dir='ltr'>certo</span> <span class='ocrx_word' id='word_1_294' title='bbox 716 2219 859 2246; x_wconf 90' lang='lat' dir='ltr'>testatus</span> <span class='ocrx_word' id='word_1_295' title='bbox 883 2219 974 2253; x_wconf 88' lang='lat' dir='ltr'>erat,</span> <span class='ocrx_word' id='word_1_296' title='bbox 1008 2225 1044 2246; x_wconf 89' lang='lat' dir='ltr'>se</span> 
     </span>
     <span class='ocr_line' id='line_1_42' title="bbox 59 2261 1043 2310; baseline -0.005 -9"><span class='ocrx_word' id='word_1_297' title='bbox 59 2266 227 2310; x_wconf 78' lang='lat' dir='ltr'>recepisse</span> <span class='ocrx_word' id='word_1_298' title='bbox 248 2262 341 2297; x_wconf 88' lang='lat' dir='ltr'>bunc</span> <span class='ocrx_word' id='word_1_299' title='bbox 365 2263 548 2310; x_wconf 83' lang='lat' dir='ltr'>populum.</span> <span class='ocrx_word' id='word_1_300' title='bbox 602 2261 696 2295; x_wconf 85' lang='lat' dir='ltr'>Haec</span> <span class='ocrx_word' id='word_1_301' title='bbox 716 2264 952 2306; x_wconf 77' lang='lat' dir='ltr'>praerogativa</span> <span class='ocrx_word' id='word_1_302' title='bbox 970 2264 1043 2297; x_wconf 86' lang='lat' dir='ltr'>sine</span> 
     </span>
    </p>
   </div>
   <div class='ocr_carea' id='block_1_8' title="bbox 59 2314 1042 2357">
    <p class='ocr_par' dir='ltr' id='par_1_9' title="bbox 59 2314 1042 2357">
     <span class='ocr_line' id='line_1_43' title="bbox 59 2314 1042 2357; baseline -0.004 -5"><span class='ocrx_word' id='word_1_303' title='bbox 59 2318 131 2352; x_wconf 87' lang='lat' dir='ltr'>ulla</span> <span class='ocrx_word' id='word_1_304' title='bbox 155 2316 377 2350; x_wconf 86' lang='lat' dir='ltr'>dubitatione</span> <span class='ocrx_word' id='word_1_305' title='bbox 396 2314 580 2357; x_wconf 87' lang='lat' dir='ltr'>superabat</span> <span class='ocrx_word' id='word_1_306' title='bbox 603 2314 761 2346; x_wconf 87' lang='lat' dir='ltr'>omnium</span> <span class='ocrx_word' id='word_1_307' title='bbox 787 2315 942 2356; x_wconf 85' lang='lat' dir='ltr'>gentium</span> <span class='ocrx_word' id='word_1_308' title='bbox 968 2316 1042 2357; x_wconf 80' lang='lat' dir='ltr'>glo-</span> 
     </span>
    </p>
   </div>
   <div class='ocr_carea' id='block_1_9' title="bbox 57 2364 1042 2612">
    <p class='ocr_par' dir='ltr' id='par_1_10' title="bbox 57 2364 1042 2612">
     <span class='ocr_line' id='line_1_44' title="bbox 58 2364 1042 2409; baseline -0.004 -6"><span class='ocrx_word' id='word_1_309' title='bbox 58 2369 173 2409; x_wconf 67' lang='lat' dir='ltr'>riam:</span> <span class='ocrx_word' id='word_1_310' title='bbox 206 2375 238 2401; x_wconf 88' lang='lat' dir='ltr'>et</span> <span class='ocrx_word' id='word_1_311' title='bbox 268 2367 310 2399; x_wconf 90' lang='lat' dir='ltr'>de</span> <span class='ocrx_word' id='word_1_312' title='bbox 335 2364 397 2398; x_wconf 87' lang='lat' dir='ltr'>hac</span> <span class='ocrx_word' id='word_1_313' title='bbox 420 2365 659 2408; x_wconf 83' lang='lat' dir='ltr'>praerogativa</span> <span class='ocrx_word' id='word_1_314' title='bbox 692 2365 847 2408; x_wconf 84' lang='lat' dir='ltr'>disputat</span> <span class='ocrx_word' id='word_1_315' title='bbox 869 2364 1042 2405; x_wconf 89' lang='lat' dir='ltr'>Christus,</span> 
     </span>
     <span class='ocr_line' id='line_1_45' title="bbox 59 2413 1041 2464; baseline -0.005 -11"><span class='ocrx_word' id='word_1_316' title='bbox 59 2420 156 2464; x_wconf 84' lang='lat' dir='ltr'>quasi</span> <span class='ocrx_word' id='word_1_317' title='bbox 178 2419 284 2452; x_wconf 86' lang='lat' dir='ltr'>dicat:</span> <span class='ocrx_word' id='word_1_318' title='bbox 321 2413 551 2450; x_wconf 78' lang='lat' dir='ltr'>Verissimum</span> <span class='ocrx_word' id='word_1_319' title='bbox 577 2422 647 2456; x_wconf 89' lang='lat' dir='ltr'>est,</span> <span class='ocrx_word' id='word_1_320' title='bbox 675 2423 706 2449; x_wconf 93' lang='lat' dir='ltr'>et</span> <span class='ocrx_word' id='word_1_321' title='bbox 731 2416 962 2449; x_wconf 88' lang='lat' dir='ltr'>certissimum</span> <span class='ocrx_word' id='word_1_322' title='bbox 982 2430 1041 2450; x_wconf 88' lang='lat' dir='ltr'>vos</span> 
     </span>
     <span class='ocr_line' id='line_1_46' title="bbox 57 2467 1042 2508; baseline -0.005 -3"><span class='ocrx_word' id='word_1_323' title='bbox 57 2470 123 2505; x_wconf 83' lang='lat' dir='ltr'>Dei</span> <span class='ocrx_word' id='word_1_324' title='bbox 140 2482 223 2504; x_wconf 87' lang='lat' dir='ltr'>voce</span> <span class='ocrx_word' id='word_1_325' title='bbox 240 2474 378 2503; x_wconf 88' lang='lat' dir='ltr'>vocatos</span> <span class='ocrx_word' id='word_1_326' title='bbox 401 2479 491 2505; x_wconf 88' lang='lat' dir='ltr'>esse,</span> <span class='ocrx_word' id='word_1_327' title='bbox 517 2467 577 2500; x_wconf 88' lang='lat' dir='ltr'>sed</span> <span class='ocrx_word' id='word_1_328' title='bbox 604 2480 664 2500; x_wconf 91' lang='lat' dir='ltr'>vos</span> <span class='ocrx_word' id='word_1_329' title='bbox 686 2478 760 2500; x_wconf 88' lang='lat' dir='ltr'>eam</span> <span class='ocrx_word' id='word_1_330' title='bbox 787 2479 859 2499; x_wconf 88' lang='lat' dir='ltr'>non</span> <span class='ocrx_word' id='word_1_331' title='bbox 885 2467 1042 2508; x_wconf 84' lang='lat' dir='ltr'>audistis,</span> 
     </span>
     <span class='ocr_line' id='line_1_47' title="bbox 58 2518 1041 2561; baseline -0.002 -8"><span class='ocrx_word' id='word_1_332' title='bbox 58 2522 236 2560; x_wconf 80' lang='lat' dir='ltr'>videlicet,</span> <span class='ocrx_word' id='word_1_333' title='bbox 279 2520 382 2553; x_wconf 89' lang='lat' dir='ltr'>corde</span> <span class='ocrx_word' id='word_1_334' title='bbox 413 2530 485 2551; x_wconf 87' lang='lat' dir='ltr'>non</span> <span class='ocrx_word' id='word_1_335' title='bbox 515 2518 710 2561; x_wconf 84' lang='lat' dir='ltr'>accepistis,</span> <span class='ocrx_word' id='word_1_336' title='bbox 758 2518 862 2550; x_wconf 87' lang='lat' dir='ltr'>verba</span> <span class='ocrx_word' id='word_1_337' title='bbox 885 2518 1041 2559; x_wconf 83' lang='lat' dir='ltr'>audistis,</span> 
     </span>
     <span class='ocr_line' id='line_1_48' title="bbox 58 2568 1040 2612; baseline -0.004 -6"><span class='ocrx_word' id='word_1_338' title='bbox 58 2573 115 2607; x_wconf 83' lang='lat' dir='ltr'>sed</span> <span class='ocrx_word' id='word_1_339' title='bbox 150 2585 221 2605; x_wconf 87' lang='lat' dir='ltr'>non</span> <span class='ocrx_word' id='word_1_340' title='bbox 252 2570 482 2610; x_wconf 77' lang='lat' dir='ltr'>vivificantia,</span> <span class='ocrx_word' id='word_1_341' title='bbox 526 2581 597 2601; x_wconf 82' lang='lat' dir='ltr'>non</span> <span class='ocrx_word' id='word_1_342' title='bbox 627 2575 762 2612; x_wconf 82' lang='lat' dir='ltr'>accepta</span> <span class='ocrx_word' id='word_1_343' title='bbox 788 2570 904 2603; x_wconf 86' lang='lat' dir='ltr'>corde.</span> <span class='ocrx_word' id='word_1_344' title='bbox 959 2568 1040 2602; x_wconf 85' lang='lat' dir='ltr'>Ideo</span> 
     </span>
    </p>
   </div>
   <div class='ocr_carea' id='block_1_10' title="bbox 57 2619 1068 2717">
    <p class='ocr_par' dir='ltr' id='par_1_11' title="bbox 57 2619 1068 2717">
     <span class='ocr_line' id='line_1_49' title="bbox 57 2619 1067 2664; baseline -0.005 -7"><span class='ocrx_word' id='word_1_345' title='bbox 57 2624 231 2657; x_wconf 85' lang='lat' dir='ltr'>clamastis</span> <span class='ocrx_word' id='word_1_346' title='bbox 254 2622 362 2655; x_wconf 81' lang='lat' dir='ltr'>Exod.</span> <span class='ocrx_word' id='word_1_347' title='bbox 385 2621 444 2654; x_wconf 76' lang='grc'>22.</span> <span class='ocrx_word' id='word_1_348' title='bbox 497 2619 577 2653; x_wconf 83' lang='lat' dir='ltr'>Non</span> <span class='ocrx_word' id='word_1_349' title='bbox 604 2620 769 2664; x_wconf 89' lang='lat' dir='ltr'>loquatur</span> <span class='ocrx_word' id='word_1_350' title='bbox 794 2620 896 2652; x_wconf 89' lang='lat' dir='ltr'>nobis</span> <span class='ocrx_word' id='word_1_351' title='bbox 925 2620 1039 2653; x_wconf 84' lang='lat' dir='ltr'>domi-</span> <span class='ocrx_word' id='word_1_352' title='bbox 1065 2651 1067 2659; x_wconf 26' lang='grc' dir='ltr'><em>Α</em></span> 
     </span>
     <span class='ocr_line' id='line_1_50' title="bbox 58 2668 1068 2717; baseline -0.004 -9"><span class='ocrx_word' id='word_1_353' title='bbox 58 2687 144 2717; x_wconf 86' lang='lat' dir='ltr'>nus,</span> <span class='ocrx_word' id='word_1_354' title='bbox 181 2686 225 2708; x_wconf 88' lang='lat' dir='ltr'>ne</span> <span class='ocrx_word' id='word_1_355' title='bbox 253 2672 462 2713; x_wconf 86' lang='lat' dir='ltr'>moriamur,</span> <span class='ocrx_word' id='word_1_356' title='bbox 499 2671 597 2705; x_wconf 80' lang='lat' dir='ltr'>audit</span> <span class='ocrx_word' id='word_1_357' title='bbox 618 2683 737 2704; x_wconf 90' lang='lat' dir='ltr'>vocem</span> <span class='ocrx_word' id='word_1_358' title='bbox 759 2669 826 2704; x_wconf 89' lang='lat' dir='ltr'>Dei</span> <span class='ocrx_word' id='word_1_359' title='bbox 851 2668 1041 2714; x_wconf 65' lang='lat' dir='ltr'>Abraham,</span> <span class='ocrx_word' id='word_1_360' title='bbox 1064 2696 1068 2700; x_wconf 82' lang='grc'>.</span> 
     </span>
    </p>
   </div>
   <div class='ocr_carea' id='block_1_11' title="bbox 625 99 1693 141">
    <p class='ocr_par' dir='ltr' id='par_1_12' title="bbox 625 99 1693 141">
     <span class='ocr_line' id='line_1_51' title="bbox 625 99 1693 141; baseline -0.001 -1"><span class='ocrx_word' id='word_1_361' title='bbox 625 101 926 141; x_wconf 86' lang='lat' dir='ltr'><strong>ENARRATIO</strong></span> <span class='ocrx_word' id='word_1_362' title='bbox 953 102 1003 140; x_wconf 83' lang='lat' dir='ltr'>IN</span> <span class='ocrx_word' id='word_1_363' title='bbox 1030 100 1214 139; x_wconf 87' lang='lat' dir='ltr'><strong>EVANG.</strong></span> <span class='ocrx_word' id='word_1_364' title='bbox 1245 99 1460 139; x_wconf 88' lang='lat' dir='ltr'><strong>IOANNIS.</strong></span> <span class='ocrx_word' id='word_1_365' title='bbox 1512 101 1617 140; x_wconf 90' lang='lat' dir='ltr'><strong>CAP.</strong></span> <span class='ocrx_word' id='word_1_366' title='bbox 1646 104 1693 139; x_wconf 84' lang='lat' dir='ltr'>V.</span> 
     </span>
    </p>
   </div>
   <div class='ocr_carea' id='block_1_12' title="bbox 1079 280 1088 1270">
    <p class='ocr_par' dir='ltr' id='par_1_13' title="bbox 1079 280 1088 1270">
     <span class='ocr_line' id='line_1_52' title="bbox 1079 280 1088 1270; baseline 0 0"><span class='ocrx_word' id='word_1_367' title='bbox 1079 280 1088 1270; x_wconf 95' lang='lat' dir='ltr'> </span> 
     </span>
    </p>
   </div>
   <div class='ocr_carea' id='block_1_13' title="bbox 1066 1515 1080 2691">
    <p class='ocr_par' dir='ltr' id='par_1_14' title="bbox 1066 1515 1080 2691">
     <span class='ocr_line' id='line_1_53' title="bbox 1066 1515 1080 2691; baseline 0 0"><span class='ocrx_word' id='word_1_368' title='bbox 1066 1515 1080 2691; x_wconf 95' lang='lat' dir='ltr'> </span> 
     </span>
    </p>
   </div>
   <div class='ocr_carea' id='block_1_14' title="bbox 2033 106 2104 141">
    <p class='ocr_par' dir='ltr' id='par_1_15' title="bbox 2033 106 2104 141">
     <span class='ocr_line' id='line_1_54' title="bbox 2033 106 2104 141; baseline 0 0"><span class='ocrx_word' id='word_1_369' title='bbox 2033 106 2104 141; x_wconf 77' lang='lat'>126</span> 
     </span>
    </p>
   </div>
   <div class='ocr_carea' id='block_1_15' title="bbox 1108 187 2102 939">
    <p class='ocr_par' dir='ltr' id='par_1_16' title="bbox 1108 187 2102 939">
     <span class='ocr_line' id='line_1_55' title="bbox 1115 187 2102 234; baseline 0.005 -14"><span class='ocrx_word' id='word_1_370' title='bbox 1115 188 1174 221; x_wconf 89' lang='lat' dir='ltr'>sed</span> <span class='ocrx_word' id='word_1_371' title='bbox 1192 188 1258 222; x_wconf 89' lang='lat' dir='ltr'>fide</span> <span class='ocrx_word' id='word_1_372' title='bbox 1273 201 1347 222; x_wconf 90' lang='lat' dir='ltr'>eam</span> <span class='ocrx_word' id='word_1_373' title='bbox 1371 189 1518 234; x_wconf 84' lang='lat' dir='ltr'>accipit,</span> <span class='ocrx_word' id='word_1_374' title='bbox 1552 197 1584 224; x_wconf 87' lang='lat' dir='ltr'>et</span> <span class='ocrx_word' id='word_1_375' title='bbox 1610 189 1715 224; x_wconf 86' lang='lat' dir='ltr'>sentit</span> <span class='ocrx_word' id='word_1_376' title='bbox 1738 201 1772 224; x_wconf 89' lang='lat' dir='ltr'>se</span> <span class='ocrx_word' id='word_1_377' title='bbox 1797 187 1862 224; x_wconf 90' lang='lat' dir='ltr'>hac</span> <span class='ocrx_word' id='word_1_378' title='bbox 1883 201 1968 224; x_wconf 89' lang='lat' dir='ltr'>voce</span> <span class='ocrx_word' id='word_1_379' title='bbox 1988 190 2102 225; x_wconf 90' lang='lat' dir='ltr'>lucem</span> 
     </span>
     <span class='ocr_line' id='line_1_56' title="bbox 1114 239 2101 285; baseline 0.005 -15"><span class='ocrx_word' id='word_1_380' title='bbox 1114 245 1148 271; x_wconf 87' lang='lat' dir='ltr'>et</span> <span class='ocrx_word' id='word_1_381' title='bbox 1165 239 1270 272; x_wconf 88' lang='lat' dir='ltr'>vitam</span> <span class='ocrx_word' id='word_1_382' title='bbox 1288 241 1483 283; x_wconf 88' lang='lat' dir='ltr'>concipere.</span> <span class='ocrx_word' id='word_1_383' title='bbox 1535 241 1646 275; x_wconf 88' lang='lat' dir='ltr'>Audit</span> <span class='ocrx_word' id='word_1_384' title='bbox 1668 253 1786 274; x_wconf 89' lang='lat' dir='ltr'>vocem</span> <span class='ocrx_word' id='word_1_385' title='bbox 1805 248 1836 275; x_wconf 87' lang='lat' dir='ltr'>et</span> <span class='ocrx_word' id='word_1_386' title='bbox 1855 242 2017 285; x_wconf 88' lang='lat' dir='ltr'>populus,</span> <span class='ocrx_word' id='word_1_387' title='bbox 2041 245 2101 276; x_wconf 90' lang='lat' dir='ltr'>sed</span> 
     </span>
     <span class='ocr_line' id='line_1_57' title="bbox 1113 288 2101 336; baseline 0.006 -16"><span class='ocrx_word' id='word_1_388' title='bbox 1113 288 1222 331; x_wconf 85' lang='lat' dir='ltr'>fugit,</span> <span class='ocrx_word' id='word_1_389' title='bbox 1258 297 1290 323; x_wconf 90' lang='lat' dir='ltr'>et</span> <span class='ocrx_word' id='word_1_390' title='bbox 1315 291 1487 324; x_wconf 86' lang='lat' dir='ltr'>sustinere</span> <span class='ocrx_word' id='word_1_391' title='bbox 1510 303 1586 324; x_wconf 85' lang='lat' dir='ltr'>eam</span> <span class='ocrx_word' id='word_1_392' title='bbox 1610 304 1681 325; x_wconf 88' lang='lat' dir='ltr'>non</span> <span class='ocrx_word' id='word_1_393' title='bbox 1708 298 1832 336; x_wconf 86' lang='lat' dir='ltr'>potest.</span> <span class='ocrx_word' id='word_1_394' title='bbox 1888 291 1968 325; x_wconf 90' lang='lat' dir='ltr'>lure</span> <span class='ocrx_word' id='word_1_395' title='bbox 1994 293 2101 335; x_wconf 85' lang='lat' dir='ltr'>igitur</span> 
     </span>
     <span class='ocr_line' id='line_1_58' title="bbox 1112 339 2101 388; baseline 0.006 -18"><span class='ocrx_word' id='word_1_396' title='bbox 1112 339 1275 380; x_wconf 85' lang='lat' dir='ltr'>gloriatio</span> <span class='ocrx_word' id='word_1_397' title='bbox 1295 339 1504 374; x_wconf 90' lang='lat' dir='ltr'>Iudaeorum</span> <span class='ocrx_word' id='word_1_398' title='bbox 1520 349 1674 383; x_wconf 84' lang='lat' dir='ltr'>taxatur,</span> <span class='ocrx_word' id='word_1_399' title='bbox 1703 343 1764 388; x_wconf 92' lang='lat' dir='ltr'>qui</span> <span class='ocrx_word' id='word_1_400' title='bbox 1787 355 1821 376; x_wconf 92' lang='lat' dir='ltr'>se</span> <span class='ocrx_word' id='word_1_401' title='bbox 1845 349 1989 387; x_wconf 88' lang='lat' dir='ltr'>propter</span> <span class='ocrx_word' id='word_1_402' title='bbox 2011 341 2101 376; x_wconf 82' lang='lat' dir='ltr'>hane</span> 
     </span>
     <span class='ocr_line' id='line_1_59' title="bbox 1113 390 2100 437; baseline 0.005 -16"><span class='ocrx_word' id='word_1_403' title='bbox 1113 390 1390 432; x_wconf 80' lang='lat' dir='ltr'>praerogativam</span> <span class='ocrx_word' id='word_1_404' title='bbox 1421 393 1681 426; x_wconf 85' lang='lat' dir='ltr'>contendebant</span> <span class='ocrx_word' id='word_1_405' title='bbox 1712 405 1783 426; x_wconf 92' lang='lat' dir='ltr'>esse</span> <span class='ocrx_word' id='word_1_406' title='bbox 1806 392 1998 426; x_wconf 84' lang='lat' dir='ltr'>Ecclesiam</span> <span class='ocrx_word' id='word_1_407' title='bbox 2020 393 2100 437; x_wconf 79' lang='lat' dir='ltr'>Dei,</span> 
     </span>
     <span class='ocr_line' id='line_1_60' title="bbox 1112 441 2101 483; baseline 0.006 -12"><span class='ocrx_word' id='word_1_408' title='bbox 1112 441 1205 483; x_wconf 89' lang='lat' dir='ltr'>quod</span> <span class='ocrx_word' id='word_1_409' title='bbox 1245 452 1363 473; x_wconf 89' lang='lat' dir='ltr'>vocem</span> <span class='ocrx_word' id='word_1_410' title='bbox 1411 442 1601 476; x_wconf 84' lang='lat' dir='ltr'>audissent.</span> <span class='ocrx_word' id='word_1_411' title='bbox 1671 442 1816 477; x_wconf 85' lang='lat' dir='ltr'>Resutat</span> <span class='ocrx_word' id='word_1_412' title='bbox 1853 455 1910 477; x_wconf 90' lang='lat' dir='ltr'>eos</span> <span class='ocrx_word' id='word_1_413' title='bbox 1940 443 2101 477; x_wconf 81' lang='lat' dir='ltr'>Christus</span> 
     </span>
     <span class='ocr_line' id='line_1_61' title="bbox 1111 490 2101 535; baseline 0.007 -14"><span class='ocrx_word' id='word_1_414' title='bbox 1111 490 1246 522; x_wconf 83' lang='lat' dir='ltr'>etiamsi</span> <span class='ocrx_word' id='word_1_415' title='bbox 1266 491 1377 524; x_wconf 87' lang='lat' dir='ltr'>vocati</span> <span class='ocrx_word' id='word_1_416' title='bbox 1402 492 1501 532; x_wconf 87' lang='lat' dir='ltr'>estis,</span> <span class='ocrx_word' id='word_1_417' title='bbox 1535 499 1649 525; x_wconf 85' lang='lat' dir='ltr'>tamen</span> <span class='ocrx_word' id='word_1_418' title='bbox 1672 506 1745 525; x_wconf 90' lang='lat' dir='ltr'>non</span> <span class='ocrx_word' id='word_1_419' title='bbox 1770 495 2007 535; x_wconf 82' lang='lat' dir='ltr'>auscultastis,</span> <span class='ocrx_word' id='word_1_420' title='bbox 2036 506 2101 528; x_wconf 86' lang='lat' dir='ltr'>au-</span> 
     </span>
     <span class='ocr_line' id='line_1_62' title="bbox 1111 541 2099 585; baseline 0.006 -13"><span class='ocrx_word' id='word_1_421' title='bbox 1111 541 1186 573; x_wconf 90' lang='lat' dir='ltr'>dire</span> <span class='ocrx_word' id='word_1_422' title='bbox 1210 553 1273 574; x_wconf 89' lang='lat' dir='ltr'>nec</span> <span class='ocrx_word' id='word_1_423' title='bbox 1299 541 1480 585; x_wconf 85' lang='lat' dir='ltr'>potuistis,</span> <span class='ocrx_word' id='word_1_424' title='bbox 1515 554 1578 575; x_wconf 89' lang='lat' dir='ltr'>nec</span> <span class='ocrx_word' id='word_1_425' title='bbox 1603 543 1779 576; x_wconf 88' lang='lat' dir='ltr'>voluistis:</span> <span class='ocrx_word' id='word_1_426' title='bbox 1814 544 1949 577; x_wconf 89' lang='lat' dir='ltr'>Audire</span> <span class='ocrx_word' id='word_1_427' title='bbox 1973 557 2099 578; x_wconf 89' lang='lat' dir='ltr'>sonum</span> 
     </span>
     <span class='ocr_line' id='line_1_63' title="bbox 1111 591 2100 636; baseline 0.004 -13"><span class='ocrx_word' id='word_1_428' title='bbox 1111 591 1231 633; x_wconf 89' lang='lat' dir='ltr'>illum,</span> <span class='ocrx_word' id='word_1_429' title='bbox 1258 604 1331 625; x_wconf 89' lang='lat' dir='ltr'>non</span> <span class='ocrx_word' id='word_1_430' title='bbox 1349 592 1432 626; x_wconf 83' lang='lat' dir='ltr'>facit</span> <span class='ocrx_word' id='word_1_431' title='bbox 1449 604 1509 625; x_wconf 89' lang='lat' dir='ltr'>vos</span> <span class='ocrx_word' id='word_1_432' title='bbox 1525 594 1694 636; x_wconf 89' lang='lat' dir='ltr'>populum</span> <span class='ocrx_word' id='word_1_433' title='bbox 1714 593 1798 631; x_wconf 88' lang='lat' dir='ltr'>Dei,</span> <span class='ocrx_word' id='word_1_434' title='bbox 1826 594 1917 627; x_wconf 82' lang='lat' dir='ltr'>sicut</span> <span class='ocrx_word' id='word_1_435' title='bbox 1934 595 2024 628; x_wconf 86' lang='lat' dir='ltr'>infra</span> <span class='ocrx_word' id='word_1_436' title='bbox 2044 596 2100 627; x_wconf 89' lang='lat' dir='ltr'>di-</span> 
     </span>
     <span class='ocr_line' id='line_1_64' title="bbox 1111 642 2099 685; baseline 0.002 -10"><span class='ocrx_word' id='word_1_437' title='bbox 1111 649 1162 675; x_wconf 87' lang='lat' dir='ltr'>cet</span> <span class='ocrx_word' id='word_1_438' title='bbox 1179 655 1251 685; x_wconf 83' lang='lat' dir='ltr'>cap.</span> <span class='ocrx_word' id='word_1_439' title='bbox 1268 643 1322 677; x_wconf 85' lang='lat'>8.:</span> <span class='ocrx_word' id='word_1_440' title='bbox 1353 642 1425 684; x_wconf 84' lang='lat' dir='ltr'>Qui</span> <span class='ocrx_word' id='word_1_441' title='bbox 1444 650 1492 676; x_wconf 84' lang='lat' dir='ltr'>est</span> <span class='ocrx_word' id='word_1_442' title='bbox 1511 656 1550 676; x_wconf 81' lang='lat' dir='ltr'>ex</span> <span class='ocrx_word' id='word_1_443' title='bbox 1561 643 1648 681; x_wconf 90' lang='lat' dir='ltr'>Deo,</span> <span class='ocrx_word' id='word_1_444' title='bbox 1673 645 1780 676; x_wconf 80' lang='lat' dir='ltr'>verba</span> <span class='ocrx_word' id='word_1_445' title='bbox 1791 642 1855 676; x_wconf 91' lang='lat' dir='ltr'>Dei</span> <span class='ocrx_word' id='word_1_446' title='bbox 1873 645 1982 680; x_wconf 88' lang='lat' dir='ltr'>audit.</span> <span class='ocrx_word' id='word_1_447' title='bbox 2016 645 2099 678; x_wconf 84' lang='lat' dir='ltr'>Ideo</span> 
     </span>
     <span class='ocr_line' id='line_1_65' title="bbox 1111 693 2101 737; baseline 0.002 -12"><span class='ocrx_word' id='word_1_448' title='bbox 1111 705 1171 725; x_wconf 89' lang='lat' dir='ltr'>vos</span> <span class='ocrx_word' id='word_1_449' title='bbox 1188 705 1259 725; x_wconf 87' lang='lat' dir='ltr'>uon</span> <span class='ocrx_word' id='word_1_450' title='bbox 1274 693 1402 726; x_wconf 86' lang='lat' dir='ltr'>auditis</span> <span class='ocrx_word' id='word_1_451' title='bbox 1415 720 1423 733; x_wconf 93' lang='lat'>,</span> <span class='ocrx_word' id='word_1_452' title='bbox 1450 694 1532 737; x_wconf 89' lang='lat' dir='ltr'>quia</span> <span class='ocrx_word' id='word_1_453' title='bbox 1558 706 1596 727; x_wconf 86' lang='lat' dir='ltr'>ex</span> <span class='ocrx_word' id='word_1_454' title='bbox 1613 693 1687 727; x_wconf 89' lang='lat' dir='ltr'>Deo</span> <span class='ocrx_word' id='word_1_455' title='bbox 1706 707 1777 727; x_wconf 89' lang='lat' dir='ltr'>non</span> <span class='ocrx_word' id='word_1_456' title='bbox 1797 695 1897 728; x_wconf 86' lang='lat' dir='ltr'>estis:</span> <span class='ocrx_word' id='word_1_457' title='bbox 1926 694 1962 728; x_wconf 85' lang='lat' dir='ltr'>Si</span> <span class='ocrx_word' id='word_1_458' title='bbox 1981 696 2101 728; x_wconf 84' lang='lat' dir='ltr'>essetis</span> 
     </span>
     <span class='ocr_line' id='line_1_66' title="bbox 1111 743 2100 787; baseline 0.002 -11"><span class='ocrx_word' id='word_1_459' title='bbox 1111 745 1262 787; x_wconf 89' lang='lat' dir='ltr'>populus</span> <span class='ocrx_word' id='word_1_460' title='bbox 1285 743 1368 784; x_wconf 83' lang='lat' dir='ltr'>Dei,</span> <span class='ocrx_word' id='word_1_461' title='bbox 1402 751 1485 777; x_wconf 88' lang='lat' dir='ltr'>tunc</span> <span class='ocrx_word' id='word_1_462' title='bbox 1519 746 1560 776; x_wconf 88' lang='lat' dir='ltr'>ad</span> <span class='ocrx_word' id='word_1_463' title='bbox 1584 751 1739 777; x_wconf 87' lang='lat' dir='ltr'>montem</span> <span class='ocrx_word' id='word_1_464' title='bbox 1767 744 1851 778; x_wconf 87' lang='lat' dir='ltr'>Sina</span> <span class='ocrx_word' id='word_1_465' title='bbox 1879 746 2100 779; x_wconf 87' lang='lat' dir='ltr'>audivissetis</span> 
     </span>
     <span class='ocr_line' id='line_1_67' title="bbox 1108 793 2101 838; baseline 0.002 -12"><span class='ocrx_word' id='word_1_466' title='bbox 1108 793 1222 827; x_wconf 85' lang='lat' dir='ltr'>Deum</span> <span class='ocrx_word' id='word_1_467' title='bbox 1244 795 1456 838; x_wconf 88' lang='lat' dir='ltr'>loquentem,</span> <span class='ocrx_word' id='word_1_468' title='bbox 1484 796 1542 828; x_wconf 86' lang='lat' dir='ltr'>sed</span> <span class='ocrx_word' id='word_1_469' title='bbox 1560 802 1598 828; x_wconf 89' lang='lat' dir='ltr'>ut</span> <span class='ocrx_word' id='word_1_470' title='bbox 1616 803 1697 829; x_wconf 90' lang='lat' dir='ltr'>tuuc</span> <span class='ocrx_word' id='word_1_471' title='bbox 1714 796 1913 838; x_wconf 80' lang='lat' dir='ltr'>fugiebatis,</span> <span class='ocrx_word' id='word_1_472' title='bbox 1942 796 1987 829; x_wconf 86' lang='lat' dir='ltr'>ita</span> <span class='ocrx_word' id='word_1_473' title='bbox 2005 809 2101 829; x_wconf 93' lang='lat' dir='ltr'>nunc</span> 
     </span>
     <span class='ocr_line' id='line_1_68' title="bbox 1109 845 2100 889; baseline 0.003 -13"><span class='ocrx_word' id='word_1_474' title='bbox 1109 845 1245 887; x_wconf 72' lang='lat' dir='ltr'>fugitis,</span> <span class='ocrx_word' id='word_1_475' title='bbox 1272 857 1344 877; x_wconf 91' lang='lat' dir='ltr'>non</span> <span class='ocrx_word' id='word_1_476' title='bbox 1370 846 1477 887; x_wconf 85' lang='lat' dir='ltr'>igitur</span> <span class='ocrx_word' id='word_1_477' title='bbox 1500 846 1581 879; x_wconf 88' lang='lat' dir='ltr'>estis</span> <span class='ocrx_word' id='word_1_478' title='bbox 1605 847 1755 889; x_wconf 89' lang='lat' dir='ltr'>populus</span> <span class='ocrx_word' id='word_1_479' title='bbox 1774 847 1861 886; x_wconf 88' lang='lat' dir='ltr'>Dei,</span> <span class='ocrx_word' id='word_1_480' title='bbox 1892 859 1954 879; x_wconf 87' lang='lat' dir='ltr'>nec</span> <span class='ocrx_word' id='word_1_481' title='bbox 1980 859 2100 880; x_wconf 85' lang='lat' dir='ltr'>vocem</span> 
     </span>
     <span class='ocr_line' id='line_1_69' title="bbox 1109 894 2099 939; baseline 0.002 -11"><span class='ocrx_word' id='word_1_482' title='bbox 1109 896 1178 928; x_wconf 86' lang='lat' dir='ltr'>Dei</span> <span class='ocrx_word' id='word_1_483' title='bbox 1197 896 1336 929; x_wconf 86' lang='lat' dir='ltr'>curatis.</span> <span class='ocrx_word' id='word_1_484' title='bbox 1393 895 1450 928; x_wconf 82' lang='lat' dir='ltr'>Sic</span> <span class='ocrx_word' id='word_1_485' title='bbox 1476 897 1581 938; x_wconf 82' lang='lat' dir='ltr'>igitur</span> <span class='ocrx_word' id='word_1_486' title='bbox 1605 897 1825 939; x_wconf 79' lang='lat' dir='ltr'>intelligatur</span> <span class='ocrx_word' id='word_1_487' title='bbox 1851 894 1908 929; x_wconf 90' lang='lat' dir='ltr'>hic</span> <span class='ocrx_word' id='word_1_488' title='bbox 1935 904 2027 930; x_wconf 89' lang='lat' dir='ltr'>totus</span> <span class='ocrx_word' id='word_1_489' title='bbox 2045 898 2099 930; x_wconf 85' lang='lat' dir='ltr'>lo·-</span> 
     </span>
    </p>
   </div>
   <div class='ocr_carea' id='block_1_16' title="bbox 1106 997 2098 1243">
    <p class='ocr_par' dir='ltr' id='par_1_17' title="bbox 1106 997 2098 1243">
     <span class='ocr_line' id='line_1_70' title="bbox 1108 997 2098 1042; baseline 0.002 -13"><span class='ocrx_word' id='word_1_490' title='bbox 1108 1009 1191 1040; x_wconf 87' lang='lat' dir='ltr'>pum</span> <span class='ocrx_word' id='word_1_491' title='bbox 1205 1024 1212 1035; x_wconf 90' lang='lat'>,</span> <span class='ocrx_word' id='word_1_492' title='bbox 1237 997 1296 1041; x_wconf 85' lang='lat' dir='ltr'>qui</span> <span class='ocrx_word' id='word_1_493' title='bbox 1316 997 1560 1038; x_wconf 85' lang='lat' dir='ltr'>gloriabantur</span> <span class='ocrx_word' id='word_1_494' title='bbox 1575 1009 1609 1031; x_wconf 90' lang='lat' dir='ltr'>se</span> <span class='ocrx_word' id='word_1_495' title='bbox 1626 1009 1697 1030; x_wconf 84' lang='lat' dir='ltr'>esse</span> <span class='ocrx_word' id='word_1_496' title='bbox 1708 997 1897 1031; x_wconf 83' lang='lat' dir='ltr'>Ecclesiam</span> <span class='ocrx_word' id='word_1_497' title='bbox 1908 997 1985 1036; x_wconf 64' lang='lat' dir='ltr'>Dei,</span> <span class='ocrx_word' id='word_1_498' title='bbox 2014 1011 2098 1042; x_wconf 90' lang='lat' dir='ltr'>pro-</span> 
     </span>
     <span class='ocr_line' id='line_1_71' title="bbox 1107 1045 2098 1091; baseline 0.004 -13"><span class='ocrx_word' id='word_1_499' title='bbox 1107 1054 1184 1090; x_wconf 88' lang='lat' dir='ltr'>pter</span> <span class='ocrx_word' id='word_1_500' title='bbox 1209 1045 1298 1080; x_wconf 83' lang='lat' dir='ltr'>hanc</span> <span class='ocrx_word' id='word_1_501' title='bbox 1325 1049 1599 1091; x_wconf 83' lang='lat' dir='ltr'>praerogativam</span> <span class='ocrx_word' id='word_1_502' title='bbox 1625 1049 1837 1088; x_wconf 86' lang='lat' dir='ltr'>vocationis,</span> <span class='ocrx_word' id='word_1_503' title='bbox 1879 1061 1957 1081; x_wconf 85' lang='lat' dir='ltr'>cum</span> <span class='ocrx_word' id='word_1_504' title='bbox 1981 1057 2098 1082; x_wconf 87' lang='lat' dir='ltr'>tamen</span> 
     </span>
     <span class='ocr_line' id='line_1_72' title="bbox 1108 1099 2096 1142; baseline 0.001 -12"><span class='ocrx_word' id='word_1_505' title='bbox 1108 1110 1179 1130; x_wconf 91' lang='lat' dir='ltr'>non</span> <span class='ocrx_word' id='word_1_506' title='bbox 1212 1100 1393 1131; x_wconf 72' lang='lat' dir='ltr'>crederent</span> <span class='ocrx_word' id='word_1_507' title='bbox 1422 1099 1499 1131; x_wconf 91' lang='lat' dir='ltr'>voci</span> <span class='ocrx_word' id='word_1_508' title='bbox 1526 1099 1611 1139; x_wconf 85' lang='lat' dir='ltr'>Dei,</span> <span class='ocrx_word' id='word_1_509' title='bbox 1651 1106 1684 1131; x_wconf 90' lang='lat' dir='ltr'>et</span> <span class='ocrx_word' id='word_1_510' title='bbox 1709 1100 1803 1142; x_wconf 89' lang='lat' dir='ltr'>quod</span> <span class='ocrx_word' id='word_1_511' title='bbox 1829 1099 1952 1132; x_wconf 87' lang='lat' dir='ltr'>audire</span> <span class='ocrx_word' id='word_1_512' title='bbox 1977 1112 2096 1133; x_wconf 89' lang='lat' dir='ltr'>vocem</span> 
     </span>
     <span class='ocr_line' id='line_1_73' title="bbox 1107 1148 2097 1187; baseline 0 -6"><span class='ocrx_word' id='word_1_513' title='bbox 1107 1148 1171 1181; x_wconf 90' lang='lat' dir='ltr'>Dei</span> <span class='ocrx_word' id='word_1_514' title='bbox 1189 1149 1232 1181; x_wconf 86' lang='lat' dir='ltr'>sit</span> <span class='ocrx_word' id='word_1_515' title='bbox 1249 1150 1353 1181; x_wconf 87' lang='lat' dir='ltr'>corde</span> <span class='ocrx_word' id='word_1_516' title='bbox 1372 1150 1529 1187; x_wconf 88' lang='lat' dir='ltr'>credere,</span> <span class='ocrx_word' id='word_1_517' title='bbox 1556 1156 1588 1181; x_wconf 86' lang='lat' dir='ltr'>et</span> <span class='ocrx_word' id='word_1_518' title='bbox 1606 1150 1673 1180; x_wconf 87' lang='lat' dir='ltr'>fide</span> <span class='ocrx_word' id='word_1_519' title='bbox 1695 1160 1823 1181; x_wconf 89' lang='lat' dir='ltr'>novam</span> <span class='ocrx_word' id='word_1_520' title='bbox 1851 1149 1965 1183; x_wconf 86' lang='lat' dir='ltr'>lucem</span> <span class='ocrx_word' id='word_1_521' title='bbox 1988 1157 2021 1184; x_wconf 85' lang='lat' dir='ltr'>et</span> <span class='ocrx_word' id='word_1_522' title='bbox 2045 1150 2097 1183; x_wconf 84' lang='lat' dir='ltr'>vi-</span> 
     </span>
     <span class='ocr_line' id='line_1_74' title="bbox 1106 1199 1859 1243; baseline 0.001 -12"><span class='ocrx_word' id='word_1_523' title='bbox 1106 1206 1176 1232; x_wconf 87' lang='lat' dir='ltr'>tam</span> <span class='ocrx_word' id='word_1_524' title='bbox 1196 1200 1398 1241; x_wconf 85' lang='lat' dir='ltr'>concipere,</span> <span class='ocrx_word' id='word_1_525' title='bbox 1423 1199 1511 1232; x_wconf 87' lang='lat' dir='ltr'>sicut</span> <span class='ocrx_word' id='word_1_526' title='bbox 1526 1211 1631 1243; x_wconf 82' lang='lat' dir='ltr'>supra</span> <span class='ocrx_word' id='word_1_527' title='bbox 1648 1199 1780 1232; x_wconf 89' lang='lat' dir='ltr'>dictum</span> <span class='ocrx_word' id='word_1_528' title='bbox 1798 1206 1859 1235; x_wconf 84' lang='lat' dir='ltr'>est.</span> 
     </span>
    </p>
   </div>
   <div class='ocr_carea' id='block_1_17' title="bbox 1157 1280 2096 1423">
    <p class='ocr_par' dir='ltr' id='par_1_18' title="bbox 1157 1280 2096 1423">
     <span class='ocr_line' id='line_1_75' title="bbox 1157 1280 2096 1331; baseline 0.001 -16"><span class='ocrx_word' id='word_1_529' title='bbox 1157 1280 1235 1328; x_wconf 73' lang='lat' dir='ltr'>Qui</span> <span class='ocrx_word' id='word_1_530' title='bbox 1259 1283 1364 1316; x_wconf 65' lang='lat' dir='ltr'>verba</span> <span class='ocrx_word' id='word_1_531' title='bbox 1383 1281 1478 1326; x_wconf 72' lang='lat' dir='ltr'>Dei,</span> <span class='ocrx_word' id='word_1_532' title='bbox 1506 1288 1536 1316; x_wconf 81' lang='lat' dir='ltr'>el</span> <span class='ocrx_word' id='word_1_533' title='bbox 1552 1281 1661 1316; x_wconf 73' lang='lat' dir='ltr'>credit</span> <span class='ocrx_word' id='word_1_534' title='bbox 1679 1283 1711 1317; x_wconf 84' lang='lat' dir='ltr'>ei</span> <span class='ocrx_word' id='word_1_535' title='bbox 1725 1283 1790 1331; x_wconf 78' lang='lat' dir='ltr'>qui</span> <span class='ocrx_word' id='word_1_536' title='bbox 1807 1283 1906 1316; x_wconf 74' lang='lat' dir='ltr'>misit</span> <span class='ocrx_word' id='word_1_537' title='bbox 1924 1295 1995 1324; x_wconf 79' lang='lat' dir='ltr'>me,</span> <span class='ocrx_word' id='word_1_538' title='bbox 2023 1280 2096 1316; x_wconf 79' lang='lat' dir='ltr'>ha-</span> 
     </span>
     <span class='ocr_line' id='line_1_76' title="bbox 1207 1332 2095 1374; baseline 0 -8"><span class='ocrx_word' id='word_1_539' title='bbox 1207 1332 1301 1366; x_wconf 79' lang='lat' dir='ltr'>bebit</span> <span class='ocrx_word' id='word_1_540' title='bbox 1327 1335 1439 1367; x_wconf 67' lang='lat' dir='ltr'>uitam</span> <span class='ocrx_word' id='word_1_541' title='bbox 1462 1339 1662 1374; x_wconf 79' lang='lat' dir='ltr'>aeternam,</span> <span class='ocrx_word' id='word_1_542' title='bbox 1702 1340 1731 1367; x_wconf 79' lang='lat' dir='ltr'>el</span> <span class='ocrx_word' id='word_1_543' title='bbox 1759 1334 1797 1367; x_wconf 83' lang='lat' dir='ltr'>in</span> <span class='ocrx_word' id='word_1_544' title='bbox 1823 1333 1997 1368; x_wconf 74' lang='lat' dir='ltr'>iudicium</span> <span class='ocrx_word' id='word_1_545' title='bbox 2022 1346 2095 1367; x_wconf 82' lang='lat' dir='ltr'>non</span> 
     </span>
     <span class='ocr_line' id='line_1_77' title="bbox 1208 1383 1992 1423; baseline 0.001 -6"><span class='ocrx_word' id='word_1_546' title='bbox 1208 1385 1321 1423; x_wconf 60' lang='lat' dir='ltr'>venit,</span> <span class='ocrx_word' id='word_1_547' title='bbox 1347 1383 1413 1418; x_wconf 80' lang='lat' dir='ltr'>sed</span> <span class='ocrx_word' id='word_1_548' title='bbox 1427 1384 1603 1419; x_wconf 72' lang='lat' dir='ltr'>transibi!</span> <span class='ocrx_word' id='word_1_549' title='bbox 1621 1397 1666 1418; x_wconf 66' lang='lat' dir='ltr'>aa:</span> <span class='ocrx_word' id='word_1_550' title='bbox 1683 1390 1794 1418; x_wconf 78' lang='lat' dir='ltr'>morle</span> <span class='ocrx_word' id='word_1_551' title='bbox 1811 1385 1849 1418; x_wconf 87' lang='lat' dir='ltr'>in</span> <span class='ocrx_word' id='word_1_552' title='bbox 1870 1385 1992 1421; x_wconf 62' lang='lat' dir='ltr'>citam.</span> 
     </span>
    </p>
   </div>
   <div class='ocr_carea' id='block_1_18' title="bbox 1100 1452 2095 2106">
    <p class='ocr_par' dir='ltr' id='par_1_19' title="bbox 1100 1452 2095 2106">
     <span class='ocr_line' id='line_1_78' title="bbox 1178 1452 2095 1497; baseline 0 -11"><span class='ocrx_word' id='word_1_553' title='bbox 1178 1452 1313 1487; x_wconf 87' lang='lat' dir='ltr'>Similis</span> <span class='ocrx_word' id='word_1_554' title='bbox 1328 1460 1377 1486; x_wconf 91' lang='lat' dir='ltr'>est</span> <span class='ocrx_word' id='word_1_555' title='bbox 1396 1453 1584 1497; x_wconf 86' lang='lat' dir='ltr'>disputatio</span> <span class='ocrx_word' id='word_1_556' title='bbox 1610 1455 1651 1487; x_wconf 89' lang='lat' dir='ltr'>de</span> <span class='ocrx_word' id='word_1_557' title='bbox 1669 1453 1822 1487; x_wconf 69' lang='lat' dir='ltr'>Ecclesia</span> <span class='ocrx_word' id='word_1_558' title='bbox 1847 1454 2012 1486; x_wconf 87' lang='lat' dir='ltr'>omnibus</span> <span class='ocrx_word' id='word_1_559' title='bbox 2037 1465 2095 1486; x_wconf 85' lang='lat' dir='ltr'>ae—</span> 
     </span>
     <span class='ocr_line' id='line_1_79' title="bbox 1105 1502 2093 1549; baseline -0.001 -13"><span class='ocrx_word' id='word_1_560' title='bbox 1105 1505 1242 1537; x_wconf 85' lang='lat' dir='ltr'>tatibus.</span> <span class='ocrx_word' id='word_1_561' title='bbox 1298 1503 1348 1536; x_wconf 79' lang='lat' dir='ltr'>lta</span> <span class='ocrx_word' id='word_1_562' title='bbox 1375 1517 1470 1537; x_wconf 87' lang='lat' dir='ltr'>nunc</span> <span class='ocrx_word' id='word_1_563' title='bbox 1494 1517 1635 1549; x_wconf 83' lang='lat' dir='ltr'>quoque</span> <span class='ocrx_word' id='word_1_564' title='bbox 1663 1505 1843 1549; x_wconf 86' lang='lat' dir='ltr'>disputant</span> <span class='ocrx_word' id='word_1_565' title='bbox 1869 1502 2033 1548; x_wconf 82' lang='lat' dir='ltr'>Episcopi</span> <span class='ocrx_word' id='word_1_566' title='bbox 2060 1510 2093 1536; x_wconf 83' lang='lat' dir='ltr'>ct</span> 
     </span>
     <span class='ocr_line' id='line_1_80' title="bbox 1105 1553 2093 1599; baseline 0 -12"><span class='ocrx_word' id='word_1_567' title='bbox 1105 1556 1357 1597; x_wconf 80' lang='lat' dir='ltr'>gubernatores</span> <span class='ocrx_word' id='word_1_568' title='bbox 1369 1582 1378 1595; x_wconf 95' lang='lat'>,</span> <span class='ocrx_word' id='word_1_569' title='bbox 1406 1567 1440 1588; x_wconf 88' lang='lat' dir='ltr'>se</span> <span class='ocrx_word' id='word_1_570' title='bbox 1459 1568 1530 1588; x_wconf 89' lang='lat' dir='ltr'>esse</span> <span class='ocrx_word' id='word_1_571' title='bbox 1548 1556 1731 1599; x_wconf 85' lang='lat' dir='ltr'>praecipua</span> <span class='ocrx_word' id='word_1_572' title='bbox 1748 1556 1903 1587; x_wconf 88' lang='lat' dir='ltr'>membra</span> <span class='ocrx_word' id='word_1_573' title='bbox 1916 1553 2093 1588; x_wconf 82' lang='lat' dir='ltr'>Ecclesiae</span> 
     </span>
     <span class='ocr_line' id='line_1_81' title="bbox 1104 1604 2093 1649; baseline -0.001 -11"><span class='ocrx_word' id='word_1_574' title='bbox 1104 1604 1188 1645; x_wconf 73' lang='lat' dir='ltr'>Dei,</span> <span class='ocrx_word' id='word_1_575' title='bbox 1217 1613 1360 1649; x_wconf 88' lang='lat' dir='ltr'>propter</span> <span class='ocrx_word' id='word_1_576' title='bbox 1383 1607 1635 1639; x_wconf 74' lang='lat' dir='ltr'>successionem</span> <span class='ocrx_word' id='word_1_577' title='bbox 1654 1607 1888 1643; x_wconf 85' lang='lat' dir='ltr'>ordinariam,</span> <span class='ocrx_word' id='word_1_578' title='bbox 1921 1605 2002 1649; x_wconf 85' lang='lat' dir='ltr'>quia</span> <span class='ocrx_word' id='word_1_579' title='bbox 2027 1605 2093 1644; x_wconf 82' lang='lat' dir='ltr'>illi,</span> 
     </span>
     <span class='ocr_line' id='line_1_82' title="bbox 1105 1654 2091 1701; baseline -0.001 -12"><span class='ocrx_word' id='word_1_580' title='bbox 1105 1657 1232 1701; x_wconf 86' lang='lat' dir='ltr'>quibus</span> <span class='ocrx_word' id='word_1_581' title='bbox 1251 1654 1405 1689; x_wconf 87' lang='lat' dir='ltr'>humano</span> <span class='ocrx_word' id='word_1_582' title='bbox 1423 1669 1519 1689; x_wconf 90' lang='lat' dir='ltr'>more</span> <span class='ocrx_word' id='word_1_583' title='bbox 1543 1664 1799 1696; x_wconf 83' lang='lat' dir='ltr'>successerunt,</span> <span class='ocrx_word' id='word_1_584' title='bbox 1825 1656 2015 1689; x_wconf 86' lang='lat' dir='ltr'>audierunt</span> <span class='ocrx_word' id='word_1_585' title='bbox 2030 1668 2091 1688; x_wconf 90' lang='lat' dir='ltr'>vo-</span> 
     </span>
     <span class='ocr_line' id='line_1_83' title="bbox 1103 1704 2093 1751; baseline -0.002 -11"><span class='ocrx_word' id='word_1_586' title='bbox 1103 1720 1175 1740; x_wconf 87' lang='lat' dir='ltr'>cem</span> <span class='ocrx_word' id='word_1_587' title='bbox 1204 1704 1354 1744; x_wconf 79' lang='lat' dir='ltr'>Christi,</span> <span class='ocrx_word' id='word_1_588' title='bbox 1390 1707 1467 1741; x_wconf 86' lang='lat' dir='ltr'>ideo</span> <span class='ocrx_word' id='word_1_589' title='bbox 1489 1708 1737 1751; x_wconf 85' lang='lat' dir='ltr'>promissiones</span> <span class='ocrx_word' id='word_1_590' title='bbox 1758 1708 1799 1740; x_wconf 86' lang='lat' dir='ltr'>ad</span> <span class='ocrx_word' id='word_1_591' title='bbox 1820 1719 1855 1740; x_wconf 91' lang='lat' dir='ltr'>se</span> <span class='ocrx_word' id='word_1_592' title='bbox 1871 1707 2093 1751; x_wconf 80' lang='lat' dir='ltr'>detorquent,</span> 
     </span>
     <span class='ocr_line' id='line_1_84' title="bbox 1103 1755 2092 1792; baseline -0.002 -1"><span class='ocrx_word' id='word_1_593' title='bbox 1103 1760 1161 1791; x_wconf 89' lang='lat' dir='ltr'>sed</span> <span class='ocrx_word' id='word_1_594' title='bbox 1179 1759 1300 1791; x_wconf 88' lang='lat' dir='ltr'>eodem</span> <span class='ocrx_word' id='word_1_595' title='bbox 1318 1760 1424 1791; x_wconf 88' lang='lat' dir='ltr'>modo</span> <span class='ocrx_word' id='word_1_596' title='bbox 1441 1759 1617 1792; x_wconf 82' lang='lat' dir='ltr'>refutandi</span> <span class='ocrx_word' id='word_1_597' title='bbox 1638 1765 1728 1791; x_wconf 86' lang='lat' dir='ltr'>sunt.</span> <span class='ocrx_word' id='word_1_598' title='bbox 1764 1757 1839 1791; x_wconf 85' lang='lat' dir='ltr'>Soli</span> <span class='ocrx_word' id='word_1_599' title='bbox 1858 1755 1893 1789; x_wconf 86' lang='lat' dir='ltr'>hi</span> <span class='ocrx_word' id='word_1_600' title='bbox 1912 1765 1992 1790; x_wconf 87' lang='lat' dir='ltr'>sunt</span> <span class='ocrx_word' id='word_1_601' title='bbox 2011 1757 2092 1789; x_wconf 88' lang='lat' dir='ltr'>viva</span> 
     </span>
     <span class='ocr_line' id='line_1_85' title="bbox 1103 1807 2091 1853; baseline -0.002 -11"><span class='ocrx_word' id='word_1_602' title='bbox 1103 1810 1258 1842; x_wconf 87' lang='lat' dir='ltr'>membra</span> <span class='ocrx_word' id='word_1_603' title='bbox 1275 1807 1467 1849; x_wconf 84' lang='lat' dir='ltr'>Ecclesiae,</span> <span class='ocrx_word' id='word_1_604' title='bbox 1504 1810 1562 1853; x_wconf 86' lang='lat' dir='ltr'>qui</span> <span class='ocrx_word' id='word_1_605' title='bbox 1591 1821 1709 1842; x_wconf 91' lang='lat' dir='ltr'>vocem</span> <span class='ocrx_word' id='word_1_606' title='bbox 1728 1808 1791 1842; x_wconf 77' lang='lat' dir='ltr'>Dei</span> <span class='ocrx_word' id='word_1_607' title='bbox 1815 1809 1881 1841; x_wconf 82' lang='lat' dir='ltr'>fide</span> <span class='ocrx_word' id='word_1_608' title='bbox 1903 1808 2091 1852; x_wconf 87' lang='lat' dir='ltr'>accipiunt,</span> 
     </span>
     <span class='ocr_line' id='line_1_86' title="bbox 1102 1859 2089 1904; baseline 0 -13"><span class='ocrx_word' id='word_1_609' title='bbox 1102 1867 1135 1892; x_wconf 88' lang='lat' dir='ltr'>et</span> <span class='ocrx_word' id='word_1_610' title='bbox 1165 1860 1201 1891; x_wconf 91' lang='lat' dir='ltr'>in</span> <span class='ocrx_word' id='word_1_611' title='bbox 1233 1861 1337 1892; x_wconf 92' lang='lat' dir='ltr'>corde</span> <span class='ocrx_word' id='word_1_612' title='bbox 1369 1873 1495 1893; x_wconf 84' lang='lat' dir='ltr'>novam</span> <span class='ocrx_word' id='word_1_613' title='bbox 1527 1860 1640 1892; x_wconf 89' lang='lat' dir='ltr'>lucem</span> <span class='ocrx_word' id='word_1_614' title='bbox 1674 1867 1706 1893; x_wconf 91' lang='lat' dir='ltr'>et</span> <span class='ocrx_word' id='word_1_615' title='bbox 1731 1860 1837 1892; x_wconf 89' lang='lat' dir='ltr'>vitam</span> <span class='ocrx_word' id='word_1_616' title='bbox 1871 1859 2089 1904; x_wconf 84' lang='lat' dir='ltr'>concipiunt.</span> 
     </span>
     <span class='ocr_line' id='line_1_87' title="bbox 1101 1907 2088 1954; baseline -0.002 -11"><span class='ocrx_word' id='word_1_617' title='bbox 1101 1909 1202 1943; x_wconf 85' lang='lat' dir='ltr'>Certe</span> <span class='ocrx_word' id='word_1_618' title='bbox 1222 1908 1258 1942; x_wconf 88' lang='lat' dir='ltr'>hi</span> <span class='ocrx_word' id='word_1_619' title='bbox 1280 1923 1350 1942; x_wconf 91' lang='lat' dir='ltr'>non</span> <span class='ocrx_word' id='word_1_620' title='bbox 1369 1917 1450 1943; x_wconf 86' lang='lat' dir='ltr'>sunt</span> <span class='ocrx_word' id='word_1_621' title='bbox 1465 1912 1620 1943; x_wconf 85' lang='lat' dir='ltr'>membra</span> <span class='ocrx_word' id='word_1_622' title='bbox 1639 1911 1759 1954; x_wconf 87' lang='lat' dir='ltr'>populi</span> <span class='ocrx_word' id='word_1_623' title='bbox 1780 1910 1859 1948; x_wconf 91' lang='lat' dir='ltr'>Dei,</span> <span class='ocrx_word' id='word_1_624' title='bbox 1888 1908 1948 1954; x_wconf 92' lang='lat' dir='ltr'>qui</span> <span class='ocrx_word' id='word_1_625' title='bbox 1968 1907 2088 1942; x_wconf 86' lang='lat' dir='ltr'>Evan-</span> 
     </span>
     <span class='ocr_line' id='line_1_88' title="bbox 1100 1959 2087 2006; baseline -0.001 -13"><span class='ocrx_word' id='word_1_626' title='bbox 1100 1961 1191 2003; x_wconf 82' lang='lat' dir='ltr'>gelio</span> <span class='ocrx_word' id='word_1_627' title='bbox 1210 1962 1453 2004; x_wconf 83' lang='lat' dir='ltr'>adversantur,</span> <span class='ocrx_word' id='word_1_628' title='bbox 1480 1969 1517 1995; x_wconf 90' lang='lat' dir='ltr'>ut</span> <span class='ocrx_word' id='word_1_629' title='bbox 1535 1960 1663 1994; x_wconf 80' lang='lat' dir='ltr'>Paulus</span> <span class='ocrx_word' id='word_1_630' title='bbox 1682 1961 1811 2006; x_wconf 84' lang='lat' dir='ltr'>inquit:</span> <span class='ocrx_word' id='word_1_631' title='bbox 1841 1960 1878 1994; x_wconf 85' lang='lat' dir='ltr'>Si</span> <span class='ocrx_word' id='word_1_632' title='bbox 1896 1959 1972 2004; x_wconf 88' lang='lat' dir='ltr'>quis</span> <span class='ocrx_word' id='word_1_633' title='bbox 1991 1959 2087 1992; x_wconf 89' lang='lat' dir='ltr'>aliud</span> 
     </span>
     <span class='ocr_line' id='line_1_89' title="bbox 1101 2008 2085 2053; baseline -0.002 -9"><span class='ocrx_word' id='word_1_634' title='bbox 1101 2010 1333 2053; x_wconf 75' lang='lat' dir='ltr'>Evangelium</span> <span class='ocrx_word' id='word_1_635' title='bbox 1358 2014 1476 2051; x_wconf 89' lang='lat' dir='ltr'>docet,</span> <span class='ocrx_word' id='word_1_636' title='bbox 1513 2011 1698 2045; x_wconf 76' lang='lat' dir='ltr'>anathema</span> <span class='ocrx_word' id='word_1_637' title='bbox 1724 2013 1786 2052; x_wconf 84' lang='lat' dir='ltr'>sit;</span> <span class='ocrx_word' id='word_1_638' title='bbox 1819 2012 1877 2044; x_wconf 86' lang='lat' dir='ltr'>sed</span> <span class='ocrx_word' id='word_1_639' title='bbox 1903 2012 1945 2043; x_wconf 88' lang='lat' dir='ltr'>de</span> <span class='ocrx_word' id='word_1_640' title='bbox 1965 2008 2085 2044; x_wconf 84' lang='lat' dir='ltr'>Eccle-</span> 
     </span>
     <span class='ocr_line' id='line_1_90' title="bbox 1100 2063 1921 2106; baseline -0.001 -12"><span class='ocrx_word' id='word_1_641' title='bbox 1100 2063 1149 2095; x_wconf 81' lang='lat' dir='ltr'>sia</span> <span class='ocrx_word' id='word_1_642' title='bbox 1167 2070 1284 2106; x_wconf 83' lang='lat' dir='ltr'>postea</span> <span class='ocrx_word' id='word_1_643' title='bbox 1301 2075 1401 2106; x_wconf 88' lang='lat' dir='ltr'>saepe</span> <span class='ocrx_word' id='word_1_644' title='bbox 1418 2063 1571 2102; x_wconf 82' lang='lat' dir='ltr'>dicetur,</span> <span class='ocrx_word' id='word_1_645' title='bbox 1599 2064 1702 2096; x_wconf 88' lang='lat' dir='ltr'>redeo</span> <span class='ocrx_word' id='word_1_646' title='bbox 1721 2064 1764 2095; x_wconf 87' lang='lat' dir='ltr'>ad</span> <span class='ocrx_word' id='word_1_647' title='bbox 1780 2068 1921 2096; x_wconf 86' lang='lat' dir='ltr'>textum.</span> 
     </span>
    </p>
   </div>
   <div class='ocr_carea' id='block_1_19' title="bbox 1350 2146 1816 2194">
    <p class='ocr_par' dir='ltr' id='par_1_20' title="bbox 1350 2146 1816 2194">
     <span class='ocr_line' id='line_1_91' title="bbox 1350 2146 1816 2194; baseline 0.002 -13"><span class='ocrx_word' id='word_1_648' title='bbox 1350 2146 1580 2181; x_wconf 75' lang='lat' dir='ltr'>Scrutamini</span> <span class='ocrx_word' id='word_1_649' title='bbox 1601 2146 1816 2194; x_wconf 70' lang='lat' dir='ltr'>scripturas,</span> 
     </span>
    </p>
   </div>
   <div class='ocr_carea' id='block_1_20' title="bbox 1094 2214 2083 2563">
    <p class='ocr_par' dir='ltr' id='par_1_21' title="bbox 1094 2214 2083 2563">
     <span class='ocr_line' id='line_1_92' title="bbox 1199 2214 2083 2253; baseline -0.001 -4"><span class='ocrx_word' id='word_1_650' title='bbox 1199 2214 1313 2250; x_wconf 86' lang='lat' dir='ltr'>Antea</span> <span class='ocrx_word' id='word_1_651' title='bbox 1344 2216 1462 2248; x_wconf 86' lang='lat' dir='ltr'>citavit</span> <span class='ocrx_word' id='word_1_652' title='bbox 1494 2216 1691 2249; x_wconf 87' lang='lat' dir='ltr'>testimonia</span> <span class='ocrx_word' id='word_1_653' title='bbox 1718 2214 1988 2253; x_wconf 87' lang='lat' dir='ltr'>miraculorum,</span> <span class='ocrx_word' id='word_1_654' title='bbox 2023 2216 2083 2248; x_wconf 88' lang='lat' dir='ltr'>sed</span> 
     </span>
     <span class='ocr_line' id='line_1_93' title="bbox 1097 2265 2082 2304; baseline -0.001 -5"><span class='ocrx_word' id='word_1_655' title='bbox 1097 2266 1124 2299; x_wconf 89' lang='lat' dir='ltr'>si</span> <span class='ocrx_word' id='word_1_656' title='bbox 1151 2267 1318 2300; x_wconf 87' lang='lat' dir='ltr'>miracula</span> <span class='ocrx_word' id='word_1_657' title='bbox 1350 2267 1558 2300; x_wconf 76' lang='lat' dir='ltr'>dissentiant</span> <span class='ocrx_word' id='word_1_658' title='bbox 1582 2280 1599 2299; x_wconf 88' lang='lat' dir='ltr'>a</span> <span class='ocrx_word' id='word_1_659' title='bbox 1626 2267 1731 2298; x_wconf 73' lang='lat' dir='ltr'>verbo</span> <span class='ocrx_word' id='word_1_660' title='bbox 1761 2265 1845 2304; x_wconf 85' lang='lat' dir='ltr'>Dei,</span> <span class='ocrx_word' id='word_1_661' title='bbox 1897 2265 1992 2298; x_wconf 84' lang='lat' dir='ltr'>iubet</span> <span class='ocrx_word' id='word_1_662' title='bbox 2029 2266 2082 2298; x_wconf 78' lang='lat' dir='ltr'>lex</span> 
     </span>
     <span class='ocr_line' id='line_1_94' title="bbox 1096 2313 2082 2356; baseline -0.002 -5"><span class='ocrx_word' id='word_1_663' title='bbox 1096 2317 1198 2351; x_wconf 85' lang='lat' dir='ltr'>Dent.</span> <span class='ocrx_word' id='word_1_664' title='bbox 1218 2318 1273 2350; x_wconf 82' lang='lat'>13.</span> <span class='ocrx_word' id='word_1_665' title='bbox 1297 2318 1460 2350; x_wconf 81' lang='lat' dir='ltr'>anteferri</span> <span class='ocrx_word' id='word_1_666' title='bbox 1487 2319 1629 2350; x_wconf 74' lang='lat' dir='ltr'>verbum</span> <span class='ocrx_word' id='word_1_667' title='bbox 1648 2316 1732 2356; x_wconf 85' lang='lat' dir='ltr'>Dei,</span> <span class='ocrx_word' id='word_1_668' title='bbox 1765 2323 1798 2350; x_wconf 88' lang='lat' dir='ltr'>et</span> <span class='ocrx_word' id='word_1_669' title='bbox 1815 2313 1967 2348; x_wconf 81' lang='lat' dir='ltr'>detrabit</span> <span class='ocrx_word' id='word_1_670' title='bbox 1983 2323 2082 2349; x_wconf 85' lang='lat' dir='ltr'>auto-</span> 
     </span>
     <span class='ocr_line' id='line_1_95' title="bbox 1097 2366 2081 2401; baseline -0.002 0"><span class='ocrx_word' id='word_1_671' title='bbox 1097 2369 1233 2401; x_wconf 80' lang='lat' dir='ltr'>ritatem</span> <span class='ocrx_word' id='word_1_672' title='bbox 1253 2368 1441 2401; x_wconf 79' lang='lat' dir='ltr'>miraculis.</span> <span class='ocrx_word' id='word_1_673' title='bbox 1497 2367 1579 2400; x_wconf 77' lang='lat' dir='ltr'>Ideo</span> <span class='ocrx_word' id='word_1_674' title='bbox 1609 2366 1770 2400; x_wconf 84' lang='lat' dir='ltr'>Christus</span> <span class='ocrx_word' id='word_1_675' title='bbox 1798 2367 1844 2399; x_wconf 84' lang='lat' dir='ltr'>ita</span> <span class='ocrx_word' id='word_1_676' title='bbox 1869 2366 1950 2399; x_wconf 87' lang='lat' dir='ltr'>citat</span> <span class='ocrx_word' id='word_1_677' title='bbox 1974 2367 2081 2399; x_wconf 81' lang='lat' dir='ltr'>mira-</span> 
     </span>
     <span class='ocr_line' id='line_1_96' title="bbox 1095 2415 2082 2460; baseline -0.002 -9"><span class='ocrx_word' id='word_1_678' title='bbox 1095 2419 1191 2459; x_wconf 87' lang='lat' dir='ltr'>cula,</span> <span class='ocrx_word' id='word_1_679' title='bbox 1218 2426 1255 2452; x_wconf 89' lang='lat' dir='ltr'>ut</span> <span class='ocrx_word' id='word_1_680' title='bbox 1276 2419 1380 2451; x_wconf 83' lang='lat' dir='ltr'>sinml</span> <span class='ocrx_word' id='word_1_681' title='bbox 1398 2426 1541 2452; x_wconf 78' lang='lat' dir='ltr'>testetur</span> <span class='ocrx_word' id='word_1_682' title='bbox 1563 2430 1753 2460; x_wconf 85' lang='lat' dir='ltr'>congruere</span> <span class='ocrx_word' id='word_1_683' title='bbox 1770 2430 1807 2451; x_wconf 90' lang='lat' dir='ltr'>ea</span> <span class='ocrx_word' id='word_1_684' title='bbox 1827 2429 1904 2450; x_wconf 88' lang='lat' dir='ltr'>cum</span> <span class='ocrx_word' id='word_1_685' title='bbox 1923 2415 2082 2460; x_wconf 83' lang='lat' dir='ltr'>Prophe-</span> 
     </span>
     <span class='ocr_line' id='line_1_97' title="bbox 1094 2468 2080 2512; baseline -0.002 -10"><span class='ocrx_word' id='word_1_686' title='bbox 1094 2476 1207 2503; x_wconf 86' lang='lat' dir='ltr'>tarum</span> <span class='ocrx_word' id='word_1_687' title='bbox 1234 2470 1352 2503; x_wconf 79' lang='lat' dir='ltr'>dictis:</span> <span class='ocrx_word' id='word_1_688' title='bbox 1393 2470 1502 2511; x_wconf 86' lang='lat' dir='ltr'>Impia</span> <span class='ocrx_word' id='word_1_689' title='bbox 1529 2469 1718 2512; x_wconf 82' lang='lat' dir='ltr'>pertinacia</span> <span class='ocrx_word' id='word_1_690' title='bbox 1751 2475 1893 2502; x_wconf 88' lang='lat' dir='ltr'>estnon</span> <span class='ocrx_word' id='word_1_691' title='bbox 1919 2468 2080 2500; x_wconf 83' lang='lat' dir='ltr'>assentiri</span> 
     </span>
     <span class='ocr_line' id='line_1_98' title="bbox 1094 2517 2080 2563; baseline -0.002 -10"><span class='ocrx_word' id='word_1_692' title='bbox 1094 2521 1367 2562; x_wconf 82' lang='lat' dir='ltr'>congruentibus</span> <span class='ocrx_word' id='word_1_693' title='bbox 1393 2519 1600 2552; x_wconf 83' lang='lat' dir='ltr'>testimoniis</span> <span class='ocrx_word' id='word_1_694' title='bbox 1628 2517 1883 2563; x_wconf 67' lang='lat' dir='ltr'>Prophetarum</span> <span class='ocrx_word' id='word_1_695' title='bbox 1917 2525 1950 2550; x_wconf 87' lang='lat' dir='ltr'>et</span> <span class='ocrx_word' id='word_1_696' title='bbox 1975 2519 2080 2551; x_wconf 73' lang='lat' dir='ltr'>mira-</span> 
     </span>
    </p>
   </div>
   <div class='ocr_carea' id='block_1_21' title="bbox 1323 2567 2079 2653">
    <p class='ocr_par' dir='ltr' id='par_1_22' title="bbox 1323 2567 2079 2653">
     <span class='ocr_line' id='line_1_99' title="bbox 1323 2567 2079 2613; baseline -0.003 -10"><span class='ocrx_word' id='word_1_697' title='bbox 1323 2570 1514 2603; x_wconf 71' lang='lat' dir='ltr'>&#39;l&#39;estantur</span> <span class='ocrx_word' id='word_1_698' title='bbox 1529 2577 1643 2603; x_wconf 88' lang='lat' dir='ltr'>autem</span> <span class='ocrx_word' id='word_1_699' title='bbox 1662 2578 1695 2603; x_wconf 91' lang='lat' dir='ltr'>et</span> <span class='ocrx_word' id='word_1_700' title='bbox 1713 2567 1906 2613; x_wconf 84' lang='lat' dir='ltr'>Prophetae</span> <span class='ocrx_word' id='word_1_701' title='bbox 1923 2575 1955 2601; x_wconf 89' lang='lat' dir='ltr'>et</span> <span class='ocrx_word' id='word_1_702' title='bbox 1973 2569 2079 2601; x_wconf 80' lang='lat' dir='ltr'>mira-</span> 
     </span>
     <span class='ocr_line' id='line_1_100' title="bbox 1776 2619 2079 2653; baseline -0.003 -1"><span class='ocrx_word' id='word_1_703' title='bbox 1776 2628 1807 2653; x_wconf 88' lang='lat' dir='ltr'>et</span> <span class='ocrx_word' id='word_1_704' title='bbox 1832 2631 1910 2651; x_wconf 77' lang='lat' dir='ltr'>vera</span> <span class='ocrx_word' id='word_1_705' title='bbox 1946 2619 2079 2651; x_wconf 79' lang='lat' dir='ltr'>docere.</span> 
     </span>
    </p>
   </div>
   <div class='ocr_carea' id='block_1_22' title="bbox 1093 2571 2077 2717">
    <p class='ocr_par' dir='ltr' id='par_1_23' title="bbox 1093 2571 2077 2717">
     <span class='ocr_line' id='line_1_101' title="bbox 1093 2571 1267 2605; baseline 0.011 -2"><span class='ocrx_word' id='word_1_706' title='bbox 1093 2571 1267 2605; x_wconf 87' lang='lat' dir='ltr'>culorum.</span> 
     </span>
     <span class='ocr_line' id='line_1_102' title="bbox 1093 2620 1732 2661; baseline 0 -7"><span class='ocrx_word' id='word_1_707' title='bbox 1093 2622 1189 2661; x_wconf 85' lang='lat' dir='ltr'>cula,</span> <span class='ocrx_word' id='word_1_708' title='bbox 1231 2634 1285 2654; x_wconf 88' lang='lat' dir='ltr'>me</span> <span class='ocrx_word' id='word_1_709' title='bbox 1317 2634 1333 2653; x_wconf 87' lang='lat' dir='ltr'>a</span> <span class='ocrx_word' id='word_1_710' title='bbox 1360 2620 1432 2654; x_wconf 79' lang='lat' dir='ltr'>Deo</span> <span class='ocrx_word' id='word_1_711' title='bbox 1462 2621 1604 2654; x_wconf 85' lang='lat' dir='ltr'>missum</span> <span class='ocrx_word' id='word_1_712' title='bbox 1643 2633 1732 2661; x_wconf 88' lang='lat' dir='ltr'>esse,</span> 
     </span>
     <span class='ocr_line' id='line_1_103' title="bbox 1093 2669 2077 2717; baseline -0.005 -11"><span class='ocrx_word' id='word_1_713' title='bbox 1093 2669 1263 2717; x_wconf 83' lang='lat' dir='ltr'>Oportuit</span> <span class='ocrx_word' id='word_1_714' title='bbox 1293 2672 1400 2715; x_wconf 84' lang='lat' dir='ltr'>igitur</span> <span class='ocrx_word' id='word_1_715' title='bbox 1431 2683 1553 2705; x_wconf 86' lang='lat' dir='ltr'>omnes</span> <span class='ocrx_word' id='word_1_716' title='bbox 1584 2684 1680 2705; x_wconf 85' lang='lat' dir='ltr'>meae</span> <span class='ocrx_word' id='word_1_717' title='bbox 1713 2671 1790 2705; x_wconf 86' lang='lat' dir='ltr'>voci</span> <span class='ocrx_word' id='word_1_718' title='bbox 1822 2670 1978 2710; x_wconf 85' lang='lat' dir='ltr'>credere,</span> <span class='ocrx_word' id='word_1_719' title='bbox 2018 2670 2077 2702; x_wconf 82' lang='lat' dir='ltr'>sed</span> 
     </span>
    </p>
   </div>
  </div>
 </body>
</html>
