2415 2942
232 101 327 140 1859

232 190 316 227 side,
345 188 387 220 de
409 184 576 219 interiore
600 181 716 217 cuttu,
743 179 785 213 de
801 191 881 212 vera
906 179 1149 221 invocatione,
1185 187 1218 214 et

234 237 441 273 aberrabunt
475 234 635 269 homines
662 232 704 265 ad
740 230 845 265 idola.
898 229 1129 265 Manifestum
1170 238 1220 265 est

236 291 361 332 igitur,
402 298 460 320 eos
486 286 547 331 qui
578 283 838 327 amplectuntur
871 281 956 315 tales
987 282 1222 326 corruptelas,

234 340 380 375 delicere
403 350 421 371 a
446 338 523 370 fide.
576 334 672 368 Haec
700 333 789 366 fiunt
816 332 967 367 illustria
991 333 1223 367 consideratis

235 390 401 435 exemplis
428 388 588 422 omnium
613 392 825 428 temporum.

338 447 484 492 Semper
509 458 589 480 cum
615 444 806 477 discessum
828 447 878 474 est
894 453 913 474 a
930 442 1037 476 verbo
1061 441 1127 476 Dei
1154 442 1224 475 ini-

236 502 293 535 tiis
322 511 502 536 errorum,
546 507 633 541 quae
662 494 814 538 primum
845 492 966 535 exigua
996 493 1225 534 videbantur,

237 550 403 594 paulatim
423 554 640 582 accesserunt
659 552 744 579 tetra
763 543 874 576 idola:
903 550 940 576 ut
961 543 997 576 in
1018 543 1122 577 Israel
1142 556 1224 588 pro-

237 603 335 636 cessit
355 601 514 644 impietas
532 599 574 631 ad
594 595 765 630 humanas
789 592 922 627 hostias
939 601 971 627 et
989 596 1031 627 ad
1051 597 1223 628 obscoena

238 654 348 691 idola,
377 652 413 684 in
435 650 569 693 Papatu
595 647 778 680 manifesta
802 645 896 677 idola
924 653 1005 679 sunt
1032 646 1226 678 invocatio-

238 716 298 736 nes
322 710 565 739 mortuorum,
604 707 793 732 concursus
815 696 856 727 ad
886 702 1034 736 statuas,
1077 697 1225 730 circum-

241 754 384 796 gestatio
411 752 528 797 panis,
547 756 580 783 et
597 749 726 781 multae
746 743 1045 790 prophanationes
1064 747 1101 779 in
1119 759 1225 780 coena

239 804 397 840 Domini.
440 801 487 836 Et
512 800 694 834 manifesta
723 797 904 840 turpitudo
927 804 975 830 est
995 797 1030 830 in
1059 798 1131 841 lege
1149 810 1227 831 coe-

240 857 378 889 libatus.

341 912 392 947 De
417 909 472 944 his
497 909 676 944 furoribus
701 913 905 951 praemonet
927 904 1116 940 Ecclesiam
1136 905 1225 939 Pau-

240 967 313 1003 lus,
349 971 379 997 et
407 964 477 995 duo
500 962 597 1004 signa
617 970 774 1003 expresse
802 958 921 1000 ponit,
950 955 1227 1000 prohibitionem

243 1015 398 1057 coniugii
412 1041 420 1053 ‚
448 1019 481 1045 et
499 1011 701 1045 discrimina
722 1010 893 1042 ciborum.
947 1009 1105 1042 Sciamus
1126 1008 1231 1050 igitur

240 1079 313 1100 non
340 1076 412 1098 esse
440 1062 630 1096 Ecclesiam
656 1059 721 1094 Dei
746 1060 946 1092 defensores
978 1060 1101 1093 talium
1133 1071 1230 1091 erro-

244 1130 335 1151 rum.
389 1113 434 1149 Et
451 1112 518 1147 hoc
535 1112 635 1146 Pauli
658 1111 860 1144 testimonio
885 1111 1130 1143 confirmemus
1156 1121 1230 1147 nos,

239 1176 278 1202 ut
303 1167 452 1201 sciamus
479 1171 571 1198 recte
598 1162 704 1196 taxari
741 1173 877 1193 errores
904 1161 1003 1201 illos,
1045 1168 1075 1193 et
1110 1158 1231 1193 Eccle-

240 1220 326 1252 siam
353 1216 420 1250 Dei
440 1227 513 1249 esse
537 1221 673 1247 coetum
691 1240 699 1252 ,
727 1213 786 1256 qui
813 1224 931 1244 vocem
960 1211 1146 1255 Evangelii
1174 1212 1232 1243 in-

245 1276 447 1312 corruptam
468 1265 709 1306 amplectitur,
738 1270 769 1296 et
795 1263 970 1305 improbat
990 1263 1067 1295 illos
1087 1273 1233 1297 errores.

243 1321 427 1353 Caeterum
447 1318 488 1350 de
507 1315 758 1349 traditionibus
775 1321 807 1346 et
824 1315 866 1346 de
883 1314 1049 1357 coniugio
1067 1313 1152 1346 alibi
1169 1314 1233 1345 do-

244 1371 355 1405 ctrina
383 1369 516 1410 integre
539 1366 664 1400 tradita
695 1371 754 1399 est.

421 1456 555 1492 Omnis
579 1461 745 1490 ereatura
765 1454 841 1488 Dei
866 1453 962 1488 bona
988 1459 1051 1490 est.

345 1536 505 1580 Opponit
542 1534 697 1576 regulam
735 1531 893 1564 fanaticis
927 1530 1129 1574 spiritibus,
1173 1531 1259 1575 qui,

244 1591 413 1622 daumant
439 1586 660 1626 coniugium,
689 1583 804 1620 cibos,
846 1582 1005 1614 ordinem
1033 1582 1233 1626 politicum,

245 1640 508 1673 distittttiouem
546 1635 813 1670 dominiorum,
869 1632 1010 1666 indicia,
1089 1632 1235 1676 Samppr

245 1692 337 1723 enim
364 1689 465 1721 multi
494 1688 657 1723 fuerunt,
685 1690 815 1717 suntet
836 1690 937 1715 crunt
959 1683 1041 1715 tales
1067 1681 1233 1728 hypocri-

248 1751 321 1780 tae,
362 1748 399 1773 ut
431 1739 515 1771 olim
548 1737 730 1773 Marcion,
774 1734 965 1773 Tatinnus,

246 1792 360 1836 Papa,
394 1786 587 1826 Monachi,
625 1794 657 1819 et
684 1798 776 1818 nunc
799 1784 1070 1828 Anabaptistae,
1105 1785 1164 1829 qui
1190 1786 1232 1817 de

245 1841 471 1875 distinctione
490 1838 731 1871 dominiorum
754 1837 800 1868 sic
823 1843 1127 1877 argumentantur:
1164 1835 1232 1868 Ne-

246 1894 334 1927 mini
370 1892 447 1924 licet
481 1896 641 1933 appetere
671 1888 837 1920 alienum.
898 1884 1033 1918 Omnes
1061 1898 1114 1919 res
1139 1894 1232 1920 extra

245 1944 408 1987 spiritum
427 1948 507 1975 sunt
533 1940 686 1977 alienae,
714 1949 794 1980 ergo
811 1948 883 1969 non
906 1937 984 1970 licet
1002 1944 1163 1981 appetere
1179 1937 1233 1970 ul-

247 1996 296 2028 las
320 1994 405 2028 tales
430 2003 503 2029 res,
531 1997 569 2023 ut
593 1990 786 2023 facultates.

350 2051 579 2095 Respondeo:
608 2048 725 2081 Maior
746 2060 824 2080 vera
842 2055 890 2082 est
908 2049 949 2080 de
967 2048 1082 2080 alieno
1095 2075 1103 2087 ‚
1139 2049 1231 2092 quod

248 2104 390 2148 politica
410 2101 634 2135 distinctione
657 2099 896 2131 dominiorum
918 2100 1068 2140 pertinet
1087 2100 1128 2130 ad
1148 2099 1231 2130 alte—

248 2157 321 2188 rius
351 2153 568 2189 dominium,
618 2151 711 2183 iuxta
743 2150 849 2182 illud:
895 2148 973 2181 Non
1013 2150 1235 2193 concupiscas

251 2206 395 2239 alterius
417 2215 559 2236 uxorem
575 2229 583 2242 ‚
619 2212 732 2245 neque
755 2212 807 2233 res
834 2200 989 2234 alterius.
1046 2200 1167 2232 Minor
1187 2207 1234 2233 est

250 2257 356 2295 salsa,
402 2262 441 2288 ut
467 2253 690 2285 manifestum
719 2259 786 2284 est:
826 2251 966 2294 propria
993 2263 1080 2283 uxor
1110 2258 1156 2283 est
1184 2262 1236 2283 res

251 2315 343 2340 extra
363 2305 542 2348 spiritum:
571 2315 644 2336 non
670 2302 800 2335 dicitur
825 2302 890 2334 isto
910 2303 1014 2333 modo
1040 2313 1092 2334 res
1110 2302 1236 2339 aliena,

251 2358 319 2391 cibi
340 2363 422 2389 sunt
442 2366 495 2388 res
519 2361 612 2387 extra
637 2353 822 2397 spiritum,
850 2359 883 2384 et
907 2360 1023 2385 tamen
1050 2353 1234 2396 appetendi

252 2414 343 2441 sunt.

354 2464 410 2498 Sic
427 2463 597 2496 'l'atianus
622 2462 942 2504 argumentabatur.
985 2462 1160 2505 Scriptum
1189 2469 1237 2495 est

254 2517 290 2549 in
315 2515 505 2557 Evangelio
532 2515 723 2546 secundum
751 2514 942 2557 Aegyptios
975 2513 1100 2545 dixisse
1133 2510 1236 2547 Citri-

253 2575 343 2600 stum
369 2567 409 2599 ad
430 2565 671 2604 Salomonem,
702 2562 789 2595 Veni
814 2571 851 2596 ut
870 2564 1000 2596 solvam
1029 2576 1132 2607 opera
1160 2576 1238 2595 mu-

255 2618 368 2656 lieris,
397 2615 523 2649 Parere
554 2621 603 2647 est
632 2625 719 2658 opus
743 2614 918 2655 mulieris,
962 2613 1054 2657 Ergo
1080 2613 1239 2648 Christus

255 2669 369 2701 abolet
399 2666 612 2709 coniugium.

847 91 971 130 PHlL.
1008 90 1126 129 MEL.
1156 92 1366 130 SCRIPTA
1401 91 1699 130 EXEGETICA.

1256 1258 1259 1299 t

1244 730 1245 733 ¹
1278 727 1360 748 usus
1385 715 1569 747 ordinatus
1593 720 1660 747 est:

2162 97 2258 134 1360

1374 180 1471 224 Nego
1489 180 1684 219 minorem,
1711 179 1792 225 quia
1816 191 1936 225 parere
1955 180 2050 226 opus
2068 190 2137 225 est,
2163 184 2258 228 quod

1271 232 1367 267 Deus
1389 239 1423 266 et
1446 232 1605 265 condidit
1631 238 1663 263 et
1688 232 1796 266 iuvat.
1848 232 1918 265 Sed
1942 233 2058 276 lapsus
2081 233 2178 268 Evae
2207 241 2259 268 est

1273 283 1455 327 proprium
1483 293 1572 327 opus
1596 282 1774 323 mulieris,
1817 283 1860 316 de
1885 280 1952 316 hoc
1974 283 2072 328 lapsu
2096 282 2259 319 Christus

1275 334 1497 379 loquebatur.

1373 399 1469 434 Haec
1489 399 1646 445 exempla
1666 399 1831 441 recitavi,
1858 406 1897 434 ut
1920 399 2076 435 iuniores
2099 403 2266 437 conside-

1275 457 1353 486 rent
1369 452 1473 485 ludos
1493 448 1749 495 sophismatum
1761 478 1770 492 ‚
1795 457 1828 484 et
1843 450 2034 485 diabolicas
2051 453 2264 498 praestigias,

1276 510 1308 537 et
1327 515 1361 536 se
1380 514 1459 535 vera
1477 502 1636 536 doctrina
1655 502 1919 546 praemuniant:
1938 514 2018 536 nam
2036 510 2127 537 recte
2142 505 2264 549 cogni-

1276 555 1320 588 tis
1345 553 1503 587 sontibus
1529 553 1692 587 refutatio
1721 553 1832 586 facilis
1857 560 1918 586 est.

1378 612 1483 655 Quod
1502 619 1617 645 antem
1636 611 1724 646 dixit
1742 611 1892 653 Paulus,
1922 619 2096 646 creaturas
2120 625 2192 647 esse
2210 625 2265 649 res

1278 665 1406 703 bonas,
1457 663 1614 706 intellige
1638 669 1810 708 quatenus
1834 670 1916 696 sunt
1942 676 1958 696 a
1983 662 2078 704 Deo,
2117 671 2149 698 et
2174 665 2266 700 sicut

1702 714 1830 747 abusus
1856 720 1972 747 autem
1998 714 2123 748 vitium
2151 722 2202 750 est
2226 716 2264 749 in

1280 765 1459 798 voluntate
1488 765 1717 799 abutentium.
1774 764 1857 798 Ideo
1889 777 1970 798 mox
2005 765 2103 799 addit
2133 765 2266 801 Paulus

1280 816 1488 849 sententiam
1515 815 1654 858 plenam
1679 815 1905 856 eruditionis,
1934 815 2178 850 Sanctificetur
2204 828 2266 861 per

1282 868 1426 899 verbum
1454 873 1484 898 et
1511 866 1766 909 precationem,
1808 867 1842 899 id
1874 874 1942 907 est,
1987 878 2070 900 usus
2093 868 2268 911 coniugii,

1281 918 1367 958 cibi,
1396 917 1553 959 imperii,
1589 917 1755 956 dominii,
1790 917 1824 950 fit
1848 925 2008 957 sanctus,
2042 930 2226 952 concessus
2248 931 2267 952 a

1280 968 1373 1006 Deo,
1409 975 1441 1001 et
1461 966 1534 1000 Deo
1559 967 1698 1011 placens
1724 979 1786 1010 per
1803 969 1948 1000 verbum
1968 975 1999 1001 et
2018 970 2266 1011 precationem,

1283 1020 1315 1052 id
1343 1026 1410 1057 est,
1460 1030 1537 1051 cum
1565 1024 1666 1051 utens
1690 1018 1850 1062 sequitur
1874 1019 2018 1050 verbum
2045 1017 2129 1059 Dei,
2172 1022 2268 1064 quod

1282 1070 1368 1113 regit
1394 1081 1513 1109 usum,
1543 1076 1575 1101 et
1593 1066 1698 1101 habet
1723 1069 1889 1102 noticiam
1906 1067 2109 1112 Evangelii,
2137 1068 2187 1103 Ac
2205 1071 2269 1104 scit

1284 1119 1346 1154 bas
1367 1132 1421 1153 res
1439 1127 1597 1152 externas
1617 1131 1689 1152 non
1710 1131 1781 1152 esse
1802 1119 1972 1152 iusticiam
1991 1126 2179 1161 aeternam,
2207 1123 2268 1155 secl

1284 1171 1398 1205 Deum
1421 1171 1486 1203 sibi
1513 1171 1547 1202 in
1567 1167 1632 1203 hac
1649 1170 1718 1203 vita
1745 1170 1883 1203 nsortali
1909 1171 2070 1214 colligere
2092 1178 2270 1205 aeternam

1283 1221 1494 1260 Ecclesiam,
1538 1233 1576 1253 ac
1603 1221 1773 1264 tantisper
1805 1221 1910 1263 velle,
1953 1229 1992 1255 ut
2014 1221 2081 1255 vita
2111 1223 2271 1256 foveatur

1285 1274 1388 1313 cibis,
1422 1280 1455 1305 et
1480 1279 1619 1305 maneat
1643 1272 1845 1315 propagatio
1871 1272 2032 1305 ordinata
2055 1274 2162 1306 verbo
2186 1274 2268 1314 Dei,

1285 1331 1317 1358 ct
1349 1330 1574 1356 conservetur
1608 1323 1806 1355 communis
1838 1323 1993 1358 societas.
2055 1322 2270 1369 Quanquam

1285 1382 1399 1407 antem
1426 1372 1489 1406 bae
1514 1386 1567 1406 res
1590 1386 1662 1406 non
1686 1380 1767 1406 sunt
1792 1373 1928 1406 iusticia
1955 1380 2115 1414 aeterna,
2153 1381 2270 1408 tamen

1287 1426 1402 1458 lucent
1428 1425 1463 1456 in
1488 1425 1535 1456 eis
1567 1424 1705 1457 bonitas
1736 1430 1767 1456 et
1793 1424 1965 1467 sapientia
1999 1424 2089 1466 Dei,
2129 1432 2162 1459 et
2194 1426 2270 1460 vult

1285 1475 1380 1507 Deus
1414 1486 1477 1507 nos
1511 1475 1546 1507 in
1579 1486 1698 1507 earum
1737 1486 1802 1507 usu
1832 1486 1988 1507 exercere
2021 1481 2055 1507 et
2086 1477 2270 1510 ostendere

1285 1526 1534 1558 obedientiam.

1387 1584 1436 1617 Ac
1458 1584 1604 1617 omnino
1630 1584 1880 1627 amplissimam
1905 1584 2110 1626 sapientiam
2137 1586 2272 1629 signifi-

1285 1641 1336 1668 cat
1356 1634 1504 1673 Paulus,
1533 1647 1610 1666 cum
1636 1634 1771 1679 inquit,
1797 1646 1898 1666 usum
1926 1635 2000 1667 fieri
2027 1643 2184 1669 sanctum
2211 1649 2273 1680 per

1258 1719 1259 1727 ἵ
1287 1687 1430 1718 vet-bun:
1458 1685 1544 1728 Dei,
1582 1685 1616 1717 id
1642 1692 1712 1725 est,
1753 1685 1931 1727 agnitione
1959 1686 2066 1719 totius
2091 1687 2272 1721 doctrinae

1010 1732 1231 1771 Maniclt'tei,
1257 1734 1260 1770 ἶ
1289 1737 1350 1770 Dei
1371 1738 1412 1768 de
1441 1736 1575 1769 iusticia
1601 1742 1759 1775 aeterna,
1796 1742 1828 1768 et
1850 1737 1892 1768 de
1913 1736 1980 1768 rita
2006 1738 2199 1781 corporali,
2234 1739 2271 1772 in

1287 1800 1354 1831 qua
1382 1788 1455 1820 vult
1483 1787 1615 1819 incoari
1641 1793 1817 1819 aeternam
1844 1784 2049 1822 Ecclesiam.

1393 1845 1489 1878 lubet
1524 1854 1639 1879 autern
1674 1845 1804 1878 Paulus
1835 1852 1866 1878 et
1902 1846 2135 1888 precationum
2172 1849 2274 1890 addi,

1288 1898 1321 1930 id
1349 1904 1417 1935 est,
1447 1897 1652 1940 petitionem
1683 1896 1825 1934 auxilii,
1861 1897 2112 1929 consessionem
2137 1905 2167 1931 et
2192 1911 2271 1942 gra-

1289 1949 1415 1982 tiarum
1443 1947 1635 1980 actionem:
1665 1947 1745 1990 quia
1764 1953 1795 1979 et
1814 1944 1903 1979 hanc
1929 1948 2144 1991 corporalem
2165 1950 2270 1983 vitam

1289 1999 1362 2032 vult
1378 1998 1470 2031 Deus
1487 2010 1556 2030 esse
1575 1998 1791 2030 occasionem
1809 1999 2018 2030 exercendae
2035 2005 2065 2031 et
2083 2001 2272 2034 ostenden-

1291 2051 1354 2082 dae
1381 2049 1620 2087 obedientiae,
1646 2060 1753 2092 quare
1776 2048 1819 2080 de
1838 2048 2019 2090 coniugio,
2045 2050 2088 2082 de
2107 2051 2272 2090 castitate,

1288 2102 1330 2133 de
1348 2100 1553 2133 educatione
1570 2106 1601 2132 et
1618 2099 1840 2132 institutione
1857 2100 2006 2140 sobolis,
2032 2101 2074 2132 de
2093 2103 2272 2135 communi

1288 2152 1470 2189 societate,
1513 2151 1555 2182 de
1580 2157 1653 2183 toto
1685 2150 1809 2182 ordine
1843 2150 2006 2195 politico,
2052 2152 2094 2183 de
2123 2151 2273 2186 vitandis

1290 2201 1489 2234 homicidiis
1508 2208 1539 2233 et
1558 2200 1680 2237 furtis,
1709 2200 1854 2233 tradidit
1872 2200 1973 2232 nohis
1991 2202 2157 2241 verbum,
2185 2211 2217 2237 et
2235 2204 2272 2237 in

1289 2251 1355 2285 ltoc
1376 2250 1614 2295 pulcherrimo
1639 2251 1782 2287 ordine,
1811 2252 1846 2282 in
1868 2263 1936 2294 quo
1956 2252 2072 2285 lucent
2091 2253 2199 2295 ipsius
2215 2265 2271 2288 sa-

1290 2303 1418 2347 pientia
1437 2310 1466 2334 et
1487 2302 1644 2339 bonitas,
1675 2302 1747 2334 vult
1775 2301 1924 2334 exerceri
1950 2302 2128 2341 timorem,
2157 2304 2271 2345 fidem,

1292 2366 1405 2397 spem,
1448 2354 1724 2389 invocationem,
1770 2352 2012 2393 dilectionem,
2060 2354 2271 2397 castitatem,

1289 2405 1570 2443 beneficentiam,
1599 2411 1631 2437 et
1654 2404 1738 2436 alias
1762 2404 1916 2438 virtutes.

1391 2463 1589 2496 Necessaria
1623 2463 1792 2506 sapientia
1824 2469 1871 2495 est
1901 2462 1935 2494 in
1964 2460 2136 2497 Ecclesia.
2180 2472 2270 2499 recte

1291 2514 1485 2554 intelligere
1507 2515 1693 2546 discrimen
1718 2514 1800 2555 legis
1823 2520 1854 2546 et
1872 2510 2073 2555 Evangelii,
2117 2521 2149 2548 et
2167 2516 2268 2548 iusti·

1291 2566 1362 2597 ciac
1382 2561 1540 2598 aeternae
1559 2566 1593 2597 in
1611 2565 1793 2601 cordibus,
1821 2570 1852 2596 et
1872 2575 1954 2595 usus
1973 2576 2085 2596 rerum
2105 2577 2268 2608 corpora—

1292 2616 1395 2655 lium,
1424 2628 1527 2659 quem
1551 2615 1642 2647 Deus
1665 2626 1727 2647 suo
1750 2614 1856 2647 verbo
1879 2621 1970 2646 certo
1993 2616 2096 2647 modo
2125 2617 2268 2648 ordina-

1263 2663 1265 2695 't
1291 2666 1358 2700 vit:
1389 2667 1469 2711 quia
1495 2666 1530 2699 in
1557 2664 1618 2698 bac
1637 2665 1776 2698 mortali
1800 2665 1868 2698 vita
1887 2662 2078 2698 Ecclesiam
2099 2667 2171 2699 vult
2197 2668 2268 2700 col-
