2415 2942
249 104 322 140 59¹

251 189 386 223 merito.
442 183 527 216 Nun
550 177 711 223 gloriatio
730 176 871 222 proprie
889 175 1060 219 significat
1075 171 1141 207 hoc
1161 173 1237 206 loco

254 238 413 274 fiduciam
435 232 549 266 meriti
569 242 627 263 seu
647 229 822 262 meritum.

356 315 417 351 Est
441 323 555 349 autem
577 311 634 347 hic
659 313 756 345 locus
781 311 916 354 egregia
937 308 1156 344 confirmatio
1174 320 1239 341 no-

258 380 347 405 strae
372 364 679 411 interpretationis.
733 361 836 396 Clare
861 361 954 394 etaim
978 360 1130 394 ostendit
1148 358 1242 393 Pau-

260 424 330 455 lum
348 418 413 453 hoc
430 418 544 462 ipsum
564 415 671 455 velle,
699 415 792 459 quod
811 424 874 445 nos
888 413 1181 455 interpretamur,
1209 417 1241 443 et

258 475 422 505 docemus
445 464 698 501 monachorum
731 464 936 508 opinionem
962 464 1004 496 de
1026 462 1150 495 merito
1176 461 1241 494 sal-

259 534 331 557 sam
349 532 438 559 esse,
461 519 520 563 qui
541 518 675 560 fingunt
690 515 891 557 contingere
907 513 1148 548 remissionem
1166 524 1243 555 pec-

261 581 418 607 cator-nm
440 575 583 613 propter
606 568 750 606 merita,
784 578 857 599 non
885 566 1009 608 gratis,
1044 571 1077 598 et
1103 563 1244 596 abolent

263 623 342 657 fidei
361 620 578 658 doctrinam,
607 626 643 651 ut
660 630 737 650 cum
755 617 897 650 docent:
927 615 965 649 Si
984 614 1151 648 contritio
1170 614 1244 646 sue-

263 676 308 708 rit
344 671 518 706 sufficiens
548 668 740 702 merebitur
775 667 1028 701 remissionem.
1095 662 1141 697 Et
1165 663 1246 708 quia

265 735 448 768 nunquam
475 732 657 765 possumus
682 726 832 752 statuere
856 718 949 762 quod
985 717 1029 749 sit
1062 715 1247 753 sufficiens,

266 777 388 809 iubent
406 773 566 806 dubitare
583 771 630 803 sic
655 770 782 802 deinde
806 769 942 808 fingunt
968 765 1148 799 hominem
1173 764 1247 809 pla-

266 839 341 860 cere
360 831 500 869 propter
520 821 759 864 impletionem
776 819 860 862 legis
881 826 943 852 etc.

367 906 461 940 Haec
480 911 530 937 est
547 914 681 936 summa
701 899 964 943 imaginationis
982 895 1250 938 monachorum,

268 971 372 1004 quam
398 956 528 989 Paulus
550 960 668 998 aperte
692 954 854 992 damnat,
892 963 970 983 cum
1003 950 1065 983 ait:
1102 947 1250 981 Exclusa

267 1017 318 1043 est
343 1007 503 1053 gloriatio
529 1017 590 1049 per
608 1005 719 1046 legem
738 1003 839 1040 fidei,
869 1002 902 1034 id
928 1008 995 1042 est,
1025 999 1184 1033 doctrina
1209 999 1251 1031 de

268 1061 334 1094 fide
357 1061 453 1092 docet
473 1056 576 1100 gratis
592 1054 715 1088 donari
733 1052 972 1086 remissionem
986 1078 993 1092 ‚
1019 1063 1091 1083 non
1109 1057 1253 1094 propter

270 1113 391 1144 merita
406 1136 413 1150 ,
442 1116 474 1142 et
491 1107 620 1151 pariter
637 1105 759 1138 donari
778 1103 1001 1136 credentibus
1026 1102 1097 1134 sive
1115 1100 1253 1134 ludaeis

270 1162 342 1196 six-e
364 1159 561 1199 Gentibus,
588 1155 654 1189 boc
673 1163 739 1194 est,
768 1155 810 1187 iis
829 1155 887 1200 qui
907 1166 977 1186 non
995 1150 1127 1185 habent
1148 1163 1252 1196 opera

271 1212 367 1255 legis.
422 1209 516 1243 Haec
536 1207 759 1252 exaequatio,
787 1212 824 1238 nt
844 1217 942 1248 saepe
960 1204 1027 1236 iam
1045 1203 1177 1237 dictum
1194 1209 1254 1243 est,

272 1269 376 1298 terret
394 1271 532 1295 securos
549 1265 581 1293 et
598 1258 801 1292 consolatur
820 1256 975 1301 pavido&

373 1350 468 1384 lllud
492 1349 595 1382 etiam
618 1346 877 1380 observandum
905 1351 982 1382 est,
1017 1356 1094 1376 cnm
1125 1342 1255 1375 Paulus

272 1413 415 1450 prorsus
434 1400 584 1434 excludit
604 1397 848 1441 gloriationem
872 1402 961 1428 certe
981 1395 1082 1428 etiam
1104 1391 1256 1427 detrahit

272 1453 464 1488 moralibus
481 1450 645 1493 operibus
662 1448 696 1479 in
716 1447 999 1480 reconciliatione
1016 1445 1254 1478 conditionem

272 1505 400 1538 meriti.
468 1500 560 1543 Quia
586 1500 615 1532 si
639 1505 780 1542 propter
804 1497 949 1529 moralia
980 1509 1083 1539 opera
1115 1497 1257 1529 daretur

273 1554 451 1596 remissio,
478 1552 547 1583 iam
572 1557 657 1582 esset
675 1548 856 1592 gloriatio,
885 1554 972 1580 esset
988 1547 1130 1590 aliquod
1151 1546 1256 1578 meri-

273 1614 346 1641 tum
380 1601 596 1637 remissionis
625 1606 858 1643 peccatorum.
928 1596 1014 1630 Item
1049 1609 1126 1629 cum
1151 1596 1255 1628 fidem

273 1655 423 1701 opponit
449 1660 589 1686 nostrae
615 1649 797 1692 dignitati,
825 1648 917 1681 tollit
942 1655 974 1681 et
997 1647 1258 1689 gloriationem,

274 1707 356 1741 satis
375 1710 516 1750 apparet
533 1702 626 1747 quod
649 1701 753 1734 fidem
777 1699 966 1742 intelligat,
995 1698 1156 1731 fiduciam
1181 1709 1259 1740 gra-

274 1758 382 1792 tuitae
408 1752 678 1788 misericordiae.

367 1847 439 1882 Lex
450 1857 597 1891 operum
609 1843 779 1887 significat
793 1842 1003 1883 doctrinam,
1013 1854 1099 1887 quae
1112 1842 1260 1886 requirit

277 1911 393 1944 opera,
419 1905 453 1931 et
470 1899 569 1929 docet
587 1893 750 1928 homines
767 1901 910 1938 propter
926 1905 1030 1936 opera
1049 1893 1157 1925 iustos
1177 1906 1258 1927 esse.

276 1949 430 1985 Econtra
457 1948 510 1980 lex
537 1947 618 1979 fidei
637 1945 806 1986 siguificat
825 1945 1042 1982 doctrinam,
1071 1956 1159 1988 qnae
1178 1957 1261 1976 con-

278 2002 438 2035 cionatur
464 2000 506 2031 de
536 1998 621 2036 fide,
655 1997 690 2028 id
721 2003 788 2035 est,
827 1997 927 2028 docet
961 1993 1120 2027 homines
1152 1995 1262 2027 iustos

279 2064 350 2084 esse
376 2062 448 2083 non
474 2055 616 2092 propter
641 2047 819 2090 propriam
850 2046 1076 2088 dignitatem,
1113 2052 1169 2077 aut
1195 2046 1262 2077 im-

280 2102 469 2146 pletionem
491 2099 591 2142 legis,
617 2104 676 2130 aut
693 2109 816 2140 opera,
845 2098 902 2128 sed
920 2096 1046 2128 fiducia
1065 2096 1263 2128 misericor-

279 2154 354 2186 diae
373 2151 564 2195 promissae
582 2154 723 2192 propter
739 2145 933 2180 Christum.
984 2145 1071 2178 Nam
1091 2147 1174 2178 fides
1192 2159 1263 2178 non

280 2203 449 2246 significat
466 2200 593 2242 Legem
619 2205 763 2231 naturae
787 2204 847 2230 aut
865 2195 1097 2239 Decalogum,
1127 2205 1165 2230 ut
1185 2198 1261 2241 qui-

281 2256 360 2286 dam
386 2253 472 2285 salso
500 2252 792 2294 interpretantur,
821 2249 879 2280 sed
903 2247 1073 2289 significat
1100 2247 1263 2280 fiduciam

281 2302 540 2336 misericordiae
563 2300 752 2344 promissae
774 2305 916 2341 propter
933 2295 1132 2337 Christum,
1160 2311 1263 2343 quam

282 2354 426 2396 opponit
442 2352 574 2386 Paulus
591 2350 753 2394 dignitati
771 2356 919 2384 nostrae.
973 2347 1050 2381 Hoc
1076 2350 1170 2382 enim
1193 2350 1263 2382 dis-

282 2411 398 2447 putat,
433 2415 476 2436 an
505 2403 685 2445 contingat
716 2400 954 2433 reconciliatio
981 2406 1123 2442 propter
1147 2408 1265 2433 nostra

282 2466 402 2497 opera,
433 2465 475 2485 an
503 2466 584 2485 vero
612 2458 754 2496 propter
780 2449 958 2486 Christum
987 2463 1047 2494 per
1067 2451 1264 2484 misericor-

282 2506 375 2537 diam
391 2503 520 2546 gratis?
547 2502 664 2545 Quare
679 2504 763 2535 fides
777 2515 847 2534 non
867 2502 1037 2544 significat
1064 2500 1173 2544 legem
1199 2502 1266 2534 ali-

282 2568 406 2600 quam,
433 2555 491 2586 sed
518 2552 620 2586 habet
642 2565 676 2585 se
699 2554 903 2586 correlative
919 2553 960 2585 ad
984 2553 1265 2596 promissionem,

281 2614 400 2650 estque
432 2604 556 2638 fiducia
591 2602 855 2647 apprehendens
889 2603 1096 2648 promissam
1128 2603 1265 2637 miseri-

283 2657 448 2689 cordiam.

818 89 943 124 mitt..
973 87 1087 124 MEL.
1115 84 1324 122 SCRtP'rA
1355 82 1651 121 ExEGE‘rtcA.

2197 87 2270 123 595

1329 170 1566 207 Arbitrantur
1592 169 1707 216 igilur
1716 168 1796 217 fide
1821 171 2019 219 iustificari
2042 169 2241 216 hominem,

1533 220 1669 269 absque
1685 221 1851 269 operibus
1870 222 1960 270 legis
1977 230 2039 261 etc.

1396 294 1668 342 Epiplmnemati
1694 297 1820 332 adiecit
1844 299 2126 341 conclusionem,
2152 299 2188 333 in
2208 312 2277 346 qua

1296 350 1449 383 breviter
1467 348 1587 391 repetit
1606 360 1778 381 summam
1798 349 2066 393 propositionis,
2093 358 2123 385 et
2149 351 2277 385 iterum

1297 400 1449 433 inculcat
1466 398 1677 432 exclusivam
1689 425 1698 440 ,
1725 406 1763 432 ut
1779 400 1948 433 sententia
1965 399 2007 434 sit
2025 401 2164 435 certior.
2217 401 2277 435 lu-

1298 450 1438 485 stificari
1467 450 1636 493 significat
1659 450 1827 496 consequi
1858 450 2098 483 remissionem
2121 460 2278 495 peccato-

1297 513 1376 535 rum
1399 508 1431 534 et
1448 500 1602 544 reputari
1628 500 1776 541 iustum,
1804 502 1839 534 id
1859 505 1932 541 est,
1957 508 2134 545 acceptum
2158 502 2201 535 ad
2225 503 2280 535 vi-

1299 560 1368 587 tam
1393 558 1581 585 aeternam.
1633 549 1722 584 Cum
1750 549 1812 585 hac
1838 552 2073 594 acceptatione
2094 553 2283 587 coniuncta

1299 609 1351 636 est
1374 602 1514 636 donatio
1533 601 1686 646 Spiritus
1710 603 1831 636 sancti.
1884 602 1988 636 Fides
2004 603 2174 646 significat
2191 604 2282 638 fidu-

1301 654 1388 687 ciam
1413 652 1672 686 misericordiae
1704 661 1847 698 propter
1869 651 2049 686 Christum
2080 655 2282 698 promissae.

1301 703 1361 737 Est
1378 704 1484 747 igitur
1498 703 1683 737 sententia:
1707 703 1989 738 Pronunciamus
2004 702 2184 738 hominem
2199 717 2283 739 con-

1302 755 1400 799 sequi
1419 754 1659 788 remissionem
1678 763 1910 799 peccatorum,
1929 762 1961 788 et
1979 755 2134 800 reputari
2151 756 2284 789 iustum

1304 817 1418 839 coram
1436 803 1527 845 Deo,
1554 813 1698 849 propter
1713 804 1892 840 Christum
1912 818 1972 849 per
1996 806 2284 848 misericordiam,

1304 867 1376 889 non
1402 862 1544 900 propter
1567 856 1688 899 legem.
1740 855 1787 891 Et
1807 855 1896 889 hanc
1921 857 2198 891 misericordiam
2215 858 2284 891 fide

1304 906 1413 951 accipi
1436 912 1584 950 oportet.

1406 964 1518 998 Porro
1544 962 1635 998 hanc
1659 966 1867 999 sententiam
1893 966 2057 1000 mutilant
2081 967 2286 1005 adversarii,

1306 1023 1340 1049 et
1379 1015 1658 1059 interpretantur
1700 1023 1838 1050 tantum
1884 1017 2021 1050 excludi
2060 1017 2287 1053 ceremonias.

1306 1066 1390 1101 Sine
1422 1065 1588 1109 operibus
1621 1066 1730 1109 legis,
1772 1067 1807 1099 id
1844 1074 1918 1108 est,
1959 1068 2034 1100 sine
2067 1068 2286 1103 ceremoniis.

1306 1116 1444 1151 Deinde
1474 1116 1612 1159 fingunt
1642 1114 1822 1150 bominem
1855 1119 2020 1163 consequi
2045 1119 2287 1152 remissionem

1307 1174 1550 1213 peccatorum,
1585 1174 1618 1201 et
1642 1169 1796 1210 reputari
1820 1168 1969 1209 iustum,
2008 1176 2149 1211 propter
2173 1181 2290 1203 mora-

1308 1219 1353 1252 lia
1380 1229 1506 1263 opera,
1539 1230 1616 1258 seu,
1651 1226 1689 1252 ut
1712 1219 1926 1264 loquuntur,
1964 1226 2106 1263 propter
2129 1220 2291 1254 dilectio-

1307 1282 1408 1309 nem,
1436 1276 1469 1302 et
1493 1269 1695 1312 intelligunt
1723 1269 1825 1302 fidem
1851 1276 1988 1303 tantum
2014 1272 2057 1303 de
2081 1270 2211 1303 noticia
2235 1268 2292 1303 hi-

1309 1320 1448 1353 storiae.
1518 1319 1567 1352 lta
1592 1321 1812 1353 transferunt
1844 1321 2052 1354 beneficium
2079 1318 2212 1355 Christi
2251 1321 2290 1354 in

1310 1370 1486 1415 propriam
1504 1370 1723 1412 dignitatem.

1412 1427 1481 1461 Sed
1506 1427 1590 1461 haec
1614 1428 1856 1472 interpretatio
1879 1437 2007 1473 pugnat
2025 1442 2102 1463 cum
2119 1430 2292 1464 sententia

1310 1480 1429 1513 Pauli:
1465 1478 1553 1512 Nam
1578 1478 1708 1513 Paulus
1731 1478 1884 1513 detrahit
1914 1481 1976 1513 toti
2007 1481 2069 1524 legi
2104 1479 2194 1513 hanc
2217 1481 2293 1524 glo-

1311 1532 1398 1563 riam
1422 1530 1559 1570 meriti,
1591 1541 1650 1562 seu
1673 1530 1948 1569 iustificationis,
1983 1532 2069 1564 sicut
2095 1538 2230 1565 constat
2252 1543 2292 1565 ex

1312 1581 1551 1625 superioribus
1567 1580 1684 1613 dictis:
1709 1580 1756 1614 Ut
1772 1587 1865 1613 totus
1881 1583 2035 1614 mundus
2051 1582 2109 1614 fiat
2126 1594 2214 1623 rem,
2230 1589 2294 1619 etc,

1312 1631 1392 1664 Non
1412 1630 1658 1663 iustificabitur
1673 1630 1710 1662 in
1731 1638 1919 1675 conspectu
1942 1639 2001 1665 tuo
2025 1632 2141 1665 omnis
2164 1632 2296 1667 vivens.

1284 1691 1287 1710 ῐ
1312 1681 1388 1715 Hae
1417 1682 1608 1714 sententiae
1638 1681 1829 1714 excludunt
1859 1694 1877 1715 a
1909 1694 2008 1715 causa
2039 1683 2296 1717 iustificationis

1314 1733 1417 1766 etiam
1434 1732 1592 1765 moralia.
1644 1730 1689 1764 Et
1705 1732 1806 1764 facile
1821 1729 1887 1765 hoc
1904 1733 2053 1776 intelligi
2071 1740 2194 1778 potest.
2255 1733 2296 1767 ln

1314 1796 1395 1816 vero
1426 1783 1614 1815 certamine
1645 1783 1857 1816 conscientia
1888 1796 1960 1817 non
1993 1791 2106 1828 potest
2136 1791 2297 1824 statuere,

1315 1835 1409 1879 quod
1437 1840 1581 1877 propter
1602 1841 1737 1866 nostras
1773 1834 1919 1867 virtutes
1951 1842 1982 1868 et
2006 1835 2214 1877 dignitatern
2240 1847 2297 1868 re-

1316 1886 1499 1918 mittantur
1515 1885 1616 1916 nobis
1635 1890 1787 1926 peccata,
1815 1891 1873 1918 aut
1893 1885 2000 1918 simus
2016 1885 2165 1929 accepti.
2202 1884 2297 1929 Ergo

1317 1936 1515 1979 quaerenda
1543 1942 1592 1967 est
1618 1935 1685 1966 alia
1721 1946 1846 1975 causa,
1883 1947 1991 1980 quare
2020 1936 2128 1969 simus
2157 1936 2300 1981 accepti,

1316 1986 1445 2019 scilicet
1463 1985 1634 2017 mediator
1651 1982 1821 2019 Christus.

1415 2043 1510 2077 Hinc
1526 2044 1627 2076 facile
1652 2044 1802 2087 intelligi
1827 2051 1962 2088 potest,
1988 2044 2137 2079 Paulum
2160 2046 2203 2079 de
2226 2053 2299 2081 tota

1319 2096 1392 2138 lege
1416 2095 1631 2135 concionari,
1659 2107 1731 2128 non
1755 2102 1892 2129 tantum
1911 2097 1952 2129 de
1971 2097 2188 2138 ceremoniis,
2210 2098 2301 2132 sicut

1318 2147 1421 2179 etiam
1455 2146 1546 2178 infra
1579 2145 1735 2179 ostendit
1770 2146 1844 2180 eius
1876 2148 2121 2189 confirmatio,
2161 2145 2299 2181 detrahi

1319 2196 1600 2230 iustificationem
1625 2197 1690 2230 toti
1712 2197 1790 2240 legi.
1843 2195 1889 2231 Et
1911 2198 2052 2242 quidem
2077 2199 2150 2243 ipse
2174 2199 2300 2242 allegat

1320 2249 1428 2291 legem
1455 2248 1641 2280 moralem:
1677 2246 1758 2281 Non
1783 2249 2023 2292 concupisces,
2050 2261 2094 2281 ne
2118 2250 2161 2283 sit
2187 2249 2301 2283 ambi-

1319 2310 1385 2341 gua
1403 2299 1603 2343 disputatio.
1658 2298 1743 2334 Item
1760 2296 1917 2332 hocloco
1934 2300 2066 2344 inquit:
2093 2299 2301 2334 stabilimus

1320 2350 1440 2392 legem.
1495 2348 1614 2392 Quare
1636 2360 1774 2383 necesse
1797 2357 1845 2383 est
1863 2361 1937 2384 eam
1961 2350 2110 2394 intelligi
2131 2351 2174 2384 de
2193 2351 2302 2384 mori-

1320 2401 1397 2435 buS.
1452 2399 1539 2433 Item
1570 2412 1649 2434 cum
1676 2401 1885 2433 vocabulum
1911 2400 1990 2434 fidei
2016 2409 2106 2435 recte
2125 2401 2302 2445 intelliga-

1319 2458 1395 2491 tur,
1422 2451 1504 2483 satis
1523 2458 1666 2495 apparet
1686 2451 1750 2485 toti
1778 2451 1843 2493 legi
1866 2450 2002 2484 detrahi
2020 2452 2300 2487 iustificationem

1318 2513 1378 2535 seu
1402 2502 1726 2535 reconciliationem
1743 2528 1751 2541 ,
1779 2502 1860 2546 quia
1877 2503 1945 2534 fide
1969 2503 2149 2537 iustificari
2173 2510 2224 2537 est
2246 2504 2301 2537 iu·

1320 2560 1410 2586 stum
1437 2553 1612 2596 reputari,
1639 2553 1764 2585 fiducia
1790 2553 2050 2587 misericordiae
2068 2567 2138 2587 non
2161 2561 2303 2599 propter

1321 2610 1474 2636 nostram
1493 2604 1711 2647 dignitatem.
1764 2602 1812 2636 lta
1834 2601 1918 2637 haec
1937 2605 2007 2648 ipsa
2027 2605 2176 2638 formula
2191 2632 2200 2645 ,
2236 2605 2303 2638 fide

1321 2654 1568 2695 iustificantur,
1608 2653 1801 2698 opponitur
1836 2654 2116 2699 immaginationi
2152 2655 2304 2697 illorum,
