<?xml version="1.0" encoding="UTF-8"?>
<!DOCTYPE html PUBLIC "-//W3C//DTD XHTML 1.0 Transitional//EN"
    "http://www.w3.org/TR/xhtml1/DTD/xhtml1-transitional.dtd">
<html xmlns="http://www.w3.org/1999/xhtml" xml:lang="en" lang="en">
 <head>
  <title>
</title>
<meta http-equiv="Content-Type" content="text/html;charset=utf-8" />
  <meta name='ocr-system' content='tesseract 3.04.00' />
  <meta name='ocr-capabilities' content='ocr_page ocr_carea ocr_par ocr_line ocrx_word'/>
</head>
<body>
  <div class='ocr_page' id='page_1' title='image "./operaquaesupersu15melauoft/operaquaesupersu15melauoft_0044.png"; bbox 0 0 2415 2942; ppageno 0'>
   <div class='ocr_carea' id='block_1_1' title="bbox 245 99 1653 156">
    <p class='ocr_par' dir='ltr' id='par_1_1' title="bbox 245 99 1653 156">
     <span class='ocr_line' id='line_1_1' title="bbox 245 99 1653 156; baseline -0.004 -14"><span class='ocrx_word' id='word_1_1' title='bbox 245 121 285 156; x_wconf 64' lang='lat'>71</span> <span class='ocrx_word' id='word_1_2' title='bbox 825 105 949 140; x_wconf 85' lang='lat' dir='ltr'>PlllL.</span> <span class='ocrx_word' id='word_1_3' title='bbox 977 102 1092 138; x_wconf 72' lang='lat' dir='ltr'><strong>MEL.</strong></span> <span class='ocrx_word' id='word_1_4' title='bbox 1119 99 1325 135; x_wconf 75' lang='lat' dir='ltr'>SCRIPTA</span> <span class='ocrx_word' id='word_1_5' title='bbox 1354 100 1653 137; x_wconf 84' lang='lat' dir='ltr'>EXEGETICA.</span> 
     </span>
    </p>
   </div>
   <div class='ocr_carea' id='block_1_2' title="bbox 246 189 1239 1055">
    <p class='ocr_par' dir='ltr' id='par_1_2' title="bbox 246 189 1239 1055">
     <span class='ocr_line' id='line_1_2' title="bbox 247 189 1227 250; baseline -0.014 -14"><span class='ocrx_word' id='word_1_6' title='bbox 247 205 413 250; x_wconf 76' lang='lat' dir='ltr'>petieritis</span> <span class='ocrx_word' id='word_1_7' title='bbox 444 209 575 246; x_wconf 85' lang='lat' dir='ltr'>patrem</span> <span class='ocrx_word' id='word_1_8' title='bbox 607 200 642 231; x_wconf 88' lang='lat' dir='ltr'>iii</span> <span class='ocrx_word' id='word_1_9' title='bbox 673 197 816 230; x_wconf 88' lang='lat' dir='ltr'>nomine</span> <span class='ocrx_word' id='word_1_10' title='bbox 847 206 944 233; x_wconf 74' lang='lat' dir='ltr'>mm,</span> <span class='ocrx_word' id='word_1_11' title='bbox 985 191 1084 225; x_wconf 84' lang='lat' dir='ltr'>dabit</span> <span class='ocrx_word' id='word_1_12' title='bbox 1115 189 1227 225; x_wconf 87' lang='lat' dir='ltr'>vobis.</span> 
     </span>
     <span class='ocr_line' id='line_1_3' title="bbox 246 240 1229 298; baseline -0.015 -10"><span class='ocrx_word' id='word_1_13' title='bbox 246 254 500 298; x_wconf 76' lang='lat' dir='ltr'>Coinplectitiir</span> <span class='ocrx_word' id='word_1_14' title='bbox 518 263 597 293; x_wconf 77' lang='lat' dir='ltr'>ergo</span> <span class='ocrx_word' id='word_1_15' title='bbox 614 247 787 281; x_wconf 79' lang='lat' dir='ltr'>invocatio</span> <span class='ocrx_word' id='word_1_16' title='bbox 804 245 1020 287; x_wconf 73' lang='lat' dir='ltr'>agnitionem</span> <span class='ocrx_word' id='word_1_17' title='bbox 1038 241 1135 274; x_wconf 86' lang='lat' dir='ltr'>verbi</span> <span class='ocrx_word' id='word_1_18' title='bbox 1153 240 1229 281; x_wconf 85' lang='lat' dir='ltr'>Dei,</span> 
     </span>
     <span class='ocr_line' id='line_1_4' title="bbox 248 293 1229 340; baseline -0.016 0"><span class='ocrx_word' id='word_1_19' title='bbox 248 314 279 340; x_wconf 81' lang='lat' dir='ltr'>et</span> <span class='ocrx_word' id='word_1_20' title='bbox 300 306 402 339; x_wconf 74' lang='lat' dir='ltr'>tidem</span> <span class='ocrx_word' id='word_1_21' title='bbox 429 305 463 335; x_wconf 90' lang='lat' dir='ltr'>in</span> <span class='ocrx_word' id='word_1_22' title='bbox 483 301 672 336; x_wconf 79' lang='lat' dir='ltr'>Clu-istum.</span> <span class='ocrx_word' id='word_1_23' title='bbox 725 295 838 335; x_wconf 86' lang='lat' dir='ltr'>llaec,</span> <span class='ocrx_word' id='word_1_24' title='bbox 863 302 902 327; x_wconf 88' lang='lat' dir='ltr'>ut</span> <span class='ocrx_word' id='word_1_25' title='bbox 915 300 1070 333; x_wconf 82' lang='lat' dir='ltr'>constat,</span> <span class='ocrx_word' id='word_1_26' title='bbox 1097 293 1229 326; x_wconf 88' lang='lat' dir='ltr'>discer-</span> 
     </span>
     <span class='ocr_line' id='line_1_5' title="bbox 248 340 1231 390; baseline -0.014 -1"><span class='ocrx_word' id='word_1_27' title='bbox 248 364 336 388; x_wconf 86' lang='lat' dir='ltr'>nunt</span> <span class='ocrx_word' id='word_1_28' title='bbox 354 353 542 387; x_wconf 79' lang='lat' dir='ltr'>Ecclesiam</span> <span class='ocrx_word' id='word_1_29' title='bbox 567 362 584 382; x_wconf 87' lang='lat' dir='ltr'>a</span> <span class='ocrx_word' id='word_1_30' title='bbox 603 347 775 390; x_wconf 83' lang='lat' dir='ltr'>gentibus.</span> <span class='ocrx_word' id='word_1_31' title='bbox 829 345 901 379; x_wconf 89' lang='lat' dir='ltr'>Nec</span> <span class='ocrx_word' id='word_1_32' title='bbox 926 357 1008 378; x_wconf 87' lang='lat' dir='ltr'>vero</span> <span class='ocrx_word' id='word_1_33' title='bbox 1034 350 1144 388; x_wconf 87' lang='lat' dir='ltr'>potest</span> <span class='ocrx_word' id='word_1_34' title='bbox 1161 340 1231 375; x_wconf 89' lang='lat' dir='ltr'>Ec—</span> 
     </span>
     <span class='ocr_line' id='line_1_6' title="bbox 248 393 1230 439; baseline -0.013 -1"><span class='ocrx_word' id='word_1_35' title='bbox 248 407 348 439; x_wconf 76' lang='lat' dir='ltr'>clesia</span> <span class='ocrx_word' id='word_1_36' title='bbox 369 405 403 435; x_wconf 89' lang='lat' dir='ltr'>iii</span> <span class='ocrx_word' id='word_1_37' title='bbox 422 402 485 435; x_wconf 86' lang='lat' dir='ltr'>liae</span> <span class='ocrx_word' id='word_1_38' title='bbox 503 401 570 433; x_wconf 86' lang='lat' dir='ltr'>vita</span> <span class='ocrx_word' id='word_1_39' title='bbox 595 399 758 437; x_wconf 80' lang='lat' dir='ltr'>existere,</span> <span class='ocrx_word' id='word_1_40' title='bbox 792 397 867 429; x_wconf 88' lang='lat' dir='ltr'>sine</span> <span class='ocrx_word' id='word_1_41' title='bbox 891 403 1035 429; x_wconf 83' lang='lat' dir='ltr'>externo</span> <span class='ocrx_word' id='word_1_42' title='bbox 1058 395 1134 427; x_wconf 90' lang='lat' dir='ltr'>loco</span> <span class='ocrx_word' id='word_1_43' title='bbox 1163 393 1230 425; x_wconf 90' lang='lat' dir='ltr'>mi-</span> 
     </span>
     <span class='ocr_line' id='line_1_7' title="bbox 250 444 1231 494; baseline -0.011 -7"><span class='ocrx_word' id='word_1_44' title='bbox 250 455 393 488; x_wconf 73' lang='lat' dir='ltr'>nisterii.</span> <span class='ocrx_word' id='word_1_45' title='bbox 448 451 541 494; x_wconf 84' lang='lat' dir='ltr'>Ergo</span> <span class='ocrx_word' id='word_1_46' title='bbox 561 457 593 483; x_wconf 90' lang='lat' dir='ltr'>et</span> <span class='ocrx_word' id='word_1_47' title='bbox 610 450 652 481; x_wconf 89' lang='lat' dir='ltr'>de</span> <span class='ocrx_word' id='word_1_48' title='bbox 674 449 749 481; x_wconf 91' lang='lat' dir='ltr'>loco</span> <span class='ocrx_word' id='word_1_49' title='bbox 777 448 861 480; x_wconf 87' lang='lat' dir='ltr'>dicit</span> <span class='ocrx_word' id='word_1_50' title='bbox 877 445 1055 479; x_wconf 87' lang='lat' dir='ltr'>Christus:</span> <span class='ocrx_word' id='word_1_51' title='bbox 1093 444 1231 478; x_wconf 88' lang='lat' dir='ltr'>Domus</span> 
     </span>
     <span class='ocr_line' id='line_1_8' title="bbox 386 495 1230 535; baseline -0.011 0"><span class='ocrx_word' id='word_1_52' title='bbox 386 505 508 535; x_wconf 88' lang='lat' dir='ltr'>domus</span> <span class='ocrx_word' id='word_1_53' title='bbox 537 499 707 533; x_wconf 88' lang='lat' dir='ltr'>orationis</span> <span class='ocrx_word' id='word_1_54' title='bbox 739 505 800 532; x_wconf 87' lang='lat' dir='ltr'>est.</span> <span class='ocrx_word' id='word_1_55' title='bbox 867 496 934 530; x_wconf 80' lang='lat' dir='ltr'>llic</span> <span class='ocrx_word' id='word_1_56' title='bbox 965 508 1086 529; x_wconf 89' lang='lat' dir='ltr'>rursus</span> <span class='ocrx_word' id='word_1_57' title='bbox 1118 495 1230 528; x_wconf 89' lang='lat' dir='ltr'>oratio</span> 
     </span>
     <span class='ocr_line' id='line_1_9' title="bbox 250 546 1230 598; baseline -0.011 -10"><span class='ocrx_word' id='word_1_58' title='bbox 250 555 491 598; x_wconf 74' lang='lat' dir='ltr'>complectitur</span> <span class='ocrx_word' id='word_1_59' title='bbox 515 559 625 585; x_wconf 81' lang='lat' dir='ltr'>totum</span> <span class='ocrx_word' id='word_1_60' title='bbox 653 549 886 582; x_wconf 86' lang='lat' dir='ltr'>ministerium</span> <span class='ocrx_word' id='word_1_61' title='bbox 902 575 910 588; x_wconf 89' lang='lat'>,</span> <span class='ocrx_word' id='word_1_62' title='bbox 934 546 1230 592; x_wconf 73' lang='lat' dir='ltr'>praedicationem</span> 
     </span>
     <span class='ocr_line' id='line_1_10' title="bbox 252 597 1232 647; baseline -0.012 -8"><span class='ocrx_word' id='word_1_63' title='bbox 252 605 455 647; x_wconf 76' lang='lat' dir='ltr'>Evangelii,</span> <span class='ocrx_word' id='word_1_64' title='bbox 485 610 517 635; x_wconf 85' lang='lat' dir='ltr'>et</span> <span class='ocrx_word' id='word_1_65' title='bbox 537 608 763 634; x_wconf 87' lang='lat' dir='ltr'>sacramenta.</span> <span class='ocrx_word' id='word_1_66' title='bbox 815 598 909 632; x_wconf 85' lang='lat' dir='ltr'>llaec</span> <span class='ocrx_word' id='word_1_67' title='bbox 925 598 1043 630; x_wconf 89' lang='lat' dir='ltr'>omnia</span> <span class='ocrx_word' id='word_1_68' title='bbox 1059 597 1232 630; x_wconf 88' lang='lat' dir='ltr'>destinata</span> 
     </span>
     <span class='ocr_line' id='line_1_11' title="bbox 251 647 1234 691; baseline -0.01 -3"><span class='ocrx_word' id='word_1_69' title='bbox 251 663 330 688; x_wconf 78' lang='lat' dir='ltr'>sunt</span> <span class='ocrx_word' id='word_1_70' title='bbox 360 656 403 687; x_wconf 88' lang='lat' dir='ltr'>ad</span> <span class='ocrx_word' id='word_1_71' title='bbox 438 653 531 686; x_wconf 90' lang='lat' dir='ltr'>liiinc</span> <span class='ocrx_word' id='word_1_72' title='bbox 564 653 687 691; x_wconf 87' lang='lat' dir='ltr'>finem,</span> <span class='ocrx_word' id='word_1_73' title='bbox 729 650 861 683; x_wconf 83' lang='lat' dir='ltr'>scilicet</span> <span class='ocrx_word' id='word_1_74' title='bbox 887 650 929 682; x_wconf 88' lang='lat' dir='ltr'>ad</span> <span class='ocrx_word' id='word_1_75' title='bbox 964 647 1234 686; x_wconf 76' lang='lat' dir='ltr'>invocationem,</span> 
     </span>
     <span class='ocr_line' id='line_1_12' title="bbox 251 697 1234 750; baseline -0.008 -13"><span class='ocrx_word' id='word_1_76' title='bbox 251 718 340 750; x_wconf 73' lang='lat' dir='ltr'>«piae</span> <span class='ocrx_word' id='word_1_77' title='bbox 357 713 405 739; x_wconf 87' lang='lat' dir='ltr'>est</span> <span class='ocrx_word' id='word_1_78' title='bbox 422 715 577 737; x_wconf 83' lang='lat' dir='ltr'>suminus</span> <span class='ocrx_word' id='word_1_79' title='bbox 599 703 723 736; x_wconf 80' lang='lat' dir='ltr'>cultus.</span> <span class='ocrx_word' id='word_1_80' title='bbox 775 700 864 733; x_wconf 87' lang='lat' dir='ltr'>Cum</span> <span class='ocrx_word' id='word_1_81' title='bbox 884 707 998 732; x_wconf 87' lang='lat' dir='ltr'>autem</span> <span class='ocrx_word' id='word_1_82' title='bbox 1020 697 1179 732; x_wconf 81' lang='lat' dir='ltr'>Christus</span> <span class='ocrx_word' id='word_1_83' title='bbox 1195 708 1234 729; x_wconf 86' lang='lat' dir='ltr'>ex</span> 
     </span>
     <span class='ocr_line' id='line_1_13' title="bbox 254 750 1234 799; baseline -0.011 -10"><span class='ocrx_word' id='word_1_84' title='bbox 254 759 328 790; x_wconf 82' lang='lat' dir='ltr'>loco</span> <span class='ocrx_word' id='word_1_85' title='bbox 353 756 473 799; x_wconf 91' lang='lat' dir='ltr'>templi</span> <span class='ocrx_word' id='word_1_86' title='bbox 500 765 674 797; x_wconf 73' lang='lat' dir='ltr'>caupones</span> <span class='ocrx_word' id='word_1_87' title='bbox 701 751 812 788; x_wconf 87' lang='lat' dir='ltr'>eiicit‚</span> <span class='ocrx_word' id='word_1_88' title='bbox 863 750 1101 792; x_wconf 68' lang='lat' dir='ltr'>intelligamus</span> <span class='ocrx_word' id='word_1_89' title='bbox 1134 758 1192 780; x_wconf 90' lang='lat' dir='ltr'>eos</span> <span class='ocrx_word' id='word_1_90' title='bbox 1216 758 1234 778; x_wconf 90' lang='lat' dir='ltr'>a</span> 
     </span>
     <span class='ocr_line' id='line_1_14' title="bbox 254 799 1235 840; baseline -0.011 0"><span class='ocrx_word' id='word_1_91' title='bbox 254 808 447 840; x_wconf 79' lang='lat' dir='ltr'>ministerio</span> <span class='ocrx_word' id='word_1_92' title='bbox 477 805 629 838; x_wconf 88' lang='lat' dir='ltr'>detrudi.</span> <span class='ocrx_word' id='word_1_93' title='bbox 693 802 791 835; x_wconf 88' lang='lat' dir='ltr'>Sicut</span> <span class='ocrx_word' id='word_1_94' title='bbox 817 801 966 833; x_wconf 85' lang='lat' dir='ltr'>subinde</span> <span class='ocrx_word' id='word_1_95' title='bbox 992 799 1086 832; x_wconf 91' lang='lat' dir='ltr'>Deus</span> <span class='ocrx_word' id='word_1_96' title='bbox 1112 809 1235 840; x_wconf 87' lang='lat' dir='ltr'>re-piir—</span> 
     </span>
     <span class='ocr_line' id='line_1_15' title="bbox 254 847 1236 901; baseline -0.012 -10"><span class='ocrx_word' id='word_1_97' title='bbox 254 870 336 901; x_wconf 71' lang='lat' dir='ltr'>gaiis</span> <span class='ocrx_word' id='word_1_98' title='bbox 353 857 561 895; x_wconf 78' lang='lat' dir='ltr'>Ecclesiam,</span> <span class='ocrx_word' id='word_1_99' title='bbox 590 853 691 898; x_wconf 91' lang='lat' dir='ltr'>punit</span> <span class='ocrx_word' id='word_1_100' title='bbox 716 852 841 894; x_wconf 87' lang='lat' dir='ltr'>impios</span> <span class='ocrx_word' id='word_1_101' title='bbox 865 852 1044 889; x_wconf 86' lang='lat' dir='ltr'>doctores,</span> <span class='ocrx_word' id='word_1_102' title='bbox 1071 856 1110 882; x_wconf 86' lang='lat' dir='ltr'>iit</span> <span class='ocrx_word' id='word_1_103' title='bbox 1131 847 1236 881; x_wconf 83' lang='lat' dir='ltr'>Levi-</span> 
     </span>
     <span class='ocr_line' id='line_1_16' title="bbox 255 897 1236 948; baseline -0.013 -5"><span class='ocrx_word' id='word_1_104' title='bbox 255 911 340 943; x_wconf 86' lang='lat' dir='ltr'>ticos</span> <span class='ocrx_word' id='word_1_105' title='bbox 360 908 544 940; x_wconf 82' lang='lat' dir='ltr'>Pontifices</span> <span class='ocrx_word' id='word_1_106' title='bbox 570 913 602 938; x_wconf 93' lang='lat' dir='ltr'>et</span> <span class='ocrx_word' id='word_1_107' title='bbox 628 910 742 948; x_wconf 87' lang='lat' dir='ltr'>postea</span> <span class='ocrx_word' id='word_1_108' title='bbox 767 901 956 935; x_wconf 89' lang='lat' dir='ltr'>haereticos</span> <span class='ocrx_word' id='word_1_109' title='bbox 979 900 1119 933; x_wconf 86' lang='lat' dir='ltr'>delevit.</span> <span class='ocrx_word' id='word_1_110' title='bbox 1178 897 1236 932; x_wconf 88' lang='lat' dir='ltr'>Sic</span> 
     </span>
     <span class='ocr_line' id='line_1_17' title="bbox 255 949 1238 998; baseline -0.012 -6"><span class='ocrx_word' id='word_1_111' title='bbox 255 959 383 993; x_wconf 80' lang='lat' dir='ltr'>delebit</span> <span class='ocrx_word' id='word_1_112' title='bbox 413 970 474 991; x_wconf 83' lang='lat' dir='ltr'>suo</span> <span class='ocrx_word' id='word_1_113' title='bbox 501 965 656 998; x_wconf 87' lang='lat' dir='ltr'>tempore</span> <span class='ocrx_word' id='word_1_114' title='bbox 682 954 783 985; x_wconf 88' lang='lat' dir='ltr'>etiam</span> <span class='ocrx_word' id='word_1_115' title='bbox 811 951 1015 991; x_wconf 73' lang='lat' dir='ltr'>Pontifices,</span> <span class='ocrx_word' id='word_1_116' title='bbox 1057 949 1118 994; x_wconf 88' lang='lat' dir='ltr'>qui</span> <span class='ocrx_word' id='word_1_117' title='bbox 1143 961 1238 981; x_wconf 90' lang='lat' dir='ltr'>nunc</span> 
     </span>
     <span class='ocr_line' id='line_1_18' title="bbox 255 999 1239 1055; baseline -0.012 -12"><span class='ocrx_word' id='word_1_118' title='bbox 255 1017 396 1055; x_wconf 87' lang='lat' dir='ltr'>propter</span> <span class='ocrx_word' id='word_1_119' title='bbox 412 1019 512 1051; x_wconf 80' lang='lat' dir='ltr'>opes,</span> <span class='ocrx_word' id='word_1_120' title='bbox 537 1013 595 1038; x_wconf 89' lang='lat' dir='ltr'>aut</span> <span class='ocrx_word' id='word_1_121' title='bbox 612 1004 798 1048; x_wconf 70' lang='lat' dir='ltr'>dignitates</span> <span class='ocrx_word' id='word_1_122' title='bbox 823 1002 976 1035; x_wconf 83' lang='lat' dir='ltr'>retinent</span> <span class='ocrx_word' id='word_1_123' title='bbox 995 999 1239 1033; x_wconf 82' lang='lat' dir='ltr'>idolomanias.</span> 
     </span>
    </p>
   </div>
   <div class='ocr_carea' id='block_1_3' title="bbox 249 518 343 543">
    <p class='ocr_par' dir='ltr' id='par_1_3' title="bbox 249 518 343 543">
     <span class='ocr_line' id='line_1_19' title="bbox 249 518 343 543; baseline -0.011 -5"><span class='ocrx_word' id='word_1_124' title='bbox 249 518 320 538; x_wconf 73' lang='lat' dir='ltr'>inea</span> <span class='ocrx_word' id='word_1_125' title='bbox 336 532 343 543; x_wconf 87' lang='lat'>,</span> 
     </span>
    </p>
   </div>
   <div class='ocr_carea' id='block_1_4' title="bbox 305 1080 1241 1189">
    <p class='ocr_par' dir='ltr' id='par_1_4' title="bbox 305 1080 1241 1189">
     <span class='ocr_line' id='line_1_20' title="bbox 305 1080 1241 1139; baseline -0.012 -13"><span class='ocrx_word' id='word_1_126' title='bbox 305 1089 573 1139; x_wconf 76' lang='lat' dir='ltr'>Quadraginta</span> <span class='ocrx_word' id='word_1_127' title='bbox 597 1094 626 1122; x_wconf 78' lang='lat' dir='ltr'>cl</span> <span class='ocrx_word' id='word_1_128' title='bbox 641 1099 706 1122; x_wconf 72' lang='lat' dir='ltr'>sex</span> <span class='ocrx_word' id='word_1_129' title='bbox 722 1086 834 1120; x_wconf 78' lang='lat' dir='ltr'>annis</span> <span class='ocrx_word' id='word_1_130' title='bbox 849 1082 1081 1131; x_wconf 78' lang='lat' dir='ltr'>aedificatum</span> <span class='ocrx_word' id='word_1_131' title='bbox 1102 1087 1151 1117; x_wconf 76' lang='lat' dir='ltr'>est</span> <span class='ocrx_word' id='word_1_132' title='bbox 1173 1080 1241 1116; x_wconf 75' lang='lat' dir='ltr'>hoc</span> 
     </span>
     <span class='ocr_line' id='line_1_21' title="bbox 357 1141 541 1189; baseline -0.016 -13"><span class='ocrx_word' id='word_1_133' title='bbox 357 1141 541 1189; x_wconf 74' lang='lat' dir='ltr'>templum.</span> 
     </span>
    </p>
   </div>
   <div class='ocr_carea' id='block_1_5' title="bbox 260 1200 1260 2722">
    <p class='ocr_par' dir='ltr' id='par_1_5' title="bbox 260 1200 1260 2722">
     <span class='ocr_line' id='line_1_22' title="bbox 359 1200 1242 1252; baseline -0.011 -8"><span class='ocrx_word' id='word_1_134' title='bbox 359 1210 447 1245; x_wconf 81' lang='lat' dir='ltr'>Cum</span> <span class='ocrx_word' id='word_1_135' title='bbox 466 1210 678 1252; x_wconf 71' lang='lat' dir='ltr'>flagitassent</span> <span class='ocrx_word' id='word_1_136' title='bbox 702 1205 910 1239; x_wconf 80' lang='lat' dir='ltr'>miraculum</span> <span class='ocrx_word' id='word_1_137' title='bbox 926 1228 935 1241; x_wconf 92' lang='lat'>‚</span> <span class='ocrx_word' id='word_1_138' title='bbox 970 1200 1131 1236; x_wconf 87' lang='lat' dir='ltr'>Christus</span> <span class='ocrx_word' id='word_1_139' title='bbox 1155 1209 1242 1235; x_wconf 84' lang='lat' dir='ltr'>tecte</span> 
     </span>
     <span class='ocr_line' id='line_1_23' title="bbox 260 1253 1242 1304; baseline -0.013 -7"><span class='ocrx_word' id='word_1_140' title='bbox 260 1266 302 1298; x_wconf 89' lang='lat' dir='ltr'>de</span> <span class='ocrx_word' id='word_1_141' title='bbox 318 1262 486 1295; x_wconf 87' lang='lat' dir='ltr'>miraculo</span> <span class='ocrx_word' id='word_1_142' title='bbox 505 1259 708 1304; x_wconf 82' lang='lat' dir='ltr'>praecipuo,</span> <span class='ocrx_word' id='word_1_143' title='bbox 738 1263 769 1289; x_wconf 87' lang='lat' dir='ltr'>ct</span> <span class='ocrx_word' id='word_1_144' title='bbox 786 1255 929 1299; x_wconf 89' lang='lat' dir='ltr'>proprio</span> <span class='ocrx_word' id='word_1_145' title='bbox 948 1265 1116 1297; x_wconf 81' lang='lat' dir='ltr'>personae</span> <span class='ocrx_word' id='word_1_146' title='bbox 1134 1253 1242 1296; x_wconf 90' lang='lat' dir='ltr'>ipsius</span> 
     </span>
     <span class='ocr_line' id='line_1_24' title="bbox 260 1304 1243 1349; baseline -0.013 -1"><span class='ocrx_word' id='word_1_147' title='bbox 260 1314 509 1349; x_wconf 78' lang='lat' dir='ltr'>concionatur,</span> <span class='ocrx_word' id='word_1_148' title='bbox 543 1310 672 1343; x_wconf 91' lang='lat' dir='ltr'>scilicet</span> <span class='ocrx_word' id='word_1_149' title='bbox 695 1309 737 1340; x_wconf 91' lang='lat' dir='ltr'>de</span> <span class='ocrx_word' id='word_1_150' title='bbox 762 1319 821 1339; x_wconf 88' lang='lat' dir='ltr'>sua</span> <span class='ocrx_word' id='word_1_151' title='bbox 847 1305 1121 1344; x_wconf 84' lang='lat' dir='ltr'>resurrectione,</span> <span class='ocrx_word' id='word_1_152' title='bbox 1155 1304 1243 1336; x_wconf 88' lang='lat' dir='ltr'>sicut</span> 
     </span>
     <span class='ocr_line' id='line_1_25' title="bbox 261 1354 1243 1407; baseline -0.014 -8"><span class='ocrx_word' id='word_1_153' title='bbox 261 1366 345 1400; x_wconf 78' lang='lat' dir='ltr'>alias</span> <span class='ocrx_word' id='word_1_154' title='bbox 365 1375 483 1407; x_wconf 85' lang='lat' dir='ltr'>saepe,</span> <span class='ocrx_word' id='word_1_155' title='bbox 509 1362 567 1394; x_wconf 87' lang='lat' dir='ltr'>sed</span> <span class='ocrx_word' id='word_1_156' title='bbox 586 1358 775 1393; x_wconf 83' lang='lat' dir='ltr'>adversarii</span> <span class='ocrx_word' id='word_1_157' title='bbox 797 1358 949 1389; x_wconf 77' lang='lat' dir='ltr'>fiii-entes</span> <span class='ocrx_word' id='word_1_158' title='bbox 967 1355 1049 1388; x_wconf 91' lang='lat' dir='ltr'>odio</span> <span class='ocrx_word' id='word_1_159' title='bbox 1067 1361 1098 1387; x_wconf 86' lang='lat' dir='ltr'>et</span> <span class='ocrx_word' id='word_1_160' title='bbox 1119 1354 1243 1397; x_wconf 88' lang='lat' dir='ltr'>impie-</span> 
     </span>
     <span class='ocr_line' id='line_1_26' title="bbox 261 1405 1244 1457; baseline -0.015 -7"><span class='ocrx_word' id='word_1_161' title='bbox 261 1424 349 1455; x_wconf 85' lang='lat' dir='ltr'>tate,</span> <span class='ocrx_word' id='word_1_162' title='bbox 377 1415 519 1457; x_wconf 81' lang='lat' dir='ltr'>figurate</span> <span class='ocrx_word' id='word_1_163' title='bbox 537 1412 668 1443; x_wconf 87' lang='lat' dir='ltr'>dictum</span> <span class='ocrx_word' id='word_1_164' title='bbox 693 1420 764 1441; x_wconf 93' lang='lat' dir='ltr'>non</span> <span class='ocrx_word' id='word_1_165' title='bbox 792 1407 1013 1448; x_wconf 78' lang='lat' dir='ltr'>intelligunt,</span> <span class='ocrx_word' id='word_1_166' title='bbox 1038 1411 1070 1438; x_wconf 84' lang='lat' dir='ltr'>et</span> <span class='ocrx_word' id='word_1_167' title='bbox 1087 1406 1130 1437; x_wconf 88' lang='lat' dir='ltr'>de</span> <span class='ocrx_word' id='word_1_168' title='bbox 1147 1405 1244 1437; x_wconf 86' lang='lat' dir='ltr'>aedi-</span> 
     </span>
     <span class='ocr_line' id='line_1_27' title="bbox 262 1457 1246 1508; baseline -0.013 -8"><span class='ocrx_word' id='word_1_169' title='bbox 262 1468 338 1500; x_wconf 82' lang='lat' dir='ltr'>ficio</span> <span class='ocrx_word' id='word_1_170' title='bbox 356 1464 478 1508; x_wconf 90' lang='lat' dir='ltr'>templi</span> <span class='ocrx_word' id='word_1_171' title='bbox 496 1461 700 1495; x_wconf 77' lang='lat' dir='ltr'>memoriam</span> <span class='ocrx_word' id='word_1_172' title='bbox 727 1458 891 1491; x_wconf 87' lang='lat' dir='ltr'>iniiciunt</span> <span class='ocrx_word' id='word_1_173' title='bbox 916 1457 1065 1490; x_wconf 89' lang='lat' dir='ltr'>alienam</span> <span class='ocrx_word' id='word_1_174' title='bbox 1081 1467 1099 1488; x_wconf 90' lang='lat' dir='ltr'>a</span> <span class='ocrx_word' id='word_1_175' title='bbox 1116 1467 1246 1499; x_wconf 91' lang='lat' dir='ltr'>propo-</span> 
     </span>
     <span class='ocr_line' id='line_1_28' title="bbox 265 1506 1247 1557; baseline -0.014 -6"><span class='ocrx_word' id='word_1_176' title='bbox 265 1520 353 1557; x_wconf 86' lang='lat' dir='ltr'>sito,</span> <span class='ocrx_word' id='word_1_177' title='bbox 381 1516 569 1557; x_wconf 77' lang='lat' dir='ltr'>allegantes</span> <span class='ocrx_word' id='word_1_178' title='bbox 586 1523 681 1551; x_wconf 90' lang='lat' dir='ltr'>rem,</span> <span class='ocrx_word' id='word_1_179' title='bbox 718 1517 755 1543; x_wconf 90' lang='lat' dir='ltr'>iit</span> <span class='ocrx_word' id='word_1_180' title='bbox 776 1509 860 1553; x_wconf 90' lang='lat' dir='ltr'>ipsis</span> <span class='ocrx_word' id='word_1_181' title='bbox 884 1508 1087 1546; x_wconf 88' lang='lat' dir='ltr'>videbatur,</span> <span class='ocrx_word' id='word_1_182' title='bbox 1116 1506 1247 1548; x_wconf 87' lang='lat' dir='ltr'>impos-</span> 
     </span>
     <span class='ocr_line' id='line_1_29' title="bbox 265 1557 1247 1606; baseline -0.014 -5"><span class='ocrx_word' id='word_1_183' title='bbox 265 1569 413 1606; x_wconf 90' lang='lat' dir='ltr'>sibilem,</span> <span class='ocrx_word' id='word_1_184' title='bbox 443 1577 521 1598; x_wconf 90' lang='lat' dir='ltr'>cum</span> <span class='ocrx_word' id='word_1_185' title='bbox 540 1561 748 1596; x_wconf 89' lang='lat' dir='ltr'>resurrectio</span> <span class='ocrx_word' id='word_1_186' title='bbox 768 1572 807 1592; x_wconf 81' lang='lat' dir='ltr'>ex</span> <span class='ocrx_word' id='word_1_187' title='bbox 824 1559 972 1591; x_wconf 80' lang='lat' dir='ltr'>mortuis</span> <span class='ocrx_word' id='word_1_188' title='bbox 990 1557 1099 1599; x_wconf 84' lang='lat' dir='ltr'>inagis</span> <span class='ocrx_word' id='word_1_189' title='bbox 1118 1557 1163 1590; x_wconf 89' lang='lat' dir='ltr'>sit</span> <span class='ocrx_word' id='word_1_190' title='bbox 1181 1557 1247 1588; x_wconf 88' lang='lat' dir='ltr'>im-</span> 
     </span>
     <span class='ocr_line' id='line_1_30' title="bbox 263 1607 1249 1664; baseline -0.013 -13"><span class='ocrx_word' id='word_1_191' title='bbox 263 1617 448 1664; x_wconf 87' lang='lat' dir='ltr'>possibilis.</span> <span class='ocrx_word' id='word_1_192' title='bbox 503 1613 570 1647; x_wconf 86' lang='lat' dir='ltr'>Sed</span> <span class='ocrx_word' id='word_1_193' title='bbox 598 1624 659 1645; x_wconf 91' lang='lat' dir='ltr'>cur</span> <span class='ocrx_word' id='word_1_194' title='bbox 676 1612 798 1644; x_wconf 87' lang='lat' dir='ltr'>dicunt</span> <span class='ocrx_word' id='word_1_195' title='bbox 816 1607 882 1641; x_wconf 85' lang='lat' dir='ltr'>hoc</span> <span class='ocrx_word' id='word_1_196' title='bbox 902 1608 1071 1651; x_wconf 89' lang='lat' dir='ltr'>templum</span> <span class='ocrx_word' id='word_1_197' title='bbox 1088 1607 1249 1640; x_wconf 85' lang='lat' dir='ltr'>aedifica-</span> 
     </span>
     <span class='ocr_line' id='line_1_31' title="bbox 263 1656 1248 1703; baseline -0.013 -1"><span class='ocrx_word' id='word_1_198' title='bbox 263 1679 338 1703; x_wconf 83' lang='lat' dir='ltr'>tum</span> <span class='ocrx_word' id='word_1_199' title='bbox 357 1679 427 1701; x_wconf 89' lang='lat' dir='ltr'>esse</span> <span class='ocrx_word' id='word_1_200' title='bbox 444 1665 546 1699; x_wconf 89' lang='lat' dir='ltr'>annis</span> <span class='ocrx_word' id='word_1_201' title='bbox 563 1663 637 1697; x_wconf 79' lang='lat'>46?</span> <span class='ocrx_word' id='word_1_202' title='bbox 687 1662 803 1695; x_wconf 84' lang='lat' dir='ltr'>Multa</span> <span class='ocrx_word' id='word_1_203' title='bbox 822 1661 986 1693; x_wconf 78' lang='lat' dir='ltr'>admonet</span> <span class='ocrx_word' id='word_1_204' title='bbox 1003 1656 1086 1691; x_wconf 85' lang='lat' dir='ltr'>baec</span> <span class='ocrx_word' id='word_1_205' title='bbox 1104 1656 1248 1691; x_wconf 85' lang='lat' dir='ltr'>historia</span> 
     </span>
     <span class='ocr_line' id='line_1_32' title="bbox 266 1709 1249 1755; baseline -0.013 -2"><span class='ocrx_word' id='word_1_206' title='bbox 266 1723 306 1753; x_wconf 91' lang='lat' dir='ltr'>de</span> <span class='ocrx_word' id='word_1_207' title='bbox 337 1717 491 1752; x_wconf 86' lang='lat' dir='ltr'>mirabili</span> <span class='ocrx_word' id='word_1_208' title='bbox 529 1714 645 1748; x_wconf 87' lang='lat' dir='ltr'>reditu</span> <span class='ocrx_word' id='word_1_209' title='bbox 678 1725 717 1745; x_wconf 85' lang='lat' dir='ltr'>ex</span> <span class='ocrx_word' id='word_1_210' title='bbox 748 1711 949 1755; x_wconf 77' lang='lat' dir='ltr'>Babylone,</span> <span class='ocrx_word' id='word_1_211' title='bbox 997 1709 1058 1753; x_wconf 88' lang='lat' dir='ltr'>qui</span> <span class='ocrx_word' id='word_1_212' title='bbox 1093 1709 1249 1741; x_wconf 86' lang='lat' dir='ltr'>continet</span> 
     </span>
     <span class='ocr_line' id='line_1_33' title="bbox 266 1759 1250 1812; baseline -0.013 -9"><span class='ocrx_word' id='word_1_213' title='bbox 266 1769 461 1812; x_wconf 78' lang='lat' dir='ltr'>exemplum</span> <span class='ocrx_word' id='word_1_214' title='bbox 484 1777 697 1811; x_wconf 83' lang='lat' dir='ltr'>poenarum,</span> <span class='ocrx_word' id='word_1_215' title='bbox 736 1761 992 1798; x_wconf 70' lang='lat' dir='ltr'>calamitatum,</span> <span class='ocrx_word' id='word_1_216' title='bbox 1019 1759 1250 1799; x_wconf 79' lang='lat' dir='ltr'>liberationis,</span> 
     </span>
     <span class='ocr_line' id='line_1_34' title="bbox 265 1809 1250 1855; baseline -0.014 -1"><span class='ocrx_word' id='word_1_217' title='bbox 265 1830 297 1855; x_wconf 88' lang='lat' dir='ltr'>et</span> <span class='ocrx_word' id='word_1_218' title='bbox 314 1820 505 1853; x_wconf 89' lang='lat' dir='ltr'>multarum</span> <span class='ocrx_word' id='word_1_219' title='bbox 522 1828 639 1849; x_wconf 89' lang='lat' dir='ltr'>rerum</span> <span class='ocrx_word' id='word_1_220' title='bbox 665 1815 702 1847; x_wconf 90' lang='lat' dir='ltr'>iii</span> <span class='ocrx_word' id='word_1_221' title='bbox 722 1812 888 1846; x_wconf 81' lang='lat' dir='ltr'>Ecclesia.</span> <span class='ocrx_word' id='word_1_222' title='bbox 941 1809 1067 1843; x_wconf 81' lang='lat' dir='ltr'>Daniel</span> <span class='ocrx_word' id='word_1_223' title='bbox 1084 1810 1250 1853; x_wconf 89' lang='lat' dir='ltr'>impetra-</span> 
     </span>
     <span class='ocr_line' id='line_1_35' title="bbox 267 1860 1251 1914; baseline -0.013 -10"><span class='ocrx_word' id='word_1_224' title='bbox 267 1878 363 1904; x_wconf 89' lang='lat' dir='ltr'>verat</span> <span class='ocrx_word' id='word_1_225' title='bbox 381 1882 398 1902; x_wconf 89' lang='lat' dir='ltr'>a</span> <span class='ocrx_word' id='word_1_226' title='bbox 416 1868 508 1914; x_wconf 82' lang='lat' dir='ltr'>Cyro</span> <span class='ocrx_word' id='word_1_227' title='bbox 527 1867 637 1900; x_wconf 89' lang='lat' dir='ltr'>edicta</span> <span class='ocrx_word' id='word_1_228' title='bbox 650 1891 659 1904; x_wconf 90' lang='lat'>‚</span> <span class='ocrx_word' id='word_1_229' title='bbox 685 1872 722 1898; x_wconf 88' lang='lat' dir='ltr'>ut</span> <span class='ocrx_word' id='word_1_230' title='bbox 738 1862 874 1896; x_wconf 89' lang='lat' dir='ltr'>Iudaeis</span> <span class='ocrx_word' id='word_1_231' title='bbox 890 1862 1140 1893; x_wconf 79' lang='lat' dir='ltr'>concederetur</span> <span class='ocrx_word' id='word_1_232' title='bbox 1156 1860 1251 1892; x_wconf 85' lang='lat' dir='ltr'>redi-</span> 
     </span>
     <span class='ocr_line' id='line_1_36' title="bbox 268 1909 1251 1964; baseline -0.014 -9"><span class='ocrx_word' id='word_1_233' title='bbox 268 1932 323 1956; x_wconf 82' lang='lat' dir='ltr'>tus</span> <span class='ocrx_word' id='word_1_234' title='bbox 348 1922 383 1953; x_wconf 92' lang='lat' dir='ltr'>in</span> <span class='ocrx_word' id='word_1_235' title='bbox 405 1919 572 1964; x_wconf 84' lang='lat' dir='ltr'>patriam,</span> <span class='ocrx_word' id='word_1_236' title='bbox 600 1923 634 1950; x_wconf 89' lang='lat' dir='ltr'>et</span> <span class='ocrx_word' id='word_1_237' title='bbox 654 1914 822 1957; x_wconf 86' lang='lat' dir='ltr'>templum</span> <span class='ocrx_word' id='word_1_238' title='bbox 846 1912 1135 1945; x_wconf 87' lang='lat' dir='ltr'>reaedificaretur.</span> <span class='ocrx_word' id='word_1_239' title='bbox 1193 1909 1251 1942; x_wconf 91' lang='lat' dir='ltr'>ln-</span> 
     </span>
     <span class='ocr_line' id='line_1_37' title="bbox 269 1961 1251 2012; baseline -0.014 -6"><span class='ocrx_word' id='word_1_240' title='bbox 269 1979 363 2006; x_wconf 87' lang='lat' dir='ltr'>coata</span> <span class='ocrx_word' id='word_1_241' title='bbox 395 1977 447 2003; x_wconf 90' lang='lat' dir='ltr'>est</span> <span class='ocrx_word' id='word_1_242' title='bbox 475 1969 581 2012; x_wconf 88' lang='lat' dir='ltr'>igitur</span> <span class='ocrx_word' id='word_1_243' title='bbox 607 1964 800 2000; x_wconf 82' lang='lat' dir='ltr'>aedificatio</span> <span class='ocrx_word' id='word_1_244' title='bbox 824 1962 945 2006; x_wconf 89' lang='lat' dir='ltr'>templi</span> <span class='ocrx_word' id='word_1_245' title='bbox 977 1974 1070 1994; x_wconf 89' lang='lat' dir='ltr'>anno</span> <span class='ocrx_word' id='word_1_246' title='bbox 1098 1961 1251 1993; x_wconf 90' lang='lat' dir='ltr'>secundo</span> 
     </span>
     <span class='ocr_line' id='line_1_38' title="bbox 269 2012 1252 2069; baseline -0.014 -13"><span class='ocrx_word' id='word_1_247' title='bbox 269 2022 370 2069; x_wconf 78' lang='lat' dir='ltr'>Cyri,</span> <span class='ocrx_word' id='word_1_248' title='bbox 405 2028 437 2054; x_wconf 90' lang='lat' dir='ltr'>et</span> <span class='ocrx_word' id='word_1_249' title='bbox 461 2021 553 2053; x_wconf 90' lang='lat' dir='ltr'>bona</span> <span class='ocrx_word' id='word_1_250' title='bbox 578 2029 654 2061; x_wconf 87' lang='lat' dir='ltr'>spes</span> <span class='ocrx_word' id='word_1_251' title='bbox 679 2022 767 2055; x_wconf 86' lang='lat' dir='ltr'>erat,</span> <span class='ocrx_word' id='word_1_252' title='bbox 801 2015 869 2046; x_wconf 91' lang='lat' dir='ltr'>iam</span> <span class='ocrx_word' id='word_1_253' title='bbox 896 2019 1063 2056; x_wconf 81' lang='lat' dir='ltr'>regnante</span> <span class='ocrx_word' id='word_1_254' title='bbox 1077 2012 1136 2056; x_wconf 88' lang='lat' dir='ltr'>pio</span> <span class='ocrx_word' id='word_1_255' title='bbox 1152 2012 1252 2055; x_wconf 86' lang='lat' dir='ltr'>prin-</span> 
     </span>
     <span class='ocr_line' id='line_1_39' title="bbox 269 2065 1253 2117; baseline -0.014 -10"><span class='ocrx_word' id='word_1_256' title='bbox 269 2075 343 2117; x_wconf 89' lang='lat' dir='ltr'>cipe</span> <span class='ocrx_word' id='word_1_257' title='bbox 368 2071 481 2117; x_wconf 85' lang='lat' dir='ltr'>Cyro,</span> <span class='ocrx_word' id='word_1_258' title='bbox 513 2070 690 2108; x_wconf 82' lang='lat' dir='ltr'>futurum,</span> <span class='ocrx_word' id='word_1_259' title='bbox 725 2073 764 2100; x_wconf 85' lang='lat' dir='ltr'>ut</span> <span class='ocrx_word' id='word_1_260' title='bbox 785 2065 852 2098; x_wconf 86' lang='lat' dir='ltr'>cito</span> <span class='ocrx_word' id='word_1_261' title='bbox 876 2065 1142 2097; x_wconf 82' lang='lat' dir='ltr'>restituerentur</span> <span class='ocrx_word' id='word_1_262' title='bbox 1165 2069 1253 2095; x_wconf 85' lang='lat' dir='ltr'>tem-</span> 
     </span>
     <span class='ocr_line' id='line_1_40' title="bbox 269 2113 1253 2170; baseline -0.014 -12"><span class='ocrx_word' id='word_1_263' title='bbox 269 2126 367 2170; x_wconf 86' lang='lat' dir='ltr'>plum</span> <span class='ocrx_word' id='word_1_264' title='bbox 392 2130 424 2155; x_wconf 89' lang='lat' dir='ltr'>et</span> <span class='ocrx_word' id='word_1_265' title='bbox 448 2121 587 2160; x_wconf 80' lang='lat' dir='ltr'>civitaS,</span> <span class='ocrx_word' id='word_1_266' title='bbox 625 2125 658 2152; x_wconf 89' lang='lat' dir='ltr'>et</span> <span class='ocrx_word' id='word_1_267' title='bbox 680 2116 830 2161; x_wconf 87' lang='lat' dir='ltr'>populus</span> <span class='ocrx_word' id='word_1_268' title='bbox 852 2115 1027 2148; x_wconf 85' lang='lat' dir='ltr'>frueretur</span> <span class='ocrx_word' id='word_1_269' title='bbox 1052 2113 1253 2157; x_wconf 88' lang='lat' dir='ltr'>tranquilli-</span> 
     </span>
     <span class='ocr_line' id='line_1_41' title="bbox 271 2164 1255 2211; baseline -0.014 -2"><span class='ocrx_word' id='word_1_270' title='bbox 271 2182 349 2211; x_wconf 80' lang='lat' dir='ltr'>tate.</span> <span class='ocrx_word' id='word_1_271' title='bbox 402 2172 472 2207; x_wconf 90' lang='lat' dir='ltr'>Sed</span> <span class='ocrx_word' id='word_1_272' title='bbox 497 2182 592 2211; x_wconf 86' lang='lat' dir='ltr'>ecce,</span> <span class='ocrx_word' id='word_1_273' title='bbox 615 2176 651 2203; x_wconf 89' lang='lat' dir='ltr'>ut</span> <span class='ocrx_word' id='word_1_274' title='bbox 678 2169 732 2209; x_wconf 76' lang='lat' dir='ltr'>fii,</span> <span class='ocrx_word' id='word_1_275' title='bbox 759 2165 950 2199; x_wconf 88' lang='lat' dir='ltr'>intervenit</span> <span class='ocrx_word' id='word_1_276' title='bbox 969 2176 1093 2207; x_wconf 85' lang='lat' dir='ltr'>magna</span> <span class='ocrx_word' id='word_1_277' title='bbox 1112 2164 1255 2197; x_wconf 85' lang='lat' dir='ltr'>calami-</span> 
     </span>
     <span class='ocr_line' id='line_1_42' title="bbox 273 2215 1255 2269; baseline -0.013 -9"><span class='ocrx_word' id='word_1_278' title='bbox 273 2234 336 2261; x_wconf 87' lang='lat' dir='ltr'>tas.</span> <span class='ocrx_word' id='word_1_279' title='bbox 387 2223 499 2269; x_wconf 84' lang='lat' dir='ltr'>Cyrus</span> <span class='ocrx_word' id='word_1_280' title='bbox 519 2220 644 2265; x_wconf 88' lang='lat' dir='ltr'>procul</span> <span class='ocrx_word' id='word_1_281' title='bbox 669 2231 708 2252; x_wconf 78' lang='lat' dir='ltr'>ex</span> <span class='ocrx_word' id='word_1_282' title='bbox 725 2229 832 2261; x_wconf 88' lang='lat' dir='ltr'>regno</span> <span class='ocrx_word' id='word_1_283' title='bbox 851 2215 1017 2255; x_wconf 88' lang='lat' dir='ltr'>discedit,</span> <span class='ocrx_word' id='word_1_284' title='bbox 1044 2215 1176 2248; x_wconf 89' lang='lat' dir='ltr'>bellum</span> <span class='ocrx_word' id='word_1_285' title='bbox 1197 2226 1255 2257; x_wconf 88' lang='lat' dir='ltr'>ge-</span> 
     </span>
     <span class='ocr_line' id='line_1_43' title="bbox 273 2265 1255 2318; baseline -0.012 -9"><span class='ocrx_word' id='word_1_286' title='bbox 273 2287 354 2310; x_wconf 86' lang='lat' dir='ltr'>rens</span> <span class='ocrx_word' id='word_1_287' title='bbox 371 2286 450 2308; x_wconf 90' lang='lat' dir='ltr'>cum</span> <span class='ocrx_word' id='word_1_288' title='bbox 468 2270 628 2318; x_wconf 86' lang='lat' dir='ltr'>Scythis,</span> <span class='ocrx_word' id='word_1_289' title='bbox 650 2276 682 2303; x_wconf 90' lang='lat' dir='ltr'>et</span> <span class='ocrx_word' id='word_1_290' title='bbox 704 2269 811 2315; x_wconf 85' lang='lat' dir='ltr'>paulo</span> <span class='ocrx_word' id='word_1_291' title='bbox 830 2273 907 2311; x_wconf 84' lang='lat' dir='ltr'>post</span> <span class='ocrx_word' id='word_1_292' title='bbox 934 2265 1161 2306; x_wconf 77' lang='lat' dir='ltr'>interficitur3</span> <span class='ocrx_word' id='word_1_293' title='bbox 1191 2267 1255 2298; x_wconf 90' lang='lat' dir='ltr'>do-</span> 
     </span>
     <span class='ocr_line' id='line_1_44' title="bbox 274 2316 1255 2368; baseline -0.012 -8"><span class='ocrx_word' id='word_1_294' title='bbox 274 2327 323 2360; x_wconf 89' lang='lat' dir='ltr'>mi</span> <span class='ocrx_word' id='word_1_295' title='bbox 339 2326 431 2359; x_wconf 88' lang='lat' dir='ltr'>filius</span> <span class='ocrx_word' id='word_1_296' title='bbox 448 2323 635 2368; x_wconf 87' lang='lat' dir='ltr'>Cambyses</span> <span class='ocrx_word' id='word_1_297' title='bbox 650 2321 781 2364; x_wconf 87' lang='lat' dir='ltr'>impius</span> <span class='ocrx_word' id='word_1_298' title='bbox 805 2330 951 2361; x_wconf 86' lang='lat' dir='ltr'>regnum</span> <span class='ocrx_word' id='word_1_299' title='bbox 976 2317 1166 2359; x_wconf 87' lang='lat' dir='ltr'>gubernat,</span> <span class='ocrx_word' id='word_1_300' title='bbox 1194 2316 1255 2361; x_wconf 90' lang='lat' dir='ltr'>qui</span> 
     </span>
     <span class='ocr_line' id='line_1_45' title="bbox 276 2367 1258 2420; baseline -0.013 -9"><span class='ocrx_word' id='word_1_301' title='bbox 276 2379 402 2411; x_wconf 87' lang='lat' dir='ltr'>iterum</span> <span class='ocrx_word' id='word_1_302' title='bbox 426 2370 591 2420; x_wconf 85' lang='lat' dir='ltr'>prohibet</span> <span class='ocrx_word' id='word_1_303' title='bbox 625 2369 901 2405; x_wconf 79' lang='lat' dir='ltr'>aedificationem</span> <span class='ocrx_word' id='word_1_304' title='bbox 931 2374 962 2400; x_wconf 90' lang='lat' dir='ltr'>et</span> <span class='ocrx_word' id='word_1_305' title='bbox 991 2367 1164 2407; x_wconf 86' lang='lat' dir='ltr'>reditum,</span> <span class='ocrx_word' id='word_1_306' title='bbox 1198 2379 1258 2399; x_wconf 89' lang='lat' dir='ltr'>co-</span> 
     </span>
     <span class='ocr_line' id='line_1_46' title="bbox 274 2418 1259 2464; baseline -0.012 -3"><span class='ocrx_word' id='word_1_307' title='bbox 274 2435 405 2461; x_wconf 89' lang='lat' dir='ltr'>nantur</span> <span class='ocrx_word' id='word_1_308' title='bbox 433 2437 472 2458; x_wconf 89' lang='lat' dir='ltr'>ex</span> <span class='ocrx_word' id='word_1_309' title='bbox 500 2423 606 2457; x_wconf 87' lang='lat' dir='ltr'>armis</span> <span class='ocrx_word' id='word_1_310' title='bbox 634 2423 767 2455; x_wconf 87' lang='lat' dir='ltr'>vicinae</span> <span class='ocrx_word' id='word_1_311' title='bbox 803 2427 922 2464; x_wconf 82' lang='lat' dir='ltr'>gentes</span> <span class='ocrx_word' id='word_1_312' title='bbox 958 2418 1128 2463; x_wconf 86' lang='lat' dir='ltr'>impedire</span> <span class='ocrx_word' id='word_1_313' title='bbox 1163 2418 1259 2450; x_wconf 86' lang='lat' dir='ltr'>aedi-</span> 
     </span>
     <span class='ocr_line' id='line_1_47' title="bbox 276 2470 1259 2518; baseline -0.009 -7"><span class='ocrx_word' id='word_1_314' title='bbox 276 2479 484 2512; x_wconf 79' lang='lat' dir='ltr'>ficationem.</span> <span class='ocrx_word' id='word_1_315' title='bbox 563 2473 630 2506; x_wconf 88' lang='lat' dir='ltr'>Hic</span> <span class='ocrx_word' id='word_1_316' title='bbox 672 2479 843 2518; x_wconf 81' lang='lat' dir='ltr'>quantuni</span> <span class='ocrx_word' id='word_1_317' title='bbox 884 2470 1014 2503; x_wconf 86' lang='lat' dir='ltr'>vulnus</span> <span class='ocrx_word' id='word_1_318' title='bbox 1051 2475 1259 2512; x_wconf 87' lang='lat' dir='ltr'>acceperunt</span> 
     </span>
     <span class='ocr_line' id='line_1_48' title="bbox 277 2522 1060 2566; baseline -0.014 -3"><span class='ocrx_word' id='word_1_319' title='bbox 277 2529 406 2563; x_wconf 84' lang='lat' dir='ltr'>Daniel</span> <span class='ocrx_word' id='word_1_320' title='bbox 442 2534 475 2560; x_wconf 86' lang='lat' dir='ltr'>et</span> <span class='ocrx_word' id='word_1_321' title='bbox 509 2526 569 2558; x_wconf 88' lang='lat' dir='ltr'>alii</span> <span class='ocrx_word' id='word_1_322' title='bbox 607 2524 655 2566; x_wconf 88' lang='lat' dir='ltr'>pii</span> <span class='ocrx_word' id='word_1_323' title='bbox 695 2523 820 2555; x_wconf 88' lang='lat' dir='ltr'>amisso</span> <span class='ocrx_word' id='word_1_324' title='bbox 863 2522 921 2565; x_wconf 88' lang='lat' dir='ltr'>pio</span> <span class='ocrx_word' id='word_1_325' title='bbox 964 2531 1060 2563; x_wconf 80' lang='lat' dir='ltr'>rege,</span> 
     </span>
     <span class='ocr_line' id='line_1_49' title="bbox 276 2570 1260 2621; baseline -0.012 -8"><span class='ocrx_word' id='word_1_326' title='bbox 276 2582 337 2614; x_wconf 90' lang='lat' dir='ltr'>lito</span> <span class='ocrx_word' id='word_1_327' title='bbox 371 2579 483 2612; x_wconf 87' lang='lat' dir='ltr'>edicto</span> <span class='ocrx_word' id='word_1_328' title='bbox 511 2575 620 2621; x_wconf 80' lang='lat' dir='ltr'>Cyri?</span> <span class='ocrx_word' id='word_1_329' title='bbox 671 2573 722 2607; x_wconf 88' lang='lat' dir='ltr'>Ita</span> <span class='ocrx_word' id='word_1_330' title='bbox 749 2573 921 2608; x_wconf 81' lang='lat' dir='ltr'>Ecclesiae</span> <span class='ocrx_word' id='word_1_331' title='bbox 957 2570 1164 2604; x_wconf 86' lang='lat' dir='ltr'>instauratio</span> <span class='ocrx_word' id='word_1_332' title='bbox 1200 2581 1260 2602; x_wconf 90' lang='lat' dir='ltr'>va-</span> 
     </span>
     <span class='ocr_line' id='line_1_50' title="bbox 277 2620 1260 2669; baseline -0.01 -7"><span class='ocrx_word' id='word_1_333' title='bbox 277 2632 339 2662; x_wconf 84' lang='lat' dir='ltr'>riis</span> <span class='ocrx_word' id='word_1_334' title='bbox 379 2629 492 2661; x_wconf 90' lang='lat' dir='ltr'>modis</span> <span class='ocrx_word' id='word_1_335' title='bbox 530 2625 738 2669; x_wconf 85' lang='lat' dir='ltr'>impeditur,</span> <span class='ocrx_word' id='word_1_336' title='bbox 786 2630 818 2657; x_wconf 90' lang='lat' dir='ltr'>et</span> <span class='ocrx_word' id='word_1_337' title='bbox 852 2623 993 2657; x_wconf 84' lang='lat' dir='ltr'>divinae</span> <span class='ocrx_word' id='word_1_338' title='bbox 1035 2620 1260 2654; x_wconf 85' lang='lat' dir='ltr'>liberationes</span> 
     </span>
     <span class='ocr_line' id='line_1_51' title="bbox 278 2671 1260 2722; baseline -0.008 -10"><span class='ocrx_word' id='word_1_339' title='bbox 278 2692 348 2712; x_wconf 85' lang='lat' dir='ltr'>non</span> <span class='ocrx_word' id='word_1_340' title='bbox 368 2679 562 2722; x_wconf 88' lang='lat' dir='ltr'>procedunt</span> <span class='ocrx_word' id='word_1_341' title='bbox 579 2675 743 2710; x_wconf 87' lang='lat' dir='ltr'>humanis</span> <span class='ocrx_word' id='word_1_342' title='bbox 761 2674 928 2707; x_wconf 82' lang='lat' dir='ltr'>consiliis.</span> <span class='ocrx_word' id='word_1_343' title='bbox 981 2671 1151 2717; x_wconf 87' lang='lat' dir='ltr'>Cambyse</span> <span class='ocrx_word' id='word_1_344' title='bbox 1166 2682 1260 2704; x_wconf 85' lang='lat' dir='ltr'>mor-</span> 
     </span>
    </p>
   </div>
   <div class='ocr_carea' id='block_1_6' title="bbox 1106 2520 1258 2552">
    <p class='ocr_par' dir='ltr' id='par_1_6' title="bbox 1106 2511 1284 2553">
     <span class='ocr_line' id='line_1_52' title="bbox 1106 2520 1258 2552; baseline 0.011 -1"><span class='ocrx_word' id='word_1_345' title='bbox 1106 2527 1139 2552; x_wconf 86' lang='lat' dir='ltr'>et</span> <span class='ocrx_word' id='word_1_346' title='bbox 1174 2520 1258 2552; x_wconf 87' lang='lat' dir='ltr'>abo·</span> 
     </span>
    </p>
   </div>
   <div class='ocr_carea' id='block_1_7' title="bbox 2215 101 2262 136">
    <p class='ocr_par' dir='ltr' id='par_1_7' title="bbox 2215 101 2262 136">
     <span class='ocr_line' id='line_1_53' title="bbox 2215 101 2262 136; baseline 0.043 -2"><span class='ocrx_word' id='word_1_347' title='bbox 2215 101 2262 136; x_wconf 71' lang='lat'>⁷2</span> 
     </span>
    </p>
   </div>
   <div class='ocr_carea' id='block_1_8' title="bbox 1281 187 2283 1192">
    <p class='ocr_par' dir='ltr' id='par_1_8' title="bbox 1281 187 2283 1192">
     <span class='ocr_line' id='line_1_54' title="bbox 1281 187 2268 234; baseline -0.004 -9"><span class='ocrx_word' id='word_1_348' title='bbox 1281 199 1341 226; x_wconf 86' lang='lat' dir='ltr'>tuo</span> <span class='ocrx_word' id='word_1_349' title='bbox 1370 187 1464 224; x_wconf 74' lang='lat' dir='ltr'>nova</span> <span class='ocrx_word' id='word_1_350' title='bbox 1489 188 1581 223; x_wconf 80' lang='lat' dir='ltr'>bella</span> <span class='ocrx_word' id='word_1_351' title='bbox 1610 188 1648 221; x_wconf 83' lang='lat' dir='ltr'>iii</span> <span class='ocrx_word' id='word_1_352' title='bbox 1676 187 1752 233; x_wconf 84' lang='lat' dir='ltr'>ipso</span> <span class='ocrx_word' id='word_1_353' title='bbox 1791 199 1898 231; x_wconf 85' lang='lat' dir='ltr'>regno</span> <span class='ocrx_word' id='word_1_354' title='bbox 1930 187 2148 234; x_wconf 83' lang='lat' dir='ltr'>Babylonico</span> <span class='ocrx_word' id='word_1_355' title='bbox 2192 194 2268 221; x_wconf 88' lang='lat' dir='ltr'>orta</span> 
     </span>
     <span class='ocr_line' id='line_1_55' title="bbox 1282 237 2269 284; baseline -0.005 -8"><span class='ocrx_word' id='word_1_356' title='bbox 1282 249 1376 276; x_wconf 89' lang='lat' dir='ltr'>sunt.</span> <span class='ocrx_word' id='word_1_357' title='bbox 1428 241 1559 275; x_wconf 88' lang='lat' dir='ltr'>Darius</span> <span class='ocrx_word' id='word_1_358' title='bbox 1582 240 1708 283; x_wconf 82' lang='lat' dir='ltr'>Magos</span> <span class='ocrx_word' id='word_1_359' title='bbox 1733 239 1923 280; x_wconf 88' lang='lat' dir='ltr'>interfecit,</span> <span class='ocrx_word' id='word_1_360' title='bbox 1957 239 2178 284; x_wconf 85' lang='lat' dir='ltr'>recuperavit</span> <span class='ocrx_word' id='word_1_361' title='bbox 2199 237 2269 271; x_wconf 83' lang='lat' dir='ltr'>Ba-</span> 
     </span>
     <span class='ocr_line' id='line_1_56' title="bbox 1283 289 2269 339; baseline -0.005 -13"><span class='ocrx_word' id='word_1_362' title='bbox 1283 294 1459 339; x_wconf 74' lang='lat' dir='ltr'>bylonem.</span> <span class='ocrx_word' id='word_1_363' title='bbox 1512 290 1704 335; x_wconf 85' lang='lat' dir='ltr'>Occupatis</span> <span class='ocrx_word' id='word_1_364' title='bbox 1730 291 1836 333; x_wconf 82' lang='lat' dir='ltr'>igitur</span> <span class='ocrx_word' id='word_1_365' title='bbox 1859 301 1919 323; x_wconf 87' lang='lat' dir='ltr'>rex</span> <span class='ocrx_word' id='word_1_366' title='bbox 1937 289 2136 323; x_wconf 88' lang='lat' dir='ltr'>domesticis</span> <span class='ocrx_word' id='word_1_367' title='bbox 2153 289 2269 332; x_wconf 89' lang='lat' dir='ltr'>bellis,</span> 
     </span>
     <span class='ocr_line' id='line_1_57' title="bbox 1284 339 2270 387; baseline -0.005 -10"><span class='ocrx_word' id='word_1_368' title='bbox 1284 344 1406 377; x_wconf 89' lang='lat' dir='ltr'>audire</span> <span class='ocrx_word' id='word_1_369' title='bbox 1425 343 1688 387; x_wconf 87' lang='lat' dir='ltr'>provinciarum</span> <span class='ocrx_word' id='word_1_370' title='bbox 1712 353 1831 374; x_wconf 84' lang='lat' dir='ltr'>causas</span> <span class='ocrx_word' id='word_1_371' title='bbox 1854 353 1927 373; x_wconf 87' lang='lat' dir='ltr'>non</span> <span class='ocrx_word' id='word_1_372' title='bbox 1948 341 2077 386; x_wconf 86' lang='lat' dir='ltr'>potuit.</span> <span class='ocrx_word' id='word_1_373' title='bbox 2132 339 2184 373; x_wconf 81' lang='lat' dir='ltr'>Ita</span> <span class='ocrx_word' id='word_1_374' title='bbox 2200 339 2270 372; x_wconf 91' lang='lat' dir='ltr'>dif-</span> 
     </span>
     <span class='ocr_line' id='line_1_58' title="bbox 1284 390 2271 434; baseline -0.005 -6"><span class='ocrx_word' id='word_1_375' title='bbox 1284 396 1395 428; x_wconf 79' lang='lat' dir='ltr'>fertur</span> <span class='ocrx_word' id='word_1_376' title='bbox 1410 393 1623 434; x_wconf 86' lang='lat' dir='ltr'>aedisicatio,</span> <span class='ocrx_word' id='word_1_377' title='bbox 1650 404 1762 425; x_wconf 90' lang='lat' dir='ltr'>annos</span> <span class='ocrx_word' id='word_1_378' title='bbox 1778 392 1850 424; x_wconf 86' lang='lat' dir='ltr'>fere</span> <span class='ocrx_word' id='word_1_379' title='bbox 1866 390 1927 426; x_wconf 74' lang='lat'>42.</span> <span class='ocrx_word' id='word_1_380' title='bbox 1969 390 2058 424; x_wconf 88' lang='lat' dir='ltr'>Nam</span> <span class='ocrx_word' id='word_1_381' title='bbox 2083 397 2156 424; x_wconf 86' lang='lat' dir='ltr'>toto</span> <span class='ocrx_word' id='word_1_382' title='bbox 2179 396 2271 424; x_wconf 82' lang='lat' dir='ltr'>tem-</span> 
     </span>
     <span class='ocr_line' id='line_1_59' title="bbox 1285 439 2272 489; baseline -0.005 -11"><span class='ocrx_word' id='word_1_383' title='bbox 1285 457 1368 489; x_wconf 87' lang='lat' dir='ltr'>pore</span> <span class='ocrx_word' id='word_1_384' title='bbox 1384 443 1566 489; x_wconf 87' lang='lat' dir='ltr'>Cambysis</span> <span class='ocrx_word' id='word_1_385' title='bbox 1583 450 1616 477; x_wconf 90' lang='lat' dir='ltr'>et</span> <span class='ocrx_word' id='word_1_386' title='bbox 1634 442 1734 476; x_wconf 89' lang='lat' dir='ltr'>Darii</span> <span class='ocrx_word' id='word_1_387' title='bbox 1751 442 1918 486; x_wconf 88' lang='lat' dir='ltr'>impedita</span> <span class='ocrx_word' id='word_1_388' title='bbox 1937 448 2005 482; x_wconf 82' lang='lat' dir='ltr'>est,</span> <span class='ocrx_word' id='word_1_389' title='bbox 2031 439 2070 474; x_wconf 86' lang='lat' dir='ltr'>hi</span> <span class='ocrx_word' id='word_1_390' title='bbox 2087 447 2169 474; x_wconf 87' lang='lat' dir='ltr'>sunt</span> <span class='ocrx_word' id='word_1_391' title='bbox 2185 440 2272 474; x_wconf 88' lang='lat' dir='ltr'>anni</span> 
     </span>
     <span class='ocr_line' id='line_1_60' title="bbox 1285 491 2272 538; baseline -0.005 -10"><span class='ocrx_word' id='word_1_392' title='bbox 1285 496 1346 529; x_wconf 84' lang='lat'>40.</span> <span class='ocrx_word' id='word_1_393' title='bbox 1388 495 1566 528; x_wconf 77' lang='lat' dir='ltr'>Successit</span> <span class='ocrx_word' id='word_1_394' title='bbox 1590 501 1708 538; x_wconf 87' lang='lat' dir='ltr'>postea</span> <span class='ocrx_word' id='word_1_395' title='bbox 1722 493 1965 536; x_wconf 83' lang='lat' dir='ltr'>Longimanus</span> <span class='ocrx_word' id='word_1_396' title='bbox 1989 492 2111 525; x_wconf 86' lang='lat' dir='ltr'>mitior</span> <span class='ocrx_word' id='word_1_397' title='bbox 2131 491 2272 534; x_wconf 88' lang='lat' dir='ltr'>regibus</span> 
     </span>
     <span class='ocr_line' id='line_1_61' title="bbox 1286 541 2272 589; baseline -0.003 -11"><span class='ocrx_word' id='word_1_398' title='bbox 1286 546 1483 589; x_wconf 85' lang='lat' dir='ltr'>prioribus,</span> <span class='ocrx_word' id='word_1_399' title='bbox 1510 552 1543 578; x_wconf 86' lang='lat' dir='ltr'>et</span> <span class='ocrx_word' id='word_1_400' title='bbox 1564 545 1765 588; x_wconf 81' lang='lat' dir='ltr'>intelligens</span> <span class='ocrx_word' id='word_1_401' title='bbox 1781 556 1901 576; x_wconf 92' lang='lat' dir='ltr'>verum</span> <span class='ocrx_word' id='word_1_402' title='bbox 1919 544 2053 576; x_wconf 90' lang='lat' dir='ltr'>cultum</span> <span class='ocrx_word' id='word_1_403' title='bbox 2070 542 2146 576; x_wconf 84' lang='lat' dir='ltr'>Dei.</span> <span class='ocrx_word' id='word_1_404' title='bbox 2181 541 2272 575; x_wconf 85' lang='lat' dir='ltr'>Nam</span> 
     </span>
     <span class='ocr_line' id='line_1_62' title="bbox 1287 594 2275 637; baseline -0.004 -8"><span class='ocrx_word' id='word_1_405' title='bbox 1287 595 1344 630; x_wconf 91' lang='lat' dir='ltr'>liic</span> <span class='ocrx_word' id='word_1_406' title='bbox 1373 596 1536 628; x_wconf 87' lang='lat' dir='ltr'>audiebat</span> <span class='ocrx_word' id='word_1_407' title='bbox 1564 594 1714 628; x_wconf 89' lang='lat' dir='ltr'>Esdram</span> <span class='ocrx_word' id='word_1_408' title='bbox 1747 602 1780 628; x_wconf 88' lang='lat' dir='ltr'>et</span> <span class='ocrx_word' id='word_1_409' title='bbox 1807 594 2028 633; x_wconf 82' lang='lat' dir='ltr'>Neaemiam‚</span> <span class='ocrx_word' id='word_1_410' title='bbox 2070 600 2103 626; x_wconf 85' lang='lat' dir='ltr'>et</span> <span class='ocrx_word' id='word_1_411' title='bbox 2128 599 2275 637; x_wconf 81' lang='lat' dir='ltr'>putatur</span> 
     </span>
     <span class='ocr_line' id='line_1_63' title="bbox 1286 643 2274 688; baseline -0.005 -8"><span class='ocrx_word' id='word_1_412' title='bbox 1286 648 1392 680; x_wconf 89' lang='lat' dir='ltr'>fuisse</span> <span class='ocrx_word' id='word_1_413' title='bbox 1411 647 1502 679; x_wconf 79' lang='lat' dir='ltr'>lilius</span> <span class='ocrx_word' id='word_1_414' title='bbox 1517 644 1656 680; x_wconf 81' lang='lat' dir='ltr'>Esther.</span> <span class='ocrx_word' id='word_1_415' title='bbox 1694 644 1809 678; x_wconf 90' lang='lat' dir='ltr'>Huius</span> <span class='ocrx_word' id='word_1_416' title='bbox 1825 645 1933 688; x_wconf 76' lang='lat' dir='ltr'>igitur</span> <span class='ocrx_word' id='word_1_417' title='bbox 1949 643 2163 686; x_wconf 84' lang='lat' dir='ltr'>Longimani</span> <span class='ocrx_word' id='word_1_418' title='bbox 2180 655 2274 676; x_wconf 91' lang='lat' dir='ltr'>anno</span> 
     </span>
     <span class='ocr_line' id='line_1_64' title="bbox 1287 694 2276 734; baseline -0.004 -4"><span class='ocrx_word' id='word_1_419' title='bbox 1287 698 1441 730; x_wconf 89' lang='lat' dir='ltr'>secundo</span> <span class='ocrx_word' id='word_1_420' title='bbox 1475 708 1598 730; x_wconf 84' lang='lat' dir='ltr'>rursus</span> <span class='ocrx_word' id='word_1_421' title='bbox 1635 708 1838 730; x_wconf 87' lang='lat' dir='ltr'>concessum</span> <span class='ocrx_word' id='word_1_422' title='bbox 1873 702 1941 734; x_wconf 82' lang='lat' dir='ltr'>est,</span> <span class='ocrx_word' id='word_1_423' title='bbox 1988 701 2030 728; x_wconf 83' lang='lat' dir='ltr'>ut</span> <span class='ocrx_word' id='word_1_424' title='bbox 2066 694 2276 727; x_wconf 86' lang='lat' dir='ltr'>beneficium</span> 
     </span>
     <span class='ocr_line' id='line_1_65' title="bbox 1288 745 2276 792; baseline -0.003 -12"><span class='ocrx_word' id='word_1_425' title='bbox 1288 747 1371 792; x_wconf 78' lang='lat' dir='ltr'>Cyri</span> <span class='ocrx_word' id='word_1_426' title='bbox 1404 753 1635 780; x_wconf 84' lang='lat' dir='ltr'>renovaretur</span> <span class='ocrx_word' id='word_1_427' title='bbox 1650 771 1662 791; x_wconf 84' lang='lat'>,</span> <span class='ocrx_word' id='word_1_428' title='bbox 1715 753 1747 780; x_wconf 85' lang='lat' dir='ltr'>et</span> <span class='ocrx_word' id='word_1_429' title='bbox 1787 746 1982 779; x_wconf 88' lang='lat' dir='ltr'>aedificatio</span> <span class='ocrx_word' id='word_1_430' title='bbox 2024 745 2276 778; x_wconf 83' lang='lat' dir='ltr'>absolveretur.</span> 
     </span>
     <span class='ocr_line' id='line_1_66' title="bbox 1290 795 2278 842; baseline -0.004 -11"><span class='ocrx_word' id='word_1_431' title='bbox 1290 797 1382 841; x_wconf 82' lang='lat' dir='ltr'>Ergo</span> <span class='ocrx_word' id='word_1_432' title='bbox 1399 798 1627 842; x_wconf 87' lang='lat' dir='ltr'>sequentibus</span> <span class='ocrx_word' id='word_1_433' title='bbox 1656 797 1758 830; x_wconf 90' lang='lat' dir='ltr'>annis</span> <span class='ocrx_word' id='word_1_434' title='bbox 1777 796 1800 830; x_wconf 84' lang='lat'>4</span> <span class='ocrx_word' id='word_1_435' title='bbox 1823 796 1946 840; x_wconf 88' lang='lat' dir='ltr'>templi</span> <span class='ocrx_word' id='word_1_436' title='bbox 1963 795 2158 829; x_wconf 88' lang='lat' dir='ltr'>aedificatio</span> <span class='ocrx_word' id='word_1_437' title='bbox 2174 795 2278 828; x_wconf 86' lang='lat' dir='ltr'>abso-</span> 
     </span>
     <span class='ocr_line' id='line_1_67' title="bbox 1290 843 2277 891; baseline -0.003 -10"><span class='ocrx_word' id='word_1_438' title='bbox 1290 850 1362 881; x_wconf 90' lang='lat' dir='ltr'>luta</span> <span class='ocrx_word' id='word_1_439' title='bbox 1382 856 1431 882; x_wconf 89' lang='lat' dir='ltr'>est</span> <span class='ocrx_word' id='word_1_440' title='bbox 1453 846 1492 882; x_wconf 86' lang='lat'>5.</span> <span class='ocrx_word' id='word_1_441' title='bbox 1510 860 1603 881; x_wconf 87' lang='lat' dir='ltr'>anno</span> <span class='ocrx_word' id='word_1_442' title='bbox 1626 848 1859 891; x_wconf 83' lang='lat' dir='ltr'>Longimani,</span> <span class='ocrx_word' id='word_1_443' title='bbox 1896 853 1934 880; x_wconf 90' lang='lat' dir='ltr'>ut</span> <span class='ocrx_word' id='word_1_444' title='bbox 1959 852 2106 881; x_wconf 81' lang='lat' dir='ltr'>testatur</span> <span class='ocrx_word' id='word_1_445' title='bbox 2129 843 2277 879; x_wconf 82' lang='lat' dir='ltr'>historia</span> 
     </span>
     <span class='ocr_line' id='line_1_68' title="bbox 1291 895 2278 941; baseline -0.002 -10"><span class='ocrx_word' id='word_1_446' title='bbox 1291 900 1327 931; x_wconf 90' lang='lat' dir='ltr'>in</span> <span class='ocrx_word' id='word_1_447' title='bbox 1346 900 1435 932; x_wconf 90' lang='lat' dir='ltr'>libro</span> <span class='ocrx_word' id='word_1_448' title='bbox 1452 898 1596 932; x_wconf 86' lang='lat' dir='ltr'>Esdrae.</span> <span class='ocrx_word' id='word_1_449' title='bbox 1650 898 1756 941; x_wconf 84' lang='lat' dir='ltr'>Quod</span> <span class='ocrx_word' id='word_1_450' title='bbox 1779 909 1860 940; x_wconf 81' lang='lat' dir='ltr'>ergo</span> <span class='ocrx_word' id='word_1_451' title='bbox 1884 898 1921 930; x_wconf 89' lang='lat' dir='ltr'>in</span> <span class='ocrx_word' id='word_1_452' title='bbox 1948 904 2043 930; x_wconf 79' lang='lat' dir='ltr'>textu</span> <span class='ocrx_word' id='word_1_453' title='bbox 2064 896 2205 930; x_wconf 90' lang='lat' dir='ltr'>loannis</span> <span class='ocrx_word' id='word_1_454' title='bbox 2223 895 2278 929; x_wconf 85' lang='lat' dir='ltr'>di-</span> 
     </span>
     <span class='ocr_line' id='line_1_69' title="bbox 1292 947 2281 991; baseline -0.004 -9"><span class='ocrx_word' id='word_1_455' title='bbox 1292 950 1393 989; x_wconf 84' lang='lat' dir='ltr'>citur,</span> <span class='ocrx_word' id='word_1_456' title='bbox 1411 949 1606 982; x_wconf 82' lang='lat' dir='ltr'>aedificatio</span> <span class='ocrx_word' id='word_1_457' title='bbox 1625 949 1769 982; x_wconf 80' lang='lat' dir='ltr'>durasse</span> <span class='ocrx_word' id='word_1_458' title='bbox 1785 960 1896 982; x_wconf 89' lang='lat' dir='ltr'>anuos</span> <span class='ocrx_word' id='word_1_459' title='bbox 1913 960 1970 981; x_wconf 86' lang='lat' dir='ltr'>sex</span> <span class='ocrx_word' id='word_1_460' title='bbox 1984 954 2018 980; x_wconf 83' lang='lat' dir='ltr'>et</span> <span class='ocrx_word' id='word_1_461' title='bbox 2035 947 2281 991; x_wconf 83' lang='lat' dir='ltr'>quadraginta,</span> 
     </span>
     <span class='ocr_line' id='line_1_70' title="bbox 1292 997 2280 1041; baseline -0.004 -8"><span class='ocrx_word' id='word_1_462' title='bbox 1292 1012 1364 1033; x_wconf 90' lang='lat' dir='ltr'>non</span> <span class='ocrx_word' id='word_1_463' title='bbox 1382 1001 1424 1032; x_wconf 92' lang='lat' dir='ltr'>de</span> <span class='ocrx_word' id='word_1_464' title='bbox 1444 1000 1610 1032; x_wconf 87' lang='lat' dir='ltr'>continua</span> <span class='ocrx_word' id='word_1_465' title='bbox 1629 999 1870 1032; x_wconf 84' lang='lat' dir='ltr'>aedificatione</span> <span class='ocrx_word' id='word_1_466' title='bbox 1885 998 2123 1041; x_wconf 81' lang='lat' dir='ltr'>intelligatur,</span> <span class='ocrx_word' id='word_1_467' title='bbox 2149 998 2208 1031; x_wconf 90' lang='lat' dir='ltr'>sed</span> <span class='ocrx_word' id='word_1_468' title='bbox 2222 997 2280 1029; x_wconf 87' lang='lat' dir='ltr'>in-</span> 
     </span>
     <span class='ocr_line' id='line_1_71' title="bbox 1292 1049 2281 1093; baseline -0.004 -9"><span class='ocrx_word' id='word_1_469' title='bbox 1292 1057 1468 1093; x_wconf 86' lang='lat' dir='ltr'>terruptae</span> <span class='ocrx_word' id='word_1_470' title='bbox 1496 1057 1577 1083; x_wconf 87' lang='lat' dir='ltr'>sunt</span> <span class='ocrx_word' id='word_1_471' title='bbox 1602 1057 1635 1083; x_wconf 86' lang='lat' dir='ltr'>et</span> <span class='ocrx_word' id='word_1_472' title='bbox 1658 1050 1847 1093; x_wconf 84' lang='lat' dir='ltr'>impeditae</span> <span class='ocrx_word' id='word_1_473' title='bbox 1871 1061 2016 1093; x_wconf 85' lang='lat' dir='ltr'>operae,</span> <span class='ocrx_word' id='word_1_474' title='bbox 2048 1049 2120 1081; x_wconf 85' lang='lat' dir='ltr'>fere</span> <span class='ocrx_word' id='word_1_475' title='bbox 2140 1049 2229 1081; x_wconf 90' lang='lat' dir='ltr'>duos</span> <span class='ocrx_word' id='word_1_476' title='bbox 2247 1053 2281 1080; x_wconf 86' lang='lat' dir='ltr'>et</span> 
     </span>
     <span class='ocr_line' id='line_1_72' title="bbox 1293 1097 2279 1146; baseline -0.002 -13"><span class='ocrx_word' id='word_1_477' title='bbox 1293 1101 1523 1146; x_wconf 85' lang='lat' dir='ltr'>quadraginta</span> <span class='ocrx_word' id='word_1_478' title='bbox 1541 1112 1663 1134; x_wconf 79' lang='lat' dir='ltr'>annos,</span> <span class='ocrx_word' id='word_1_479' title='bbox 1716 1100 1798 1132; x_wconf 84' lang='lat' dir='ltr'>Ideo</span> <span class='ocrx_word' id='word_1_480' title='bbox 1818 1100 1990 1142; x_wconf 84' lang='lat' dir='ltr'>praedixit</span> <span class='ocrx_word' id='word_1_481' title='bbox 2008 1098 2136 1132; x_wconf 86' lang='lat' dir='ltr'>Daniel</span> <span class='ocrx_word' id='word_1_482' title='bbox 2152 1110 2226 1143; x_wconf 91' lang='lat' dir='ltr'>cap.</span> <span class='ocrx_word' id='word_1_483' title='bbox 2243 1097 2279 1131; x_wconf 85' lang='lat'>9.</span> 
     </span>
     <span class='ocr_line' id='line_1_73' title="bbox 1292 1148 2283 1192; baseline -0.003 -8"><span class='ocrx_word' id='word_1_484' title='bbox 1292 1154 1472 1192; x_wconf 86' lang='lat' dir='ltr'>futurum,</span> <span class='ocrx_word' id='word_1_485' title='bbox 1509 1157 1547 1184; x_wconf 85' lang='lat' dir='ltr'>ut</span> <span class='ocrx_word' id='word_1_486' title='bbox 1572 1150 1815 1183; x_wconf 88' lang='lat' dir='ltr'>aedificaretur</span> <span class='ocrx_word' id='word_1_487' title='bbox 1839 1150 2027 1183; x_wconf 76' lang='lat' dir='ltr'>Ierusalem</span> <span class='ocrx_word' id='word_1_488' title='bbox 2052 1150 2090 1181; x_wconf 90' lang='lat' dir='ltr'>in</span> <span class='ocrx_word' id='word_1_489' title='bbox 2111 1148 2283 1192; x_wconf 83' lang='lat' dir='ltr'>angustia,</span> 
     </span>
    </p>
   </div>
   <div class='ocr_carea' id='block_1_9' title="bbox 1295 1200 2283 1286">
    <p class='ocr_par' dir='ltr' id='par_1_9' title="bbox 1295 1200 2283 1286">
     <span class='ocr_line' id='line_1_74' title="bbox 1295 1200 2283 1243; baseline -0.003 -8"><span class='ocrx_word' id='word_1_490' title='bbox 1295 1203 1329 1235; x_wconf 91' lang='lat' dir='ltr'>id</span> <span class='ocrx_word' id='word_1_491' title='bbox 1349 1209 1418 1243; x_wconf 87' lang='lat' dir='ltr'>est,</span> <span class='ocrx_word' id='word_1_492' title='bbox 1443 1208 1483 1235; x_wconf 87' lang='lat' dir='ltr'>ut</span> <span class='ocrx_word' id='word_1_493' title='bbox 1508 1201 1615 1234; x_wconf 86' lang='lat' dir='ltr'>variis</span> <span class='ocrx_word' id='word_1_494' title='bbox 1641 1200 1910 1234; x_wconf 80' lang='lat' dir='ltr'>difficultatibus</span> <span class='ocrx_word' id='word_1_495' title='bbox 1928 1207 1959 1233; x_wconf 88' lang='lat' dir='ltr'>et</span> <span class='ocrx_word' id='word_1_496' title='bbox 1975 1200 2153 1233; x_wconf 85' lang='lat' dir='ltr'>aerumnis</span> <span class='ocrx_word' id='word_1_497' title='bbox 2169 1200 2283 1243; x_wconf 88' lang='lat' dir='ltr'>impe-</span> 
     </span>
     <span class='ocr_line' id='line_1_75' title="bbox 1295 1252 1651 1286; baseline -0.006 -1"><span class='ocrx_word' id='word_1_498' title='bbox 1295 1254 1430 1286; x_wconf 87' lang='lat' dir='ltr'>diretur</span> <span class='ocrx_word' id='word_1_499' title='bbox 1446 1252 1651 1284; x_wconf 78' lang='lat' dir='ltr'>aedificatio.</span> 
     </span>
    </p>
   </div>
   <div class='ocr_carea' id='block_1_10' title="bbox 1296 1307 2292 2361">
    <p class='ocr_par' dir='ltr' id='par_1_10' title="bbox 1296 1307 2292 2361">
     <span class='ocr_line' id='line_1_76' title="bbox 1396 1307 2282 1350; baseline -0.001 -7"><span class='ocrx_word' id='word_1_500' title='bbox 1396 1311 1491 1343; x_wconf 84' lang='lat' dir='ltr'>Haec</span> <span class='ocrx_word' id='word_1_501' title='bbox 1515 1307 1680 1343; x_wconf 84' lang='lat' dir='ltr'>historica</span> <span class='ocrx_word' id='word_1_502' title='bbox 1705 1310 1888 1350; x_wconf 85' lang='lat' dir='ltr'>recensui,</span> <span class='ocrx_word' id='word_1_503' title='bbox 1929 1322 2001 1342; x_wconf 91' lang='lat' dir='ltr'>non</span> <span class='ocrx_word' id='word_1_504' title='bbox 2027 1310 2140 1343; x_wconf 91' lang='lat' dir='ltr'>solum</span> <span class='ocrx_word' id='word_1_505' title='bbox 2165 1308 2282 1342; x_wconf 82' lang='lat' dir='ltr'>decla-</span> 
     </span>
     <span class='ocr_line' id='line_1_77' title="bbox 1296 1359 2284 1399; baseline -0.003 -4"><span class='ocrx_word' id='word_1_506' title='bbox 1296 1363 1400 1396; x_wconf 89' lang='lat' dir='ltr'>randi</span> <span class='ocrx_word' id='word_1_507' title='bbox 1417 1369 1528 1394; x_wconf 86' lang='lat' dir='ltr'>textus</span> <span class='ocrx_word' id='word_1_508' title='bbox 1545 1372 1664 1398; x_wconf 87' lang='lat' dir='ltr'>causa,</span> <span class='ocrx_word' id='word_1_509' title='bbox 1694 1361 1752 1393; x_wconf 90' lang='lat' dir='ltr'>sed</span> <span class='ocrx_word' id='word_1_510' title='bbox 1778 1361 1881 1393; x_wconf 90' lang='lat' dir='ltr'>etiam</span> <span class='ocrx_word' id='word_1_511' title='bbox 1897 1359 2115 1393; x_wconf 90' lang='lat' dir='ltr'>admonendi</span> <span class='ocrx_word' id='word_1_512' title='bbox 2133 1359 2284 1399; x_wconf 79' lang='lat' dir='ltr'>lectoris,</span> 
     </span>
     <span class='ocr_line' id='line_1_78' title="bbox 1298 1409 2283 1447; baseline -0.005 -1"><span class='ocrx_word' id='word_1_513' title='bbox 1298 1415 1340 1447; x_wconf 90' lang='lat' dir='ltr'>de</span> <span class='ocrx_word' id='word_1_514' title='bbox 1376 1412 1635 1445; x_wconf 84' lang='lat' dir='ltr'>calamitatibus</span> <span class='ocrx_word' id='word_1_515' title='bbox 1666 1409 1862 1443; x_wconf 84' lang='lat' dir='ltr'>Ecclesiae:</span> <span class='ocrx_word' id='word_1_516' title='bbox 1901 1410 1968 1443; x_wconf 85' lang='lat' dir='ltr'>Hie</span> <span class='ocrx_word' id='word_1_517' title='bbox 1997 1411 2091 1443; x_wconf 86' lang='lat' dir='ltr'>enim</span> <span class='ocrx_word' id='word_1_518' title='bbox 2122 1409 2283 1442; x_wconf 84' lang='lat' dir='ltr'>videmus</span> 
     </span>
     <span class='ocr_line' id='line_1_79' title="bbox 1299 1460 2285 1505; baseline -0.004 -8"><span class='ocrx_word' id='word_1_519' title='bbox 1299 1476 1373 1497; x_wconf 89' lang='lat' dir='ltr'>eam</span> <span class='ocrx_word' id='word_1_520' title='bbox 1391 1462 1542 1495; x_wconf 90' lang='lat' dir='ltr'>mirabili</span> <span class='ocrx_word' id='word_1_521' title='bbox 1562 1461 1709 1494; x_wconf 85' lang='lat' dir='ltr'>consilio</span> <span class='ocrx_word' id='word_1_522' title='bbox 1722 1461 1785 1494; x_wconf 86' lang='lat' dir='ltr'>Dei</span> <span class='ocrx_word' id='word_1_523' title='bbox 1803 1462 1838 1493; x_wconf 89' lang='lat' dir='ltr'>in</span> <span class='ocrx_word' id='word_1_524' title='bbox 1858 1461 2014 1505; x_wconf 89' lang='lat' dir='ltr'>imperiis</span> <span class='ocrx_word' id='word_1_525' title='bbox 2031 1460 2169 1494; x_wconf 88' lang='lat' dir='ltr'>duriter</span> <span class='ocrx_word' id='word_1_526' title='bbox 2180 1471 2285 1505; x_wconf 83' lang='lat' dir='ltr'>quas-</span> 
     </span>
     <span class='ocr_line' id='line_1_80' title="bbox 1299 1511 2285 1554; baseline -0.004 -7"><span class='ocrx_word' id='word_1_527' title='bbox 1299 1514 1378 1554; x_wconf 86' lang='lat' dir='ltr'>sari,</span> <span class='ocrx_word' id='word_1_528' title='bbox 1404 1520 1569 1546; x_wconf 88' lang='lat' dir='ltr'>ettamen</span> <span class='ocrx_word' id='word_1_529' title='bbox 1587 1511 1718 1545; x_wconf 88' lang='lat' dir='ltr'>servari</span> <span class='ocrx_word' id='word_1_530' title='bbox 1736 1512 1919 1552; x_wconf 81' lang='lat' dir='ltr'>divinitus,</span> <span class='ocrx_word' id='word_1_531' title='bbox 1943 1513 2002 1545; x_wconf 90' lang='lat' dir='ltr'>sed</span> <span class='ocrx_word' id='word_1_532' title='bbox 2020 1524 2093 1545; x_wconf 90' lang='lat' dir='ltr'>non</span> <span class='ocrx_word' id='word_1_533' title='bbox 2108 1523 2148 1544; x_wconf 91' lang='lat' dir='ltr'>eo</span> <span class='ocrx_word' id='word_1_534' title='bbox 2166 1511 2285 1550; x_wconf 87' lang='lat' dir='ltr'>modo,</span> 
     </span>
     <span class='ocr_line' id='line_1_81' title="bbox 1301 1560 2287 1609; baseline -0.003 -13"><span class='ocrx_word' id='word_1_535' title='bbox 1301 1577 1402 1609; x_wconf 88' lang='lat' dir='ltr'>quem</span> <span class='ocrx_word' id='word_1_536' title='bbox 1423 1563 1575 1605; x_wconf 84' lang='lat' dir='ltr'>cogitant</span> <span class='ocrx_word' id='word_1_537' title='bbox 1596 1570 1727 1595; x_wconf 82' lang='lat' dir='ltr'>mentes</span> <span class='ocrx_word' id='word_1_538' title='bbox 1745 1560 1930 1597; x_wconf 88' lang='lat' dir='ltr'>humanae.</span> <span class='ocrx_word' id='word_1_539' title='bbox 1986 1561 2032 1596; x_wconf 88' lang='lat' dir='ltr'>Et</span> <span class='ocrx_word' id='word_1_540' title='bbox 2057 1560 2143 1595; x_wconf 89' lang='lat' dir='ltr'>haec</span> <span class='ocrx_word' id='word_1_541' title='bbox 2163 1562 2287 1594; x_wconf 86' lang='lat' dir='ltr'>admo—</span> 
     </span>
     <span class='ocr_line' id='line_1_82' title="bbox 1303 1612 2287 1656; baseline -0.004 -8"><span class='ocrx_word' id='word_1_542' title='bbox 1303 1616 1390 1648; x_wconf 89' lang='lat' dir='ltr'>nitio</span> <span class='ocrx_word' id='word_1_543' title='bbox 1408 1614 1648 1656; x_wconf 86' lang='lat' dir='ltr'>gravissimam</span> <span class='ocrx_word' id='word_1_544' title='bbox 1668 1620 1700 1646; x_wconf 85' lang='lat' dir='ltr'>et</span> <span class='ocrx_word' id='word_1_545' title='bbox 1715 1613 1937 1646; x_wconf 86' lang='lat' dir='ltr'>utilissimam</span> <span class='ocrx_word' id='word_1_546' title='bbox 1956 1613 2153 1647; x_wconf 90' lang='lat' dir='ltr'>doctrinam</span> <span class='ocrx_word' id='word_1_547' title='bbox 2174 1612 2287 1645; x_wconf 87' lang='lat' dir='ltr'>conti-</span> 
     </span>
     <span class='ocr_line' id='line_1_83' title="bbox 1302 1663 2287 1707; baseline -0.003 -9"><span class='ocrx_word' id='word_1_548' title='bbox 1302 1672 1380 1706; x_wconf 85' lang='lat' dir='ltr'>net,</span> <span class='ocrx_word' id='word_1_549' title='bbox 1407 1664 1589 1707; x_wconf 64' lang='lat' dir='ltr'>videlicet,</span> <span class='ocrx_word' id='word_1_550' title='bbox 1622 1670 1661 1696; x_wconf 88' lang='lat' dir='ltr'>nt</span> <span class='ocrx_word' id='word_1_551' title='bbox 1685 1675 1750 1696; x_wconf 91' lang='lat' dir='ltr'>nos</span> <span class='ocrx_word' id='word_1_552' title='bbox 1774 1664 1810 1696; x_wconf 88' lang='lat' dir='ltr'>in</span> <span class='ocrx_word' id='word_1_553' title='bbox 1835 1663 1992 1697; x_wconf 89' lang='lat' dir='ltr'>Ecclesia</span> <span class='ocrx_word' id='word_1_554' title='bbox 2019 1671 2159 1697; x_wconf 88' lang='lat' dir='ltr'>nostrae</span> <span class='ocrx_word' id='word_1_555' title='bbox 2182 1673 2287 1695; x_wconf 88' lang='lat' dir='ltr'>voca-</span> 
     </span>
     <span class='ocr_line' id='line_1_84' title="bbox 1303 1715 2287 1757; baseline -0.004 -7"><span class='ocrx_word' id='word_1_556' title='bbox 1303 1716 1391 1750; x_wconf 82' lang='lat' dir='ltr'>tioni</span> <span class='ocrx_word' id='word_1_557' title='bbox 1418 1715 1568 1747; x_wconf 73' lang='lat' dir='ltr'>fideliter</span> <span class='ocrx_word' id='word_1_558' title='bbox 1593 1725 1792 1757; x_wconf 82' lang='lat' dir='ltr'>pareamus,</span> <span class='ocrx_word' id='word_1_559' title='bbox 1836 1726 1900 1746; x_wconf 89' lang='lat' dir='ltr'>nec</span> <span class='ocrx_word' id='word_1_560' title='bbox 1928 1715 2169 1746; x_wconf 84' lang='lat' dir='ltr'>deterreamur</span> <span class='ocrx_word' id='word_1_561' title='bbox 2191 1719 2287 1746; x_wconf 87' lang='lat' dir='ltr'>metu</span> 
     </span>
     <span class='ocr_line' id='line_1_85' title="bbox 1304 1764 2288 1809; baseline -0.002 -10"><span class='ocrx_word' id='word_1_562' title='bbox 1304 1765 1584 1809; x_wconf 77' lang='lat' dir='ltr'>impendentium</span> <span class='ocrx_word' id='word_1_563' title='bbox 1616 1764 1873 1806; x_wconf 79' lang='lat' dir='ltr'>periculorum,</span> <span class='ocrx_word' id='word_1_564' title='bbox 1917 1776 1980 1797; x_wconf 88' lang='lat' dir='ltr'>nec</span> <span class='ocrx_word' id='word_1_565' title='bbox 2008 1765 2223 1808; x_wconf 85' lang='lat' dir='ltr'>pendeamus</span> <span class='ocrx_word' id='word_1_566' title='bbox 2249 1776 2288 1797; x_wconf 85' lang='lat' dir='ltr'>ex</span> 
     </span>
     <span class='ocr_line' id='line_1_86' title="bbox 1304 1813 2289 1857; baseline -0.003 -8"><span class='ocrx_word' id='word_1_567' title='bbox 1304 1815 1467 1849; x_wconf 86' lang='lat' dir='ltr'>humanis</span> <span class='ocrx_word' id='word_1_568' title='bbox 1492 1814 1692 1857; x_wconf 88' lang='lat' dir='ltr'>praesidiis,</span> <span class='ocrx_word' id='word_1_569' title='bbox 1733 1816 1790 1847; x_wconf 90' lang='lat' dir='ltr'>sed</span> <span class='ocrx_word' id='word_1_570' title='bbox 1816 1826 1834 1847; x_wconf 90' lang='lat' dir='ltr'>a</span> <span class='ocrx_word' id='word_1_571' title='bbox 1851 1813 1927 1848; x_wconf 92' lang='lat' dir='ltr'>Deo</span> <span class='ocrx_word' id='word_1_572' title='bbox 1953 1815 2020 1847; x_wconf 88' lang='lat' dir='ltr'>fide</span> <span class='ocrx_word' id='word_1_573' title='bbox 2043 1821 2220 1857; x_wconf 88' lang='lat' dir='ltr'>petamus,</span> <span class='ocrx_word' id='word_1_574' title='bbox 2255 1821 2289 1847; x_wconf 89' lang='lat' dir='ltr'>et</span> 
     </span>
     <span class='ocr_line' id='line_1_87' title="bbox 1304 1865 2288 1910; baseline -0.002 -11"><span class='ocrx_word' id='word_1_575' title='bbox 1304 1873 1523 1910; x_wconf 87' lang='lat' dir='ltr'>expectemus</span> <span class='ocrx_word' id='word_1_576' title='bbox 1560 1865 1851 1908; x_wconf 86' lang='lat' dir='ltr'>gubernationem</span> <span class='ocrx_word' id='word_1_577' title='bbox 1884 1865 2061 1897; x_wconf 86' lang='lat' dir='ltr'>actionum</span> <span class='ocrx_word' id='word_1_578' title='bbox 2096 1870 2129 1897; x_wconf 86' lang='lat' dir='ltr'>et</span> <span class='ocrx_word' id='word_1_579' title='bbox 2164 1875 2288 1897; x_wconf 87' lang='lat' dir='ltr'>secun-</span> 
     </span>
     <span class='ocr_line' id='line_1_88' title="bbox 1304 1913 2289 1950; baseline -0.003 0"><span class='ocrx_word' id='word_1_580' title='bbox 1304 1918 1368 1950; x_wconf 90' lang='lat' dir='ltr'>dos</span> <span class='ocrx_word' id='word_1_581' title='bbox 1401 1924 1556 1950; x_wconf 78' lang='lat' dir='ltr'>eventus,</span> <span class='ocrx_word' id='word_1_582' title='bbox 1620 1914 1717 1948; x_wconf 87' lang='lat' dir='ltr'>Sicut</span> <span class='ocrx_word' id='word_1_583' title='bbox 1745 1914 1835 1948; x_wconf 83' lang='lat' dir='ltr'>Psal.</span> <span class='ocrx_word' id='word_1_584' title='bbox 1861 1915 1921 1949; x_wconf 80' lang='grc'>36.</span> <span class='ocrx_word' id='word_1_585' title='bbox 1952 1915 2015 1948; x_wconf 90' lang='lat' dir='ltr'>ait:</span> <span class='ocrx_word' id='word_1_586' title='bbox 2059 1913 2192 1948; x_wconf 83' lang='lat' dir='ltr'>Revela</span> <span class='ocrx_word' id='word_1_587' title='bbox 2224 1915 2289 1947; x_wconf 87' lang='lat' dir='ltr'>do-</span> 
     </span>
     <span class='ocr_line' id='line_1_89' title="bbox 1305 1964 2288 2009; baseline -0.003 -9"><span class='ocrx_word' id='word_1_588' title='bbox 1305 1968 1402 2000; x_wconf 89' lang='lat' dir='ltr'>mino</span> <span class='ocrx_word' id='word_1_589' title='bbox 1429 1966 1519 1998; x_wconf 88' lang='lat' dir='ltr'>viam</span> <span class='ocrx_word' id='word_1_590' title='bbox 1554 1972 1669 2003; x_wconf 84' lang='lat' dir='ltr'>tuam,</span> <span class='ocrx_word' id='word_1_591' title='bbox 1719 1972 1751 1998; x_wconf 91' lang='lat' dir='ltr'>et</span> <span class='ocrx_word' id='word_1_592' title='bbox 1783 1966 1856 2009; x_wconf 88' lang='lat' dir='ltr'>ipse</span> <span class='ocrx_word' id='word_1_593' title='bbox 1887 1966 2000 1999; x_wconf 87' lang='lat' dir='ltr'>saciet.</span> <span class='ocrx_word' id='word_1_594' title='bbox 2066 1964 2288 1999; x_wconf 86' lang='lat' dir='ltr'>Gubernatio</span> 
     </span>
     <span class='ocr_line' id='line_1_90' title="bbox 1306 2015 2288 2061; baseline -0.003 -10"><span class='ocrx_word' id='word_1_595' title='bbox 1306 2017 1508 2061; x_wconf 84' lang='lat' dir='ltr'>praesertim</span> <span class='ocrx_word' id='word_1_596' title='bbox 1542 2015 1720 2049; x_wconf 84' lang='lat' dir='ltr'>Ecclesiae</span> <span class='ocrx_word' id='word_1_597' title='bbox 1748 2016 1888 2059; x_wconf 88' lang='lat' dir='ltr'>proprie</span> <span class='ocrx_word' id='word_1_598' title='bbox 1916 2016 1983 2049; x_wconf 89' lang='lat' dir='ltr'>Dei</span> <span class='ocrx_word' id='word_1_599' title='bbox 2012 2023 2082 2054; x_wconf 85' lang='lat' dir='ltr'>est,</span> <span class='ocrx_word' id='word_1_600' title='bbox 2131 2023 2165 2049; x_wconf 86' lang='lat' dir='ltr'>et</span> <span class='ocrx_word' id='word_1_601' title='bbox 2196 2015 2288 2049; x_wconf 90' lang='lat' dir='ltr'>filius</span> 
     </span>
     <span class='ocr_line' id='line_1_91' title="bbox 1305 2064 2289 2110; baseline -0.005 -7"><span class='ocrx_word' id='word_1_602' title='bbox 1305 2068 1373 2103; x_wconf 89' lang='lat' dir='ltr'>Dei</span> <span class='ocrx_word' id='word_1_603' title='bbox 1390 2067 1616 2110; x_wconf 81' lang='lat' dir='ltr'>belligeratur</span> <span class='ocrx_word' id='word_1_604' title='bbox 1632 2078 1711 2099; x_wconf 87' lang='lat' dir='ltr'>cnm</span> <span class='ocrx_word' id='word_1_605' title='bbox 1732 2067 1895 2110; x_wconf 81' lang='lat' dir='ltr'>diabolo,</span> <span class='ocrx_word' id='word_1_606' title='bbox 1923 2079 1986 2100; x_wconf 85' lang='lat' dir='ltr'>nec</span> <span class='ocrx_word' id='word_1_607' title='bbox 2004 2073 2116 2110; x_wconf 86' lang='lat' dir='ltr'>potest</span> <span class='ocrx_word' id='word_1_608' title='bbox 2134 2064 2289 2099; x_wconf 87' lang='lat' dir='ltr'>liiirnana</span> 
     </span>
     <span class='ocr_line' id='line_1_92' title="bbox 1306 2117 2290 2164; baseline -0.003 -12"><span class='ocrx_word' id='word_1_609' title='bbox 1306 2119 1475 2163; x_wconf 90' lang='lat' dir='ltr'>sapientia</span> <span class='ocrx_word' id='word_1_610' title='bbox 1508 2117 1705 2161; x_wconf 89' lang='lat' dir='ltr'>prospicere</span> <span class='ocrx_word' id='word_1_611' title='bbox 1734 2118 1947 2150; x_wconf 82' lang='lat' dir='ltr'>mutationes</span> <span class='ocrx_word' id='word_1_612' title='bbox 1968 2129 2105 2155; x_wconf 85' lang='lat' dir='ltr'>rerum,</span> <span class='ocrx_word' id='word_1_613' title='bbox 2148 2117 2290 2164; x_wconf 82' lang='lat' dir='ltr'>politia-</span> 
     </span>
     <span class='ocr_line' id='line_1_93' title="bbox 1307 2166 2291 2213; baseline -0.003 -10"><span class='ocrx_word' id='word_1_614' title='bbox 1307 2183 1404 2210; x_wconf 89' lang='lat' dir='ltr'>runi,</span> <span class='ocrx_word' id='word_1_615' title='bbox 1431 2169 1651 2213; x_wconf 87' lang='lat' dir='ltr'>principum,</span> <span class='ocrx_word' id='word_1_616' title='bbox 1686 2175 1717 2200; x_wconf 88' lang='lat' dir='ltr'>ct</span> <span class='ocrx_word' id='word_1_617' title='bbox 1742 2169 1882 2201; x_wconf 87' lang='lat' dir='ltr'>munire</span> <span class='ocrx_word' id='word_1_618' title='bbox 1903 2167 2097 2201; x_wconf 85' lang='lat' dir='ltr'>Ecclesiam</span> <span class='ocrx_word' id='word_1_619' title='bbox 2127 2166 2291 2201; x_wconf 88' lang='lat' dir='ltr'>humanis</span> 
     </span>
     <span class='ocr_line' id='line_1_94' title="bbox 1309 2218 2290 2265; baseline -0.002 -12"><span class='ocrx_word' id='word_1_620' title='bbox 1309 2220 1502 2265; x_wconf 86' lang='lat' dir='ltr'>praesidiis.</span> <span class='ocrx_word' id='word_1_621' title='bbox 1562 2218 1644 2251; x_wconf 87' lang='lat' dir='ltr'>Ideo</span> <span class='ocrx_word' id='word_1_622' title='bbox 1677 2219 1761 2251; x_wconf 85' lang='lat' dir='ltr'>fides</span> <span class='ocrx_word' id='word_1_623' title='bbox 1786 2218 1898 2252; x_wconf 85' lang='lat' dir='ltr'>Deum</span> <span class='ocrx_word' id='word_1_624' title='bbox 1933 2219 2126 2259; x_wconf 89' lang='lat' dir='ltr'>intueatur,</span> <span class='ocrx_word' id='word_1_625' title='bbox 2162 2225 2196 2251; x_wconf 86' lang='lat' dir='ltr'>et</span> <span class='ocrx_word' id='word_1_626' title='bbox 2225 2231 2290 2251; x_wconf 90' lang='lat' dir='ltr'>nos</span> 
     </span>
     <span class='ocr_line' id='line_1_95' title="bbox 1309 2270 2292 2313; baseline -0.001 -9"><span class='ocrx_word' id='word_1_627' title='bbox 1309 2279 1467 2304; x_wconf 78' lang='lat' dir='ltr'>nostruin</span> <span class='ocrx_word' id='word_1_628' title='bbox 1485 2270 1638 2302; x_wconf 85' lang='lat' dir='ltr'>officium</span> <span class='ocrx_word' id='word_1_629' title='bbox 1663 2277 1754 2303; x_wconf 89' lang='lat' dir='ltr'>recte</span> <span class='ocrx_word' id='word_1_630' title='bbox 1777 2270 1962 2309; x_wconf 86' lang='lat' dir='ltr'>faciamus,</span> <span class='ocrx_word' id='word_1_631' title='bbox 1990 2270 2026 2302; x_wconf 89' lang='lat' dir='ltr'>id</span> <span class='ocrx_word' id='word_1_632' title='bbox 2050 2275 2120 2309; x_wconf 81' lang='lat' dir='ltr'>est,</span> <span class='ocrx_word' id='word_1_633' title='bbox 2146 2281 2234 2313; x_wconf 87' lang='lat' dir='ltr'>pure</span> <span class='ocrx_word' id='word_1_634' title='bbox 2257 2277 2292 2304; x_wconf 87' lang='lat' dir='ltr'>et</span> 
     </span>
     <span class='ocr_line' id='line_1_96' title="bbox 1309 2319 2292 2361; baseline 0 -7"><span class='ocrx_word' id='word_1_635' title='bbox 1309 2322 1458 2355; x_wconf 81' lang='lat' dir='ltr'>fideliter</span> <span class='ocrx_word' id='word_1_636' title='bbox 1495 2322 1700 2361; x_wconf 87' lang='lat' dir='ltr'>doceamus,</span> <span class='ocrx_word' id='word_1_637' title='bbox 1750 2321 1861 2354; x_wconf 84' lang='lat' dir='ltr'>exitus</span> <span class='ocrx_word' id='word_1_638' title='bbox 1891 2319 1965 2353; x_wconf 91' lang='lat' dir='ltr'>Deo</span> <span class='ocrx_word' id='word_1_639' title='bbox 1994 2322 2292 2361; x_wconf 81' lang='lat' dir='ltr'>commendemus,</span> 
     </span>
    </p>
   </div>
   <div class='ocr_carea' id='block_1_11' title="bbox 1281 2370 2291 2486">
    <p class='ocr_par' dir='ltr' id='par_1_11' title="bbox 1281 2370 2291 2486">
     <span class='ocr_line' id='line_1_97' title="bbox 1309 2370 2291 2416; baseline -0.003 -10"><span class='ocrx_word' id='word_1_640' title='bbox 1309 2374 1397 2406; x_wconf 85' lang='lat' dir='ltr'>sicut</span> <span class='ocrx_word' id='word_1_641' title='bbox 1417 2370 1579 2406; x_wconf 85' lang='lat' dir='ltr'>Christus</span> <span class='ocrx_word' id='word_1_642' title='bbox 1605 2372 1738 2416; x_wconf 87' lang='lat' dir='ltr'>inquit:</span> <span class='ocrx_word' id='word_1_643' title='bbox 1779 2370 1939 2404; x_wconf 86' lang='lat' dir='ltr'>Primum</span> <span class='ocrx_word' id='word_1_644' title='bbox 1964 2370 2120 2415; x_wconf 87' lang='lat' dir='ltr'>quaerite</span> <span class='ocrx_word' id='word_1_645' title='bbox 2144 2382 2291 2413; x_wconf 80' lang='lat' dir='ltr'>regnum</span> 
     </span>
     <span class='ocr_line' id='line_1_98' title="bbox 1281 2424 1483 2486; baseline 0 -29"><span class='ocrx_word' id='word_1_646' title='bbox 1281 2424 1284 2486; x_wconf 50' lang='grc' dir='ltr'>ι</span> <span class='ocrx_word' id='word_1_647' title='bbox 1310 2424 1393 2464; x_wconf 87' lang='lat' dir='ltr'>Dei,</span> <span class='ocrx_word' id='word_1_648' title='bbox 1420 2430 1483 2457; x_wconf 89' lang='lat' dir='ltr'>etc.</span> 
     </span>
    </p>
   </div>
   <div class='ocr_carea' id='block_1_12' title="bbox 1254 256 1272 1394">
    <p class='ocr_par' dir='ltr' id='par_1_12' title="bbox 1254 256 1272 1394">
     <span class='ocr_line' id='line_1_99' title="bbox 1254 256 1272 1394; baseline 0 0"><span class='ocrx_word' id='word_1_649' title='bbox 1254 256 1272 1394; x_wconf 95' lang='lat' dir='ltr'> </span> 
     </span>
    </p>
   </div>
   <div class='ocr_carea' id='block_1_13' title="bbox 1383 2493 2232 2546">
    <p class='ocr_par' dir='ltr' id='par_1_13' title="bbox 1383 2493 2232 2546">
     <span class='ocr_line' id='line_1_100' title="bbox 1383 2493 2232 2546; baseline -0.001 -13"><span class='ocrx_word' id='word_1_650' title='bbox 1383 2498 1466 2546; x_wconf 78' lang='lat' dir='ltr'>Ipse</span> <span class='ocrx_word' id='word_1_651' title='bbox 1493 2497 1586 2532; x_wconf 78' lang='lat' dir='ltr'>enim</span> <span class='ocrx_word' id='word_1_652' title='bbox 1613 2495 1748 2531; x_wconf 74' lang='lat' dir='ltr'>sciebat</span> <span class='ocrx_word' id='word_1_653' title='bbox 1776 2494 1870 2545; x_wconf 79' lang='lat' dir='ltr'>quid</span> <span class='ocrx_word' id='word_1_654' title='bbox 1893 2501 1980 2530; x_wconf 75' lang='lat' dir='ltr'>esset</span> <span class='ocrx_word' id='word_1_655' title='bbox 2008 2495 2046 2529; x_wconf 86' lang='lat' dir='ltr'>in</span> <span class='ocrx_word' id='word_1_656' title='bbox 2074 2493 2232 2532; x_wconf 81' lang='lat' dir='ltr'>homine.</span> 
     </span>
    </p>
   </div>
   <div class='ocr_carea' id='block_1_14' title="bbox 1282 2561 2294 2715">
    <p class='ocr_par' dir='ltr' id='par_1_14' title="bbox 1282 2561 2294 2715">
     <span class='ocr_line' id='line_1_101' title="bbox 1282 2561 2292 2617; baseline 0 -17"><span class='ocrx_word' id='word_1_657' title='bbox 1282 2561 1284 2617; x_wconf 50' lang='lat' dir='ltr'>l</span> <span class='ocrx_word' id='word_1_658' title='bbox 1415 2568 1454 2600; x_wconf 94' lang='lat' dir='ltr'>ln</span> <span class='ocrx_word' id='word_1_659' title='bbox 1478 2568 1545 2601; x_wconf 90' lang='lat' dir='ltr'>fine</span> <span class='ocrx_word' id='word_1_660' title='bbox 1570 2564 1676 2600; x_wconf 87' lang='lat' dir='ltr'>liuius</span> <span class='ocrx_word' id='word_1_661' title='bbox 1701 2566 1824 2609; x_wconf 86' lang='lat' dir='ltr'>capitis</span> <span class='ocrx_word' id='word_1_662' title='bbox 1855 2565 2065 2610; x_wconf 89' lang='lat' dir='ltr'>proponitur</span> <span class='ocrx_word' id='word_1_663' title='bbox 2096 2566 2292 2601; x_wconf 88' lang='lat' dir='ltr'>admonitio</span> 
     </span>
     <span class='ocr_line' id='line_1_102' title="bbox 1282 2615 2294 2669; baseline -0.007 -17"><span class='ocrx_word' id='word_1_664' title='bbox 1282 2619 1284 2669; x_wconf 61' lang='grc' dir='ltr'>ξ</span> <span class='ocrx_word' id='word_1_665' title='bbox 1311 2621 1353 2652; x_wconf 88' lang='lat' dir='ltr'>(le</span> <span class='ocrx_word' id='word_1_666' title='bbox 1372 2618 1607 2652; x_wconf 82' lang='lat' dir='ltr'>inconstantia</span> <span class='ocrx_word' id='word_1_667' title='bbox 1623 2615 1860 2651; x_wconf 84' lang='lat' dir='ltr'>humanarum</span> <span class='ocrx_word' id='word_1_668' title='bbox 1878 2617 2116 2654; x_wconf 82' lang='lat' dir='ltr'>voluntatum,</span> <span class='ocrx_word' id='word_1_669' title='bbox 2138 2629 2197 2652; x_wconf 89' lang='lat' dir='ltr'>seu</span> <span class='ocrx_word' id='word_1_670' title='bbox 2215 2629 2294 2661; x_wconf 83' lang='lat' dir='ltr'>per.</span> 
     </span>
     <span class='ocr_line' id='line_1_103' title="bbox 1282 2667 2294 2715; baseline -0.002 -12"><span class='ocrx_word' id='word_1_671' title='bbox 1282 2682 1285 2715; x_wconf 63' lang='grc'>’,</span> <span class='ocrx_word' id='word_1_672' title='bbox 1311 2670 1391 2704; x_wconf 80' lang='lat' dir='ltr'>fidia</span> <span class='ocrx_word' id='word_1_673' title='bbox 1408 2667 1574 2704; x_wconf 86' lang='lat' dir='ltr'>humana.</span> <span class='ocrx_word' id='word_1_674' title='bbox 1629 2667 1726 2702; x_wconf 81' lang='lat' dir='ltr'>lesus</span> <span class='ocrx_word' id='word_1_675' title='bbox 1749 2679 1824 2700; x_wconf 88' lang='lat' dir='ltr'>non</span> <span class='ocrx_word' id='word_1_676' title='bbox 1851 2667 2011 2700; x_wconf 84' lang='lat' dir='ltr'>credebat</span> <span class='ocrx_word' id='word_1_677' title='bbox 2036 2679 2071 2701; x_wconf 88' lang='lat' dir='ltr'>se</span> <span class='ocrx_word' id='word_1_678' title='bbox 2088 2667 2148 2701; x_wconf 87' lang='lat' dir='ltr'>eis.</span> <span class='ocrx_word' id='word_1_679' title='bbox 2199 2668 2294 2702; x_wconf 87' lang='lat' dir='ltr'>Scie-</span> 
     </span>
    </p>
   </div>
  </div>
 </body>
</html>
