2415 2942
228 100 301 136 507
829 90 955 126 PlnL.
985 89 1100 124 MEL.
1125 89 1332 125 SCRIPTA
1361 88 1658 125 EXEGETICA.
2180 91 2254 128 508

228 192 401 232 praestare
437 181 621 225 perfectam
656 176 921 219 obedientiam,
966 176 1021 208 lex
1058 175 1215 209 ostendit

251 249 322 270 ram
341 234 405 268 Dei
429 233 595 265 adversus
617 236 813 272 peccatum,
855 234 992 260 accusat
1014 233 1048 259 et
1072 228 1217 260 damnat

236 296 357 318 nunties
374 281 534 315 homines
554 287 685 323 praeter
702 275 882 312 Christum
894 303 903 318 ,
932 277 1011 322 qui,
1046 285 1085 311 ut
1102 277 1218 322 inquit

233 337 382 373 Paulus,
411 332 576 367 liberavit
598 342 662 363 nos
685 341 703 362 a
728 329 973 361 maledictione
989 328 1088 371 legis.
1159 328 1218 361 Li..

238 385 370 419 beravit
390 391 504 417 autem
529 393 601 414 non
627 388 761 414 tautum
790 379 935 413 ludaeos
961 387 1019 412 aut
1047 386 1218 419 caeteros,

231 437 290 482 qui
311 442 387 480 post
405 435 534 468 editam
553 432 606 465 vel
625 431 791 465 abolitam
810 431 918 473 legem
940 428 1132 463 Mosaicam
1150 430 1218 462 sal-

234 488 304 520 vati
329 492 431 524 sunt,
466 486 523 518 sed
551 484 653 516 etiam
684 488 796 525 patres
817 488 897 514 ante
922 480 1059 516 Mosen.
1126 479 1219 523 Ergo

232 539 284 570 illi
311 539 414 570 etiam
437 537 577 569 suerunt
601 535 665 566 sub
691 533 781 575 lege,
817 530 882 565 hoc
908 539 978 572 est,
1013 537 1094 565 sunt
1119 543 1219 564 accu-

233 589 296 622 sati
315 595 345 621 et
363 585 598 632 perterrefacti
626 584 756 617 indicio
779 583 863 626 legis
886 582 1071 616 naturalis:
1108 589 1140 615 et
1161 593 1221 625 pe-

235 640 398 679 riissent,
426 638 494 670 nisi
521 637 713 669 tenuissent
737 634 985 678 promissiones
1007 634 1049 666 de
1066 631 1220 670 Christo,

233 697 378 734 propter
403 700 504 734 quem
530 687 686 720 sciebant
711 685 916 728 promissam
942 695 1013 716 esse
1039 683 1220 715 liberatio-

234 753 315 774 nem
345 752 363 773 a
387 745 525 784 peccato
547 744 581 770 et
608 749 625 769 a
655 743 776 769 morte.
830 734 962 768 Rident
982 733 1138 766 fortassis
1156 730 1221 766 lio-

236 792 349 823 mines
375 789 509 834 politici
531 786 633 826 baec,
658 798 735 818 cum
755 785 904 817 dicimus
927 785 1036 827 legem
1063 783 1219 816 divinam

234 843 390 881 flagitare
424 840 609 883 perfectam
643 835 900 873 obedientiam,
942 834 1118 866 neminem
1154 834 1220 875 legi

234 893 377 925 divinae
394 890 589 923 satisfacere
607 898 723 931 posse,
747 886 828 930 quia
855 886 891 917 in
916 892 1039 918 natura
1066 882 1221 917 hominis

236 942 408 985 ignoratio
429 947 461 973 et
479 945 674 971 contemtus
692 936 756 970 Dei
774 934 930 974 haerent,
953 936 1119 968 videntur
1138 933 1221 968 haec

236 995 352 1036 inepta
370 987 600 1033 Philosopliis
619 996 651 1021 et
676 985 832 1020 humano
849 999 946 1019 more
963 986 1219 1019 iudicantibus:

236 1045 295 1077 sed
322 1041 387 1076 lioc
411 1043 524 1085 ipsum
548 1046 656 1082 agunt
672 1036 868 1082 Prophetae
892 1044 923 1070 et
955 1035 1133 1080 Apostoli,
1159 1049 1221 1069 vo-

235 1096 315 1127 lunt
349 1091 509 1126 homines
539 1101 725 1134 agnoscere
762 1088 1046 1131 magnitudinem
1081 1087 1221 1131 peccati,

236 1146 331 1190 quod
365 1155 437 1176 non
466 1153 546 1175 vere
583 1147 777 1184 agnoscunt
812 1146 845 1172 et
878 1139 1075 1182 glorificant
1096 1138 1222 1177 Deum,

235 1200 363 1230 docent
393 1191 460 1226 lioc
491 1199 670 1236 peccatum
713 1202 786 1224 esse
819 1202 955 1223 causam
991 1190 1220 1222 maximarum

235 1256 484 1280 aerumnarum
501 1250 533 1276 et
554 1242 805 1281 calamitatum,
833 1241 961 1286 quibus
977 1237 1060 1273 haec
1081 1241 1219 1272 infirma

236 1304 361 1330 natura
381 1306 546 1338 oppressa
562 1301 630 1333 cst,
659 1299 689 1325 et
709 1304 874 1337 quaerere
892 1303 1008 1324 veram
1035 1291 1221 1328 iusticiam,

238 1355 272 1381 et
295 1347 539 1379 liberationem
567 1356 585 1377 a
610 1350 750 1387 peccato
776 1354 812 1374 ac
839 1354 856 1374 a
880 1348 1012 1378 morte,
1041 1353 1100 1384 per
1115 1338 1220 1374 Chri-

237 1406 327 1432 stum
346 1398 521 1429 donatam.
575 1394 717 1427 Caetera
736 1393 778 1425 de
799 1393 888 1435 lege,
922 1392 1068 1424 studiosi
1089 1391 1149 1435 qui
1167 1390 1222 1423 di-

236 1448 356 1482 scendi
379 1457 480 1480 causa
507 1444 591 1478 hacc
617 1444 739 1477 lecturi
764 1450 863 1482 sunt,
895 1450 1035 1475 sumant
1063 1454 1102 1474 ex
1118 1441 1222 1474 Locis

238 1498 516 1534 Communibus‚
551 1506 638 1540 quos
662 1494 766 1527 edidi.
825 1491 1055 1535 Evangelium
1082 1491 1222 1535 praedi-

239 1556 293 1583 cat
313 1547 563 1592 poenitentiam
580 1553 612 1578 et
631 1543 897 1588 promissionem
915 1543 1044 1585 gratiae
1070 1555 1108 1575 ac
1132 1543 1222 1575 vitae

239 1607 410 1634 aeternae.
462 1596 659 1639 Diligenter
676 1601 791 1628 autem
809 1606 826 1626 a
846 1594 917 1636 lege
941 1593 1093 1626 discerni
1120 1593 1222 1625 (lebet

240 1649 440 1695 promissio.
508 1646 552 1681 Et
577 1658 776 1692 quanquam
809 1645 862 1677 lex
887 1643 989 1678 habet
1016 1655 1093 1676 suas
1119 1655 1222 1688 qnas-

242 1704 323 1735 dam
339 1699 607 1744 promissiones,
635 1704 751 1730 tamen
770 1702 801 1729 et
820 1696 900 1728 illae
918 1695 1086 1728 differunt
1104 1706 1121 1726 a
1141 1706 1221 1738 pro-

242 1752 427 1791 missione,
455 1761 543 1795 quae
567 1755 617 1782 est
641 1747 784 1791 propria
809 1744 1004 1789 Evangelii.
1071 1743 1116 1778 Et
1142 1757 1224 1788 pro-

242 1802 427 1836 missiones
452 1800 536 1843 legis
562 1799 749 1843 requirunt
780 1797 1019 1831 conditionem
1054 1796 1224 1837 perfectae

242 1852 476 1891 obedientiae,
500 1857 537 1884 ut
555 1850 590 1882 in
610 1850 721 1893 primo
740 1855 920 1893 praecepto
938 1847 1082 1880 dicitur:
1111 1845 1224 1879 Bene·

243 1904 369 1937 faciam
394 1902 621 1944 diligentibus
643 1912 707 1933 me.
760 1899 829 1933 Sed
857 1898 1053 1941 evangelica
1073 1898 1225 1941 promis-

246 1955 297 1988 sio
319 1955 362 1986 de
385 1952 589 1986 remissione
613 1958 833 1995 peccatorum
849 1977 858 1990 ‚
892 1949 1156 1988 iustificatione,
1192 1954 1225 1981 et

245 2005 436 2039 donatione
467 2003 557 2035 vitae
588 2010 768 2044 aeternae,
811 2007 860 2033 est
890 2000 1038 2042 gratuita
1058 2026 1066 2039 ‚
1108 1999 1224 2031 oblata

247 2062 390 2101 propter
422 2051 622 2092 Christum,
663 2052 737 2084 sine
775 2051 978 2084 conditione
1019 2049 1225 2082 meritorum

248 2113 451 2139 nostrorum
470 2116 530 2137 seu
547 2103 727 2145 dignitatis
743 2109 892 2135 nostrae.
944 2100 1050 2133 Nulla
1069 2112 1133 2132 vox
1160 2097 1226 2131 hu-

248 2168 353 2190 mana
377 2155 495 2200 eloqui
521 2161 631 2198 potest
660 2152 938 2195 magnitudinem
968 2149 1072 2183 huius
1097 2150 1227 2182 benefi-

249 2208 313 2248 cii,
347 2207 440 2252 quod
466 2205 561 2238 Dens
590 2216 651 2248 per
674 2204 784 2236 filium
809 2214 911 2235 suum
936 2201 1129 2235 Dominum
1161 2213 1227 2233 no-

249 2266 359 2291 strum
379 2257 491 2290 lesum
509 2254 688 2290 Christum
712 2254 814 2287 nobis
838 2252 1009 2295 impertit,
1035 2251 1166 2284 scilicet
1189 2257 1228 2285 ut

250 2309 362 2341 deleto
388 2314 546 2351 peccato,
583 2313 617 2339 et
645 2305 775 2339 abolita
798 2310 926 2342 morte,
964 2303 1122 2335 fruamur
1145 2313 1226 2335 cou-

252 2365 370 2401 spectu
395 2357 461 2391 Dei
493 2359 529 2390 in
560 2364 700 2390 aeterna
733 2356 822 2394 vita,
856 2353 990 2388 iusticia
1026 2360 1059 2386 et
1085 2353 1226 2387 laetitia.

249 2407 366 2442 Huius
383 2408 539 2441 beneficii
562 2406 745 2450 promissio
762 2412 899 2439 tantum
917 2404 1065 2437 revelata
1094 2410 1142 2436 est
1170 2403 1226 2436 di—

249 2459 402 2499 vinitus,
445 2459 534 2492 sicut
558 2458 705 2491 loannes
732 2456 864 2502 inquit:
900 2454 1011 2488 Filius
1035 2454 1094 2499 qui
1118 2460 1166 2487 est
1190 2454 1226 2486 in

250 2510 330 2543 sinu
346 2509 474 2553 patris,
500 2509 573 2551 ipse
590 2509 764 2541 enarravit
780 2507 892 2540 nobis.
945 2503 1022 2539 Etsi
1043 2505 1137 2538 enim
1162 2504 1226 2536 ali-

249 2573 316 2605 qua
334 2560 418 2603 legis
435 2559 563 2592 noticia
580 2559 760 2591 nobiscum
781 2557 951 2598 nascitur,
975 2563 1090 2590 tamen
1106 2553 1225 2588 Evan-

247 2612 327 2653 gelii
344 2609 470 2644 noticia
489 2620 707 2654 nequaquam
723 2609 906 2641 nobiscum
925 2607 1090 2642 nascitur.
1118 2604 1224 2640 Ratio

247 2659 400 2696 humana
426 2673 487 2705 per
509 2671 579 2693 sese
604 2670 826 2704 nequaquam
851 2659 946 2692 videt
974 2655 1063 2692 hanc
1081 2656 1145 2692 Dei
1164 2668 1225 2689 vo-

1271 177 1440 210 luntatem
1456 203 1465 216 ,
1499 175 1661 210 videlicet
1677 176 1790 211 Deum
1814 177 2000 212 missurum
2025 189 2096 212 esse
2122 177 2254 211 Filium

1272 239 1394 267 suum,
1422 234 1461 261 ut
1486 227 1544 259 fiat
1568 227 1708 260 victima
1734 239 1797 271 pro
1818 225 1989 273 Ecclesia,
2025 228 2139 262 Deum
2165 229 2255 262 velle

1272 278 1378 321 gratis
1403 278 1580 311 remittere
1606 284 1753 321 peccata.
1806 276 1900 311 Haec
1926 279 2029 322 longe
2051 287 2146 313 extra
2169 291 2256 312 con-

1271 336 1427 373 spectum
1447 326 1621 361 humanae
1641 328 1787 362 rationis
1811 329 1921 372 posita
1945 337 2037 365 sunt.
2090 329 2174 363 Ideo
2199 330 2255 363 di·

1272 381 1420 423 ligenter
1452 379 1602 412 discerni
1634 379 1764 412 debent
1795 380 1886 412 dicta
1920 379 2035 422 legum
2063 392 2080 413 a
2105 381 2255 424 promis-

1273 432 1371 463 sione
1398 430 1608 473 evangelica.
1659 427 1764 472 Apud
1782 427 2026 475 Pliocylidem,
2051 429 2256 472 Hesiodum,

1272 489 1305 514 et
1320 481 1450 514 similes
1465 481 1629 523 leguntur
1647 481 1765 526 aliqua
1783 480 1897 523 legum
1914 481 2016 513 dicta.
2065 480 2133 514 Sed
2150 493 2255 514 evan-

1275 531 1381 574 gelica
1408 531 1593 575 promissio
1618 533 1660 564 (le
1683 531 1835 574 gratuita
1868 532 2091 572 remissione,
2132 531 2187 564 vel
2212 532 2256 565 de

1273 583 1345 615 filio
1373 581 1459 623 Dei,
1493 594 1665 626 nusquam
1690 582 1816 625 legitur
1839 582 1875 614 in
1904 579 1977 622 his,
2022 582 2084 627 qui
2112 582 2258 616 rationis

1274 633 1444 665 iudicium
1473 644 1532 665 seu
1551 633 1668 666 lumen
1688 639 1833 666 naturae
1857 630 2031 666 humanae
2049 639 2183 667 tantum
2202 644 2257 666 se-

1274 684 1485 728 quebantur,
1539 683 1614 717 lmo
1638 696 1715 716 cum
1736 684 1906 728 quaedam
1930 683 2059 717 noticia
2084 683 2168 726 legis
2190 695 2257 716 no-

1273 735 1409 767 biscum
1430 741 1612 773 nascatur,
1641 746 1739 768 mens
1757 735 1829 778 ipsa
1854 734 1889 766 in
1906 734 2007 767 nobis
2025 741 2161 768 accusat
2177 745 2257 778 pec-

1274 792 1367 822 cata,
1396 796 1459 816 nec
1480 785 1575 818 aliud
1594 786 1740 827 cogitat,
1770 785 1836 817 nisi
1853 783 1965 818 Deum
1993 785 2118 828 punire
2139 791 2173 819 et
2194 785 2256 818 ab·

1275 835 1378 867 iicere
1406 835 1571 868 iniustos:
1614 833 1681 869 hoc
1705 843 1755 870 est
1780 837 1872 869 enim
1891 836 1975 878 legis
1998 835 2190 878 iudicium,
2217 847 2256 869 ac

1274 886 1366 918 iuxta
1384 886 1492 927 legem
1512 898 1633 919 verum
1651 893 1713 922 est.
1766 886 1833 920 Sed
1852 886 1985 929 ingenti
2010 886 2201 920 certamine
2218 886 2256 919 in

1276 936 1490 980 poenitentia
1514 937 1591 969 voci
1612 937 1716 979 legis,
1744 943 1777 970 et
1802 937 1951 970 naturali
1978 937 2109 970 iudicio
2133 944 2255 970 nostro

1274 986 1404 1030 opponi
1440 987 1543 1020 debet
1577 987 1761 1030 promissio
1796 988 1943 1030 gratuita
1985 987 2258 1027 misericordiae,

1274 1037 1499 1070 anteferenda
1517 1037 1601 1079 legi,
1627 1037 1708 1081 quia
1724 1035 1886 1071 Christus
1904 1038 2029 1072 liberat
2045 1050 2063 1071 a
2079 1039 2164 1080 lege.
2210 1035 2258 1071 Ut

1274 1100 1352 1120 cum
1385 1084 1500 1120 Adam
1531 1087 1649 1131 lapsus
1679 1095 1784 1127 esset,
1824 1095 1856 1121 et
1885 1095 2123 1127 accusaretur,
2165 1085 2258 1121 nihil

1275 1138 1371 1171 aliud
1399 1137 1555 1170 iudicare
1585 1138 1715 1182 potuit,
1751 1138 1819 1171 nisi
1846 1139 1940 1182 quod
1966 1139 2019 1171 lex
2042 1139 2258 1177 ostendebat,

1274 1201 1309 1222 se
1332 1188 1526 1232 periturum
1550 1200 1642 1230 esse,
1677 1189 1758 1234 quia
1783 1201 1854 1221 non
1880 1189 2152 1232 obtemperasset
2171 1189 2258 1226 Deo.

1274 1239 1342 1273 Sed
1373 1239 1491 1283 prodit
1520 1239 1645 1280 Deus,
1687 1247 1719 1273 et
1742 1251 1943 1285 quanquam
1976 1239 2117 1274 subiicit
2148 1250 2258 1283 genus

1274 1288 1468 1324 humanum
1512 1290 1618 1324 morti
1659 1290 1815 1335 corporis
1858 1296 1892 1323 et
1937 1290 2080 1324 caeteris
2119 1301 2259 1323 aerum-

1274 1341 1353 1379 nis,
1394 1347 1510 1372 tamen
1537 1341 1703 1384 proponit
1732 1340 2032 1382 consolationem,
2070 1341 2260 1389 pollicetur

1275 1390 1518 1423 liberationem
1555 1403 1572 1423 a
1599 1398 1738 1434 peccato
1771 1398 1804 1425 et
1830 1398 1963 1430 morte,
2001 1404 2039 1425 ac
2065 1392 2257 1425 restitutio-

1275 1453 1354 1473 nem
1385 1441 1522 1484 generis
1555 1438 1714 1477 humani,
1783 1441 1843 1475 Ait
1874 1442 1964 1474 enim
1994 1442 2088 1481 fore,
2133 1447 2173 1475 ut
2205 1453 2256 1475 se-

1274 1503 1354 1524 men
1377 1492 1534 1524 mulieris
1552 1498 1708 1525 conterat
1728 1499 1829 1535 caput
1848 1492 2030 1535 serpentis.
2082 1492 2156 1526 Hac
2173 1504 2257 1526 voce

1275 1542 1392 1582 dicta,
1436 1541 1529 1575 filius
1561 1540 1627 1575 Dei
1660 1543 1770 1576 movit
1800 1555 1860 1576 cor
1892 1540 2018 1583 Adae,
2057 1550 2091 1576 et
2130 1555 2257 1576 novam

1275 1593 1326 1625 illi
1360 1592 1470 1624 lucem
1496 1603 1535 1625 ac
1560 1592 1668 1626 vitam
1697 1593 1838 1628 indidit.
1906 1594 2013 1626 Tunc
2043 1593 2137 1626 enim
2167 1593 2260 1628 filius

1275 1643 1342 1677 Dei
1377 1643 1585 1676 constitutus
1616 1650 1666 1677 est
1701 1650 1841 1687 custos,
1877 1644 2090 1686 gubernator
2125 1650 2157 1678 et
2186 1655 2259 1677 ser-

1277 1700 1376 1726 vator
1417 1691 1593 1727 Ecclesiae
1609 1718 1619 1733 ,
1662 1701 1746 1727 tunc
1785 1694 1983 1737 belligerari
2023 1695 2137 1737 coepit
2178 1707 2256 1728 cum

1277 1744 1428 1777 diabolo.
1488 1744 1532 1777 Et
1560 1752 1598 1778 ut
1627 1745 1790 1779 diabolus
1812 1745 1956 1778 immani
1988 1746 2130 1780 saevitia
2164 1757 2258 1789 gras-

1277 1802 1373 1828 satur
1405 1796 1442 1827 in
1476 1806 1583 1838 genus
1610 1793 1823 1837 humanum,
1863 1797 1978 1839 perdit
2001 1796 2189 1839 plurimos,
2225 1806 2257 1832 et

1277 1845 1360 1878 odio
1378 1844 1442 1878 Dei
1470 1847 1654 1890 praecipue
1680 1855 1827 1880 conatur
1852 1847 1968 1879 delere
1990 1845 2199 1888 Ecclesiam,
2225 1856 2257 1882 et

1278 1897 1439 1929 calcaneo
1479 1904 1599 1930 nostro
1640 1904 1829 1930 venenatos
1870 1898 1989 1930 dentes
2030 1897 2170 1941 infigit,
2218 1905 2257 1933 ut

1278 1959 1378 1990 saepe
1401 1947 1618 1991 experimur,
1646 1947 1692 1980 ita
1718 1959 1837 1980 rursus
1862 1948 1953 1980 silius
1975 1945 2041 1980 Dei
2066 1948 2183 1981 efficax
2207 1956 2257 1982 est

1279 1997 1316 2031 in
1335 1997 1577 2038 credentibus,
1605 2004 1637 2030 et
1663 1998 1823 2042 reprimit
1847 1998 1979 2030 diaboli
2001 1998 2174 2037 furorem,
2202 2011 2257 2032 re-

1280 2047 1391 2081 stituit
1409 2054 1440 2081 et
1459 2048 1583 2081 liberat
1601 2047 1760 2083 sanctos.
1812 2047 1892 2082 Non
1910 2049 2005 2081 videt
2023 2049 2173 2082 mundus
2192 2047 2256 2084 boe

1280 2104 1473 2139 certamen,
1507 2100 1565 2132 sed
1589 2099 1823 2142 plurimorum
1847 2097 2015 2132 horrendi
2044 2100 2183 2142 lapsus,
2223 2108 2257 2134 et

1280 2149 1500 2182 tristissimae
1515 2161 1553 2182 ac
1567 2150 1717 2192 tragicae
1733 2150 1963 2191 calamitates,
1990 2157 2022 2183 et
2038 2151 2164 2183 deinde
2181 2151 2256 2193 glo-

1280 2200 1390 2232 riosae
1408 2199 1634 2234 liberationes
1646 2227 1654 2241 ,
1680 2208 1718 2235 ut
1734 2200 1880 2234 Davidis
1896 2207 1928 2234 et
1944 2201 2110 2240 aliorum,
2138 2208 2253 2234 osten-

1279 2251 1368 2284 dunt
1390 2251 1493 2296 quale
1517 2251 1561 2284 sit
1587 2249 1653 2284 hoc
1679 2259 1865 2286 certamen.
1917 2250 1988 2284 Nec
2010 2251 2105 2284 aliud
2123 2252 2256 2294 signifi-

1279 2308 1358 2334 cant
1375 2302 1478 2335 verba
1496 2302 1533 2335 in
1553 2300 1700 2335 Genesi:
1731 2301 1857 2336 Semen
1879 2307 2035 2335 conteret
2057 2309 2160 2345 caput
2182 2314 2255 2336 ser-

1280 2352 1412 2395 pentis,
1430 2365 1534 2397 quam
1552 2350 1618 2386 hoc
1634 2352 1746 2396 ipsum
1766 2353 1859 2397 quod
1876 2350 2024 2385 Ioannes
2039 2351 2172 2398 inquit:
2199 2353 2256 2389 Ad

1280 2401 1346 2436 hoc
1362 2400 1536 2437 exhibitus
1551 2410 1602 2437 est
1619 2403 1710 2436 filius
1725 2401 1809 2443 Dei,
1834 2409 1873 2436 ut
1891 2403 2044 2436 destruat
2059 2415 2163 2447 opera
2179 2405 2255 2438 dia-

1279 2454 1364 2488 boli.
1439 2453 1497 2487 Sic
1528 2453 1698 2487 intellexit
1728 2453 1841 2486 Adam
1874 2453 2163 2496 promissionem,
2204 2456 2254 2490 sic

1279 2504 1442 2547 deinceps
1467 2515 1588 2537 omnes
1613 2503 1732 2537 Patres
1755 2504 1981 2538 crediderunt
2014 2511 2156 2549 propter
2187 2503 2254 2540 hoc

1278 2555 1488 2598 promissum
1505 2567 1620 2588 semen
1639 2554 1706 2587 sibi
1724 2554 1853 2588 remitti
1869 2561 2024 2598 peccata,
2050 2566 2085 2588 se
2101 2556 2254 2590 liberan-

1278 2606 1340 2638 dos
1360 2617 1432 2638 esse
1451 2618 1468 2638 a
1489 2599 1626 2649 peccato
1640 2632 1648 2644 ,
1675 2611 1707 2638 et
1723 2616 1742 2637 a
1758 2612 1871 2638 morte
1888 2611 2039 2639 aeterna.
2092 2605 2167 2639 Hac
2187 2607 2254 2641 fide

1278 2663 1375 2690 erant
1399 2656 1500 2697 iusti,
1527 2667 1598 2689 non
1618 2655 1700 2698 legis
1728 2655 1949 2699 impletione:
1978 2654 2042 2690 hac
2059 2657 2126 2690 fide
2143 2657 2254 2701 erige-
