2415 2942
0 176 28 226 Ἂν

0 224 26 252 t.

51 80 127 117 465

154 165 279 199 Postea
311 164 408 197 venit
434 164 506 207 lex,
550 170 634 197 tunc
659 163 753 196 enim
784 169 834 196 est
867 175 947 196 vere
975 163 1040 204 lex,
1064 172 1067 185 ¹
1095 169 1127 196 et
1150 163 1290 206 politica
1315 174 1430 208 opera.

50 228 128 249 cum
147 228 220 249 non
240 216 275 248 in
297 215 488 259 parietibus
506 215 633 259 scripta
652 222 721 255 est,
747 215 807 247 sed
834 225 913 247 cum
937 225 1040 247 accu-
1065 228 1067 236 ν

0 287 2 290 >
21 281 26 302 τ
49 275 120 309 sat,
147 279 225 301 cum
250 274 368 302 terret.

149 317 218 351 Hic
244 325 422 362 peccatum
458 315 604 356 revixit,
645 315 681 348 id
712 321 779 355 est,
816 320 854 347 ut
886 314 959 346 vidi
984 326 1037 347 me

0 386 2 390 >
48 369 209 402 damnari
235 381 252 402 a
277 369 369 412 lege,
407 366 463 402 hic
487 367 600 411 coepit
625 372 749 400 natura
775 365 876 398 irasci
901 365 1033 398 iudicio

0 446 1 452 ,
48 418 114 454 Dei
139 427 201 454 etc.

151 470 339 505 Conclusio
365 467 617 503 translationis.

50 522 182 566 peccati
205 528 237 555 et
262 521 400 554 vitiatae
424 527 568 553 naturae
600 518 700 561 culpa
728 524 797 556 est,
837 519 931 562 quod
961 530 1034 551 non

52 573 233 613 iustificat,
257 579 391 605 tantum
412 576 534 609 terret,
568 576 601 602 et
625 568 830 608 confundit,
858 575 890 602 et
914 569 1034 602 incitat

50 625 93 656 ad
120 623 388 667 desperandum.
461 620 506 655 Et
530 618 596 653 hoc
618 620 696 653 ideo
721 619 775 660 fit,
811 625 849 652 ut
877 620 1033 663 conspici

50 674 181 717 peccati
203 673 385 717 turpitudo
407 684 445 704 ac
469 671 676 714 magnitudo
702 669 830 714 possit,
857 677 896 704 ut
912 671 1033 704 videa-

50 737 147 765 mus,
188 724 288 758 nobis
319 724 385 756 alia
412 723 547 756 iusticia
573 733 660 765 opus
685 732 776 760 esse,
819 733 924 766 quam
948 721 1033 765 legis

47 776 196 810 iusticia.

151 824 356 870 Occupatio.
419 822 610 866 Quomodo
635 829 738 866 auget
764 823 818 855 lex
842 829 1032 867 peccatum,

48 888 126 910 cum
145 877 320 916 coerceat,
347 887 424 908 cum
448 874 551 908 multi
576 874 644 917 legi
667 875 949 918 obtemperantes
968 872 1032 906 bo-

46 935 143 960 neste
174 927 304 961 vivant.
374 925 599 969 'l'empestiva
625 925 808 969 occupatio
829 931 896 965 est,
929 932 961 958 et
988 926 1031 958 ad

47 976 138 1010 hanc
154 977 428 1022 disputationem
445 984 535 1009 recte
553 976 818 1019 intelligendam
842 975 943 1008 valde
969 987 1030 1008 ne-

47 1029 208 1062 cessaria.
256 1027 343 1069 Lex,
369 1027 499 1072 inquit,
520 1027 713 1071 spiritualis
730 1033 797 1067 est,
825 1026 860 1059 id
878 1034 950 1067 est,
977 1027 1031 1059 lex

45 1077 111 1112 Dei
135 1091 207 1112 non
232 1085 283 1112 est
305 1079 447 1122 politica
472 1085 627 1116 tantum,
654 1078 741 1110 sicut
765 1077 944 1110 somniant
966 1075 1030 1110 ho-

45 1130 176 1170 mines,
209 1130 269 1162 sed
296 1129 445 1174 requirit
467 1128 630 1168 affectus,
664 1136 697 1162 et
720 1128 851 1161 iudicat
877 1128 1030 1161 affectus.

43 1179 212 1214 politicae
230 1180 316 1222 legis
336 1179 422 1213 soris
447 1186 626 1219 coercent,
651 1186 683 1212 et
708 1176 762 1211 his
782 1179 922 1219 satisfit,
950 1191 1028 1211 cum

44 1231 194 1264 civiliter
221 1231 370 1271 vivitur,
406 1242 484 1262 cum
513 1228 656 1262 honesta
687 1241 790 1273 opera
817 1230 853 1261 in
879 1230 1028 1273 speciem

46 1282 147 1315 fiunt.
192 1280 260 1315 Sed
277 1281 343 1324 legi
363 1280 428 1314 Dei
445 1292 518 1313 non
534 1280 656 1314 satisfit
676 1292 737 1323 per
754 1287 894 1312 externa
911 1292 1027 1323 opera.

44 1331 116 1365 Lex
143 1332 235 1364 enim
266 1331 415 1376 requirit
445 1331 611 1364 noticiam
634 1329 720 1368 Dei,
764 1331 926 1363 timorem
951 1330 1028 1370 Dei,

43 1383 204 1415 fiduciam
222 1393 302 1424 erga
318 1381 450 1424 Deum,
478 1382 583 1414 corda
602 1387 691 1414 casta
704 1407 712 1421 ,
738 1381 889 1413 amantia
909 1382 1026 1424 proxi-

44 1433 103 1465 mi.
156 1432 235 1465 Non
257 1432 423 1466 satisfacit
447 1432 521 1474 lege
545 1431 612 1464 Dei
630 1430 849 1475 Pomponius
876 1431 1027 1475 Atticus,

43 1490 102 1517 aut
126 1480 331 1516 Pharisaeus
360 1483 419 1515 ille
444 1483 481 1515 in
507 1483 620 1523 Luca,
647 1482 783 1515 tametsi
810 1482 895 1526 legis
921 1495 1025 1527 opera

45 1535 231 1578 diligenter
267 1534 456 1577 perficiant.
521 1532 635 1567 Corda
671 1533 765 1565 enim
802 1541 884 1567 sunt
919 1546 1027 1567 vacua

45 1592 140 1618 metu
165 1584 248 1624 Dei,
276 1585 401 1617 fiducia
428 1595 506 1627 erga
525 1583 660 1625 Deum,
687 1596 805 1617 amore
829 1583 895 1617 Dei
923 1592 954 1618 et
980 1585 1026 1617 si-

42 1635 188 1669 milibus
215 1635 408 1668 affectibus.

146 1683 318 1728 Origenes
338 1684 485 1718 ridicule
501 1684 654 1728 exponit.
708 1684 779 1718 Lex
796 1692 844 1719 est
861 1686 1026 1729 spiritua-

48 1736 110 1776 lis,
136 1736 173 1768 id
191 1743 261 1776 est,
289 1735 492 1779 allegorica,
517 1747 594 1767 curn
619 1734 749 1768 Paulus
772 1747 875 1780 supra
903 1749 941 1769 ex
957 1736 1027 1769 De-

48 1787 168 1830 calogo
211 1786 367 1834 posuerit
410 1786 606 1829 exemplum
627 1799 634 1817 :
677 1785 757 1819 Non
794 1788 1027 1831 concupisces.

47 1835 143 1871 Mihi
170 1837 309 1870 videtur
333 1837 434 1870 valde
457 1837 652 1869 conducere
670 1838 711 1869 ad
733 1838 1027 1881 perspicuitatem,

45 1889 72 1921 si
91 1900 152 1932 per
168 1889 390 1921 collationem
408 1894 617 1931 exponatur.
669 1887 742 1921 Lex
759 1895 806 1921 est
822 1889 1027 1932 spiritualis,

46 1940 82 1973 id
106 1946 176 1980 est,
216 1951 287 1972 non
315 1945 364 1971 est
394 1945 530 1972 tantum
557 1938 720 1982 politica,
761 1939 905 1982 spiritus
932 1940 1025 1972 euim
1052 1966 1054 1972 .

48 1989 219 2034 significat
243 1990 404 2030 affectus,
431 2001 492 2022 seu
516 1995 630 2022 motus
652 1989 868 2033 spirituales,
897 1991 956 2035 qui
984 1992 1025 2023 ad

48 2040 161 2074 Deum
186 2041 357 2074 feruntur.
410 2040 479 2074 Sed
504 2037 677 2083 Origenes
701 2047 735 2074 et
758 2040 832 2074 eius
855 2048 1027 2075 amatores

49 2104 128 2125 cum
146 2091 295 2124 audiunt
313 2091 398 2133 legis
421 2091 635 2124 mentionem
657 2091 750 2133 fieri,
780 2089 871 2124 nihil
895 2093 1027 2126 intelli-

47 2150 153 2186 gunt,
180 2142 246 2174 nisi
266 2141 417 2186 politica.
468 2140 557 2175 Cum
575 2142 774 2189 disputant,
797 2142 925 2177 Utrum
949 2155 1028 2187 pos—

47 2193 150 2227 sibile
175 2193 219 2226 sit
246 2199 391 2227 naturae
414 2192 548 2225 viribus
574 2192 686 2235 legem
717 2194 850 2238 facere,
892 2201 1028 2228 tantum

49 2244 226 2278 somniant
243 2243 363 2288 quaeri
382 2244 424 2276 de
441 2243 554 2284 furto,
581 2245 624 2276 de
641 2245 756 2283 caede,
783 2246 826 2278 de
841 2246 1027 2280 adulterio.

49 2294 188 2328 Primae
211 2295 349 2328 tabulae
364 2306 546 2340 nunquam
564 2294 659 2327 venit
680 2295 718 2328 in
740 2303 904 2331 mentem.
958 2297 1026 2331 Sed

48 2345 157 2379 lector
176 2344 396 2380 Christianus
427 2345 529 2387 sciat,
575 2345 721 2379 Paulum
746 2359 820 2379 non
851 2348 1030 2391 disputare

49 2394 108 2429 hic
125 2397 166 2429 de
179 2397 314 2441 politia.
358 2396 438 2429 Alia
457 2408 512 2429 res
530 2397 662 2440 agitur,
690 2398 852 2431 videlicet
867 2400 909 2431 de
928 2399 1029 2432 iusti-

50 2447 101 2481 cia
124 2459 239 2480 coram
265 2447 350 2480 Deo.
418 2446 470 2481 De
494 2449 606 2492 prima
632 2449 751 2481 tabula
774 2450 958 2493 praecipua
982 2458 1031 2485 est

52 2499 228 2543 quaestio,
256 2506 287 2532 et
311 2501 354 2532 de
380 2499 534 2532 motibus
552 2499 668 2532 cordis
688 2511 766 2543 erga
783 2501 905 2535 Deum.
959 2500 1030 2535 Pu-

50 2552 130 2582 deat
160 2546 336 2590 homines,
375 2550 435 2595 qui
458 2548 654 2584 Christiani
691 2551 760 2584 dici
792 2551 943 2592 volunt,
983 2553 1031 2586 sic

51 2599 212 2633 oblivisci
238 2601 412 2644 decalogi,
437 2607 477 2634 ut
499 2613 578 2634 cum
602 2602 646 2634 de
671 2601 807 2635 iusticia
824 2600 890 2635 Dei
911 2604 1032 2648 dispu-

51 2657 145 2691 tant,
180 2647 271 2683 nihil
298 2652 495 2696 requirant,
537 2652 607 2685 nisi
643 2653 833 2687 secundam
866 2654 1033 2697 tabulam,

101 2701 284 2736 Rlzzanrn.
317 2704 416 2736 Ormi.
441 2705 522 2736 Vor..
553 2705 630 2736 XV.

349 77 449 114 XllI.
507 79 539 114 1.
576 74 973 113 ANNOTATIONES
1003 76 1051 112 IN
1080 75 1233 112 EPIST.
1261 76 1410 112 PAULI
1438 76 1505 112 AD
1534 56 1794 120 ROMA-NOS.

1054 2318 1056 2324 ι
1081 2301 1188 2344 igitur
1213 2302 1395 2345 coniungit
1420 2301 1502 2336 haec
1527 2305 1596 2336 duo
1624 2303 1765 2339 Paulus.

2007 87 2080 123 466

1482 163 1577 199 Ilaec
1603 166 1693 207 dixi,
1723 174 1760 201 ut
1784 169 1985 213 diligentius
2012 175 2075 207 ob—

1093 221 1206 247 servet
1231 215 1360 253 lector,
1404 215 1488 260 quid
1517 216 1650 250 Paulus
1673 227 1771 252 vocet
1794 220 1924 264 legem,
1962 232 1994 257 et
2017 237 2079 258 cur

1091 266 1181 297 dicat
1209 277 1281 298 esse
1305 266 1534 309 spiritualem.
1596 268 1715 314 Neque
1740 282 1802 304 nos
1826 284 1920 306 nunc
1947 272 2076 318 Orige-

1063 340 1065 344 .
1090 315 1145 347 nis
1166 315 1472 360 interpretationes
1491 318 1594 360 primi
1613 320 1823 362 refellimus,
1851 325 1909 356 sed
1933 326 2075 359 maximi

1089 365 1155 398 viri
1182 366 1218 398 in
1238 365 1390 399 Ecclesia
1416 369 1524 400 veteri
1552 370 1808 407 damnaverunt
1837 375 1910 407 eius
1936 377 2075 419 scripta.

1061 456 1063 461 Ι
1089 415 1147 449 Sic
1164 416 1270 448 einim
1290 417 1413 451 scribit
1431 420 1473 450 de
1493 431 1532 451 eo
1556 418 1792 465 Epiphanius:
1826 423 1888 457 καὶ
1912 423 1981 460 ὅσα
2009 424 2075 462 ιιέν

671 465 742 500 Lex
763 473 813 500 est
829 467 940 508 bona,
974 468 1033 500 std
1061 476 1063 483 ⁸
2005 458 2009 471 Δ

1088 466 1123 500 ἐν
1149 465 1420 512 Προσολιιιῌάις,
1448 467 1509 502 καὶ
1525 467 1585 503 διὰ
1610 473 1903 517 ηῦνπροοιλιιίων
1928 477 1976 515 εἰς
1998 478 2073 524 ἤθη

1087 530 1123 551 τε
1145 516 1206 551 καὶ
1224 518 1272 556 εἰς
1288 515 1415 564 ([ύσεις
1431 516 1537 561 ζώων
1553 533 1590 554 τε
1609 520 1669 555 καὶ
1688 525 1764 557 τῶν
1780 523 1902 559 ἄλλων
1920 527 2069 573 εἴρηται,
2085 541 2088 544 ·

1088 567 1199 612 μίσος
1216 567 1434 615 φερόμενος,
1463 568 1635 609 πολλάκις
1655 571 1833 618 χαρίειτῑα
1857 574 2071 624 διηγήσατο,

1086 617 1156 653 ὅσα
1172 616 1212 654 δὲ
1229 621 1278 658 εἷς
1290 618 1462 667 ὸ“ο’)’,ιιατα
1482 619 1698 669 ἐδογλιιάῑισε
1710 650 1720 664 ,
1745 623 1806 658 καὶ
1820 625 1901 671 περὶ
1917 627 2072 669 πίστεως

1085 668 1147 704 καὶ
1169 668 1338 715 μείζονος
1362 670 1540 717 θεωρίας,
1574 675 1650 707 τῶν
1672 672 1825 710 πάντων
1850 676 2072 715 ἀτοπώτατα

1084 724 1160 756 τῶν
1182 720 1254 764 πρὸ
1278 721 1415 763 αὐτοῦ,
1444 721 1506 757 καὶ
1525 723 1605 768 μετ’
1629 723 1743 759 αὐτὸν
1770 725 1985 772 εὑρίσκεται.

1189 771 1263 817 Ego
1282 781 1396 807 autern
1414 787 1489 807 sum
1506 775 1655 808 carnalis
1673 779 1894 812 venundatus
1912 781 1976 814 sub
1993 794 2072 826 pec-

1086 830 1222 867 catum,
1247 825 1370 865 idest,
1395 826 1630 868 mancipium,
1659 838 1717 860 seu
1741 830 1898 872 captivus
1924 835 2067 875 peccati.

1084 873 1179 908 Haec
1198 882 1246 908 est
1264 875 1404 909 collatio
1428 883 1566 909 nostrae
1583 884 1728 911 naturae
1746 892 1823 912 curn
1850 881 1935 924 lege.
1995 883 2065 917 Lex

1084 932 1134 958 est
1156 926 1365 970 spirituali5‚
1402 927 1550 972 requirit
1584 935 1698 961 motus
1722 931 1938 974 spirituales,
1974 936 2069 969 noti-

1084 976 1172 1009 ciam
1204 976 1295 1017 Dei,
1332 978 1495 1010 fiduciam
1528 989 1608 1021 erga
1640 978 1777 1024 Deum,
1819 983 2069 1028 obedientiam,

1084 1028 1288 1071 patientiam
1320 1029 1356 1060 in
1382 1029 1644 1063 afflictionibus.
1716 1030 1764 1065 At
1795 1040 1919 1066 natura
1950 1044 2069 1070 nostra

1084 1079 1234 1111 carnalis
1258 1086 1327 1120 est,
1357 1080 1508 1112 carnalia
1529 1086 1663 1113 tantum
1690 1081 1905 1125 intelligens,
1932 1093 2067 1120 tantum

1083 1136 1255 1174 appetens
1280 1131 1452 1171 carnalia,
1479 1137 1709 1164 contemnens
1736 1132 1866 1173 Deum,
1900 1137 1981 1169 odio
2008 1136 2069 1171 ha—

1083 1180 1168 1213 bens
1185 1180 1355 1214 iudici'um
1371 1180 1454 1221 Dei,
1482 1193 1653 1225 quaerens
1681 1184 1850 1226 praesidia
1874 1186 1965 1220 vitae
1990 1201 2067 1222 car-

1082 1231 1195 1269 nalia,
1223 1231 1398 1264 collocans
1417 1232 1580 1264 fiduciam
1604 1233 1640 1265 in
1661 1235 1813 1278 propriis
1832 1236 1986 1280 viribus,
2013 1240 2068 1274 iu-

1082 1282 1199 1321 sticia,
1226 1282 1414 1325 sapientia,
1441 1283 1634 1326 inopibus.

1184 1331 1225 1364 In
1244 1333 1378 1377 reliqua
1398 1340 1495 1380 parte
1511 1335 1723 1367 narrationis
1742 1336 1908 1372 describit
1924 1338 2065 1381 Paulus,

1080 1385 1259 1426 quomodo
1284 1384 1476 1416 etiamnum
1499 1385 1651 1419 decertet.
1675 1398 1754 1419 cum
1779 1396 1926 1431 peccato.
1982 1390 2069 1426 Vult

1079 1434 1174 1465 enim
1203 1436 1412 1476 ostendere,
1452 1436 1547 1480 quod
1577 1444 1755 1479 peccatum
1787 1439 1834 1472 ita
1860 1437 1999 1475 haereat
2030 1443 2067 1475 iu

1080 1491 1204 1518 natura
1228 1486 1384 1527 carnali,
1425 1493 1463 1519 ut
1495 1498 1559 1520 nec
1582 1488 1696 1521 renati
1726 1490 1832 1522 semel
1864 1494 2067 1527 universum

1080 1543 1222 1571 exuant.

1207 1637 1282 1678 De
1296 1637 1478 1693 ymlc'ae
1496 1643 1542 1678 et
1559 1634 1723 1694 effectu
1735 1642 1930 1698 gratiae.

1427 1719 1563 1772 Caput
1600 1722 1641 1760 V
1646 1723 1720 1763 ΠΙ.

1181 1791 1360 1826 Hactenus
1387 1794 1429 1826 de
1456 1794 1542 1837 legis
1566 1795 1692 1828 effectu
1715 1796 1823 1838 dixit,
1851 1805 1885 1832 et
1903 1801 2066 1841 ostendit,

1083 1843 1178 1887 quod
1216 1844 1270 1876 lex
1307 1856 1379 1877 non
1416 1845 1597 1884 iustificet,
1639 1854 1775 1880 tantum
1811 1852 2068 1892 perterrefaciat

1081 1894 1330 1935 conscientias,
1359 1903 1391 1928 et
1407 1896 1520 1939 pariat
1545 1897 1666 1930 odium
1684 1896 1767 1937 Dei,
1796 1908 1829 1933 et
1854 1902 2068 1945 desperatio—

1081 1956 1172 1980 nem.
1227 1945 1313 1978 ltem
1338 1947 1491 1980 ostendit
1520 1949 1698 1992 quomodo
1725 1959 1900 1993 peccatum
1928 1950 2068 1988 haereat

1082 1996 1118 2027 in
1138 2003 1274 2029 natura.
1328 1996 1431 2030 Nunc
1449 1999 1491 2030 de
1508 1999 1637 2041 gratiae
1656 2000 1690 2032 vi
1707 2000 1875 2045 loquitur.

1180 2046 1396 2091 Propositio:
1435 2047 1542 2082 Nulla
1575 2051 1819 2086 condemnatio
1845 2051 1916 2094 his,
1944 2055 2002 2098 qui
2028 2055 2065 2088 in

1080 2095 1222 2131 Christo
1250 2098 1344 2139 lesu,
1386 2111 1457 2132 non
1486 2102 1678 2133 secundum
1704 2114 1842 2136 carnem
1868 2106 2063 2147 ambulant,

1079 2150 1138 2181 sed
1157 2150 1348 2183 secundum
1365 2150 1540 2194 spiritum.
1593 2151 1673 2184 Dixi
1693 2165 1796 2197 supra
1820 2157 1965 2197 gratiam
1990 2158 2061 2190 duo

1081 2200 1284 2242 complecti,
1318 2201 1560 2235 remissionem
1595 2211 1832 2246 peccatorum,
1872 2218 1932 2239 seu
1964 2208 2063 2240 savo-

1081 2262 1155 2282 rem
1178 2250 1262 2292 Dei,
1303 2258 1336 2284 et
1365 2253 1592 2285 donationem
1619 2253 1771 2297 Spiritus
1801 2257 1924 2292 sancti.
1998 2258 2065 2292 llic

1826 2307 1986 2341 Primum
2012 2310 2059 2343 ait

1083 2364 1156 2385 nou
1181 2365 1251 2386 esse
1274 2354 1618 2389 condemnationem.
1677 2355 1757 2389 Non
1783 2358 1886 2399 dicit,
1920 2372 1992 2392 non
2017 2369 2067 2395 est

1082 2412 1288 2448 peccatum,
1332 2405 1501 2448 significat
1534 2406 1628 2437 enim
1667 2409 1785 2442 adesse
1820 2417 1997 2453 peccatum
2029 2412 2065 2444 in

1083 2455 1226 2496 sanctis,
1261 2456 1318 2488 sed
1350 2456 1479 2489 remitti
1511 2464 1652 2499 propter
1682 2458 1782 2492 fidem
1817 2460 1851 2492 in
1876 2459 2066 2496 Christum.

1085 2504 1267 2546 Secundo,
1295 2506 1331 2539 id
1357 2513 1532 2551 peccatum
1551 2508 1654 2540 etiam
1673 2510 1765 2543 vinci
1785 2510 1921 2555 Spiritu
1937 2521 2066 2554 sancto,

1084 2556 1144 2600 qui
1168 2558 1321 2590 donatur
1340 2557 1574 2593 credentibus.

1189 2607 1358 2652 Sequitur
1381 2619 1441 2641 seu
1465 2609 1575 2650 ratio,
1600 2621 1660 2643 seu
1685 2613 1850 2657 expolitio
1877 2614 2068 2659 propsitio—

1085 2658 1160 2701 nis,
1188 2659 1230 2692 de
1251 2658 1376 2693 effectu
1394 2658 1547 2704 Spiritus
1563 2662 1685 2699 sancti.

1544 2711 1594 2745 30
