2415 2942
169 83 266 120 1009
413 81 518 121 XIII.

572 83 606 118 3.
634 81 933 121 ENARRATIO
959 82 1114 122 EPIST.
1140 79 1292 118 PAULI
1316 79 1385 117 AD
1412 80 1677 124 ROMANOS.
1731 85 1836 127 CAP.
1867 90 1971 130 XIII.

2088 98 2187 134 1010

257 169 355 204 Talis
387 169 456 204 fuit
492 169 702 214 imaginatio
734 169 889 216 Pelagii,
926 170 1149 217 Papistarum
1202 167 1293 201 lium
1318 167 1356 202 in
1387 170 1502 213 specie
1525 178 1636 207 artem
1660 175 1851 220 medicam,
1885 186 1946 215 aut
1974 179 2184 220 architecto-

164 229 199 256 et
214 218 475 255 Monachorum
489 249 497 263 ‚
525 221 562 255 in
583 234 651 267 qua
669 233 836 266 magnum
860 220 966 256 chaos
985 230 1034 257 est
1052 235 1147 256 erro-

157 285 247 307 rum.

157 324 294 366 fingunt
313 320 475 357 homiues
495 325 622 357 mereri
646 324 888 358 remissionem
915 333 1146 369 peccatorum,

307 271 435 306 Delent
459 279 567 306 totam
601 274 798 307 doctrinam
823 274 866 306 de
894 274 1029 308 iusticia
1057 274 1147 315 fidei,
1173 294 1174 298 =

1172 328 1173 346 ἱ
1201 321 1346 353 verbum
1371 320 1457 360 Dei,
1487 336 1546 357 seu
1571 327 1810 362 testimonium
1835 333 2013 376 divinum,
2040 345 2183 382 propter

1202 219 1341 254 nicam:
1377 227 1495 255 tamen
1520 222 1558 256 in
1580 235 1706 268 genere
1728 239 1867 263 necesse
1889 238 1939 266 est
1962 233 2005 267 de
2029 246 2094 268 usu
2119 234 2183 270 ha-

1201 281 1280 302 rum
1318 277 1542 306 externarum
1578 282 1610 309 et
1641 280 1876 321 corporalium
1913 295 2028 317 rerum
2067 294 2183 321 extare

152 381 185 407 et
210 374 319 408 iustos
347 386 420 407 esse
445 375 597 419 propriis
614 375 792 420 operibus·
844 374 969 409 postea
987 378 1141 411 adde:
1169 398 1172 419 ς
1199 371 1285 403 duas
1305 383 1435 407 causas.
1479 373 1639 410 Primum
1656 386 1694 412 ut
1711 381 1859 414 sciamus
1879 381 1971 418 hunc
1987 387 2099 429 ipsum
2122 402 2180 422 or-

153 423 246 467 Quia
266 437 370 457 nemo
386 426 459 467 scit,
478 428 621 471 quando
640 427 721 459 satis
741 437 887 470 operum
909 424 1048 466 haheat,
1076 430 1142 461 du,
1197 421 1315 454 dinem
1340 434 1412 455 esse
1436 436 1524 467 opus
1551 424 1635 467 Dei,
1670 437 1702 462 et
1727 432 1966 467 testimonium
1990 438 2180 480 &pientiae

150 476 335 509 bitandum
355 488 437 517 esse,
461 488 505 509 an
525 477 571 510 sis
589 477 625 510 in
642 477 764 521 gratia.
800 477 900 511 Haec
918 491 1139 524 nequaquam

151 534 232 561 sunt
251 522 417 574 ἀνάλογα
441 528 532 563 fidei.

251 578 339 611 Sunt
357 585 388 610 ct
409 579 589 611 manifeste
611 578 813 619 idolatrica‚
846 578 1025 612 lnvocatio
1042 591 1139 611 mor-

147 634 301 668 tuorum,
329 629 408 673 quia
425 629 592 673 scriptum
610 636 670 669 est,
695 629 889 663 Dominum
903 629 1016 662 Deum
1037 637 1135 663 tuum

148 680 321 713 adorabis.
375 680 478 718 Item,
507 679 678 713 Adoratio
705 680 804 722 panis
828 681 865 713 in
889 681 1137 724 circumgesta-

151 730 258 765 tione.
287 729 386 771 Item,
403 730 546 763 Ficticia
564 731 694 764 oblatio
713 731 748 763 in
761 730 867 765 Missa
889 744 951 776 pro
970 732 1128 766 mortuis.

249 781 319 815 Nec
338 782 404 814 fuit
420 782 633 814 credendum
651 782 834 816 fallacibus
850 783 1049 826 spiritibus,
1076 784 1134 828 qui

146 831 344 875 petiverunt
370 832 539 865 celebrari
565 832 691 865 Missas
716 845 779 876 pro
810 833 971 868 mortuis.
1041 832 1133 876 Quia

145 882 312 925 scriptum
348 889 399 916 est
424 881 548 915 Esaiae
575 883 625 918 8.:
669 882 750 916 Non
776 896 793 916 a
820 885 970 918 mortuis
995 885 1135 930 require

145 934 343 974 veritatem,
370 935 428 967 sed
447 935 490 966 ad
511 934 619 976 legem
642 942 674 968 et
693 936 735 968 ad
753 936 1008 969 testimonium.

246 992 317 1026 Nec
343 1001 425 1027 sunt
450 991 618 1040 ἀνάλογα
647 994 726 1027 fidei
753 1006 811 1033 ea,
851 1007 939 1040 quae
964 996 1006 1028 de
1032 996 1133 1034 votis,

146 1043 189 1076 de
217 1044 515 1078 satisfactionibus
550 1053 583 1079 et
609 1045 688 1078 aliis
720 1046 849 1078 ritibus
876 1044 1041 1080 humanis
1067 1047 1132 1079 fin-

144 1101 248 1136 gunt,
276 1107 363 1140 quos
381 1095 505 1129 dicunt
522 1108 594 1129 esse
621 1097 735 1129 cultus
754 1097 818 1130 Dei
837 1098 1071 1137 necessarios,
1100 1105 1133 1131 et

141 1146 268 1178 mereri
287 1147 529 1180 remissionem
549 1154 776 1190 psccatorum.

243 1203 315 1237 Nec
346 1212 428 1238 sunt
458 1201 625 1252 ἀνάλογα
662 1205 744 1238 fidei
777 1206 1031 1250 anabaptistica
1070 1208 1131 1239 de-

142 1253 347 1295 liramenta,
389 1268 477 1300 quae
501 1257 572 1290 sint
601 1257 728 1300 partim
753 1255 968 1300 pharisaica,
1002 1258 1129 1300 partim

140 1304 276 1338 furores
293 1305 514 1348 Manichaei,
543 1308 701 1341 delentes
723 1308 907 1352 politicum
925 1309 1098 1343 ordinem.

242 1363 349 1398 Hunc
368 1366 508 1398 brevem
530 1366 726 1409 catalogum
747 1367 888 1407 addidi,
915 1373 954 1400 ut
974 1367 1130 1400 iuniores

140 1415 345 1457 diligentius
362 1417 513 1459 cogitent
529 1417 572 1449 de
596 1414 660 1449 hac
686 1417 816 1460 regula.
876 1416 1066 1460 Prophetia
1086 1418 1129 1450 sit

139 1466 284 1509 analoga
309 1467 411 1508 fidei,
451 1475 483 1501 et
508 1467 577 1500 sint
607 1467 848 1512 circumspecti
875 1468 912 1500 in
941 1468 1130 1502 iudicanda

139 1517 299 1550 doctrina
349 1525 381 1552 et
428 1518 628 1551 iudicandis
679 1519 1051 1562 interpretationibus,
1097 1527 1128 1554 et

139 1568 302 1602 muniant
327 1580 362 1602 se
396 1568 628 1614 inquisitione
657 1581 760 1602 verae
784 1570 966 1603 doctrinae
990 1577 1024 1605 et
1049 1582 1128 1615 pre—

138 1625 286 1652 catione.

241 1676 379 1711 Deinde
404 1678 564 1723 sequitur
590 1678 627 1711 in
651 1685 747 1712 textu
774 1679 878 1723 longa
910 1681 1126 1714 coacervatio

139 1727 333 1761 multorum
357 1736 622 1773 praeceptorum
648 1731 691 1762 de
714 1730 901 1763 dilectione
918 1739 1057 1772 mutua,
1085 1733 1126 1764 de

138 1779 386 1818 beneficentia,
416 1781 458 1813 de
483 1780 664 1823 diligentia
684 1781 720 1813 in
737 1782 979 1821 invocatione,
1008 1784 1050 1815 de
1067 1795 1127 1826 pa-

137 1830 277 1871 tientia,
303 1832 345 1863 de
371 1831 588 1875 precatione,
628 1832 671 1864 de
696 1830 916 1873 humilitate,
945 1834 987 1866 de
1014 1834 1125 1876 repri-

136 1882 264 1914 menda
290 1882 480 1925 cupiditate
514 1883 669 1926 privatae
700 1883 877 1916 vindictae
901 1891 963 1918 etc.
1031 1883 1126 1917 Haec

140 1933 304 1966 mandata
329 1933 590 1967 distribuantur
621 1934 659 1966 in
688 1935 911 1977 decalogum,
944 1947 1007 1967 nec
1033 1936 1124 1968 diffi-

137 1984 202 2016 cile
228 1990 279 2017 est
304 1984 443 2024 videre,
477 1986 519 2017 ad
552 1986 646 2029 quod
678 1991 781 2029 caput
806 1986 963 2029 decalogi
988 1986 1123 2029 singula

138 2035 354 2077 pertineant,
376 2036 464 2068 sicut
490 2036 574 2068 alias
593 2047 694 2080 saepe
720 2048 905 2069 monemus
929 2038 1123 2070 doctrinam

139 2085 182 2117 de
200 2085 390 2119 virtutibus
410 2087 446 2119 in
466 2087 669 2130 decalogum
688 2087 969 2121 distribuendam
992 2100 1074 2123 esse.

483 2217 622 2272 Caput
657 2219 775 2261 XIII.

240 2300 281 2334 In
306 2301 416 2345 priori
441 2302 552 2345 capite
571 2302 729 2335 recitavit
748 2310 930 2347 praecepta
947 2305 989 2337 de
1006 2304 1124 2349 priva-

137 2352 181 2385 tis
199 2353 368 2388 moribus.
420 2353 522 2386 Nunc
539 2354 637 2387 addit
652 2353 850 2386 doctrinam
872 2356 913 2387 de
937 2356 1008 2389 vita
1035 2355 1124 2398 poli-

140 2404 219 2438 tica.
280 2403 493 2449 Quanquam
518 2406 611 2438 enirn
638 2403 870 2447 Evangelium
896 2406 1126 2440 concionatur

141 2454 183 2487 de
209 2456 493 2489 reconciliatione
517 2468 596 2489 cum
630 2454 704 2489 Deo
735 2464 767 2490 et
793 2457 836 2489 de
859 2463 999 2490 aeterna
1025 2458 1124 2490 iusti-

142 2505 193 2538 cia
206 2532 214 2545 ‚
242 2517 304 2539 nec
322 2507 387 2540 fert
404 2507 495 2550 leges
513 2507 549 2539 in
574 2507 686 2551 specie
702 2508 745 2540 de
762 2508 1057 2547 successionibus,
1084 2509 1126 2541 de

140 2557 388 2597 contractibus,
408 2559 576 2592 deforma
595 2559 820 2599 iudiciorum,
840 2560 882 2591 de
899 2559 1125 2592 distinctione

138 2608 336 2648 actionum,
369 2610 629 2643 commendavit
658 2610 751 2642 euim
783 2607 867 2643 haec
889 2610 983 2644 Deus
1010 2612 1125 2644 consi-

140 2658 188 2690 lio
216 2658 350 2702 politici
374 2661 612 2703 magistratus,
639 2661 728 2695 sicut
750 2673 822 2694 non
850 2662 950 2695 docet
964 2660 1124 2706 Evange-

189 2711 364 2743 mxuma.
397 2713 499 2744 Orsa.
530 2714 610 2744 Vm..
632 2714 710 2746 XV.

1196 471 1261 504 Dei
1279 474 1370 506 inter
1386 485 1468 507 nos:
1500 476 1628 511 deinde
1644 486 1681 512 ut
1696 481 1845 515 sciamus
1861 497 1960 517 usum
1978 500 2179 525 concessum

1193 535 1266 555 csse
1291 524 1369 567 piis.
1450 524 1543 567 Quia
1568 536 1704 572 oportet
1728 544 1832 574 opera
1864 543 1981 569 nostra
2018 541 2177 574 testimo—

1193 574 1290 607 nium
1308 572 1436 608 habere
1455 588 1495 608 ex
1515 579 1622 612 verbo
1640 581 1729 621 Dei,
1756 590 1794 616 ut
1816 585 1830 616 l
1853 584 2012 623 Timoth.
2031 589 2064 625 4.
2089 592 2175 624 dici-

1192 631 1266 682 tur:
1303 624 1549 661 sanctificatur
1579 638 1738 665 creatura
1771 645 1833 677 per
1861 638 2007 671 verbum
2044 649 2077 675 et
2099 655 2177 676 ora-

1192 682 1336 710 tionem.

1295 726 1390 761 Utile
1413 733 1461 760 est
1486 734 1518 761 et
1542 741 1644 763 nosse
1676 735 1865 769 certamina
1893 736 2070 774 Ecclesiae
2100 755 2176 776 om-

1190 777 1288 809 nium
1315 785 1525 822 temporum.
1594 780 1740 826 Semper
1764 793 1879 820 autem
1909 789 2052 825 fuerunt
2078 793 2176 827 fana-

1189 828 1248 861 tici
1275 826 1455 870 homines,
1499 831 1558 875 qui
1587 833 1845 871 damnaverunt
1868 840 2030 874 ordinem
2057 845 2176 887 politi-

1188 891 1287 919 cum,
1314 887 1345 912 et
1371 892 1514 923 magnas
1538 884 1762 920 confusiones
1786 889 1846 921 alii
1865 890 1950 923 alias
1968 893 2176 932 excitarunt.

1189 928 1388 964 Voluerunt
1416 933 1550 965 efficere
1577 934 1796 971 Platonicam
1819 944 2176 983 communicationem

1187 980 1416 1020 facultatum,
1445 989 1483 1015 ut
1516 984 1601 1017 olim
1629 985 1818 1031 Marcion,
1853 990 2105 1039 Carpocrates,
2143 1006 2176 1034 et

1186 1031 1264 1073 alii,
1293 1045 1380 1077 quos
1398 1034 1523 1068 refutat
1548 1034 1723 1072 irenaeus.

1289 1082 1330 1116 ln
1355 1084 1485 1128 oppido
1512 1084 1684 1132 Phrygiae
1700 1089 1835 1134 Pepusa
1860 1093 2003 1129 fanatici
2029 1098 2173 1142 quidam

1186 1133 1254 1167 tale
1291 1146 1438 1178 regnum
1476 1136 1685 1180 iucoarunt,
1725 1143 1827 1186 quale
1862 1153 1982 1179 nostro
2019 1155 2175 1194 tempore

1184 1184 1436 1229 Anabaptistae
1461 1187 1498 1220 in
1535 1190 1622 1222 urbe
1647 1190 1918 1229 Monasteriensi
1950 1200 2066 1233 conati
2091 1208 2175 1236 sunt

1185 1237 1416 1278 constituere,
1445 1244 1479 1271 et
1495 1240 1665 1283 oppidum
1683 1245 1914 1280 nominarunt
1932 1260 2059 1283 novam
2079 1250 2174 1286 lero-

1183 1286 1372 1331 solymam,
1414 1290 1509 1332 quod
1539 1292 1667 1324 rectius
1694 1296 1936 1331 nominassent
1967 1299 2171 1343 ἐμποῦσαν.

1185 1336 1253 1370 Sed
1282 1337 1436 1371 deletum
1465 1347 1534 1380 est,
1564 1347 1596 1374 et
1613 1341 1808 1379 Montanus
1835 1355 1867 1382 et
1885 1348 2082 1386 Maximilla
2107 1354 2172 1387 du-

1184 1399 1236 1420 ces
1255 1388 1418 1421 factionis
1435 1400 1508 1422 sese
1528 1394 1804 1436 strangularunt.

1288 1438 1414 1472 Nostro
1437 1447 1593 1484 tempore
1625 1443 1740 1479 adhuc
1771 1456 1943 1491 vagantur
1972 1451 2171 1499 Anabapti-

1183 1495 1275 1528 stae,
1318 1490 1379 1534 qui
1412 1492 1582 1526 damnant
1613 1497 1834 1538 magistratus
1854 1527 1862 1539 ,
1907 1501 2169 1539 distinctionem

1182 1540 1439 1582 dominiorum,
1475 1550 1693 1586 contractus,
1729 1549 1878 1589 iudicia,
1917 1559 1949 1585 et
1980 1556 2084 1589 multi
2109 1558 2170 1590 alii

1180 1591 1324 1624 suerunt
1342 1599 1374 1625 et
1397 1599 1495 1632 sunt,
1522 1595 1582 1638 qui
1609 1606 1735 1640 negant
1759 1602 1927 1634 utendum
1946 1615 2017 1637 esse
2035 1605 2169 1642 Roma-

1181 1642 1236 1674 nis
1262 1641 1410 1685 legibus.
1465 1643 1594 1678 Contra
1621 1644 1684 1680 hos
1707 1650 1842 1684 furores
1867 1653 2017 1689 sciamus
2042 1655 2167 1692 Eccle-

1180 1693 1265 1724 siam
1295 1695 1553 1737 praemunitam
1583 1708 1654 1731 esse
1686 1697 1754 1733 hoc
1784 1703 2026 1740 tertiodecimo
2054 1710 2167 1753 capite

1181 1743 1282 1775 Pauli
1299 1746 1341 1776 ad
1359 1743 1561 1788 Romanos,
1589 1751 1683 1793 quod
1702 1751 1780 1784 ideo
1805 1754 2026 1790 notissimum
2050 1762 2167 1794 omni-

1179 1795 1245 1827 bus
1264 1807 1336 1828 esse
1352 1797 1474 1836 debet,
1506 1810 1549 1830 ne
1576 1800 1636 1844 qui
1654 1799 1831 1846 hypocrisi
1849 1805 2081 1843 fanaticorum
2101 1795 2166 1845 ho-

1181 1846 1316 1878 minum
1335 1847 1472 1892 decepti
1491 1849 1718 1894 implicentur
1735 1855 1831 1888 falsis
1847 1863 1880 1889 et
1896 1858 2071 1894 seditiosis
2087 1864 2166 1907 opi-

1180 1897 1359 1933 nionibus.

1281 1947 1439 1984 Primum
1458 1950 1566 1994 igitur
1582 1953 1763 1997 perspicue
1779 1963 1811 1990 et
1828 1966 2030 1996 constanter
2046 1970 2164 1999 tenea-

1179 2006 1235 2032 tur
1260 1996 1345 2033 haec
1373 2002 1510 2044 regula:
1554 2001 1787 2048 Evangelium
1813 2016 1862 2043 est
1888 2024 1954 2045 vox
1979 2014 2021 2046 de
2040 2017 2164 2050 remis-

1179 2050 1276 2082 sione
1302 2060 1523 2094 peccatorum
1549 2061 1581 2088 et
1604 2057 1648 2088 de
1669 2059 1955 2095 reconciliatione
1987 2077 2065 2099 cum
2086 2064 2162 2101 Deo

1179 2109 1321 2145 propter
1346 2105 1596 2146 mediatorem,
1626 2114 1658 2141 et
1681 2109 1724 2140 de
1747 2109 1843 2151 luce,
1876 2112 2013 2148 iusticia
2036 2124 2069 2151 et
2091 2118 2162 2152 vita

1179 2159 1318 2185 aeterna
1337 2155 1374 2186 in
1397 2155 1575 2190 cordibus.
1629 2157 1765 2193 Interea
1792 2162 1882 2196 sicut
1906 2176 2051 2210 corpora
2077 2169 2161 2204 sinit

1176 2203 1226 2236 uti
1252 2204 1397 2238 diversis
1421 2206 1558 2240 dierum
1590 2210 1710 2252 spatiis
1734 2211 1770 2244 in
1797 2213 1944 2248 diversis
1969 2217 2079 2260 locis,
2113 2220 2161 2254 ita

1177 2255 1261 2287 sinit
1286 2257 1337 2288 uti
1363 2257 1510 2290 diversis
1531 2259 1654 2293 formis
1679 2262 1884 2305 politiarum
1901 2292 1910 2307 ‚
1951 2270 2058 2303 modo
2081 2282 2160 2305 cum

1178 2313 1312 2338 ratione
1331 2316 1534 2351 congruant.

1278 2356 1373 2392 Haec
1395 2361 1514 2403 regula
1540 2372 1640 2405 saepe
1674 2374 1832 2406 expresse
1863 2368 1990 2403 tradita
2016 2378 2086 2414 est,
2121 2381 2159 2408 ut

1177 2405 1310 2443 ColOSS.
1328 2410 1383 2445 3.:
1413 2410 1554 2444 Induite
1571 2425 1702 2445 novum
1722 2412 1913 2458 hominem,
1932 2421 1992 2464 qui
2011 2434 2160 2458 renova-

1176 2465 1234 2492 tur
1250 2461 1428 2502 agnitione
1444 2464 1486 2494 ad
1507 2464 1695 2506 imaginem
1712 2466 1796 2507 eius,
1814 2469 1874 2512 qui
1890 2472 2051 2507 condidit
2067 2486 2159 2515 eum,

1177 2511 1236 2543 ubi
1263 2523 1335 2545 non
1361 2519 1410 2546 est
1428 2512 1604 2555 Graecus,
1631 2526 1695 2548 nec
1722 2516 1893 2561 iudaeus,
1919 2533 1984 2556 nec
2007 2525 2158 2559 circum-

1178 2561 1280 2601 cisio,
1307 2576 1370 2596 nec
1388 2566 1621 2608 praeputium,
1649 2578 1712 2600 nec
1732 2569 1914 2613 barbarus,
1939 2585 2002 2607 nec
2018 2574 2159 2622 Scytha,

1178 2625 1240 2646 nec
1271 2625 1417 2654 servus,
1455 2627 1518 2648 nec
1543 2617 1651 2658 liber,
1695 2620 1754 2652 sed
1784 2622 1903 2655 omnia
1932 2624 1970 2656 in
1995 2627 2159 2662 omnibus

1179 2671 1227 2698 est
1246 2662 1442 2750 Chrismglg
1471 2665 1548 2700 Hoc
1565 2668 1700 2703 illustre
1719 2671 1909 2707 discrimen
1924 2672 2109 2720 Evangelii
2127 2686 2160 2714 et
