2415 2942
309 114 383 152 627

304 213 363 236 sus
388 199 516 234 tollunt
539 203 716 242 peccatum
737 195 903 239 originis,
930 196 1002 229 Alii
1022 197 1177 239 fingunt,
1202 204 1279 242 post

305 249 592 286 resurrectionem
629 245 761 280 Christi
798 257 939 290 prorsus
977 248 1153 281 neminem
1188 249 1282 282 nasci

305 313 383 336 cum
414 306 552 343 peccato
582 298 740 340 originis.
807 297 986 330 Adversus
1013 298 1090 331 illas
1119 300 1285 333 fanaticas

306 351 491 395 opiniones
515 349 681 383 muniunt
709 360 772 381 nos
790 347 858 380 loci
875 348 968 381 citati
986 360 1024 381 ex
1044 348 1187 386 Ioanne.
1235 351 1287 384 Ac

306 402 386 434 vide
403 407 531 446 quanta
549 400 593 434 sit
610 398 744 432 insania
763 398 1085 442 Anabaptistarum.
1153 400 1190 435 Si
1208 401 1290 434 nul-

306 453 382 486 lum
398 460 483 485 esset
502 458 678 495 peccatum
695 449 852 491 originis,
879 461 1001 483 omues
1018 448 1178 485 homines
1195 452 1290 484 vive-

307 509 387 536 rent
413 502 488 534 sine
511 509 649 546 peccato
677 507 710 534 et
736 500 810 532 siue
838 506 959 533 morte.
1012 502 1118 544 Quod
1143 514 1221 535 cum
1249 502 1292 535 sit

309 553 491 586 manifeste
524 552 651 585 salsum
670 575 679 589 ,
722 562 857 584 necesse
887 557 936 584 est
967 563 1105 586 causam
1138 564 1292 594 manere,

310 604 440 637 scilicet
460 608 639 647 peccatum
657 601 816 644 originis.

414 653 535 687 Tertia
559 652 810 686 dissimilitudo
842 658 892 685 est
917 652 1104 695 diligenter
1131 653 1294 687 conside-

313 705 442 745 randa,
469 715 573 749 quam
593 700 698 736 ethic
716 702 752 735 in
773 709 867 736 textu
886 701 1015 736 Paulus
1034 710 1158 737 tractat
1173 711 1205 737 et
1222 716 1295 736 am-

313 756 461 800 plificat:
485 753 609 788 Gratia
627 760 764 797 superat
784 760 971 797 peccatum.
1025 753 1125 788 Hanc
1143 754 1295 787 dissimi-

313 806 501 840 litudinem
537 804 722 849 praecipue
756 809 893 847 oportet
927 804 1111 838 inculcari:
1154 805 1235 849 quia
1269 804 1296 838 si

315 868 435 903 parem
453 856 524 888 vim
541 852 709 887 haberent
728 861 904 897 peccatum
923 861 954 888 et
970 856 1091 898 gratia,
1119 856 1296 900 quomodo

317 907 425 951 gratia
453 906 619 945 salvaret,
647 904 848 947 praesertim
874 916 952 937 curn
982 913 1160 949 peccatum
1190 906 1298 949 magis

316 957 510 991 sentiatur:
552 955 601 988 Ita
634 954 841 988 beneficium
872 953 1058 999 Evangelii
1083 954 1173 989 nihil
1201 963 1299 996 esset,

317 1008 414 1042 nulla
433 1013 519 1040 esset
536 1006 634 1038 firma
653 1005 860 1040 consolatio.

421 1057 540 1100 Quare
557 1054 640 1089 haec
656 1056 909 1089 dissimilitudo
935 1056 1143 1091 illustranda
1167 1064 1234 1096 est,
1262 1063 1299 1091 ut

318 1115 438 1154 postea
462 1108 544 1141 facit
562 1106 712 1147 Paulus,
748 1106 852 1149 Quod
886 1108 994 1149 gratia
1018 1116 1158 1152 superat
1180 1120 1301 1153 pecca-

319 1167 407 1195 tum.
460 1157 609 1203 Superat
630 1166 744 1191 autem
771 1158 975 1201 dupliciter,
1010 1166 1042 1193 et
1071 1160 1303 1204 imputatione

321 1217 355 1244 et
381 1210 516 1244 effectu.
570 1207 807 1252 Imputatione
834 1216 991 1252 superat,
1028 1210 1107 1255 quia
1131 1221 1206 1251 eos,
1242 1209 1301 1255 qui

321 1258 758 1305 apprehenduntgratiam‚
775 1258 867 1292 Deus
879 1266 1016 1302 reputat
1032 1261 1150 1302 iustos,
1168 1261 1301 1294 etiamsi

323 1312 437 1355 reipsa
461 1308 575 1343 adhuc
601 1307 730 1342 habent
766 1310 932 1354 reliquias
959 1312 1098 1353 peccati.
1163 1312 1303 1345 Deinde

324 1362 427 1396 etiam
444 1361 569 1393 effectu
585 1366 734 1403 superat,
751 1360 831 1404 quia
850 1360 885 1392 in
905 1361 975 1392 illis
992 1361 1085 1404 ipsis,
1103 1373 1302 1406 quanquam

325 1412 486 1452 infirmis,
514 1417 630 1444 tamen
647 1410 799 1443 existunt
813 1411 896 1443 novi
914 1418 1038 1452 motus,
1060 1412 1119 1456 qui
1139 1413 1306 1446 resistunt

324 1470 476 1508 peccato.
538 1459 642 1501 Item,
678 1461 729 1493 illi
748 1461 831 1504 ipsi,
854 1473 1054 1506 quanquam
1083 1463 1119 1495 in
1148 1460 1211 1496 hac
1235 1462 1306 1495 vita

327 1511 441 1547 adhuc
470 1513 614 1545 suerunt
643 1511 797 1551 intirmI,
833 1518 950 1545 tamen
985 1514 1236 1547 resuscitantur
1263 1513 1304 1546 ad

325 1564 434 1597 vitam
459 1569 647 1597 aeternam.
701 1560 797 1594 Haec
820 1563 900 1594 sciri
926 1574 1064 1595 necesse
1090 1570 1158 1601 est,
1185 1570 1223 1596 ut
1246 1564 1307 1596 be-

326 1613 491 1647 neficium
517 1610 650 1646 Christi
683 1611 918 1655 intelligatur,
960 1620 991 1647 et
1025 1620 1183 1646 teneatur
1209 1614 1306 1647 firma

328 1663 532 1698 consolatio,
585 1661 637 1696 Ac
659 1661 789 1695 Paulus
815 1663 886 1706 ipse
909 1664 1038 1697 deinde
1056 1671 1179 1699 tractat
1196 1671 1229 1698 et
1250 1676 1308 1698 ex-

327 1721 464 1759 aggerat
483 1712 573 1747 hanc
594 1712 932 1747 dissimilitudinem.

335 1765 372 1772 *-

590 1794 636 1830 Si
659 1794 751 1829 enim
777 1794 885 1829 unius
907 1794 1047 1832 delicto.

430 1863 573 1909 Repetit
596 1863 819 1897 collationem
839 1864 1030 1907 perspicuis
1050 1865 1183 1899 verbis:
1213 1864 1311 1901 Sicut

331 1922 475 1961 propter
499 1914 605 1948 unius
629 1914 793 1948 delictum
820 1914 880 1946 alii
906 1915 985 1948 facti
1012 1923 1092 1949 sunt
1117 1917 1186 1957 rei,
1222 1917 1268 1950 ita
1294 1930 1311 1951 e

331 1967 475 2010 regione
497 1973 640 2010 propter
661 1976 771 1997 unum
792 1962 971 1998 Christum
996 1966 1054 1999 alii
1079 1968 1311 2000 reconcilian-

332 2025 391 2051 tur
410 2016 502 2054 Deo,
529 2022 561 2048 et
578 2015 665 2048 fiunt
691 2015 818 2058 accepti
839 2014 925 2048 Deo.
962 2015 1055 2049 Ilaec
1077 2018 1217 2051 collatio
1233 2030 1312 2061 per-

333 2068 451 2113 spicue
468 2066 632 2105 ostendit,
661 2077 723 2098 nos
742 2077 814 2098 non
832 2073 950 2099 nostro
967 2067 1103 2106 merito,
1120 2069 1178 2101 sed
1197 2069 1312 2103 alieno

333 2117 553 2152 reconciliari
573 2115 645 2149 Deo
669 2122 701 2149 et
719 2123 875 2158 acceptos
892 2128 972 2152 esse.

434 2167 503 2201 Hic
521 2166 652 2199 Paulus
668 2167 736 2199 duo
758 2167 958 2209 coniungit,
987 2166 1168 2208 Gratiam,
1195 2175 1227 2202 et
1250 2168 1314 2201 do-

335 2231 420 2253 num
437 2230 498 2262 per
513 2217 671 2260 gratiam.
727 2215 850 2249 Gratia
867 2217 1038 2260 significat
1056 2220 1239 2261 gratuitam
1259 2231 1315 2252 ac-

337 2269 569 2314 ceptationem
594 2274 735 2311 propter
762 2264 962 2309 Christum,
998 2265 1063 2301 hoc
1087 2276 1154 2309 est,
1191 2272 1313 2302 remis-

337 2321 469 2353 sionem
493 2325 713 2363 peccatorum
741 2318 925 2360 gratuitam
944 2346 953 2358 ,
986 2326 1019 2353 et
1046 2320 1314 2363 imputationem

337 2370 493 2404 iusticiae
522 2369 707 2412 gratuitam
739 2375 882 2412 propter
912 2366 1103 2403 Christum.
1171 2369 1314 2404 Donum

336 2432 398 2465 per
422 2420 564 2463 gratiam
588 2419 758 2462 significat
783 2419 1008 2453 donationem
1027 2420 1180 2464 Spiritus
1204 2422 1313 2456 sancti

336 2477 370 2504 et
386 2471 475 2504 vitae
493 2477 659 2503 aeternae.
707 2469 796 2502 Nam
812 2470 848 2502 in
867 2470 1071 2504 remissione
1095 2479 1313 2514 peccatorum

336 2519 567 2563 Evangelium
584 2520 688 2553 simul
705 2520 806 2553 offert
823 2520 993 2564 Spiritum
1012 2529 1181 2560 sanctum,
1211 2536 1313 2568 quem

337 2572 478 2616 quidem
497 2570 564 2602 fide
586 2571 792 2612 accipimus,
820 2583 897 2603 cum
921 2573 1024 2605 corda
1053 2573 1254 2616 eriguntur,
1283 2582 1314 2608 et

335 2621 538 2665 concipiunt
561 2620 834 2653 consolationem
869 2634 929 2664 per
955 2623 1113 2657 verbum.
1196 2623 1313 2668 Atque

335 2669 401 2706 hoc
418 2679 468 2707 est
486 2671 693 2706 beneficium
717 2671 799 2704 novi
818 2674 1012 2708 testamenti
1039 2685 1097 2708 seu
1114 2672 1311 2720 Evangelii,

909 109 1035 149 PHlL.
1063 111 1179 150 MEL.
1206 110 1418 148 SCRIPTA
1444 109 1743 149 EXEGETICA.

2249 117 2323 154 628

1335 199 1502 232 donatum
1523 196 1673 242 propter
1683 195 1877 241 Christum,
1904 200 2062 234 remissio
2079 207 2315 245 peccatorum,

1337 249 1522 293 imputatio
1553 249 1736 291 iustitiae,
1775 250 1920 283 donatio
1953 250 2106 296 Spiritus
2140 253 2251 287 sancti
2280 260 2316 288 et

1337 301 1428 334 vitae
1446 306 1616 333 aeternae.

1442 350 1564 384 Gratia
1588 361 1708 383 sumus
1732 349 1830 391 iusti,
1863 349 1986 384 Gratia
2009 358 2060 386 est
2086 359 2205 387 nostra
2228 353 2319 387 dile-

1340 401 1408 435 ctio
1440 408 1523 441 etc„
1576 400 1668 444 Ergo
1700 407 1819 434 nostra
1853 401 2040 435 dilectione
2074 414 2194 438 sumus
2225 405 2320 440 iusti.

1341 452 1552 495 Respondeo
1577 452 1621 485 ad
1652 451 1842 485 minorem:
1882 449 2032 486 Etiamsi
2062 452 2239 487 interdum
2272 455 2322 489 sic

1342 503 1511 546 accipitur
1538 502 1747 535 vocabulum
1771 501 1918 545 gratiae,
1950 509 2066 537 tamen
2091 503 2126 536 id
2151 502 2190 538 fit
2209 516 2324 539 κατα-

1339 554 1561 598 χρηστικῶς,
1588 554 1645 586 sed
1663 551 1832 596 significat
1848 553 1958 597 gratia
1976 553 2217 588 remissionem
2244 565 2324 601 pec-

1343 610 1509 637 catorum.

1445 653 1584 687 Iusticia
1603 664 1723 687 sumus
1739 653 1842 695 iusti,
1869 652 2010 688 Iusticia
2029 661 2080 689 est
2098 661 2217 690 nostra
2234 665 2325 701 qua-

1345 705 1441 745 litas,
1482 704 1575 748 Ergo
1608 711 1727 738 nostra
1756 704 1924 750 qualitate
1945 717 2065 740 sumus
2088 706 2182 741 iusti.
2248 704 2326 740 Re·

1345 756 1499 798 spondeo
1523 757 1565 788 ad
1591 756 1780 789 minorem:
1811 754 1951 790 Iusticia
1980 757 2017 789 in
2037 754 2091 790 his
2115 756 2328 801 disputatio-

1346 806 1473 845 nibus,
1507 806 1678 849 significat
1699 806 1993 852 acceptationem,
2028 813 2062 842 et
2085 807 2216 841 iustum
2241 817 2327 849 esse,

1347 864 1397 891 est
1415 867 1486 889 esse
1503 862 1694 900 acceptum.

1451 905 1590 940 Iusticia
1615 914 1665 941 est
1689 906 1726 940 in
1749 907 1949 947 voluntate,
1975 907 2081 942 Fides
2096 914 2146 943 est
2168 908 2205 942 in
2221 908 2328 943 intel-

1349 957 1460 1000 lectu,
1487 955 1582 1000 Ergo
1607 957 1676 990 fide
1704 969 1776 991 non
1802 969 1986 1002 possumus
2010 970 2083 992 esse
2107 959 2201 995 iusti.
2253 958 2328 994 Re-

1348 1008 1522 1052 spondeo:
1552 1007 1691 1041 Iusticia
1709 1019 1796 1053 quae
1814 1015 1864 1042 est
1880 1016 1999 1043 nostra
2024 1009 2188 1055 qualium,
2217 1016 2267 1044 est
2290 1010 2328 1043 in

1350 1059 1541 1093 voluntate.
1601 1056 1669 1091 Sed
1693 1058 1847 1099 iusticia,
1873 1059 1907 1092 id
1933 1066 2001 1100 est,
2035 1060 2243 1104 acceptatio,
2279 1067 2330 1094 est

1350 1109 1471 1142 relatio
1484 1133 1492 1147 ,
1519 1120 1590 1141 non
1608 1119 1696 1153 quae
1714 1106 1832 1142 haeret
1847 1108 1885 1142 in
1907 1109 2039 1155 aliquo.
2090 1109 2231 1145 Deinde
2246 1111 2332 1144 fides

1351 1167 1523 1204 quatenus
1547 1165 1598 1193 est
1622 1158 1783 1193 voluntas
1808 1159 2000 1203 accipiens,
2028 1172 2101 1194 non
2125 1167 2175 1195 est
2193 1167 2331 1196 tantum

1352 1211 1387 1243 in
1407 1210 1606 1250 intellectu,
1632 1210 1690 1242 sed
1710 1216 1761 1244 est
1776 1209 1879 1243 etiam
1895 1210 1932 1243 in
1950 1211 2142 1247 voluntate.

1450 1260 1565 1303 Vulgo
1582 1259 1728 1303 gratiam
1744 1260 1946 1304 intelligunt
1961 1259 2158 1295 scholastici
2174 1262 2334 1296 doctores

1352 1311 1461 1354 ipsam
1482 1311 1682 1355 qualitatem
1704 1311 1740 1343 in
1759 1311 1880 1352 nobis,
1915 1318 1947 1346 et
1974 1318 2099 1346 vocant
2117 1309 2333 1347 charitatem.

1353 1361 1488 1394 Deinde
1512 1362 1653 1405 quando
1672 1361 1820 1402 dicitur,
1846 1360 1976 1395 Sumus
1991 1362 2072 1396 iusti
2096 1374 2158 1406 per
2175 1362 2333 1406 gratiam,

1353 1412 1591 1453 imaginantur
1606 1409 1768 1444 homines
1786 1411 1895 1445 iustos
1910 1423 1981 1445 esse
1998 1419 2140 1456 propter
2152 1412 2334 1457 propriam

1353 1462 1574 1507 qualitatem,
1602 1461 1734 1495 scilicet
1756 1469 1898 1506 propter
1914 1459 2143 1505 charitatem,
2178 1460 2244 1496 hoc
2272 1469 2336 1504 est,

1355 1525 1481 1545 novam
1510 1512 1756 1545 obedientiam.
1812 1511 1863 1546 Ita
1890 1525 1962 1546 non
1988 1514 2114 1547 docent
2137 1511 2334 1558 apprehen-

1355 1564 1436 1596 dere
1467 1563 1698 1595 mediatorem
1723 1560 1924 1603 Christum,
1959 1570 1990 1597 et
2016 1564 2222 1609 relinquunt
2250 1575 2335 1597 con-

1355 1613 1515 1646 scientias
1540 1612 1675 1648 dubias.
1728 1611 1889 1657 Denique
1906 1613 1954 1646 sic
1972 1614 2117 1654 docere,
2142 1615 2237 1659 quod
2253 1625 2334 1647 sen-

1357 1664 1515 1697 tiendum
1539 1663 1602 1701 sit,
1645 1673 1709 1696 nos
1741 1674 1812 1695 esse
1844 1663 1952 1696 iustos
1984 1670 2126 1708 propter
2154 1665 2333 1709 propriam

1357 1714 1581 1759 qualitatem,
1616 1719 1665 1747 est
1697 1713 1857 1747 doctrina
1882 1714 1986 1757 legis,
2028 1721 2061 1748 et
2092 1715 2203 1750 multa
2231 1713 2336 1749 habet

1358 1764 1594 1798 incommoda.

1477 1813 1559 1847 Ideo
1593 1814 1700 1857 gratia
1733 1813 1951 1857 intelligatur
1981 1815 2144 1854 relative,
2185 1827 2249 1860 pro
2280 1827 2337 1849 ac·

1359 1865 1553 1909 ceptatione
1585 1865 1757 1908 gratuita,
1798 1872 1836 1899 ut
1866 1865 1909 1898 sit
1940 1865 2054 1906 idem,
2095 1865 2225 1900 Sumus
2257 1866 2339 1899 iusti

1361 1928 1420 1961 per
1450 1916 1594 1959 gratiam
1613 1942 1622 1956 ,
1664 1916 1759 1960 quod
1795 1915 1904 1956 illud,
1948 1915 2077 1949 Sumus
2103 1917 2233 1961 accepti
2262 1915 2339 1949 Deo

1360 1978 1424 1999 nos
1456 1966 1560 2008 gratis
1596 1973 1740 2013 propter
1769 1963 1951 2000 Christum
1988 1973 2212 2012 acceptante,
2243 1967 2339 2001 iuxta

1361 2017 1647 2062 promissionem,
1689 2016 1726 2048 in
1754 2028 1820 2061 qua
1849 2013 1934 2049 haec
1955 2017 2083 2060 gratia,
2117 2018 2153 2051 id
2179 2024 2248 2056 est,
2281 2029 2338 2051 ac-

1362 2068 1522 2112 ceptatio,
1540 2066 1715 2111 proposita
1734 2073 1793 2102 est.
1828 2066 1873 2100 Et
1889 2068 2100 2102 conscientia
2126 2075 2253 2103 statuat
2274 2078 2339 2102 nos

1363 2119 1488 2158 iustos,
1530 2118 1565 2150 id
1591 2124 1659 2158 est,
1700 2124 1857 2162 acceptos
1883 2129 1955 2150 esse
1983 2126 2127 2163 propter
2146 2117 2336 2158 Christum,

1363 2181 1426 2201 nee
1444 2168 1639 2202 intuebitur
1655 2168 1832 2212 propriam
1854 2168 2079 2211 dignitatem,
2107 2170 2165 2203 sed
2192 2169 2337 2202 verbum

1364 2231 1423 2252 seu
1445 2219 1733 2263 promissionem,
1768 2225 1801 2253 et
1825 2219 1919 2253 iuxta
1945 2216 2035 2252 hanc
2060 2226 2186 2254 statuet
2207 2219 2249 2251 de
2274 2230 2336 2250 vo·

1364 2271 1498 2303 lunt-ate
1516 2269 1578 2303 Dei
1604 2280 1681 2312 erga
1706 2281 1789 2310 nos,
1816 2276 1919 2315 atque
1941 2269 1986 2302 ita
2007 2266 2244 2313 apprehendet
2268 2268 2337 2302 fide

1363 2318 1542 2353 Christum
1568 2320 1809 2355 mediatorem.
1881 2319 1962 2353 Hoc
1987 2330 2065 2352 cum
2091 2319 2146 2360 fit,
2183 2320 2338 2353 donatur

1364 2370 1517 2416 Spiritus
1533 2377 1690 2409 sanctus,
1718 2377 1749 2404 et
1764 2370 1853 2404 fiunt
1872 2370 1909 2402 in
1925 2369 2028 2402 nobis
2046 2369 2130 2402 novi
2148 2377 2273 2404 motus.

1467 2420 1675 2455 Retineatur
1695 2432 1775 2464 ergo
1794 2427 1966 2465 utrunqe,
1995 2426 2026 2453 et
2048 2421 2141 2465 quod
2167 2421 2240 2454 fieri
2269 2432 2336 2454 no-

1365 2484 1425 2506 vos
1443 2479 1559 2506 motus
1578 2472 1615 2504 in
1633 2471 1735 2504 nobis
1752 2476 1906 2514 oportet,
1933 2476 1966 2503 et
1991 2473 2084 2515 quod
2109 2477 2226 2505 tamen
2252 2483 2338 2505 con-

1362 2524 1505 2558 scientia
1523 2523 1646 2556 debeat
1663 2527 1757 2554 extra
1773 2532 1836 2553 nos
1851 2520 1982 2554 intueri
1999 2521 2223 2555 mediatorem
2233 2519 2338 2556 Chri-

1363 2581 1454 2607 stum
1467 2599 1475 2612 ,
1502 2581 1534 2607 et
1551 2579 1709 2612 statuere,
1728 2572 1822 2615 quod
1842 2577 1984 2615 propter
1999 2571 2099 2605 illum
2118 2572 2226 2606 simus
2242 2572 2336 2610 iusti,

1362 2625 1396 2657 id
1417 2631 1484 2664 est,
1511 2623 1658 2667 accepti,
1683 2629 1715 2656 et
1740 2620 1805 2655 hoc
1830 2628 1879 2655 est
1905 2621 2019 2655 dicere
2046 2620 2206 2656 homines
2225 2623 2335 2656 iustos

1361 2687 1432 2709 esse
1462 2686 1523 2720 per
1546 2673 1711 2718 gratiam,
1746 2672 1929 2716 videlicet,
1955 2674 2049 2720 quod
2076 2673 2147 2709 sint
2164 2673 2268 2716 iusti,
2294 2672 2333 2707 id

2410 2536 2414 2549 l
