2415 2942
88 106 165 142 509
398 104 498 142 xm.
548 107 583 141 2.
615 102 983 141 COMMENTARII
1011 104 1061 140 IN
1088 104 1242 142 EPIST.
1270 104 1417 142 PAULI
1443 106 1511 142 AD
1538 105 1801 144 ROMANOS.
2046 112 2121 148 510

87 194 219 227 bantur
235 191 271 224 in
290 192 457 226 omnibus
467 191 632 237 periculis
648 198 681 226 et
696 191 903 226 terroribus.
933 189 978 225 Et
995 192 1074 236 qui·
1101 195 1106 207 '
1133 198 1166 226 et
1193 193 1459 227 meminerimus
1477 191 1711 237 Evangelium
1739 206 1812 228 esse
1834 208 1954 230 vocem
1973 198 2121 241 promit-

88 245 167 277 dem
182 249 308 276 norant
328 240 423 276 hunc
440 242 634 277 Dominum
656 243 725 276 sibi
742 243 876 282 adesse,
911 242 1000 275 sicut
1022 242 1073 275 la-
1128 249 1260 278 tentem
1279 252 1310 278 et
1329 243 1550 278 exhibentem
1574 243 1658 279 haec
1677 247 1840 279 beneficia
1854 274 1862 287 ‚
1889 248 1978 281 sicut
2004 248 2120 293 iuquit

86 295 150 328 cob
173 294 300 328 diserte
319 295 435 339 inquit
456 293 584 328 Genes.
603 294 680 327 48.:
717 293 874 336 Angelus
897 292 958 338 qui
984 293 1072 326 libe-
1127 292 1276 328 Paulus:
1306 294 1540 338 Evangelium
1563 304 1612 330 est
1640 299 1794 339 potentia
1813 296 1878 331 Dei
1902 300 1944 331 ad
1971 299 2119 333 salutem

83 345 174 379 ravit
192 357 245 377 me
263 346 306 378 de
325 346 459 380 cunctis
475 345 597 386 malis,
627 344 811 378 benedicat
836 344 954 388 pueris
979 344 1070 377 istis:
1126 345 1221 376 omni
1247 347 1423 386 credenti,
1460 347 1494 379 id
1523 354 1593 387 est,
1627 346 1860 391 Evangelium
1886 350 1989 383 ofl'ert
2014 351 2117 383 nobis

81 396 259 441 praedicat
276 396 369 429 enim
388 409 468 430 eum
487 395 699 435 Dominum,
728 406 789 439 per
812 406 915 439 quem
939 407 956 426 a
983 406 1070 427 cun-
1124 395 1269 436 gratiam
1298 403 1331 429 et
1358 397 1462 430 vitam
1489 403 1686 438 aeternam,
1714 400 1820 439 gratis
1847 407 1990 445 propter
2011 399 2117 435 Chri-

81 448 145 481 ctis
161 447 260 480 malis
278 447 448 480 liberatus
469 454 536 485 est,
573 453 607 480 et
625 447 669 479 ab
689 444 754 479 hoc
771 446 875 488 petit,
903 452 943 478 ut
961 446 1067 478 bene-
1123 451 1235 486 stum,
1262 458 1334 479 non
1364 454 1505 490 propter
1527 448 1650 490 legem.
1711 448 1755 482 Et
1778 462 1839 492 per
1863 448 1929 484 hoc
1954 451 2116 495 Evange-

81 499 175 531 dicat
191 499 348 541 posteris.
402 497 496 531 Haec
512 509 608 530 nunc
625 504 771 541 possunt
787 496 908 535 aliter,
936 497 1003 529 nisi
1025 498 1067 529 de
1122 495 1207 528 lium
1223 496 1317 530 Deus
1334 510 1412 530 vere
1437 505 1487 531 est
1513 499 1650 539 efficax,
1677 500 1735 532 dat
1753 500 1924 542 Spiritum
1944 511 2115 544 sanctum,

82 550 154 582 filio
175 548 240 582 Dei
265 549 426 593 intelligi.
485 546 531 582 Et
548 547 677 581 Paulus
695 548 765 589 ait,
792 547 902 580 filium
921 545 985 581 Dei
1007 560 1067 580 co—
1120 547 1237 581 incoat
1254 548 1289 580 in
1307 549 1411 582 nobis
1428 561 1553 582 novam
1575 550 1686 582 lucem
1705 557 1737 583 et
1754 551 1860 583 vitam
1879 560 2067 587 aeternam.

79 600 243 633 mitatum
261 611 333 633 esse
350 606 459 633 castra
479 599 600 643 populi
619 597 739 632 Israe'l.
794 597 944 631 loannes
961 599 1064 632 etiam
1226 598 1410 632 Peccatum
1432 612 1504 632 non
1529 601 1699 642 siguificat
1724 608 1860 634 tantum
1885 603 2038 637 actiones
2059 605 2113 637 vi-

79 651 216 696 inquit,
243 651 361 684 omnia
388 662 449 695 per
470 647 564 683 huuc
587 649 700 682 filium
726 650 814 682 facta
839 660 928 690 esse,
957 657 989 683 et
1010 649 1065 682 lu—
1119 649 1223 682 tiosas
1242 675 1252 690 ,
1291 650 1378 683 sicut
1412 649 1623 699 Philosophi
1659 652 1701 684 de
1740 652 1912 686 vocabulo
1942 654 2110 699 iudicant,

80 713 153 734 cem
172 702 208 734 in
227 702 379 735 tenebris
396 701 544 736 fulsisse..
591 698 728 734 Omnes
744 697 918 743 triumphi
937 701 1064 733 adver·
1117 700 1176 732 sed
1202 701 1451 742 complectitur
1479 703 1583 735 etiam
1616 702 1793 745 ingentem
1821 704 2110 744 imbecillitatem,

78 763 136 786 sus
161 753 341 786 diabolum
363 752 453 796 parti
475 757 558 785 sunt
583 763 644 794 per
668 748 763 784 hunc
787 751 911 786 filium.
985 750 1063 784 Noe'
1117 762 1205 795 quae
1232 752 1416 785 nobiscum
1441 753 1618 793 nascitur,
1645 765 1734 798 quae
1759 761 1904 787 vocatur
1930 763 2109 799 peccatum

79 810 253 844 servatus,
294 804 456 836 defensus
488 799 694 843 Abraham,
733 801 900 835 excitatus
925 799 1063 845 Ioseph,
1117 801 1281 844 originis,
1317 804 1410 847 quod
1438 803 1501 836 etsi
1524 803 1637 836 securi
1663 802 1822 838 homines
1848 805 2006 839 iudicant
2034 807 2110 840 leve

78 854 245 887 liberatus
262 854 413 897 populus
438 866 477 886 ex
498 854 677 899 Aegypto,
706 852 833 887 Daniel
858 853 959 887 etiam
982 865 1061 886 cum
1115 853 1246 885 malum
1272 864 1363 894 esse,
1405 855 1476 887 imo
1500 852 1710 899 Philosophi
1734 868 1777 888 ue
1807 857 1938 889 malum
1965 857 2108 902 quidem

77 917 116 937 eo
149 904 374 949 colloquitur.
451 903 510 938 Sic
535 902 770 947 Evangetium
808 904 1060 948 Apostolorum
1115 914 1187 936 esse
1201 905 1431 945 arbitrantur,
1447 906 1676 949 tamenlonge
1692 906 1793 939 aliter
1803 906 2031 942 iudicandum
2048 916 2109 944 est.

77 955 308 988 concionatur
332 957 375 988 de
399 952 562 995 Christo,
597 962 744 990 testatur
769 967 840 988 esse
871 955 1060 995 victimam,
1112 953 1193 988 Non
1217 962 1299 988 sunt
1316 956 1405 989 levia
1421 956 1512 990 mala
1528 957 1691 990 tenebrae
1707 970 1746 990 ac
1766 958 1941 991 dubitatio
1956 960 1999 992 de
2018 958 2106 1000 Deo,

75 1005 298 1039 liberatorem
335 1013 369 1039 et
399 1007 607 1040 salvatorem
625 1032 635 1047 ‚
677 1014 709 1040 et
733 1007 830 1040 iubet
863 1017 927 1039 nos
951 1006 1059 1039 confi-
1114 1018 1159 1039 an
1185 1013 1281 1040 curet
1306 1004 1481 1048 humana,
1512 1019 1557 1040 an
1584 1008 1726 1051 puniat,
1760 1020 1804 1041 an
1826 1009 1913 1050 alat,
1939 1021 1984 1042 an
1999 1010 2106 1049 iuvet,

77 1058 158 1089 dere
183 1054 248 1089 hoc
273 1057 363 1090 duce
392 1064 425 1090 et
451 1057 654 1092 liberatore.
708 1056 807 1090 Sicut
829 1064 861 1090 et
887 1057 1059 1100 plurimae
1112 1069 1156 1089 an
1183 1058 1345 1090 exaudiat
1368 1056 1545 1091 homines:
1583 1057 1669 1092 Item
1696 1071 1818 1092 vacare
1842 1067 1957 1098 metu,
1985 1072 2105 1094 amore

73 1107 266 1141 sententiae
291 1107 328 1140 in
348 1107 534 1150 Prophetis
557 1108 702 1145 docent,
735 1115 774 1141 ut
797 1107 925 1142 Psalm.
941 1110 975 1142 2.
1003 1108 1058 1140 in-
1084 1140 1088 1164 ι
1110 1106 1196 1148 Dei,
1231 1121 1347 1141 amare
1372 1121 1435 1142 nos
1460 1110 1553 1153 ipsos
1577 1110 1735 1153 neglecto
1759 1108 1855 1150 Deo,
1890 1111 2013 1143 mirari
2037 1124 2104 1144 no-

73 1158 165 1202 quit:
193 1155 417 1191 Osculamini
440 1158 564 1193 filium.
615 1157 716 1191 Beati
740 1170 862 1192 omnes
885 1159 947 1203 qui
973 1171 1056 1191 con-
1083 1167 1087 1205 χ
1111 1167 1216 1192 stram
1242 1160 1469 1203 sapientiam,
1515 1160 1637 1193 ludere
1667 1161 1897 1203 opinionibus
1927 1161 2103 1203 fugiendis

72 1209 187 1242 fidunt
213 1208 251 1241 in
274 1220 326 1244 eo,
385 1209 437 1242 Ac
460 1209 536 1242 sine
565 1206 629 1242 hac
652 1209 737 1248 fide,
765 1209 801 1242 id
826 1217 896 1248 est,
931 1209 1056 1242 fiducia
1079 1212 1090 1889 Ι
1113 1211 1155 1242 de
1171 1210 1269 1250 Deo,
1299 1208 1482 1254 Epicureis
1504 1218 1561 1244 aut
1589 1211 1855 1255 superstitiosis,
1884 1209 2013 1245 habere
2036 1213 2103 1246 im-

71 1259 334 1292 misericordiae
368 1260 558 1303 promissae
595 1267 738 1303 propter
770 1260 882 1293 filium
903 1286 912 1301 ,
959 1260 1058 1293 nulla
1113 1266 1211 1302 petus
1230 1261 1325 1293 varie
1343 1268 1518 1301 errantes,
1546 1273 1684 1295 aversos
1701 1274 1718 1294 a
1736 1260 1829 1303 Deo,
1857 1270 1889 1296 et
1908 1271 2102 1306 pugnantes

74 1316 125 1343 est
150 1322 230 1343 vera
255 1308 319 1343 Dei
345 1310 540 1351 invocatio,
577 1310 668 1344 nulli
693 1310 765 1343 veri
790 1311 916 1346 cultus.
968 1309 1058 1343 Nam
1112 1323 1191 1343 curn
1216 1311 1290 1353 lege
1317 1310 1392 1346 Dei.
1447 1312 1543 1345 Haec
1569 1324 1640 1345 esse
1665 1313 1819 1355 ingentia
1845 1314 1954 1354 mala,
1982 1321 2101 1347 osten-

1112 1362 1201 1394 dunt
1218 1373 1360 1405 poenae.
1420 1361 1509 1396 Nam
1533 1370 1677 1406 propter
1696 1361 1781 1396 haec
1798 1365 1886 1396 mala
1904 1363 1999 1398 Deus
2018 1366 2102 1399 sub-

1113 1411 1191 1444 iecit
1213 1423 1323 1454 genus
1348 1410 1541 1446 humanum
1569 1414 1694 1454 morti,
1722 1414 1825 1458 punit
1841 1422 1874 1448 et
1891 1418 2025 1450 coercet
2044 1416 2100 1448 in·-

1112 1463 1275 1504 gentibus
1301 1463 1571 1498 calamitatibus.
1626 1464 1765 1498 Deinde
1787 1478 1867 1499 cum
1886 1466 1984 1500 Deus
2002 1468 2100 1501 nulla

1112 1513 1254 1546 victima
1272 1514 1402 1561 placari
1426 1515 1595 1556 voluerit,
1622 1516 1688 1548 nisi
1714 1515 1779 1550 filii
1802 1524 1933 1558 morte,
1961 1529 2101 1552 necesse

1112 1571 1162 1598 est
1187 1564 1307 1607 ingens
1334 1577 1405 1598 esse
1433 1566 1582 1606 malum,
1625 1568 1719 1610 quod
1746 1574 1843 1601 tanto
1868 1569 1981 1615 pretio
2005 1570 2100 1602 redi-

1111 1616 1279 1648 mendum
1296 1616 1374 1649 fuit.
1431 1615 1564 1649 Mirum
1593 1624 1643 1650 est
1666 1624 1803 1650 tantum
1830 1618 1867 1650 in
1885 1619 2012 1652 animis
2031 1617 2100 1653 hu-

1111 1666 1224 1699 manis
1241 1673 1419 1710 stuporem
1437 1679 1527 1704 esse,
1554 1674 1593 1701 ut
1608 1665 1702 1701 hunc
1718 1669 1882 1702 morbum
1900 1682 1973 1703 non
1991 1681 2100 1714 agno-

1110 1725 1217 1752 scant.
1271 1716 1389 1760 Quare
1407 1717 1501 1751 Deus
1519 1719 1674 1763 patefieri
1693 1731 1773 1752 eum
1793 1731 1854 1753 sua
1871 1733 1954 1754 voce.
1972 1733 2009 1754 ac
2033 1722 2099 1755 do-

1110 1768 1221 1801 ctrina
1245 1769 1370 1802 voluit.
1430 1768 1523 1803 Huic
1546 1770 1796 1809 assentiamur,
1824 1783 1888 1804 nec
1911 1772 2098 1807 audiamus

1109 1819 1349 1853 cavillationes
1366 1818 1632 1864 sophistarum,
1664 1821 1724 1866 qui
1749 1821 1865 1855 rident
1882 1821 2098 1857 Sardonium

1109 1870 1241 1911 risum,
1270 1878 1303 1904 et
1330 1872 1492 1904 morbum
1517 1878 1723 1912 extenuant,
1749 1872 1874 1906 leviter
1891 1881 2015 1907 curant
2031 1871 2098 1907 ho-

1109 1922 1209 1955 stiam
1233 1920 1433 1962 Christum,
1468 1929 1528 1956 aut
1554 1923 1659 1957 etiam
1687 1935 1829 1966 prorsus
1853 1931 2097 1959 contemnunt.

1109 1970 1166 2005 Ab
1185 1973 1244 2006 illa
1261 1973 1368 2016 impia
1388 1971 1613 2018 philosophia
1636 1975 1735 2008 decet
1756 1986 1821 2008 nos
1842 1975 1970 2009 animis
1993 1982 2098 2021 atque

1109 2023 1254 2057 auribus
1278 2022 1480 2058 abhorrere.

1214 2074 1406 2109 Iustificare
1429 2075 1603 2109 Hebraica
1635 2073 1754 2120 phrasi
1784 2076 1927 2118 usitate,
1962 2084 2012 2111 est
2041 2077 2097 2111 iu-

1107 2132 1200 2160 stum
1227 2127 1462 2170 pronunciare
1484 2127 1540 2159 vel
1564 2133 1745 2171 reputare,
1771 2135 1810 2162 ut
1827 2126 1976 2161 Ebraice
2002 2128 2097 2162 dice-

1107 2184 1221 2211 retur:
1248 2177 1405 2221 Populus
1422 2176 1608 2212 Romanus
1625 2177 1827 2222 Scipionem
1850 2186 2050 2212 accusatum
2077 2192 2095 2213 a

1108 2226 1281 2262 Tribunis
1299 2228 1518 2268 iustificavit,
1545 2229 1580 2261 id
1598 2235 1666 2269 est,
1693 2229 1861 2270 absolvit,
1888 2241 1947 2262 seu
1963 2230 2094 2263 iustum

73 1372 136 1404 per
153 1358 247 1394 hunc
263 1360 467 1394 Pontificem
495 1358 664 1394 habemus
686 1361 821 1394 aditum
843 1361 886 1393 ad
912 1367 1059 1404 patrem,

71 1417 111 1444 ut
129 1422 228 1454 saepe
245 1411 413 1454 scriptum
434 1418 495 1446 est.
547 1409 754 1444 Execranda
774 1417 824 1444 est
849 1410 959 1453 igitur
981 1422 1059 1444 cae-

72 1461 156 1494 citas
175 1461 335 1501 illorum,
358 1461 418 1506 qui
436 1461 574 1504 fingunt
589 1460 823 1504 Evangelium
848 1472 920 1494 esse
948 1461 1056 1504 legem

71 1512 309 1546 coutinentem
339 1519 521 1559 praecepta
551 1513 723 1557 quaedam
756 1513 799 1545 de
822 1519 944 1546 mutua
968 1513 1058 1545 ‹lile-

71 1563 197 1604 ctione,
213 1562 347 1607 requiri
366 1570 480 1597 autem
498 1562 614 1606 fidem,
632 1563 666 1596 id
685 1569 745 1602 est,
763 1563 929 1597 noticiam
944 1560 1056 1597 histo-

69 1614 139 1647 riae
165 1615 207 1646 de
225 1611 384 1654 Christo,
411 1621 443 1647 et
468 1611 562 1647 huuc
592 1612 794 1648 habendum
814 1625 885 1647 esse
912 1626 974 1658 pro
993 1615 1057 1647 do-

71 1672 184 1698 ctore:
226 1671 266 1698 ut
298 1663 459 1699 Socrates
498 1671 559 1699 aut
590 1662 802 1710 Phocylides
833 1665 1057 1699 tradiderunt

70 1716 163 1749 bona
187 1722 378 1759 praecepta.
438 1714 483 1749 Et
509 1715 774 1759 imaginandum
801 1713 962 1749 homines
985 1727 1057 1750 esse

70 1767 179 1801 iustos
203 1773 346 1811 propter
372 1766 432 1800 illa
461 1767 661 1800 dilectionis
685 1767 819 1810 officia,
853 1768 912 1800 sed
939 1774 1055 1801 tamen

71 1817 304 1851 dubitandum
322 1829 411 1856 esse,
439 1829 484 1850 an
502 1817 595 1851 Deus
612 1818 767 1862 ignoscat
784 1818 908 1861 nobis,
937 1830 981 1850 an
998 1830 1056 1850 ex-

70 1869 188 1902 audiat
211 1880 293 1907 nos,
333 1881 378 1902 an
408 1868 542 1913 aliquid
569 1869 614 1903 sit
640 1870 671 1902 ei
696 1869 829 1912 negotii
858 1869 1055 1904 nobiscum.

69 1919 121 1953 lta
162 1918 331 1953 Monachi
372 1926 404 1953 et
446 1932 543 1953 nunc
585 1920 728 1965 quidam
771 1917 1054 1965 Philosophastri

67 1971 319 2004 transformant
344 1969 576 2014 Evangelium
603 1971 640 2004 in
670 1971 903 2004 academicam
936 1968 1055 2016 philo-

69 2019 250 2065 sophiam,
278 2021 313 2054 id
339 2027 406 2062 est,
440 2022 636 2056 doctrinam
664 2023 708 2056 de
729 2023 913 2065 operibus:
943 2030 977 2056 et
1000 2022 1054 2055 iu-

70 2073 156 2105 bent
171 2072 334 2105 dubitare
351 2072 394 2104 dc
411 2073 704 2119 promissionibus
721 2073 852 2107 divinis
864 2101 873 2114 ‚
898 2085 961 2106 nec
988 2074 1052 2106 do-

73 2129 151 2155 cent
174 2122 298 2162 fidem,
325 2123 361 2154 id
385 2129 452 2161 est,
479 2123 662 2165 fiduciam,
689 2136 779 2169 quae
801 2125 929 2158 nititur
948 2121 1056 2158 Chri-

72 2180 125 2206 sto
157 2173 345 2206 liberatore
363 2199 372 2212 ,
413 2173 500 2216 petit
522 2180 555 2206 et
581 2181 736 2218 expectat
765 2182 909 2219 propter
938 2175 1054 2219 ipsum

69 2224 238 2257 beneficia
255 2223 423 2267 promissa
441 2224 669 2257 necessariam
691 2237 773 2261 esse.
826 2225 929 2270 Rogo
949 2227 1057 2270 igitur

69 2287 191 2308 omnes
213 2274 287 2319 pios
308 2275 472 2313 lectores,
508 2275 537 2307 si
562 2282 682 2309 amant
706 2273 906 2318 Christum,
932 2284 972 2311 ut
999 2275 1055 2309 hic
1108 2279 1369 2322 pronunciavit.
1446 2278 1495 2313 Ita
1520 2280 1557 2312 in
1580 2276 1636 2312 his
1665 2278 1766 2312 Pauli
1796 2280 2097 2324 disputationibus

69 2326 293 2359 considerent
325 2326 515 2359 discrimen
541 2326 625 2370 legis
656 2333 689 2360 et
711 2324 918 2370 Evangelii,
959 2327 1055 2361 Most
1108 2337 1200 2364 certo
1226 2330 1376 2364 sciamus
1397 2330 1680 2364 iustificationem
1699 2330 1894 2373 significare
1919 2332 2097 2365 remissio-

71 2385 104 2410 et
121 2374 270 2417 Christi,
299 2384 331 2411 et
344 2377 532 2421 diligenter
547 2377 715 2421 cogitent,
743 2390 832 2422 quae
854 2379 965 2421 gloria
990 2379 1055 2412 tri-
1108 2392 1188 2413 nem
1208 2388 1440 2426 peccatorum,
1460 2388 1493 2415 et
1507 2380 1780 2425 acceptationem
1797 2382 1840 2414 ad
1858 2382 1966 2415 vitam
1983 2390 2096 2417 aeter-

71 2428 209 2462 huenda
234 2428 277 2461 sit
299 2428 372 2462 filio
391 2426 475 2469 Dei,
504 2428 563 2473 qui
581 2429 650 2463 sint
672 2428 745 2461 veri
767 2426 940 2469 honores,
967 2441 1055 2474 quos
1107 2443 1206 2471 nam,
1233 2433 1322 2466 sicut
1339 2433 1421 2466 satis
1439 2431 1620 2475 perspicue
1639 2438 1786 2465 testatur
1802 2440 1906 2476 caput
1930 2441 2096 2478 quartum

72 2479 104 2512 ei
126 2479 338 2517 tribuerunt.
397 2478 519 2513 Patres
536 2478 681 2520 Adam,
705 2478 830 2521 Iacob,
857 2478 1054 2524 Prophetae
1105 2483 1148 2515 ad
1175 2481 1377 2524 Romanos,
1404 2483 1467 2516 ubi
1491 2482 1614 2516 definit
1639 2482 1921 2517 iustificationem
1946 2496 2018 2517 esse
2040 2496 2096 2517 re-

69 2536 104 2563 et
130 2528 301 2573 Apostoli.
375 2528 432 2564 Ab
452 2528 508 2565 his
535 2531 709 2564 discamus
729 2528 912 2565 Christum
934 2532 1054 2565 adesse
1106 2533 1309 2567 missionem
1327 2540 1559 2578 peccatorum.
1620 2530 1686 2567 Est
1702 2544 1802 2577 ergo,
1825 2533 1914 2568 Fide
1928 2535 2096 2568 iustifica-

68 2591 152 2614 suae
173 2580 348 2614 Ecclesiae
370 2582 514 2622 ducem,
553 2582 846 2625 gubernatorem,
886 2582 1053 2617 liberato·
1076 2562 1081 2618 l
1104 2597 1204 2626 mur,
1232 2585 1325 2618 idem
1351 2586 1448 2629 quod
1472 2590 1679 2628 reputamur
1702 2584 1785 2618 iusti
1810 2597 1828 2618 a
1851 2584 1928 2618 Deo
1952 2592 2097 2629 propter

68 2643 163 2671 rem,
189 2632 408 2673 salvatorem,
433 2633 654 2667 defensorem
671 2634 836 2668 adversus
853 2633 1052 2668 diabolum:
1104 2633 1304 2674 Christum,
1331 2647 1409 2669 cum
1427 2635 1614 2669 credimus.
1667 2634 1713 2669 Et
1731 2636 1960 2677 vocabulum,
1989 2635 2094 2669 Iusti—

67 2683 242 2718 discamus
260 2689 293 2717 et
314 2683 381 2716 fide
401 2683 604 2729 accipienda
625 2696 698 2718 esse
719 2684 890 2720 beneficia
907 2681 1052 2724 Christi,
1075 2700 1079 2732 g
1106 2686 1179 2726 cia,
1211 2698 1285 2720 non
1311 2683 1370 2720 hic
1395 2685 1568 2730 significat
1589 2685 1764 2721 iusticiam
1790 2687 1895 2731 legis,
1927 2698 1988 2721 seu
2011 2687 2096 2721 obe-
