2415 2942
283 117 377 156 1215

487 196 601 229 Lucae
631 193 674 226 10
701 205 707 225 :
747 188 817 231 Qui
845 199 906 220 vos
930 187 1046 224 audit,
1083 198 1137 219 me
1162 186 1262 219 audit

292 256 404 289 Roma
430 253 475 282 l.:
506 244 733 286 livaiigelinrn
753 247 802 272 est
820 238 973 283 potentia
986 237 1048 269 Dei
1066 237 1106 269 ad
1127 236 1272 269 salntem

293 303 387 338 ‹unui
406 297 572 332 credenti.
626 293 748 327 Esaiae
768 288 843 324 55.:
869 287 1024 321 Verbum
1044 300 1158 320 meum
1179 288 1271 331 quod

294 353 490 388 eoi-edietnr
507 350 548 380 (Ie
566 357 624 378 ore
644 355 731 382 meo,
747 354 818 374 non
838 340 963 372 redibit
982 339 1021 370 ad
1042 350 1095 370 me.
1114 350 1275 377 vacuum,

295 382 353 439 sgd
382 401 504 434 efficiet
528 396 665 435 omnia,
693 404 781 438 quae
806 391 897 424 volo.
951 389 1074 422 Esaiae
1092 386 1170 422 5l.:
1208 387 1274 420 Po-

299 455 350 488 sui
370 452 473 484 verba
493 460 566 480 mea
584 447 619 478 in
643 457 702 478 ore
725 451 802 482 tuo,
829 449 861 474 et
882 441 1006 473 umbra
1032 451 1155 472 manus
1182 449 1277 471 meae

299 511 476 550 protegam
509 507 557 538 te,
598 503 632 530 ut
667 495 800 539 plantes
831 492 956 526 coelos.
1011 488 1178 523 lobannis
1203 488 1278 523 17.:

300 557 378 590 h'on
400 564 463 596 pro
488 549 541 582 his
560 555 693 581 tantum
713 556 796 584 oro,
823 544 881 575 sed
908 542 1010 574 etiam
1041 553 1104 584 pro
1131 541 1192 581 iis,
1219 540 1278 584 qui

301 603 466 640 credituri
485 606 567 634 sunt
586 610 645 642 per
665 595 819 628 Verbum
839 605 957 625 eorum
979 592 1012 623 in
1034 603 1099 625 me.

404 653 497 686 Haec
515 657 547 683 et
566 648 692 681 similia
711 644 908 679 testimonia
928 643 998 675 sint
1018 641 1120 674 nobis
1137 640 1172 672 in
1192 651 1280 672 con-

304 712 444 750 spectu,
480 709 518 734 ut
542 706 635 733 certo
663 704 873 734 statuamus,
912 705 991 725 vere
1018 691 1135 734 colligi
1163 689 1282 725 Eccle-

304 759 389 791 siam
408 754 481 788 Deo
494 779 502 791 ‚
528 750 811 796 quandocunque
829 752 860 778 et
882 744 1083 787 ubicunque
1101 748 1200 774 sonat
1219 752 1284 773 vox

304 804 487 848 Evangelii
509 803 729 842 incorrupta,
757 804 789 829 et
807 796 839 827 id
859 794 1093 827 ministerium
1114 804 1192 825 vere
1214 802 1286 824 esse

305 859 435 892 efficax.
489 852 588 886 llanc
632 846 934 882 confirmationem
979 844 1081 877 nobis
1122 842 1287 876 omnibus

307 906 535 942 necessariam
559 913 631 934 esse
657 897 880 943 perspicuum
905 903 973 933 est,
1021 906 1109 938 quae
1138 894 1289 926 illustrat

307 958 494 993 articulum
519 951 688 992 symboli:
724 948 835 982 Credo
859 959 930 979 esse
955 945 1146 979 Ecclesiam
1169 941 1290 977 catho-

308 1011 430 1047 licam,
457 993 655 1038 sauciorum
680 999 976 1033 communionem.

411 1056 471 1091 Est
491 1062 604 1088 antem
626 1052 761 1084 illustre
782 1048 1020 1081 testimonium
1044 1044 1111 1079 hoc
1134 1045 1211 1078 loco
1228 1056 1290 1088 po-

309 1111 434 1148 situm,
468 1109 510 1140 de
529 1117 598 1149 quo
622 1109 739 1147 postea
764 1101 890 1134 dicam.
943 1097 1031 1131 Cum
1058 1095 1291 1139 promulgatio

311 1162 399 1205 legis
431 1170 500 1191 non
531 1155 635 1189 fuerit
665 1152 796 1191 inanis,
844 1150 901 1182 sed
936 1147 1099 1182 habuerit
1130 1158 1211 1179 suos
1243 1146 1291 1178 es-

309 1214 419 1246 sectns
438 1235 446 1248 ‚
497 1205 782 1240 constitutionem
830 1201 972 1245 politiae
1017 1198 1216 1237 Mosaicae‚
1262 1203 1294 1229 et

313 1263 423 1296 multa
450 1256 648 1292 testimonia
685 1252 898 1298 praesentiae
920 1250 1008 1284 Dei:
1055 1249 1198 1292 Quanto
1222 1259 1294 1280 ma-

313 1314 364 1357 gis
390 1324 453 1343 vox
489 1306 671 1349 Evangelii
701 1304 766 1337 erit
799 1303 938 1340 efficax,
992 1308 1025 1334 ct
1055 1311 1134 1332 vere
1165 1299 1294 1331 adferet

315 1371 452 1397 aeterna
477 1361 590 1397 bona,
619 1367 706 1399 quae
733 1352 923 1397 promittit,
959 1363 1037 1383 cum
1062 1356 1204 1393 propter
1229 1347 1296 1381 boc

315 1411 550 1449 ministerium
595 1407 710 1450 priora
752 1403 869 1436 omnia
913 1403 1001 1434 sacta
1046 1401 1126 1432 sint.
1199 1398 1295 1440 Quid

317 1465 411 1498 enim
438 1462 617 1505 prodesset
643 1455 762 1499 politia
782 1452 929 1486 mortuis
949 1451 1104 1495 patribus
1123 1447 1297 1485 Abrahae,

319 1515 430 1552 lsaac,
459 1510 582 1545 iacob,
610 1508 668 1552 qui
691 1517 764 1538 eam
783 1515 965 1547 nunquam
985 1500 1176 1534 viderunt?
1218 1499 1299 1532 Alia

316 1566 424 1608 igitur
444 1562 574 1594 maiora
596 1559 686 1590 bona
708 1561 946 1598 expectarunt.
1000 1552 1068 1586 Sed
1090 1552 1132 1584 de
1149 1547 1202 1583 his
1222 1561 1299 1582 ver-

317 1617 371 1650 bis
396 1615 428 1647 in
454 1620 546 1645 textu
574 1616 688 1654 postea
714 1607 881 1639 dicemus.

419 1663 492 1697 Alii
518 1660 716 1694 somniant:
759 1654 904 1688 Etiamsi
935 1665 1006 1685 non
1036 1659 1086 1685 est
1110 1651 1226 1684 inanis
1250 1650 1300 1683 fa-

318 1717 401 1751 bula
426 1711 678 1755 Evangelinm,
706 1715 821 1741 tamen
849 1712 899 1737 est
922 1711 1057 1737 tantum
1082 1703 1153 1741 lex,
1182 1708 1214 1734 et
1239 1699 1302 1733 hac

318 1765 502 1809 disciplina
536 1761 696 1796 homines
728 1764 808 1790 sunt
842 1756 942 1795 iusti,
990 1766 1093 1799 quam
1126 1759 1304 1796 praestant

319 1818 456 1850 viribus
480 1812 665 1852 humanis,
707 1816 851 1842 naturae
880 1813 1059 1850 utcunque
1086 1804 1305 1837 imitantibus

320 1871 442 1912 legem.

421 1915 513 1950 Huic
531 1913 637 1946 falsae
655 1908 920 1953 imaginationi,
947 1908 989 1940 de
1010 1918 1076 1951 qua
1104 1917 1181 1940 cum
1198 1904 1306 1938 Pseu—

321 1966 536 2012 doapostolis
562 1975 698 2006 semper
722 1961 883 1999 dimicat,
926 1958 1073 2002 opponit
1104 1963 1306 2001 sequentem

323 2017 531 2055 antithesin:
560 2013 656 2048 Dens
680 2013 761 2045 fecit
787 2022 850 2043 nos
875 2010 1053 2042 ministros
1078 2020 1149 2040 non
1178 2007 1308 2047 literae,

324 2072 382 2105 sed
417 2068 588 2113 spiritus:
638 2064 738 2097 litera
767 2062 860 2094 enim
893 2060 1037 2099 occidit,
1075 2059 1132 2091 sed
1165 2058 1309 2102 spiritus

323 2121 489 2155 vivificat.

438 2169 507 2203 Hic
553 2166 706 2211 primum
755 2161 1007 2207 adpellationes
1053 2159 1309 2193 discernantur.

326 2220 504 2264 Origenes
522 2225 555 2252 et
574 2216 676 2250 multi
701 2215 780 2255 alii,
805 2213 893 2246 sicut
912 2210 1221 2252 pseudoapostoli,
1250 2223 1310 2243 co-

328 2275 484 2317 gitarunt
525 2266 757 2310 Evangelium
800 2264 910 2306 legem
958 2261 1126 2294 moralem
1142 2286 1150 2299 ‚
1196 2268 1228 2294 et
1271 2274 1310 2294 eo

330 2321 624 2359 commodiorem,
653 2328 757 2362 quam
783 2315 848 2348 suit
872 2312 1047 2351 Mosaica,
1075 2312 1155 2356 qnia
1180 2318 1228 2344 est
1254 2324 1312 2345 ex-

330 2373 504 2418 peditior,
546 2381 609 2402 nec
640 2373 761 2401 onerat
786 2372 903 2409 gentes
931 2363 1149 2402 ceremoniis,
1202 2360 1245 2395 Et
1269 2363 1312 2395 li-

331 2431 441 2458 teram
475 2420 640 2462 iutelligit
670 2417 836 2460 Origines
871 2414 1109 2452 ceremonias,
1150 2414 1311 2456 spiritum

333 2473 658 2517 interpretationem
698 2467 932 2511 allegoricam.
986 2463 1080 2497 Haec
1123 2461 1312 2507 Origenica

333 2525 560 2559 deliramenta
586 2521 669 2553 salsa
691 2526 723 2552 et
747 2516 963 2562 explodenda
989 2522 1080 2547 sunt.
1134 2513 1177 2547 Et
1202 2515 1312 2547 scien-

335 2577 418 2609 dnm
439 2580 507 2614 est,
531 2572 666 2604 literam
692 2570 761 2602 dici
785 2579 925 2601 omnem
950 2566 1146 2598 doctrinam
1172 2565 1257 2608 legis
1283 2573 1317 2599 et

332 2623 534 2668 Evangelii,
556 2621 769 2654 intellectum
787 2619 907 2652 literae
924 2616 1128 2649 historicum
1145 2627 1205 2649 seu
1221 2616 1314 2649 iuxta

334 2675 506 2710 sermonis
549 2671 796 2717 proprietatem
841 2676 875 2702 et
918 2668 1121 2712 allegorias,
1165 2667 1317 2713 denique

287 207 437 237 maneat.

866 102 987 137 run„
1019 100 1132 136 ΗΕΒ.
1160 99 1367 134 δίῗΓιΠἿἌ
1400 98 1697 135 ΕΧΕΟΕἸΊΕΑ.

2213 102 2309 136 1216

1327 196 1450 218 omnes
1477 185 1722 228 cogitationes,
1757 185 1868 218 bonas
1896 185 2125 228 intentiones,
2166 194 2311 220 conatus

1327 243 1359 270 et
1387 236 1654 269 assuefactiones
1682 233 1915 268 humanarum
1950 237 2094 276 virium,
2130 239 2203 270 sine
2227 236 2310 281 Spi-

1329 287 1397 319 ritu
1428 293 1546 319 saneto
1578 288 1787 319 accendente
1818 298 1938 318 verum
1965 287 2124 319 timorem
2158 287 2239 328 Dei,
2277 295 2311 321 et

1329 349 1444 370 veram
1479 337 1640 369 fiduciam
1673 343 1704 369 et
1737 336 1995 369 invocationem
2030 338 2089 369 lilii
2120 338 2200 378 Dei,
2242 351 2309 383 qna

1330 389 1434 420 corda
1449 387 1645 421 liberantur
1662 399 1699 420 ex
1720 387 1810 419 veris
1829 387 2023 420 doloribus.
2079 387 2171 420 Hae(-
2193 390 2310 422 omnia

1331 438 1492 471 nominat
1523 438 1682 476 literam,
1717 438 1750 469 id
1778 445 1848 477 est,
1892 438 2000 481 pictas
2032 438 2242 472 imitationes
2276 440 2312 472 in

1332 495 1447 523 mente
1465 495 1496 521 et
1515 489 1666 521 externis
1685 489 1871 526 membris,
1899 501 1986 533 quae
2010 501 2080 520 non
2099 497 2175 522 sunt
2197 491 2264 522 vita
2282 497 2316 524 et

1335 548 1449 572 motus
1474 539 1599 575 divini.
1666 538 1723 572 Sic
1749 539 1904 583 loquitur
1933 540 1975 571 de
2006 540 2103 571 litera
2130 539 2241 573 Roma
2262 541 2315 573 2.:

1333 588 1562 623 Circumcisio
1583 590 1699 622 cordis
1717 590 1928 633 spiritunon
1948 590 2059 624 litera.
2088 589 2128 622 Et
2144 589 2256 624 Roma
2267 590 2318 626 7.:

1336 640 1538 674 Serviamus
1563 641 1599 672 in
1625 643 1780 674 novitate
1804 641 1967 683 spiritus,
1995 653 2065 673 non
2091 640 2124 673 in
2150 649 2319 675 vestutate

1337 692 1469 725 literae.

1439 740 1592 784 Spiritus
1614 741 1783 784 significat
1815 741 1993 774 verissime
2015 739 2080 774 hoc
2105 742 2181 775 loco
2204 740 2322 786 ‚Spiri-

1337 799 1412 826 tum
1440 798 1616 832 sanctum,
1658 793 1903 835 procedentem
1929 793 1972 825 ab
2003 799 2144 825 aeterno
2170 799 2266 837 patre
2291 799 2323 826 et

1340 843 1412 875 filio
1441 842 1598 875 Domino
1633 849 1752 875 nostro
1780 842 1856 876 lesu
1889 840 2040 876 Christo.
2115 842 2204 876 Cum
2231 843 2323 876 enim

1341 905 1425 926 voce
1448 891 1631 935 Evangelii
1655 901 1791 936 accepta
1822 904 1881 936 per
1909 894 2036 934 filium,
2077 894 2136 938 qui
2162 900 2212 927 est
2237 893 2326 926 Ver-

1342 945 1426 977 bum
1450 944 1581 976 aeterni
1607 944 1732 986 patriS‚
1769 945 2039 977 reconciliamur
2062 951 2202 977 aeterno
2228 945 2328 988 patri,

1341 994 1446 1027 simul
1465 994 1508 1026 ab
1524 1000 1666 1026 aeterno
1684 1002 1779 1037 patre
1805 1001 1834 1026 et
1862 995 1933 1026 filio
1957 995 2152 1027 effunditur
2167 995 2203 1026 in
2222 996 2326 1027 corda

1344 1052 1460 1078 nostra
1482 1043 1636 1087 Spiritus
1660 1051 1819 1084 sanctus,
1847 1053 1878 1077 et
1903 1057 1982 1077 vere
2006 1044 2139 1079 habitat
2166 1045 2201 1077 in
2227 1046 2328 1078 nohis

1345 1095 1538 1136 divinitas,
1565 1095 1690 1128 liberat
1710 1107 1774 1127 nos
1794 1107 1832 1127 ex
1857 1096 2040 1128 dolor-ilius
2059 1096 2270 1137 inferorum,
2297 1103 2330 1129 et

1346 1146 1498 1179 vivificat
1517 1157 1600 1186 nos,
1627 1146 1743 1179 incoat
1759 1158 1885 1178 novam
1912 1147 2022 1179 lucem
2052 1154 2084 1179 et
2111 1146 2330 1188 sapientiam,

1347 1205 1379 1231 et
1400 1203 1514 1229 motus
1534 1208 1610 1230 cum
1629 1195 1704 1231 Deo
1721 1204 1961 1240 congruentes,
1987 1204 2025 1230 ut
2040 1197 2221 1231 manifesta
2237 1198 2333 1231 testi-

1348 1248 1466 1281 monia
1486 1247 1686 1281 adfirmant.

1461 1297 1606 1330 Galatas
1643 1305 1786 1343 quarto:
1823 1297 1921 1331 Misit
1948 1296 2042 1331 Deus
2077 1298 2239 1341 spiritum
2269 1298 2330 1331 filii

1349 1349 1402 1383 sui
1424 1349 1459 1381 in
1481 1349 1584 1381 corda
1603 1357 1740 1389 nostra,
1768 1349 1975 1382 clamantem
1992 1347 2093 1382 Abba
2113 1356 2220 1393 pater.

1454 1398 1500 1432 Et
1517 1399 1552 1431 in
1572 1397 1668 1432 Actis
1687 1400 1798 1443 capite
1813 1401 1983 1432 secundo:
2011 1398 2139 1433 Dextra
2158 1398 2224 1432 Dei
2241 1400 2334 1433 exal-

1350 1456 1452 1489 tatus,
1476 1449 1742 1492 promissionem
1755 1450 1863 1482 sancti
1882 1450 2034 1493 Spiritus
2052 1450 2223 1493 accipiens
2239 1462 2256 1482 a
2275 1463 2334 1493 pa-

1352 1507 1403 1534 tre
1422 1500 1544 1532 effudit
1566 1511 1664 1540 eum,
1679 1513 1780 1543 quem
1801 1512 1895 1533 nunc
1912 1512 1973 1533 vos
1989 1501 2114 1533 videtis
2134 1508 2164 1533 et
2180 1502 2318 1535 auditis.

1453 1549 1498 1584 Et
1515 1547 1682 1583 lobannis
1704 1550 1778 1584 14.:
1809 1551 1912 1583 Dabit
1932 1551 2031 1583 vobis
2051 1551 2157 1583 alium
2183 1552 2337 1594 paracle-
2380 1561 2382 1563 ·

1353 1608 1448 1641 tum,
1468 1606 1507 1633 ut
1525 1608 1663 1634 maneat
1680 1601 1859 1633 vobiscum
1877 1601 1913 1633 in
1937 1601 2206 1645 sempiternum,
2233 1601 2337 1645 spiri-

1355 1659 1428 1686 tum
1449 1658 1615 1685 veritatis.

1455 1699 1501 1734 Et
1523 1699 1712 1735 Zachariae
1737 1702 1814 1737 12:
1846 1700 2036 1735 Effundam
2065 1713 2170 1745 super
2195 1703 2339 1735 domum

1357 1752 1471 1787 David
1501 1753 1664 1796 spiritum
1687 1753 1817 1796 gratiae
1839 1760 1871 1786 et
1901 1764 2055 1795 precum.
2121 1751 2194 1787 Etsi
2225 1754 2340 1786 brevis

1357 1804 1545 1847 descriptio
1571 1811 1640 1843 est,
1667 1811 1783 1837 tamen
1808 1804 1979 1844 ostendit,
2008 1815 2115 1847 quare
2140 1806 2243 1836 detur
2259 1803 2341 1848 Spi-

1360 1856 1448 1888 ritus
1465 1861 1624 1895 sanctus,
1652 1862 1681 1887 et
1701 1855 1784 1900 qnid
1804 1855 1938 1887 intersit
1958 1856 2049 1888 inter
2065 1855 2236 1887 iusticiam
2259 1855 2340 1888 novi

1360 1905 1576 1939 Testamenti
1596 1914 1628 1940 et
1646 1907 1774 1949 legem,
1804 1918 1872 1949 qna
1892 1906 1945 1938 vel
1963 1906 2184 1938 condemnati
2207 1906 2341 1939 ruimus

1360 1956 1396 1989 in
1416 1963 1581 1997 mortem,
1609 1963 1665 1990 vet
1680 1963 1859 2000 utcunque
1876 1964 2088 2000 praestamus
2107 1956 2342 2000 disciplinam.

1363 2007 1444 2040 ldeo
1465 2007 1557 2039 enim
1574 2019 1637 2054 per
1652 2006 1883 2049 Evangelium
1900 2009 2004 2040 datur
2021 2006 2173 2050 Spiritus
2191 2014 2341 2048 sanctus,

1363 2065 1401 2092 ut
1426 2057 1579 2101 primum
1604 2059 1709 2091 corda
1737 2058 1890 2092 sentiant
1914 2070 1950 2091 se
1981 2069 2053 2090 esse
2078 2058 2115 2090 in
2139 2059 2267 2101 gratia,
2311 2066 2344 2093 et

1363 2116 1551 2152 agnoscant
1574 2109 1684 2142 filium
1701 2109 1790 2150 Dei,
1820 2121 1881 2152 per
1904 2121 2009 2154 quem
2033 2116 2065 2141 et
2080 2117 2222 2151 propter
2241 2121 2342 2153 quem

1363 2161 1467 2192 datur
1489 2160 1646 2193 remissio
1669 2168 1889 2204 peccatorum
1904 2184 1912 2197 ,
1940 2161 2027 2192 sicut
2052 2159 2124 2203 ipse
2146 2160 2262 2204 inquit
2289 2159 2345 2193 lo·—

1364 2208 1446 2245 han.
1475 2210 1551 2243 16.:
1589 2209 1666 2254 lpse
1690 2223 1744 2243 me
1768 2210 1987 2253 glorificabit.
2061 2210 2196 2254 Spiritu
2226 2218 2345 2244 sancto

1364 2262 1574 2294 accendente
1591 2263 1715 2302 corda,
1746 2261 1912 2294 beneficia
1932 2261 2135 2294 mediatoris
2152 2272 2348 2304 agnoscun-

1365 2320 1442 2352 tur,
1470 2319 1502 2346 et
1524 2324 1602 2345 vera
1621 2312 1746 2345 fiducia
1770 2312 2031 2345 misericordiae
2056 2321 2197 2356 propter
2215 2313 2348 2345 media-

1365 2370 1475 2396 torem
1501 2364 1691 2406 promissae
1713 2363 1940 2397 vivificamur.
1994 2360 2046 2395 Ac
2061 2362 2166 2396 simul
2187 2375 2346 2406 praesen-

1366 2414 1412 2447 tia
1437 2412 1503 2446 Dei
1532 2414 1700 2453 sentitur,
1735 2420 1766 2446 et
1789 2413 1825 2446 fit
1851 2425 1929 2446 vera
1956 2413 2143 2446 invocatio.
2197 2412 2241 2446 Et
2266 2414 2346 2459 qnia

1368 2465 1439 2508 ipse
1457 2463 1609 2508 Spiritus
1626 2471 1764 2498 sanctus
1781 2470 1830 2497 est
1847 2470 1961 2497 motor
1975 2463 2136 2504 divinus,
2166 2472 2196 2497 et
2215 2465 2266 2497 lex
2285 2464 2349 2498 Dei

1368 2528 1439 2548 non
1456 2515 1492 2548 fit
1510 2517 1620 2554 aliter,
1639 2515 1754 2548 necin
1771 2515 1902 2557 angelis
1915 2515 2027 2547 necin
2045 2513 2261 2553 hominibus,
2281 2516 2348 2549 nisi

1369 2567 1443 2610 ipso
1456 2562 1533 2599 Deo
1552 2568 1586 2599 in
1606 2566 1654 2598 eis
1673 2566 1809 2598 lucente
1820 2563 1924 2610 etleos
1942 2574 2115 2605 movente,
2132 2567 2199 2599 iam
2218 2567 2350 2600 suntin

1370 2616 1498 2650 sanctis
1523 2617 1623 2651 initia
1649 2623 1808 2650 aeternae
1834 2615 1922 2648 vitae
1946 2623 1979 2649 et
2001 2616 2153 2650 iustitiae
2180 2625 2351 2658 aeternae,

1372 2668 1460 2702 sicut
1495 2676 1526 2702 et
1560 2680 1638 2701 mox
1671 2667 1802 2700 dicitur
1836 2666 1871 2699 in
1899 2664 1965 2700 hoc
1988 2667 2099 2712 capite
2124 2667 2245 2701 tertio:
2278 2667 2351 2703 Nos
