2415 2942
91 147 167 184 ⁵57
442 142 544 182 XIII.

89 232 251 278 Denique
273 230 400 265 seditio
425 242 500 264 non
526 237 638 275 potest
664 243 737 264 non
764 230 952 263 innumera
977 240 1078 263 scan-

89 285 168 319 dala
190 290 222 317 et
245 283 374 316 scelera
397 293 529 326 parere.
598 280 653 315 Ex
680 281 882 316 Salomonis
913 280 1078 314 idolatria

90 347 178 382 quae
203 334 294 367 mala
311 340 385 367 orta
405 333 508 367 sunt?
543 331 706 376 Regnum
726 331 833 365 Israe'l
850 332 1079 364 dilaceratum

89 393 159 428 est,
186 392 218 419 et
235 391 351 418 secuta
367 390 534 429 perpetua
551 383 734 422 idolatria,
763 389 796 416 et
822 382 913 416 bella
938 382 1078 416 intesti-

88 450 150 471 na:
185 435 285 470 Adae
300 435 419 479 lapsus
436 446 524 480 quae
540 434 629 467 mala
654 434 782 467 deinde
807 433 965 477 peperit?
1000 431 1078 466 Hoc

87 488 158 532 agit
184 487 368 527 diabolus,
402 492 441 519 ut
465 485 550 519 tales
571 484 734 518 instituat
758 484 860 525 telas,
894 496 973 517 cum
999 484 1077 517 ani-

89 538 278 572 madvertit
302 549 366 570 nos
388 543 576 570 extenuare
604 541 761 579 peccata,
804 540 837 568 et
864 535 967 568 nobis
992 535 1077 578 ipsis

88 589 266 629 blandiri,
299 600 337 621 ac
355 588 470 621 laxare
487 587 626 619 frenum
646 585 916 630 cupiditatibus:
946 586 993 620 ita
1019 598 1077 618 ex-

89 640 262 684 tinguitur
284 639 379 672 fides.
446 637 535 671 Nam
559 637 644 670 fides
671 648 760 682 quae,
785 637 870 681 petit
895 637 1074 670 remissio-

88 703 169 725 nem
197 696 438 734 peccatorum,
472 700 544 721 non
570 694 682 732 potest
708 699 780 722 esse
804 688 841 720 in
867 687 909 721 iis
931 689 992 733 qui
1013 689 1078 721 de-

87 743 263 776 lectantur
280 746 418 785 peccato
438 739 600 780 scientes,
628 746 661 773 et
685 746 768 773 sunt
793 739 870 772 sine
891 740 1076 783 poeniten—

88 794 156 834 tia,
189 793 283 826 iuxta
308 791 415 824 illud:
452 789 521 824 Ubi
545 788 720 824 habitabit
737 789 856 824 Deus?
892 789 932 824 In
950 790 1078 834 spiritu

89 843 242 877 contrito
254 869 263 884 ,
290 848 459 875 tremente
475 852 654 874 sermones
672 852 780 878 meos.
830 840 967 875 Nolunt
982 842 1077 875 enim

88 894 230 928 liberari
255 905 273 926 a
297 899 463 938 peccato,
505 892 565 937 qui
599 892 746 927 scientes
776 905 816 926 eo
846 893 1078 927 delectantur.

87 946 288 977 Admoneat
312 943 419 986 igitur
444 955 508 975 nos
531 943 664 976 dictum
688 942 849 984 Ioannis,
877 945 972 977 unde
998 956 1078 988 pec-

87 1003 202 1030 catum
226 995 379 1035 oriatur,
404 1000 577 1039 quantum
600 992 735 1028 hostem
760 992 976 1036 habeamus,
1005 1007 1078 1040 quo

89 1053 236 1091 spectet,
265 1053 295 1078 et
321 1045 495 1078 discamus
521 1057 677 1078 exercere
702 1046 828 1087 fidem,
855 1053 894 1080 ut
916 1044 1079 1080 Christus

88 1098 126 1130 in
144 1097 248 1131 nobis
264 1097 381 1129 vincat
399 1094 493 1129 hunc
507 1093 654 1131 hostem.

190 1147 370 1180 Hactenus
394 1147 538 1190 exposui
559 1158 731 1180 summam
756 1147 937 1181 doctrinae
957 1145 1079 1180 Evan—

87 1199 189 1243 gelii,
217 1199 259 1231 de
275 1198 540 1237 iustificatione,
567 1205 604 1231 ut
624 1205 785 1239 vocatur,
814 1210 874 1231 seu
893 1198 935 1230 de
959 1198 1080 1241 gratia,

88 1253 131 1283 (le
146 1249 453 1291 reconciliatione,
481 1249 523 1280 de
541 1248 628 1288 fide,
655 1255 686 1282 et
709 1250 752 1281 de
776 1248 880 1282 bonis
903 1249 1081 1292 operibus.

87 1300 178 1335 Cum
197 1307 312 1333 autem
339 1296 424 1331 haec
440 1300 613 1332 sententia
636 1300 680 1333 sit
698 1300 802 1344 plana
819 1311 857 1332 ac
886 1299 1080 1343 perspicua,

89 1364 168 1386 cnm
194 1349 284 1383 nihil
309 1347 432 1382 habeat
458 1349 701 1389 absurditatis,
739 1357 798 1383 aut
823 1350 1080 1394 perplexitatis,

88 1409 149 1436 aut
171 1399 393 1444 sophistices,
435 1411 513 1432 cum
540 1400 707 1445 loquatur
737 1401 780 1433 de
809 1400 984 1441 motibus,
1018 1401 1079 1445 qui

88 1453 163 1486 noti
179 1457 261 1484 sunt
280 1450 346 1494 piis
366 1451 544 1483 mentibus
565 1450 601 1482 in
621 1449 799 1491 Ecclesia,
827 1463 900 1484 non
925 1451 1080 1495 disputet

87 1506 131 1536 de
155 1501 277 1536 otiosis
296 1501 462 1544 argutiis,
488 1513 566 1534 cum
592 1501 744 1535 illustret
769 1502 917 1545 gloriam
933 1500 1079 1540 Christi,

87 1566 165 1588 cum
191 1552 471 1595 magnitudinem
498 1552 714 1586 infirmitatis
739 1550 914 1586 humanae
938 1560 1080 1596 retegat,

86 1605 238 1650 denique
258 1615 336 1636 cum
356 1603 487 1647 optime
504 1610 674 1646 congruat
700 1616 778 1637 cum
804 1611 973 1649 perpetuo
994 1617 1079 1637 con-

87 1668 192 1690 sensu
219 1654 405 1688 universae
430 1655 627 1697 scripturae
656 1655 783 1688 veteris
806 1662 840 1689 et
865 1655 949 1688 novi
974 1662 1079 1688 testa-

85 1706 215 1746 menti,
252 1717 331 1738 cum
361 1716 481 1737 omnes
512 1705 561 1748 pii
589 1705 757 1738 omnibus
790 1705 1012 1750 temporibus
1042 1706 1079 1738 in

86 1757 243 1793 Ecclesia
275 1756 500 1799 experiantur
531 1753 622 1789 hanc
650 1756 930 1790 consolationem
960 1768 1078 1789 veram

89 1817 120 1844 et
146 1807 376 1841 necessariam
411 1818 503 1846 esse,
545 1807 675 1840 mirum
715 1814 764 1841 est
791 1807 827 1840 in
857 1807 1081 1848 adversariis,

88 1860 216 1905 partim
239 1865 353 1892 tantas
377 1869 449 1890 esse
473 1858 655 1899 tenebras,
690 1865 727 1891 ut
752 1870 827 1891 eam
854 1870 928 1891 non
951 1871 1080 1903 appro-

89 1914 191 1952 bent,
227 1910 353 1954 partim
380 1915 515 1941 tantum
544 1909 719 1949 furorem,
755 1916 794 1943 ut
818 1921 892 1942 non
917 1910 1080 1944 desinant

89 1975 164 1996 eam
181 1961 279 1995 omni
297 1960 425 1993 scelere
442 1971 662 2004 oppugnare.
717 1960 786 1994 Sed
806 1960 968 1994 diabolus
985 1961 1080 1994 mul-

89 2013 257 2058 tipliciter
279 2011 433 2044 offundit
458 2023 593 2044 errores
619 2008 785 2044 humanis
809 2011 1007 2053 mentibus,
1042 2019 1080 2046 ut

93 2065 237 2107 gloriam
268 2060 400 2095 Christi
432 2063 606 2096 obscuret.
678 2061 762 2096 Ideo
796 2063 847 2107 pii
879 2070 1000 2104 orent,
1041 2070 1081 2098 ut

93 2113 254 2148 Christus
277 2111 509 2155 Evangelium
534 2125 635 2146 suum
661 2121 862 2155 conservet,
902 2126 966 2148 nec
989 2114 1082 2149 sinat

93 2166 225 2209 ubique
242 2163 368 2203 deleri,
396 2170 427 2196 et
444 2175 503 2196 sua
524 2163 599 2197 luce
615 2176 678 2197 nos
695 2166 886 2208 gubernet,
916 2172 948 2199 et
974 2178 1080 2210 quam

94 2216 256 2260 pluribus
285 2220 455 2247 monstret
486 2214 665 2247 veritatem
685 2240 694 2254 ‚
739 2216 893 2259 depulsis
929 2217 1081 2258 nebulis,

95 2278 180 2312 quas
203 2265 366 2299 diabolus
388 2265 554 2298 offundit.
610 2265 738 2300 Invitet
756 2265 934 2301 Christum
961 2275 992 2301 et
1015 2280 1082 2301 no-

95 2326 163 2351 stra
180 2317 361 2350 sedulitas:
391 2316 520 2350 eruditi
548 2317 631 2350 dent
649 2329 809 2360 operam,
838 2325 877 2351 ut
894 2317 984 2351 hanc
1000 2325 1080 2352 tan-

99 2426 219 2453 curent
236 2431 310 2452 eam
327 2420 367 2451 ad
390 2419 626 2463 posteritatem
648 2419 851 2458 transmitti,
868 2420 943 2453 sine
961 2418 1083 2464 sophi-

99 2471 203 2510 stica,
230 2482 293 2503 nec
309 2470 510 2513 defugiant,
541 2470 594 2502 vel
615 2470 651 2502 in
671 2470 838 2503 discendo
863 2483 901 2504 ac
922 2473 1082 2505 docendo

100 2521 274 2558 lahorem,
301 2521 353 2553 vel
370 2521 558 2554 certamina
578 2521 614 2553 in
634 2522 863 2555 confessione.
914 2521 1003 2555 Nam
1021 2535 1084 2556 nec

100 2573 176 2606 sine
216 2572 414 2605 er'uditione
451 2573 533 2605 satis
574 2572 757 2616 perspicue
794 2572 961 2616 explicari
998 2571 1084 2607 haec

100 2634 200 2656 causa
225 2629 345 2666 potest.
409 2620 454 2657 Et
477 2624 629 2667 quadam
654 2635 741 2667 opus
767 2630 817 2657 est
840 2625 1084 2666 magnitudine

100 2674 210 2706 animi
233 2675 274 2706 ad
302 2673 504 2717 perferenda
530 2675 610 2707 odia
645 2681 846 2718 potentum,
881 2687 919 2708 ac
946 2676 1085 2720 sapien-

100 2732 192 2767 tum,
220 2725 279 2770 qui
299 2725 500 2769 improbant
518 2722 581 2759 has
605 2726 883 2771 disputationes,
918 2726 978 2760 alii
1007 2728 1086 2761 aliis

596 145 633 181 2.
662 140 1024 179 COMMENTARII
1053 142 1103 178 IN
1129 140 1285 180 EPIST.
1312 140 1462 180 PAULI
1488 140 1555 179 AD
1582 139 1843 179 ROMANOS.

1107 2344 1109 2370 ἰ
1135 2321 1187 2353 sio
1207 2328 1257 2354 est
1278 2322 1319 2353 ad
1344 2321 1426 2354 talia
1445 2321 1550 2354 dicta.

98 2376 166 2402 tam
190 2379 326 2401 cansam
351 2368 539 2410 diligenter
564 2374 596 2400 et
614 2368 768 2400 dilucide
792 2378 1011 2412 proponant,
1044 2377 1083 2403 nt
1107 2374 1109 2380 “

2043 143 2116 179 538

1131 230 1175 264 de
1194 230 1320 267 causis.
1374 229 1443 265 Sed
1464 229 1539 274 pios
1556 235 1693 274 oportet
1718 226 2050 278 συναγωνίζεσθαι
2082 243 2135 277 τῳ

1131 279 1360 329 εὐαγγελίῳ,
1388 281 1476 315 sicut
1493 279 1656 315 Christus
1673 280 1803 326 inquit:
1841 280 1882 314 In
1902 279 1972 315 hoc
1990 281 2125 325 glorifi—

1131 339 1230 365 catur
1254 339 1353 376 pater
1377 332 1553 371 coelestis,
1597 332 1627 365 si
1652 332 1749 367 eritis
1775 332 1843 365 mei
1868 332 2054 376 discipuli,
2089 339 2123 366 et

1129 382 1284 415 fructum
1310 382 1491 426 copiosum
1515 383 1711 426 proferetis.
1780 382 1899 426 Quare
1923 383 2124 418 doctrinam

1130 433 1222 466 hona
1239 433 1307 465 fide
1326 432 1534 477 simpliciter
1551 440 1585 466 et
1602 440 1694 466 recte
1713 445 1965 477 proponamu5‚
1993 441 2025 467 et
2044 446 2123 467 ore—

1130 495 1208 517 mus
1229 489 1268 517 ut
1283 482 1379 517 Deus
1400 483 1506 516 addat
1524 483 1698 527 Spiritum
1720 490 1879 518 sanctum
1893 509 1901 523 ‚
1930 491 1969 518 ut
1994 485 2123 528 largia-

1130 542 1209 573 tur,
1245 540 1283 568 ut
1309 533 1440 567 Paulus
1465 541 1584 575 vocat,
1619 535 1888 570 incrementum.
1943 533 2121 569 Adiiciam

1130 592 1246 619 autem
1264 596 1372 630 pauca
1391 585 1563 630 quaedam
1590 592 1816 628 argumenta,
1844 585 1974 630 quibus
1996 587 2123 620 adver-

1130 637 1213 670 sarii
1250 643 1424 670 conantur
1455 636 1664 669 labefactare
1702 643 1858 670 nostram
1900 637 2123 672 sententiam.

1130 687 1363 732 Praecipuum
1392 693 1441 720 est
1464 686 1706 720 testimonium
1730 687 1767 719 in
1794 686 1938 720 Iacobo:
1974 686 2054 720 Non
2077 700 2115 721 ex

1130 738 1198 772 fide
1225 745 1383 779 tantum,
1409 738 1469 771 sed
1494 750 1534 771 ex
1557 738 1736 782 operibus.
1796 736 1966 771 Facilima
1992 745 2041 772 est
2068 750 2124 771 re-

1131 790 1290 835 sponsio:
1322 788 1469 823 Iacobus
1491 789 1595 822 fidem
1620 796 1720 823 vocat
1746 789 1913 822 noticiam
1938 786 2124 823 historiae:

1130 842 1178 875 ait
1209 841 1303 874 enim
1340 842 1528 874 daemones
1561 841 1714 873 credere.
1782 837 1830 873 At
1855 839 1987 873 Paulus
2020 841 2125 885 longe

1132 893 1228 926 aliud
1257 898 1358 926 vocat
1381 892 1505 932 fidem,
1546 891 1709 925 videlicet
1735 891 1900 924 fiduciam
1924 890 2126 926 misericor-

1132 944 1211 977 diae
1235 950 1379 988 propter
1400 940 1581 976 Christum
1608 943 1810 986 promissae.
1877 940 2125 986 Reprehendit

1133 995 1240 1038 igitur
1254 1006 1407 1027 errorem
1427 1005 1570 1034 eorum,
1597 994 1659 1039 qui
1676 1005 1710 1026 se
1728 994 1837 1027 iustos
1857 1004 1929 1026 esse
1945 994 2125 1028 arbitran-

1132 1053 1191 1079 tur
1210 1051 1354 1090 propter
1372 1044 1624 1088 professionem
1644 1043 1827 1078 historiae:
1857 1042 1952 1077 Haec
1970 1052 2019 1079 est
2036 1057 2124 1089 opus

1133 1096 1367 1130 necessarium
1388 1095 1550 1140 quidem,
1578 1102 1616 1128 ut
1635 1102 1768 1129 caetera
1792 1095 1884 1128 hona
1909 1107 2034 1139 opera,
2063 1097 2124 1128 sed

1133 1159 1207 1180 non
1236 1154 1285 1180 est
1310 1147 1370 1180 illa
1395 1146 1540 1186 fiducia,
1573 1158 1641 1191 qua
1665 1146 1857 1189 accipimus
1881 1146 2125 1180 remissionem

1134 1205 1377 1243 peccatorum,
1412 1204 1450 1230 ut
1482 1203 1628 1232 constat.
1705 1197 1848 1229 Deinde
1875 1208 1953 1229 cum
1985 1197 2052 1238 ait,
2087 1209 2126 1230 ex

1134 1249 1301 1292 operibus
1326 1248 1532 1281 iustificatus
1559 1254 1626 1288 est,
1653 1245 1790 1292 phrasis
1817 1254 1867 1280 est
1893 1248 2124 1283 observanda.

1132 1298 1214 1332 Non
1241 1299 1335 1332 enim
1362 1299 1435 1332 vult
1455 1295 1637 1330 Abraham
1663 1305 1809 1342 propter
1834 1310 1941 1341 opera
1961 1299 2121 1332 reconci-

1133 1350 1257 1383 liatum
1292 1361 1382 1389 esse,
1425 1350 1483 1382 sed
1507 1361 1612 1392 opera
1643 1350 1859 1383 reconciliati
1885 1358 2004 1396 postea
2027 1348 2127 1383 Deo

1134 1400 1318 1445 placuisse.
1369 1399 1458 1433 Nam
1478 1412 1584 1442 opera
1603 1400 1638 1433 in
1657 1401 1892 1435 reconciliatis
1909 1401 2059 1445 placent,
2087 1408 2128 1435 ut

1133 1452 1267 1485 dictum
1293 1457 1365 1495 est,
1395 1458 1428 1485 et
1453 1458 1533 1484 sunt
1558 1454 1730 1496 quaedam
1761 1452 1896 1486 iusticia
1922 1452 2028 1496 legis,
2064 1453 2123 1485 sed

1135 1515 1207 1536 non
1232 1509 1413 1535 merentur
1435 1502 1676 1535 remissionem
1704 1511 1946 1547 peccatorum,
1986 1510 2045 1537 aut
2071 1515 2127 1537 ac-

1134 1555 1368 1598 ceptationem
1388 1554 1430 1586 ad
1456 1554 1561 1586 vitam
1581 1561 1768 1586 aeternam.
1823 1555 1881 1588 Sic
1900 1555 2008 1597 igitur
2024 1555 2125 1593 dixit,

1133 1606 1236 1639 etiam
1263 1617 1302 1637 ex
1327 1604 1493 1646 operibus
1521 1605 1744 1638 iustificatum
1768 1617 1840 1638 esse
1860 1603 2061 1646 Abraham,
2090 1605 2126 1638 id

1134 1663 1196 1697 est,
1220 1656 1324 1689 etiam
1343 1667 1446 1698 opera
1465 1656 1796 1699 pronunciabantur
1813 1657 1914 1690 iusta.
1945 1655 1983 1689 Id
2002 1668 2125 1689 verum

1134 1714 1203 1745 est,
1239 1707 1282 1739 de
1316 1706 1563 1747 reconciliato,
1599 1713 1631 1740 et
1660 1708 1834 1740 credente.
1908 1706 1953 1740 Et
1980 1707 2125 1752 quidem

1134 1769 1273 1791 necesse
1291 1763 1358 1794 est,
1387 1764 1424 1790 ut
1449 1757 1540 1796 dixi,
1567 1757 1666 1803 sequi
1694 1770 1819 1801 opera,
1847 1758 1884 1790 in
1914 1759 2043 1802 quibus
2073 1759 2126 1790 vi-

1134 1816 1191 1842 vat
1219 1816 1252 1842 et
1282 1815 1482 1841 exerceatur
1507 1808 1604 1843 fides.
1672 1808 1827 1852 Agamus
1852 1809 2021 1852 ingenue,
2051 1809 2126 1842 sine

1134 1857 1336 1904 sophistica.
1410 1858 1558 1892 Iacobus
1591 1872 1662 1894 non
1694 1867 1818 1893 tractat
1848 1872 1986 1893 causam
2011 1859 2127 1900 Pauli,

1134 1914 1192 1944 sed
1213 1911 1329 1944 obiter
1346 1910 1505 1955 loquitur
1527 1912 1568 1944 de
1594 1911 1662 1944 fide
1685 1923 1774 1956 quae
1794 1918 1843 1945 est
1862 1911 1992 1944 noticia
2013 1908 2127 1944 histo-

1134 1963 1221 1996 riae.
1274 1961 1394 2004 Quare
1412 1961 1486 1994 eius
1503 1961 1594 1995 dicta
1613 1974 1685 1995 non
1703 1969 1784 1996 sunt
1802 1963 2013 2007 opponenda
2032 1961 2125 1995 Pau-

1133 2014 1188 2055 lo,
1215 2019 1275 2046 aut
1292 2012 1449 2057 reliquae
1468 2013 1663 2057 scripturae
1686 2011 1924 2059 propheticae.

1571 2099 1692 2132 Aliud.

1236 2165 1274 2201 Si
1307 2167 1358 2200 vis
1391 2167 1428 2200 in
1461 2166 1569 2200 vitam
1607 2167 1764 2211 ingredi,
1807 2178 1904 2199 serva
1947 2167 2124 2202 mandata.

1134 2215 1229 2262 Ergo
1255 2226 1399 2262 propter
1424 2229 1530 2262 opera
1553 2219 1658 2252 datur
1685 2219 1756 2252 vita
1774 2225 1935 2258 aeterna,
1966 2230 2038 2250 non
2058 2219 2122 2250 do-

1135 2277 1240 2303 natur
1262 2270 1370 2313 gratis
1393 2269 1562 2304 credenti.
1615 2268 1726 2302 Plana
1745 2275 1774 2301 et
1794 2277 1960 2312 perpetua
1981 2281 2128 2312 respon-

1603 2318 1764 2353 Discerni
1785 2321 1914 2354 debent
1931 2321 2022 2353 dicta
2042 2320 2126 2362 legis

1137 2379 1170 2404 et
1189 2371 1387 2414 Evangelii.
1450 2371 1518 2404 Hic
1545 2371 1757 2414 proponitur
1782 2383 1847 2403 vox
1874 2371 1978 2413 legis,
2020 2384 2123 2415 quam

1137 2422 1362 2466 interpretari
1380 2435 1418 2456 ex
1437 2421 1631 2464 Evangelio
1650 2433 1789 2454 necesse
1807 2428 1869 2457 est,
1902 2421 2013 2455 Nemo
2032 2423 2125 2454 enim

1137 2481 1355 2515 servaretur,
1382 2474 1410 2507 si
1431 2473 1562 2516 exlege
1579 2479 1665 2506 esset
1683 2473 1924 2507 iudicandum.
1973 2473 2126 2507 Servans

1137 2526 1318 2564 mandata,
1346 2524 1563 2568 ingredietur
1582 2523 1618 2556 in
1637 2524 1763 2557 vitam:
1793 2536 1897 2557 nemo
1915 2524 2007 2557 enim
2027 2526 2126 2558 satis-

1138 2576 1220 2609 facit
1243 2576 1331 2618 Iegi‚
1369 2588 1472 2608 nemo
1496 2581 1545 2608 est
1570 2574 1645 2607 sine
1671 2581 1821 2619 peccato.
1889 2574 1993 2608 Adde
2021 2575 2128 2617 igitur

1137 2625 1370 2669 Evangelium
1394 2627 1450 2659 isti
1477 2626 1587 2658 dicto:
1630 2625 1668 2660 Si
1703 2627 1754 2659 vis
1779 2626 1917 2668 ingredi
1945 2627 1981 2659 in
2007 2627 2126 2665 vitam,

1138 2689 1237 2711 serva
1266 2678 1451 2718 mandata,
1486 2677 1618 2711 scilicet
1640 2676 1737 2710 iuxta
1758 2674 1951 2712 ἐπιείκειαν
1965 2676 2127 2720 Evange-

1139 2728 1199 2770 lii,
1241 2730 1335 2773 quod
1366 2728 1539 2773 promittit
1573 2728 1816 2762 remissionem
1844 2735 2065 2773 peccatorum
2093 2735 2127 2763 et
