<?xml version="1.0" encoding="UTF-8"?>
<!DOCTYPE html PUBLIC "-//W3C//DTD XHTML 1.0 Transitional//EN"
    "http://www.w3.org/TR/xhtml1/DTD/xhtml1-transitional.dtd">
<html xmlns="http://www.w3.org/1999/xhtml" xml:lang="en" lang="en">
 <head>
  <title>
</title>
<meta http-equiv="Content-Type" content="text/html;charset=utf-8" />
  <meta name='ocr-system' content='tesseract 3.04.00' />
  <meta name='ocr-capabilities' content='ocr_page ocr_carea ocr_par ocr_line ocrx_word'/>
</head>
<body>
  <div class='ocr_page' id='page_1' title='image "./operaquaesupersu15melauoft/operaquaesupersu15melauoft_0053.png"; bbox 0 0 2415 2942; ppageno 0'>
   <div class='ocr_carea' id='block_1_1' title="bbox 508 115 589 152">
    <p class='ocr_par' dir='ltr' id='par_1_1' title="bbox 508 115 589 152">
     <span class='ocr_line' id='line_1_1' title="bbox 508 115 589 152; baseline 0.012 -1"><span class='ocrx_word' id='word_1_1' title='bbox 508 115 589 152; x_wconf 85' lang='lat' dir='ltr'>XII.</span> 
     </span>
    </p>
   </div>
   <div class='ocr_carea' id='block_1_2' title="bbox 99 201 741 248">
    <p class='ocr_par' dir='ltr' id='par_1_2' title="bbox 99 201 741 248">
     <span class='ocr_line' id='line_1_2' title="bbox 99 201 741 248; baseline 0.002 -12"><span class='ocrx_word' id='word_1_2' title='bbox 99 214 274 248; x_wconf 90' lang='lat' dir='ltr'>quaquam</span> <span class='ocrx_word' id='word_1_3' title='bbox 299 201 449 235; x_wconf 77' lang='lat' dir='ltr'>similem</span> <span class='ocrx_word' id='word_1_4' title='bbox 475 214 546 235; x_wconf 88' lang='lat' dir='ltr'>esse</span> <span class='ocrx_word' id='word_1_5' title='bbox 570 201 741 246; x_wconf 84' lang='lat' dir='ltr'>Scipioni.</span> 
     </span>
    </p>
   </div>
   <div class='ocr_carea' id='block_1_3' title="bbox 98 110 150 152">
    <p class='ocr_par' dir='ltr' id='par_1_3' title="bbox 98 110 150 152">
     <span class='ocr_line' id='line_1_3' title="bbox 98 110 150 152; baseline -0.019 0"><span class='ocrx_word' id='word_1_6' title='bbox 98 110 150 152; x_wconf 73' lang='lat'>89</span> 
     </span>
    </p>
   </div>
   <div class='ocr_carea' id='block_1_4' title="bbox 642 113 1466 152">
    <p class='ocr_par' dir='ltr' id='par_1_4' title="bbox 642 113 1466 152">
     <span class='ocr_line' id='line_1_4' title="bbox 642 113 1466 152; baseline 0 -2"><span class='ocrx_word' id='word_1_7' title='bbox 642 114 939 152; x_wconf 78' lang='lat' dir='ltr'><strong>ENARRATIO</strong></span> <span class='ocrx_word' id='word_1_8' title='bbox 969 116 1016 151; x_wconf 85' lang='lat' dir='ltr'>IN</span> <span class='ocrx_word' id='word_1_9' title='bbox 1045 113 1227 151; x_wconf 87' lang='lat' dir='ltr'>EVANG.</span> <span class='ocrx_word' id='word_1_10' title='bbox 1254 113 1466 150; x_wconf 83' lang='lat' dir='ltr'>IOANNIS.</span> 
     </span>
    </p>
   </div>
   <div class='ocr_carea' id='block_1_5' title="bbox 1527 116 2133 155">
    <p class='ocr_par' dir='ltr' id='par_1_5' title="bbox 1527 116 2133 155">
     <span class='ocr_line' id='line_1_5' title="bbox 1527 116 2133 155; baseline 0.008 -5"><span class='ocrx_word' id='word_1_11' title='bbox 1527 116 1630 151; x_wconf 86' lang='lat' dir='ltr'>CAP.</span> <span class='ocrx_word' id='word_1_12' title='bbox 1659 117 1721 152; x_wconf 85' lang='lat'>111.</span> <span class='ocrx_word' id='word_1_13' title='bbox 2085 122 2133 155; x_wconf 85' lang='lat'>90</span> 
     </span>
    </p>
   </div>
   <div class='ocr_carea' id='block_1_6' title="bbox 794 201 2133 251">
    <p class='ocr_par' dir='ltr' id='par_1_6' title="bbox 794 201 2133 251">
     <span class='ocr_line' id='line_1_6' title="bbox 794 201 2133 251; baseline 0.004 -16"><span class='ocrx_word' id='word_1_14' title='bbox 794 201 953 236; x_wconf 85' lang='lat' dir='ltr'>Debebat</span> <span class='ocrx_word' id='word_1_15' title='bbox 980 202 1088 243; x_wconf 80' lang='lat' dir='ltr'>igitur</span> <span class='ocrx_word' id='word_1_16' title='bbox 1111 201 1116 243; x_wconf 68' lang='lat' dir='ltr'>l</span> <span class='ocrx_word' id='word_1_17' title='bbox 1142 203 1203 237; x_wconf 75' lang='lat' dir='ltr'>ral.</span> <span class='ocrx_word' id='word_1_18' title='bbox 1227 201 1283 237; x_wconf 86' lang='lat'>19.</span> <span class='ocrx_word' id='word_1_19' title='bbox 1310 201 1455 236; x_wconf 83' lang='lat' dir='ltr'>dicitur:</span> <span class='ocrx_word' id='word_1_20' title='bbox 1491 202 1575 237; x_wconf 81' lang='lat' dir='ltr'>Sitis</span> <span class='ocrx_word' id='word_1_21' title='bbox 1599 204 1721 244; x_wconf 85' lang='lat' dir='ltr'>fortes,</span> <span class='ocrx_word' id='word_1_22' title='bbox 1747 203 1787 237; x_wconf 88' lang='lat' dir='ltr'>&#39;et</span> <span class='ocrx_word' id='word_1_23' title='bbox 1809 204 1932 246; x_wconf 84' lang='lat' dir='ltr'>facite,</span> <span class='ocrx_word' id='word_1_24' title='bbox 1960 206 2040 251; x_wconf 84' lang='lat' dir='ltr'>qnia</span> <span class='ocrx_word' id='word_1_25' title='bbox 2067 208 2133 241; x_wconf 86' lang='lat' dir='ltr'>erit</span> 
     </span>
    </p>
   </div>
   <div class='ocr_carea' id='block_1_7' title="bbox 99 246 1528 297">
    <p class='ocr_par' dir='ltr' id='par_1_7' title="bbox 99 246 1528 297">
     <span class='ocr_line' id='line_1_7' title="bbox 99 246 1528 297; baseline 0.001 -11"><span class='ocrx_word' id='word_1_26' title='bbox 99 265 285 297; x_wconf 79' lang='lat' dir='ltr'><strong>agnoscere</strong></span> <span class='ocrx_word' id='word_1_27' title='bbox 310 265 408 286; x_wconf 89' lang='lat' dir='ltr'>suam</span> <span class='ocrx_word' id='word_1_28' title='bbox 434 254 731 290; x_wconf 74' lang='lat' dir='ltr'>mediocritatem,</span> <span class='ocrx_word' id='word_1_29' title='bbox 761 259 792 285; x_wconf 87' lang='lat' dir='ltr'>et</span> <span class='ocrx_word' id='word_1_30' title='bbox 810 264 1031 297; x_wconf 81' lang='lat' dir='ltr'>nequaquam</span> <span class='ocrx_word' id='word_1_31' title='bbox 1053 264 1087 285; x_wconf 84' lang='lat' dir='ltr'>se</span> <span class='ocrx_word' id='word_1_32' title='bbox 1112 246 1115 266; x_wconf 73' lang='lat'>³</span> <span class='ocrx_word' id='word_1_33' title='bbox 1141 254 1307 286; x_wconf 73' lang='lat' dir='ltr'>dontinus</span> <span class='ocrx_word' id='word_1_34' title='bbox 1327 266 1405 287; x_wconf 88' lang='lat' dir='ltr'>cum</span> <span class='ocrx_word' id='word_1_35' title='bbox 1423 255 1528 288; x_wconf 88' lang='lat' dir='ltr'>bono.</span> 
     </span>
    </p>
   </div>
   <div class='ocr_carea' id='block_1_8' title="bbox 99 303 1088 447">
    <p class='ocr_par' dir='ltr' id='par_1_8' title="bbox 99 303 1088 447">
     <span class='ocr_line' id='line_1_8' title="bbox 99 303 1086 348; baseline -0.003 -10"><span class='ocrx_word' id='word_1_36' title='bbox 99 305 258 338; x_wconf 87' lang='lat' dir='ltr'>conferre</span> <span class='ocrx_word' id='word_1_37' title='bbox 294 304 479 348; x_wconf 84' lang='lat' dir='ltr'>superiori.</span> <span class='ocrx_word' id='word_1_38' title='bbox 550 304 647 347; x_wconf 85' lang='lat' dir='ltr'>Quid</span> <span class='ocrx_word' id='word_1_39' title='bbox 679 310 728 336; x_wconf 88' lang='lat' dir='ltr'>est</span> <span class='ocrx_word' id='word_1_40' title='bbox 759 303 941 341; x_wconf 70' lang='lat' dir='ltr'>usitatius,</span> <span class='ocrx_word' id='word_1_41' title='bbox 981 315 1086 348; x_wconf 89' lang='lat' dir='ltr'>quam</span> 
     </span>
     <span class='ocr_line' id='line_1_9' title="bbox 99 354 1087 401; baseline -0.003 -12"><span class='ocrx_word' id='word_1_42' title='bbox 99 357 192 401; x_wconf 89' lang='lat' dir='ltr'>quod</span> <span class='ocrx_word' id='word_1_43' title='bbox 216 355 319 390; x_wconf 85' lang='lat' dir='ltr'>multi</span> <span class='ocrx_word' id='word_1_44' title='bbox 347 363 521 389; x_wconf 85' lang='lat' dir='ltr'>conantur</span> <span class='ocrx_word' id='word_1_45' title='bbox 543 355 634 397; x_wconf 82' lang='lat' dir='ltr'>leges</span> <span class='ocrx_word' id='word_1_46' title='bbox 656 354 765 393; x_wconf 81' lang='lat' dir='ltr'>ferre,</span> <span class='ocrx_word' id='word_1_47' title='bbox 792 354 984 387; x_wconf 78' lang='lat' dir='ltr'>reformare</span> <span class='ocrx_word' id='word_1_48' title='bbox 1008 365 1087 387; x_wconf 89' lang='lat' dir='ltr'>suas</span> 
     </span>
     <span class='ocr_line' id='line_1_10' title="bbox 99 403 1088 447; baseline -0.003 -7"><span class='ocrx_word' id='word_1_49' title='bbox 99 407 273 447; x_wconf 85' lang='lat' dir='ltr'>civitates,</span> <span class='ocrx_word' id='word_1_50' title='bbox 300 413 338 440; x_wconf 88' lang='lat' dir='ltr'>ut</span> <span class='ocrx_word' id='word_1_51' title='bbox 355 413 499 444; x_wconf 89' lang='lat' dir='ltr'>vocant,</span> <span class='ocrx_word' id='word_1_52' title='bbox 526 407 586 438; x_wconf 87' lang='lat' dir='ltr'>sed</span> <span class='ocrx_word' id='word_1_53' title='bbox 601 403 693 437; x_wconf 84' lang='lat' dir='ltr'>nihil</span> <span class='ocrx_word' id='word_1_54' title='bbox 710 404 879 445; x_wconf 84' lang='lat' dir='ltr'>salutare,</span> <span class='ocrx_word' id='word_1_55' title='bbox 906 412 965 439; x_wconf 87' lang='lat' dir='ltr'>aut</span> <span class='ocrx_word' id='word_1_56' title='bbox 980 406 1088 438; x_wconf 77' lang='lat' dir='ltr'>dura-</span> 
     </span>
    </p>
   </div>
   <div class='ocr_carea' id='block_1_9' title="bbox 1275 335 2001 387">
    <p class='ocr_par' dir='ltr' id='par_1_9' title="bbox 1275 335 2001 387">
     <span class='ocr_line' id='line_1_11' title="bbox 1275 335 2001 387; baseline 0.007 -17"><span class='ocrx_word' id='word_1_57' title='bbox 1275 335 1361 383; x_wconf 82' lang='lat' dir='ltr'>Ipsi</span> <span class='ocrx_word' id='word_1_58' title='bbox 1385 350 1444 371; x_wconf 61' lang='lat' dir='ltr'>ros</span> <span class='ocrx_word' id='word_1_59' title='bbox 1468 343 1572 373; x_wconf 75' lang='lat' dir='ltr'>testes</span> <span class='ocrx_word' id='word_1_60' title='bbox 1597 338 1682 373; x_wconf 80' lang='lat' dir='ltr'>estis</span> <span class='ocrx_word' id='word_1_61' title='bbox 1705 338 1807 387; x_wconf 80' lang='lat' dir='ltr'>quod</span> <span class='ocrx_word' id='word_1_62' title='bbox 1827 338 2001 376; x_wconf 48' lang='lat' dir='ltr'>dixerim.</span> 
     </span>
    </p>
   </div>
   <div class='ocr_carea' id='block_1_10' title="bbox 1242 402 2132 454">
    <p class='ocr_par' dir='ltr' id='par_1_10' title="bbox 1242 402 2132 454">
     <span class='ocr_line' id='line_1_12' title="bbox 1242 402 2132 454; baseline 0.008 -19"><span class='ocrx_word' id='word_1_63' title='bbox 1242 402 1334 447; x_wconf 89' lang='lat' dir='ltr'>Apte</span> <span class='ocrx_word' id='word_1_64' title='bbox 1367 402 1528 438; x_wconf 78' lang='lat' dir='ltr'>cohaeret</span> <span class='ocrx_word' id='word_1_65' title='bbox 1555 407 1688 447; x_wconf 83' lang='lat' dir='ltr'>oratio,</span> <span class='ocrx_word' id='word_1_66' title='bbox 1721 414 1821 450; x_wconf 89' lang='lat' dir='ltr'>ante,</span> <span class='ocrx_word' id='word_1_67' title='bbox 1857 414 1896 441; x_wconf 89' lang='lat' dir='ltr'>ut</span> <span class='ocrx_word' id='word_1_68' title='bbox 1923 408 1959 441; x_wconf 92' lang='lat' dir='ltr'>in</span> <span class='ocrx_word' id='word_1_69' title='bbox 1986 409 2132 454; x_wconf 85' lang='lat' dir='ltr'>syllogi-</span> 
     </span>
    </p>
   </div>
   <div class='ocr_carea' id='block_1_11' title="bbox 97 455 2133 500">
    <p class='ocr_par' dir='ltr' id='par_1_11' title="bbox 97 455 2133 500">
     <span class='ocr_line' id='line_1_13' title="bbox 97 455 2133 500; baseline 0.001 -9"><span class='ocrx_word' id='word_1_70' title='bbox 97 458 169 491; x_wconf 80' lang='lat' dir='ltr'>bile</span> <span class='ocrx_word' id='word_1_71' title='bbox 186 457 432 495; x_wconf 73' lang='lat' dir='ltr'>constituitur,</span> <span class='ocrx_word' id='word_1_72' title='bbox 460 456 528 489; x_wconf 84' lang='lat' dir='ltr'>nisi</span> <span class='ocrx_word' id='word_1_73' title='bbox 545 456 624 490; x_wconf 90' lang='lat' dir='ltr'>Deo</span> <span class='ocrx_word' id='word_1_74' title='bbox 641 456 850 496; x_wconf 86' lang='lat' dir='ltr'>adiuvante,</span> <span class='ocrx_word' id='word_1_75' title='bbox 876 464 914 489; x_wconf 92' lang='lat' dir='ltr'>ut</span> <span class='ocrx_word' id='word_1_76' title='bbox 932 455 1087 495; x_wconf 83' lang='lat' dir='ltr'>Solonis,</span> <span class='ocrx_word' id='word_1_77' title='bbox 1112 473 1115 490; x_wconf 81' lang='grc' dir='ltr'>ι</span> <span class='ocrx_word' id='word_1_78' title='bbox 1140 465 1235 495; x_wconf 84' lang='lat' dir='ltr'>smo,</span> <span class='ocrx_word' id='word_1_79' title='bbox 1263 455 1432 488; x_wconf 83' lang='lat' dir='ltr'>maiorem</span> <span class='ocrx_word' id='word_1_80' title='bbox 1456 457 1660 500; x_wconf 84' lang='lat' dir='ltr'>proposuit,</span> <span class='ocrx_word' id='word_1_81' title='bbox 1686 469 1783 490; x_wconf 89' lang='lat' dir='ltr'>nunc</span> <span class='ocrx_word' id='word_1_82' title='bbox 1808 459 1983 492; x_wconf 86' lang='lat' dir='ltr'>minorem</span> <span class='ocrx_word' id='word_1_83' title='bbox 2002 461 2133 494; x_wconf 82' lang='lat' dir='ltr'>attexit.</span> 
     </span>
    </p>
   </div>
   <div class='ocr_carea' id='block_1_12' title="bbox 98 507 1087 552">
    <p class='ocr_par' dir='ltr' id='par_1_12' title="bbox 98 507 1087 552">
     <span class='ocr_line' id='line_1_14' title="bbox 98 507 1087 552; baseline -0.003 -9"><span class='ocrx_word' id='word_1_84' title='bbox 98 509 268 552; x_wconf 79' lang='lat' dir='ltr'>Augusti,</span> <span class='ocrx_word' id='word_1_85' title='bbox 302 515 335 542; x_wconf 88' lang='lat' dir='ltr'>et</span> <span class='ocrx_word' id='word_1_86' title='bbox 363 507 534 541; x_wconf 73' lang='lat' dir='ltr'>similium</span> <span class='ocrx_word' id='word_1_87' title='bbox 565 507 789 551; x_wconf 87' lang='lat' dir='ltr'>quorundam</span> <span class='ocrx_word' id='word_1_88' title='bbox 822 507 912 550; x_wconf 85' lang='lat' dir='ltr'>leges</span> <span class='ocrx_word' id='word_1_89' title='bbox 943 508 1087 540; x_wconf 83' lang='lat' dir='ltr'>fuerunt</span> 
     </span>
    </p>
   </div>
   <div class='ocr_carea' id='block_1_13' title="bbox 98 558 1114 602">
    <p class='ocr_par' dir='ltr' id='par_1_13' title="bbox 98 558 1114 602">
     <span class='ocr_line' id='line_1_15' title="bbox 98 558 1114 602; baseline -0.003 -9"><span class='ocrx_word' id='word_1_90' title='bbox 98 560 203 594; x_wconf 86' lang='lat' dir='ltr'>utiles</span> <span class='ocrx_word' id='word_1_91' title='bbox 223 559 375 599; x_wconf 87' lang='lat' dir='ltr'>civibus,</span> <span class='ocrx_word' id='word_1_92' title='bbox 403 565 436 591; x_wconf 87' lang='lat' dir='ltr'>et</span> <span class='ocrx_word' id='word_1_93' title='bbox 453 559 683 591; x_wconf 86' lang='lat' dir='ltr'>duraverunt:</span> <span class='ocrx_word' id='word_1_94' title='bbox 713 558 855 590; x_wconf 82' lang='lat' dir='ltr'>interim</span> <span class='ocrx_word' id='word_1_95' title='bbox 872 570 977 602; x_wconf 89' lang='lat' dir='ltr'>quam</span> <span class='ocrx_word' id='word_1_96' title='bbox 993 559 1088 591; x_wconf 88' lang='lat' dir='ltr'>mul-</span> <span class='ocrx_word' id='word_1_97' title='bbox 1112 580 1114 584; x_wconf 67' lang='lat'>,</span> 
     </span>
    </p>
   </div>
   <div class='ocr_carea' id='block_1_14' title="bbox 97 609 1084 694">
    <p class='ocr_par' dir='ltr' id='par_1_14' title="bbox 97 609 1084 694">
     <span class='ocr_line' id='line_1_16' title="bbox 98 609 1084 644; baseline 0 -1"><span class='ocrx_word' id='word_1_98' title='bbox 98 618 215 644; x_wconf 89' lang='lat' dir='ltr'>torum</span> <span class='ocrx_word' id='word_1_99' title='bbox 245 609 363 642; x_wconf 81' lang='lat' dir='ltr'>futiles</span> <span class='ocrx_word' id='word_1_100' title='bbox 387 609 652 642; x_wconf 81' lang='lat' dir='ltr'>emendationes</span> <span class='ocrx_word' id='word_1_101' title='bbox 677 610 910 643; x_wconf 82' lang='lat' dir='ltr'>turbaverunt</span> <span class='ocrx_word' id='word_1_102' title='bbox 933 609 1084 644; x_wconf 86' lang='lat' dir='ltr'>Atticam</span> 
     </span>
     <span class='ocr_line' id='line_1_17' title="bbox 97 658 556 694; baseline -0.002 0"><span class='ocrx_word' id='word_1_103' title='bbox 97 660 274 694; x_wconf 84' lang='lat' dir='ltr'>civitatem</span> <span class='ocrx_word' id='word_1_104' title='bbox 294 666 325 693; x_wconf 91' lang='lat' dir='ltr'>et</span> <span class='ocrx_word' id='word_1_105' title='bbox 344 658 556 694; x_wconf 77' lang='lat' dir='ltr'>Romanam.</span> 
     </span>
    </p>
   </div>
   <div class='ocr_carea' id='block_1_15' title="bbox 92 733 1086 1036">
    <p class='ocr_par' dir='ltr' id='par_1_15' title="bbox 92 733 1086 1036">
     <span class='ocr_line' id='line_1_18' title="bbox 198 733 1086 779; baseline 0 -10"><span class='ocrx_word' id='word_1_106' title='bbox 198 735 241 769; x_wconf 91' lang='lat' dir='ltr'>In</span> <span class='ocrx_word' id='word_1_107' title='bbox 265 736 395 770; x_wconf 88' lang='lat' dir='ltr'>talibus</span> <span class='ocrx_word' id='word_1_108' title='bbox 416 736 508 770; x_wconf 90' lang='lat' dir='ltr'>vitae</span> <span class='ocrx_word' id='word_1_109' title='bbox 522 736 671 779; x_wconf 78' lang='lat' dir='ltr'>negotiis</span> <span class='ocrx_word' id='word_1_110' title='bbox 690 736 882 779; x_wconf 72' lang='lat' dir='ltr'>cogitemus</span> <span class='ocrx_word' id='word_1_111' title='bbox 899 733 989 770; x_wconf 87' lang='lat' dir='ltr'>hanc</span> <span class='ocrx_word' id='word_1_112' title='bbox 1006 748 1086 769; x_wconf 89' lang='lat' dir='ltr'>sen-</span> 
     </span>
     <span class='ocr_line' id='line_1_19' title="bbox 95 785 1085 832; baseline -0.001 -11"><span class='ocrx_word' id='word_1_113' title='bbox 95 787 261 821; x_wconf 79' lang='lat' dir='ltr'>tentiam:</span> <span class='ocrx_word' id='word_1_114' title='bbox 287 786 369 820; x_wconf 87' lang='lat' dir='ltr'>Non</span> <span class='ocrx_word' id='word_1_115' title='bbox 389 794 502 831; x_wconf 91' lang='lat' dir='ltr'>potest</span> <span class='ocrx_word' id='word_1_116' title='bbox 522 785 630 821; x_wconf 88' lang='lat' dir='ltr'>homo</span> <span class='ocrx_word' id='word_1_117' title='bbox 647 788 714 820; x_wconf 89' lang='lat' dir='ltr'>sibi</span> <span class='ocrx_word' id='word_1_118' title='bbox 731 788 921 832; x_wconf 87' lang='lat' dir='ltr'>quicquam</span> <span class='ocrx_word' id='word_1_119' title='bbox 938 799 1085 829; x_wconf 88' lang='lat' dir='ltr'>sumere,</span> 
     </span>
     <span class='ocr_line' id='line_1_20' title="bbox 95 838 1086 872; baseline 0 -1"><span class='ocrx_word' id='word_1_120' title='bbox 95 839 165 871; x_wconf 87' lang='lat' dir='ltr'>nisi</span> <span class='ocrx_word' id='word_1_121' title='bbox 189 838 234 872; x_wconf 86' lang='lat' dir='ltr'>sit</span> <span class='ocrx_word' id='word_1_122' title='bbox 251 838 282 871; x_wconf 87' lang='lat' dir='ltr'>ei</span> <span class='ocrx_word' id='word_1_123' title='bbox 299 838 419 872; x_wconf 82' lang='lat' dir='ltr'>datum</span> <span class='ocrx_word' id='word_1_124' title='bbox 438 839 481 871; x_wconf 91' lang='lat' dir='ltr'>de</span> <span class='ocrx_word' id='word_1_125' title='bbox 499 839 608 872; x_wconf 88' lang='lat' dir='ltr'>coelo.</span> <span class='ocrx_word' id='word_1_126' title='bbox 660 838 755 872; x_wconf 89' lang='lat' dir='ltr'>Haec</span> <span class='ocrx_word' id='word_1_127' title='bbox 774 839 944 872; x_wconf 88' lang='lat' dir='ltr'>sententia</span> <span class='ocrx_word' id='word_1_128' title='bbox 963 840 1086 872; x_wconf 85' lang='lat' dir='ltr'>doceat</span> 
     </span>
     <span class='ocr_line' id='line_1_21' title="bbox 94 889 1086 934; baseline 0 -12"><span class='ocrx_word' id='word_1_129' title='bbox 94 901 178 928; x_wconf 90' lang='lat' dir='ltr'>nos,</span> <span class='ocrx_word' id='word_1_130' title='bbox 212 889 506 932; x_wconf 83' lang='lat' dir='ltr'>gubernationem</span> <span class='ocrx_word' id='word_1_131' title='bbox 530 901 602 922; x_wconf 87' lang='lat' dir='ltr'>esse</span> <span class='ocrx_word' id='word_1_132' title='bbox 627 902 715 934; x_wconf 90' lang='lat' dir='ltr'>opus</span> <span class='ocrx_word' id='word_1_133' title='bbox 739 889 819 930; x_wconf 78' lang='lat' dir='ltr'>Dei,</span> <span class='ocrx_word' id='word_1_134' title='bbox 855 897 1013 929; x_wconf 80' lang='lat' dir='ltr'>moneat,</span> <span class='ocrx_word' id='word_1_135' title='bbox 1042 902 1086 923; x_wconf 88' lang='lat' dir='ltr'>ne</span> 
     </span>
     <span class='ocr_line' id='line_1_22' title="bbox 94 939 1085 984; baseline 0.001 -11"><span class='ocrx_word' id='word_1_136' title='bbox 94 940 170 973; x_wconf 90' lang='lat' dir='ltr'>sine</span> <span class='ocrx_word' id='word_1_137' title='bbox 193 940 378 974; x_wconf 86' lang='lat' dir='ltr'>vocatione</span> <span class='ocrx_word' id='word_1_138' title='bbox 398 952 452 974; x_wconf 90' lang='lat' dir='ltr'>res</span> <span class='ocrx_word' id='word_1_139' title='bbox 468 952 611 984; x_wconf 87' lang='lat' dir='ltr'>magnas</span> <span class='ocrx_word' id='word_1_140' title='bbox 628 940 880 984; x_wconf 74' lang='lat' dir='ltr'>suscipiamus,</span> <span class='ocrx_word' id='word_1_141' title='bbox 906 939 990 974; x_wconf 86' lang='lat' dir='ltr'>baec</span> <span class='ocrx_word' id='word_1_142' title='bbox 1009 953 1085 974; x_wconf 87' lang='lat' dir='ltr'>mo—</span> 
     </span>
     <span class='ocr_line' id='line_1_23' title="bbox 92 991 958 1036; baseline 0.002 -11"><span class='ocrx_word' id='word_1_143' title='bbox 92 991 204 1025; x_wconf 86' lang='lat' dir='ltr'>destia</span> <span class='ocrx_word' id='word_1_144' title='bbox 223 991 321 1024; x_wconf 89' lang='lat' dir='ltr'>utilis</span> <span class='ocrx_word' id='word_1_145' title='bbox 338 999 387 1025; x_wconf 88' lang='lat' dir='ltr'>est</span> <span class='ocrx_word' id='word_1_146' title='bbox 404 992 481 1036; x_wconf 86' lang='lat' dir='ltr'>paci</span> <span class='ocrx_word' id='word_1_147' title='bbox 503 999 536 1025; x_wconf 90' lang='lat' dir='ltr'>et</span> <span class='ocrx_word' id='word_1_148' title='bbox 555 991 765 1025; x_wconf 74' lang='lat' dir='ltr'>concordiae</span> <span class='ocrx_word' id='word_1_149' title='bbox 784 993 958 1036; x_wconf 88' lang='lat' dir='ltr'>publicae.</span> 
     </span>
    </p>
   </div>
   <div class='ocr_carea' id='block_1_16' title="bbox 85 1066 1084 2384">
    <p class='ocr_par' dir='ltr' id='par_1_16' title="bbox 85 1066 1084 2384">
     <span class='ocr_line' id='line_1_24' title="bbox 197 1066 1083 1112; baseline -0.001 -12"><span class='ocrx_word' id='word_1_150' title='bbox 197 1066 411 1112; x_wconf 75' lang='lat' dir='ltr'>Quanquam</span> <span class='ocrx_word' id='word_1_151' title='bbox 446 1067 553 1111; x_wconf 86' lang='lat' dir='ltr'>igitur</span> <span class='ocrx_word' id='word_1_152' title='bbox 587 1075 619 1102; x_wconf 86' lang='lat' dir='ltr'>et</span> <span class='ocrx_word' id='word_1_153' title='bbox 651 1067 833 1111; x_wconf 86' lang='lat' dir='ltr'>politicum</span> <span class='ocrx_word' id='word_1_154' title='bbox 861 1074 1083 1112; x_wconf 81' lang='lat' dir='ltr'>pracceptum</span> 
     </span>
     <span class='ocr_line' id='line_1_25' title="bbox 93 1117 1084 1164; baseline -0.003 -11"><span class='ocrx_word' id='word_1_155' title='bbox 93 1126 161 1160; x_wconf 89' lang='lat' dir='ltr'>est,</span> <span class='ocrx_word' id='word_1_156' title='bbox 186 1125 303 1152; x_wconf 85' lang='lat' dir='ltr'>tamen</span> <span class='ocrx_word' id='word_1_157' title='bbox 321 1119 401 1163; x_wconf 87' lang='lat' dir='ltr'>quia</span> <span class='ocrx_word' id='word_1_158' title='bbox 418 1117 576 1162; x_wconf 75' lang='lat' dir='ltr'>Baptista</span> <span class='ocrx_word' id='word_1_159' title='bbox 593 1119 636 1151; x_wconf 89' lang='lat' dir='ltr'>de</span> <span class='ocrx_word' id='word_1_160' title='bbox 651 1117 807 1151; x_wconf 85' lang='lat' dir='ltr'>Ecclesia</span> <span class='ocrx_word' id='word_1_161' title='bbox 826 1119 1000 1164; x_wconf 79' lang='lat' dir='ltr'>loquitur,</span> <span class='ocrx_word' id='word_1_162' title='bbox 1030 1119 1084 1151; x_wconf 90' lang='lat' dir='ltr'>di-</span> 
     </span>
     <span class='ocr_line' id='line_1_26' title="bbox 93 1167 1084 1212; baseline -0.003 -8"><span class='ocrx_word' id='word_1_163' title='bbox 93 1181 212 1204; x_wconf 90' lang='lat' dir='ltr'>camus</span> <span class='ocrx_word' id='word_1_164' title='bbox 234 1170 277 1203; x_wconf 90' lang='lat' dir='ltr'>de</span> <span class='ocrx_word' id='word_1_165' title='bbox 303 1169 509 1203; x_wconf 86' lang='lat' dir='ltr'>ministeriis</span> <span class='ocrx_word' id='word_1_166' title='bbox 530 1167 719 1205; x_wconf 83' lang='lat' dir='ltr'>Ecclesiae.</span> <span class='ocrx_word' id='word_1_167' title='bbox 772 1168 993 1210; x_wconf 71' lang='lat' dir='ltr'>ministeria,</span> <span class='ocrx_word' id='word_1_168' title='bbox 1021 1181 1084 1212; x_wconf 86' lang='lat' dir='ltr'>gn-</span> 
     </span>
     <span class='ocr_line' id='line_1_27' title="bbox 92 1219 1084 1264; baseline -0.003 -9"><span class='ocrx_word' id='word_1_169' title='bbox 92 1220 336 1260; x_wconf 87' lang='lat' dir='ltr'>bernationes,</span> <span class='ocrx_word' id='word_1_170' title='bbox 372 1221 506 1260; x_wconf 66' lang='lat' dir='ltr'>cunm,</span> <span class='ocrx_word' id='word_1_171' title='bbox 540 1232 604 1253; x_wconf 87' lang='lat' dir='ltr'>nec</span> <span class='ocrx_word' id='word_1_172' title='bbox 627 1221 765 1264; x_wconf 85' lang='lat' dir='ltr'>placent</span> <span class='ocrx_word' id='word_1_173' title='bbox 788 1219 882 1260; x_wconf 88' lang='lat' dir='ltr'>Deo,</span> <span class='ocrx_word' id='word_1_174' title='bbox 916 1233 980 1252; x_wconf 89' lang='lat' dir='ltr'>nec</span> <span class='ocrx_word' id='word_1_175' title='bbox 1003 1227 1084 1252; x_wconf 87' lang='lat' dir='ltr'>sunt</span> 
     </span>
     <span class='ocr_line' id='line_1_28' title="bbox 93 1269 1083 1313; baseline -0.004 -7"><span class='ocrx_word' id='word_1_176' title='bbox 93 1273 267 1313; x_wconf 80' lang='lat' dir='ltr'>efficaces,</span> <span class='ocrx_word' id='word_1_177' title='bbox 301 1283 365 1304; x_wconf 90' lang='lat' dir='ltr'>nec</span> <span class='ocrx_word' id='word_1_178' title='bbox 393 1271 589 1311; x_wconf 79' lang='lat' dir='ltr'>durabiles,</span> <span class='ocrx_word' id='word_1_179' title='bbox 623 1271 691 1303; x_wconf 89' lang='lat' dir='ltr'>nisi</span> <span class='ocrx_word' id='word_1_180' title='bbox 721 1269 816 1303; x_wconf 86' lang='lat' dir='ltr'>Deus</span> <span class='ocrx_word' id='word_1_181' title='bbox 847 1271 890 1305; x_wconf 85' lang='lat' dir='ltr'>sit</span> <span class='ocrx_word' id='word_1_182' title='bbox 919 1278 1021 1304; x_wconf 89' lang='lat' dir='ltr'>autor</span> <span class='ocrx_word' id='word_1_183' title='bbox 1052 1277 1083 1303; x_wconf 83' lang='lat' dir='ltr'>et</span> 
     </span>
     <span class='ocr_line' id='line_1_29' title="bbox 92 1321 1082 1367; baseline -0.002 -11"><span class='ocrx_word' id='word_1_184' title='bbox 92 1323 245 1357; x_wconf 85' lang='lat' dir='ltr'>adiutor.</span> <span class='ocrx_word' id='word_1_185' title='bbox 298 1321 447 1354; x_wconf 91' lang='lat' dir='ltr'>loannes</span> <span class='ocrx_word' id='word_1_186' title='bbox 462 1321 622 1355; x_wconf 84' lang='lat' dir='ltr'>minister</span> <span class='ocrx_word' id='word_1_187' title='bbox 637 1322 703 1355; x_wconf 84' lang='lat' dir='ltr'>suit</span> <span class='ocrx_word' id='word_1_188' title='bbox 718 1322 895 1365; x_wconf 81' lang='lat' dir='ltr'>baptismi,</span> <span class='ocrx_word' id='word_1_189' title='bbox 918 1322 960 1354; x_wconf 88' lang='lat' dir='ltr'>ad</span> <span class='ocrx_word' id='word_1_190' title='bbox 979 1333 1082 1367; x_wconf 89' lang='lat' dir='ltr'>quem</span> 
     </span>
     <span class='ocr_line' id='line_1_30' title="bbox 93 1371 1084 1415; baseline -0.003 -8"><span class='ocrx_word' id='word_1_191' title='bbox 93 1373 265 1407; x_wconf 88' lang='lat' dir='ltr'>divinitus</span> <span class='ocrx_word' id='word_1_192' title='bbox 282 1373 384 1406; x_wconf 91' lang='lat' dir='ltr'>certis</span> <span class='ocrx_word' id='word_1_193' title='bbox 400 1372 612 1406; x_wconf 82' lang='lat' dir='ltr'>testimoniis</span> <span class='ocrx_word' id='word_1_194' title='bbox 630 1379 770 1406; x_wconf 88' lang='lat' dir='ltr'>vocatus</span> <span class='ocrx_word' id='word_1_195' title='bbox 788 1373 866 1407; x_wconf 86' lang='lat' dir='ltr'>fuit.</span> <span class='ocrx_word' id='word_1_196' title='bbox 922 1371 999 1406; x_wconf 92' lang='lat' dir='ltr'>Hoc</span> <span class='ocrx_word' id='word_1_197' title='bbox 1017 1372 1084 1415; x_wconf 82' lang='lat' dir='ltr'>igi-</span> 
     </span>
     <span class='ocr_line' id='line_1_31' title="bbox 92 1422 1082 1467; baseline -0.003 -8"><span class='ocrx_word' id='word_1_198' title='bbox 92 1433 151 1460; x_wconf 91' lang='lat' dir='ltr'>tur</span> <span class='ocrx_word' id='word_1_199' title='bbox 179 1423 416 1457; x_wconf 87' lang='lat' dir='ltr'>ministerium</span> <span class='ocrx_word' id='word_1_200' title='bbox 446 1423 578 1467; x_wconf 83' lang='lat' dir='ltr'>placuit</span> <span class='ocrx_word' id='word_1_201' title='bbox 597 1422 691 1462; x_wconf 85' lang='lat' dir='ltr'>Deo,</span> <span class='ocrx_word' id='word_1_202' title='bbox 726 1423 794 1457; x_wconf 85' lang='lat' dir='ltr'>suit</span> <span class='ocrx_word' id='word_1_203' title='bbox 818 1424 937 1456; x_wconf 82' lang='lat' dir='ltr'>efficax</span> <span class='ocrx_word' id='word_1_204' title='bbox 961 1430 993 1457; x_wconf 90' lang='lat' dir='ltr'>et</span> <span class='ocrx_word' id='word_1_205' title='bbox 1015 1424 1082 1456; x_wconf 92' lang='lat' dir='ltr'>du-</span> 
     </span>
     <span class='ocr_line' id='line_1_32' title="bbox 91 1473 1081 1517; baseline -0.002 -8"><span class='ocrx_word' id='word_1_206' title='bbox 91 1475 213 1509; x_wconf 86' lang='lat' dir='ltr'>rabile.</span> <span class='ocrx_word' id='word_1_207' title='bbox 269 1474 365 1508; x_wconf 87' lang='lat' dir='ltr'>Idem</span> <span class='ocrx_word' id='word_1_208' title='bbox 385 1473 536 1508; x_wconf 85' lang='lat' dir='ltr'>Ioannes</span> <span class='ocrx_word' id='word_1_209' title='bbox 557 1475 702 1517; x_wconf 84' lang='lat' dir='ltr'>agnovit</span> <span class='ocrx_word' id='word_1_210' title='bbox 718 1475 863 1507; x_wconf 90' lang='lat' dir='ltr'>modum</span> <span class='ocrx_word' id='word_1_211' title='bbox 880 1486 961 1508; x_wconf 91' lang='lat' dir='ltr'>suae</span> <span class='ocrx_word' id='word_1_212' title='bbox 977 1486 1081 1507; x_wconf 90' lang='lat' dir='ltr'>voca-</span> 
     </span>
     <span class='ocr_line' id='line_1_33' title="bbox 91 1525 1082 1570; baseline 0 -10"><span class='ocrx_word' id='word_1_213' title='bbox 91 1527 217 1567; x_wconf 78' lang='lat' dir='ltr'>tionis,</span> <span class='ocrx_word' id='word_1_214' title='bbox 253 1537 291 1559; x_wconf 90' lang='lat' dir='ltr'>ac</span> <span class='ocrx_word' id='word_1_215' title='bbox 314 1526 417 1559; x_wconf 85' lang='lat' dir='ltr'>toties</span> <span class='ocrx_word' id='word_1_216' title='bbox 441 1525 627 1570; x_wconf 81' lang='lat' dir='ltr'>profitetur</span> <span class='ocrx_word' id='word_1_217' title='bbox 648 1537 683 1559; x_wconf 86' lang='lat' dir='ltr'>se</span> <span class='ocrx_word' id='word_1_218' title='bbox 706 1537 779 1559; x_wconf 90' lang='lat' dir='ltr'>non</span> <span class='ocrx_word' id='word_1_219' title='bbox 801 1537 873 1559; x_wconf 87' lang='lat' dir='ltr'>esse</span> <span class='ocrx_word' id='word_1_220' title='bbox 899 1525 1082 1560; x_wconf 76' lang='lat' dir='ltr'>Messiam-</span> 
     </span>
     <span class='ocr_line' id='line_1_34' title="bbox 91 1574 1081 1617; baseline -0.001 -6"><span class='ocrx_word' id='word_1_221' title='bbox 91 1578 132 1613; x_wconf 87' lang='lat' dir='ltr'>Si</span> <span class='ocrx_word' id='word_1_222' title='bbox 155 1577 222 1611; x_wconf 90' lang='lat' dir='ltr'>sibi</span> <span class='ocrx_word' id='word_1_223' title='bbox 249 1583 402 1610; x_wconf 87' lang='lat' dir='ltr'>sumeret</span> <span class='ocrx_word' id='word_1_224' title='bbox 424 1577 578 1610; x_wconf 79' lang='lat' dir='ltr'>alienum</span> <span class='ocrx_word' id='word_1_225' title='bbox 604 1574 793 1617; x_wconf 85' lang='lat' dir='ltr'>honorem,</span> <span class='ocrx_word' id='word_1_226' title='bbox 830 1577 1041 1610; x_wconf 88' lang='lat' dir='ltr'>abiiceretur</span> <span class='ocrx_word' id='word_1_227' title='bbox 1063 1589 1081 1610; x_wconf 90' lang='lat' dir='ltr'>a</span> 
     </span>
     <span class='ocr_line' id='line_1_35' title="bbox 91 1627 1080 1672; baseline -0.002 -9"><span class='ocrx_word' id='word_1_228' title='bbox 91 1628 188 1670; x_wconf 90' lang='lat' dir='ltr'>Deo,</span> <span class='ocrx_word' id='word_1_229' title='bbox 221 1635 254 1662; x_wconf 87' lang='lat' dir='ltr'>et</span> <span class='ocrx_word' id='word_1_230' title='bbox 277 1628 346 1662; x_wconf 89' lang='lat' dir='ltr'>cito</span> <span class='ocrx_word' id='word_1_231' title='bbox 371 1628 602 1672; x_wconf 81' lang='lat' dir='ltr'>dissiparetur</span> <span class='ocrx_word' id='word_1_232' title='bbox 625 1629 699 1661; x_wconf 89' lang='lat' dir='ltr'>eius</span> <span class='ocrx_word' id='word_1_233' title='bbox 724 1628 943 1671; x_wconf 80' lang='lat' dir='ltr'>gubernatio.</span> <span class='ocrx_word' id='word_1_234' title='bbox 998 1627 1080 1661; x_wconf 86' lang='lat' dir='ltr'>Ideo</span> 
     </span>
     <span class='ocr_line' id='line_1_36' title="bbox 92 1677 1082 1722; baseline -0.001 -9"><span class='ocrx_word' id='word_1_235' title='bbox 92 1680 141 1713; x_wconf 91' lang='lat' dir='ltr'>sic</span> <span class='ocrx_word' id='word_1_236' title='bbox 168 1679 343 1722; x_wconf 85' lang='lat' dir='ltr'>praefatus</span> <span class='ocrx_word' id='word_1_237' title='bbox 373 1686 440 1712; x_wconf 81' lang='lat' dir='ltr'>est:</span> <span class='ocrx_word' id='word_1_238' title='bbox 474 1678 556 1712; x_wconf 80' lang='lat' dir='ltr'>Non</span> <span class='ocrx_word' id='word_1_239' title='bbox 581 1686 694 1722; x_wconf 88' lang='lat' dir='ltr'>potest</span> <span class='ocrx_word' id='word_1_240' title='bbox 718 1680 787 1713; x_wconf 90' lang='lat' dir='ltr'>sibi</span> <span class='ocrx_word' id='word_1_241' title='bbox 811 1677 919 1713; x_wconf 90' lang='lat' dir='ltr'>homo</span> <span class='ocrx_word' id='word_1_242' title='bbox 944 1691 1082 1712; x_wconf 89' lang='lat' dir='ltr'>sumere</span> 
     </span>
     <span class='ocr_line' id='line_1_37' title="bbox 91 1729 1081 1775; baseline 0.001 -13"><span class='ocrx_word' id='word_1_243' title='bbox 91 1730 299 1775; x_wconf 89' lang='lat' dir='ltr'>quicquam,</span> <span class='ocrx_word' id='word_1_244' title='bbox 326 1729 395 1761; x_wconf 88' lang='lat' dir='ltr'>nisi</span> <span class='ocrx_word' id='word_1_245' title='bbox 418 1729 463 1762; x_wconf 88' lang='lat' dir='ltr'>sit</span> <span class='ocrx_word' id='word_1_246' title='bbox 486 1729 515 1761; x_wconf 91' lang='lat' dir='ltr'>ei</span> <span class='ocrx_word' id='word_1_247' title='bbox 538 1730 658 1762; x_wconf 88' lang='lat' dir='ltr'>datum</span> <span class='ocrx_word' id='word_1_248' title='bbox 688 1730 732 1762; x_wconf 91' lang='lat' dir='ltr'>de</span> <span class='ocrx_word' id='word_1_249' title='bbox 756 1730 865 1765; x_wconf 90' lang='lat' dir='ltr'>coelo.</span> <span class='ocrx_word' id='word_1_250' title='bbox 917 1729 1001 1764; x_wconf 87' lang='lat' dir='ltr'>Fuit</span> <span class='ocrx_word' id='word_1_251' title='bbox 1025 1731 1081 1763; x_wconf 90' lang='lat' dir='ltr'>in-</span> 
     </span>
     <span class='ocr_line' id='line_1_38' title="bbox 92 1777 1081 1823; baseline -0.001 -9"><span class='ocrx_word' id='word_1_252' title='bbox 92 1781 176 1814; x_wconf 82' lang='lat' dir='ltr'>felix</span> <span class='ocrx_word' id='word_1_253' title='bbox 200 1779 409 1823; x_wconf 83' lang='lat' dir='ltr'>gubernatio</span> <span class='ocrx_word' id='word_1_254' title='bbox 434 1779 524 1822; x_wconf 86' lang='lat' dir='ltr'>regis</span> <span class='ocrx_word' id='word_1_255' title='bbox 541 1777 678 1819; x_wconf 86' lang='lat' dir='ltr'>Achas,</span> <span class='ocrx_word' id='word_1_256' title='bbox 707 1781 770 1813; x_wconf 86' lang='lat' dir='ltr'>etsi</span> <span class='ocrx_word' id='word_1_257' title='bbox 793 1781 902 1813; x_wconf 90' lang='lat' dir='ltr'>multa</span> <span class='ocrx_word' id='word_1_258' title='bbox 927 1781 1081 1821; x_wconf 86' lang='lat' dir='ltr'>molitus,</span> 
     </span>
     <span class='ocr_line' id='line_1_39' title="bbox 93 1830 1080 1874; baseline 0 -9"><span class='ocrx_word' id='word_1_259' title='bbox 93 1831 206 1865; x_wconf 81' lang='lat' dir='ltr'>multa</span> <span class='ocrx_word' id='word_1_260' title='bbox 231 1836 377 1863; x_wconf 88' lang='lat' dir='ltr'>conatus</span> <span class='ocrx_word' id='word_1_261' title='bbox 393 1837 461 1873; x_wconf 88' lang='lat' dir='ltr'>est,</span> <span class='ocrx_word' id='word_1_262' title='bbox 491 1837 523 1863; x_wconf 89' lang='lat' dir='ltr'>et</span> <span class='ocrx_word' id='word_1_263' title='bbox 539 1830 723 1872; x_wconf 86' lang='lat' dir='ltr'>praesidiis</span> <span class='ocrx_word' id='word_1_264' title='bbox 742 1831 940 1863; x_wconf 85' lang='lat' dir='ltr'>vicinorum</span> <span class='ocrx_word' id='word_1_265' title='bbox 959 1843 1080 1874; x_wconf 85' lang='lat' dir='ltr'>regum</span> 
     </span>
     <span class='ocr_line' id='line_1_40' title="bbox 93 1878 1081 1925; baseline 0 -10"><span class='ocrx_word' id='word_1_266' title='bbox 93 1882 282 1925; x_wconf 86' lang='lat' dir='ltr'>diligenter</span> <span class='ocrx_word' id='word_1_267' title='bbox 306 1891 340 1912; x_wconf 87' lang='lat' dir='ltr'>se</span> <span class='ocrx_word' id='word_1_268' title='bbox 366 1880 588 1914; x_wconf 86' lang='lat' dir='ltr'>communiit.</span> <span class='ocrx_word' id='word_1_269' title='bbox 642 1878 796 1914; x_wconf 88' lang='lat' dir='ltr'>Econtra</span> <span class='ocrx_word' id='word_1_270' title='bbox 819 1878 993 1914; x_wconf 81' lang='lat' dir='ltr'>Ezechiae</span> <span class='ocrx_word' id='word_1_271' title='bbox 1014 1894 1081 1925; x_wconf 86' lang='lat' dir='ltr'>gu—</span> 
     </span>
     <span class='ocr_line' id='line_1_41' title="bbox 89 1930 1081 1977; baseline -0.001 -10"><span class='ocrx_word' id='word_1_272' title='bbox 89 1932 252 1967; x_wconf 87' lang='lat' dir='ltr'>bernatio</span> <span class='ocrx_word' id='word_1_273' title='bbox 275 1930 342 1964; x_wconf 86' lang='lat' dir='ltr'>suit</span> <span class='ocrx_word' id='word_1_274' title='bbox 363 1931 446 1964; x_wconf 83' lang='lat' dir='ltr'>felix</span> <span class='ocrx_word' id='word_1_275' title='bbox 470 1938 502 1965; x_wconf 87' lang='lat' dir='ltr'>et</span> <span class='ocrx_word' id='word_1_276' title='bbox 518 1931 699 1972; x_wconf 79' lang='lat' dir='ltr'>salutaris,</span> <span class='ocrx_word' id='word_1_277' title='bbox 726 1933 808 1977; x_wconf 90' lang='lat' dir='ltr'>quia</span> <span class='ocrx_word' id='word_1_278' title='bbox 826 1932 999 1966; x_wconf 89' lang='lat' dir='ltr'>divinitus</span> <span class='ocrx_word' id='word_1_279' title='bbox 1018 1934 1081 1966; x_wconf 88' lang='lat' dir='ltr'>ad-</span> 
     </span>
     <span class='ocr_line' id='line_1_42' title="bbox 88 1980 1081 2027; baseline 0 -10"><span class='ocrx_word' id='word_1_280' title='bbox 88 1983 288 2018; x_wconf 81' lang='lat' dir='ltr'>iuvabatur.</span> <span class='ocrx_word' id='word_1_281' title='bbox 343 1980 507 2015; x_wconf 80' lang='lat' dir='ltr'>Ieremias</span> <span class='ocrx_word' id='word_1_282' title='bbox 534 1983 685 2016; x_wconf 87' lang='lat' dir='ltr'>servavit</span> <span class='ocrx_word' id='word_1_283' title='bbox 708 1983 902 2027; x_wconf 87' lang='lat' dir='ltr'>populum,</span> <span class='ocrx_word' id='word_1_284' title='bbox 930 1995 1023 2016; x_wconf 84' lang='lat' dir='ltr'>novo</span> <span class='ocrx_word' id='word_1_285' title='bbox 1048 1991 1081 2018; x_wconf 92' lang='lat' dir='ltr'>et</span> 
     </span>
     <span class='ocr_line' id='line_1_43' title="bbox 87 2032 1081 2077; baseline -0.001 -8"><span class='ocrx_word' id='word_1_286' title='bbox 87 2034 257 2069; x_wconf 87' lang='lat' dir='ltr'>inusitato</span> <span class='ocrx_word' id='word_1_287' title='bbox 274 2033 441 2074; x_wconf 89' lang='lat' dir='ltr'>consilio,</span> <span class='ocrx_word' id='word_1_288' title='bbox 468 2032 647 2077; x_wconf 85' lang='lat' dir='ltr'>cuireges,</span> <span class='ocrx_word' id='word_1_289' title='bbox 674 2035 881 2075; x_wconf 89' lang='lat' dir='ltr'>sacerdotes,</span> <span class='ocrx_word' id='word_1_290' title='bbox 909 2041 942 2068; x_wconf 90' lang='lat' dir='ltr'>et</span> <span class='ocrx_word' id='word_1_291' title='bbox 959 2047 1081 2069; x_wconf 89' lang='lat' dir='ltr'>omnes</span> 
     </span>
     <span class='ocr_line' id='line_1_44' title="bbox 89 2084 1078 2131; baseline 0 -12"><span class='ocrx_word' id='word_1_292' title='bbox 89 2086 263 2130; x_wconf 78' lang='lat' dir='ltr'>sapientes</span> <span class='ocrx_word' id='word_1_293' title='bbox 302 2084 591 2120; x_wconf 84' lang='lat' dir='ltr'>adversabantur.</span> <span class='ocrx_word' id='word_1_294' title='bbox 670 2084 888 2119; x_wconf 85' lang='lat' dir='ltr'>Huiusmodi</span> <span class='ocrx_word' id='word_1_295' title='bbox 922 2086 1078 2131; x_wconf 88' lang='lat' dir='ltr'>exempla</span> 
     </span>
     <span class='ocr_line' id='line_1_45' title="bbox 88 2134 1080 2180; baseline 0.001 -10"><span class='ocrx_word' id='word_1_296' title='bbox 88 2138 277 2170; x_wconf 85' lang='lat' dir='ltr'>innumera</span> <span class='ocrx_word' id='word_1_297' title='bbox 301 2136 451 2169; x_wconf 90' lang='lat' dir='ltr'>sciamus</span> <span class='ocrx_word' id='word_1_298' title='bbox 475 2135 651 2180; x_wconf 87' lang='lat' dir='ltr'>pertinere</span> <span class='ocrx_word' id='word_1_299' title='bbox 675 2137 719 2170; x_wconf 91' lang='lat' dir='ltr'>ad</span> <span class='ocrx_word' id='word_1_300' title='bbox 745 2134 837 2170; x_wconf 89' lang='lat' dir='ltr'>hanc</span> <span class='ocrx_word' id='word_1_301' title='bbox 856 2137 1080 2177; x_wconf 88' lang='lat' dir='ltr'>sententiam,</span> 
     </span>
     <span class='ocr_line' id='line_1_46' title="bbox 88 2184 1079 2231; baseline -0.001 -8"><span class='ocrx_word' id='word_1_302' title='bbox 88 2195 122 2223; x_wconf 80' lang='lat' dir='ltr'>et</span> <span class='ocrx_word' id='word_1_303' title='bbox 149 2199 214 2221; x_wconf 92' lang='lat' dir='ltr'>nos</span> <span class='ocrx_word' id='word_1_304' title='bbox 242 2186 312 2231; x_wconf 89' lang='lat' dir='ltr'>ipsi</span> <span class='ocrx_word' id='word_1_305' title='bbox 345 2187 520 2220; x_wconf 89' lang='lat' dir='ltr'>discamus</span> <span class='ocrx_word' id='word_1_306' title='bbox 551 2184 645 2220; x_wconf 86' lang='lat' dir='ltr'>nihil</span> <span class='ocrx_word' id='word_1_307' title='bbox 673 2189 881 2222; x_wconf 85' lang='lat' dir='ltr'>tentandum</span> <span class='ocrx_word' id='word_1_308' title='bbox 906 2200 979 2222; x_wconf 87' lang='lat' dir='ltr'>esse</span> <span class='ocrx_word' id='word_1_309' title='bbox 1002 2189 1079 2223; x_wconf 88' lang='lat' dir='ltr'>sine</span> 
     </span>
     <span class='ocr_line' id='line_1_47' title="bbox 85 2236 1080 2280; baseline 0.001 -7"><span class='ocrx_word' id='word_1_310' title='bbox 85 2239 288 2279; x_wconf 83' lang='lat' dir='ltr'>vocatione,</span> <span class='ocrx_word' id='word_1_311' title='bbox 315 2249 381 2271; x_wconf 89' lang='lat' dir='ltr'>nec</span> <span class='ocrx_word' id='word_1_312' title='bbox 397 2238 616 2272; x_wconf 88' lang='lat' dir='ltr'>confidamus</span> <span class='ocrx_word' id='word_1_313' title='bbox 634 2236 801 2273; x_wconf 89' lang='lat' dir='ltr'>humanis</span> <span class='ocrx_word' id='word_1_314' title='bbox 819 2239 993 2280; x_wconf 86' lang='lat' dir='ltr'>consiliis,</span> <span class='ocrx_word' id='word_1_315' title='bbox 1020 2247 1080 2275; x_wconf 86' lang='lat' dir='ltr'>aut</span> 
     </span>
     <span class='ocr_line' id='line_1_48' title="bbox 85 2289 1078 2336; baseline 0.001 -12"><span class='ocrx_word' id='word_1_316' title='bbox 85 2291 234 2331; x_wconf 86' lang='lat' dir='ltr'>viribus,</span> <span class='ocrx_word' id='word_1_317' title='bbox 262 2290 321 2322; x_wconf 89' lang='lat' dir='ltr'>sed</span> <span class='ocrx_word' id='word_1_318' title='bbox 341 2289 491 2323; x_wconf 87' lang='lat' dir='ltr'>sciamus</span> <span class='ocrx_word' id='word_1_319' title='bbox 507 2289 781 2333; x_wconf 84' lang='lat' dir='ltr'>gubernationes</span> <span class='ocrx_word' id='word_1_320' title='bbox 798 2303 878 2324; x_wconf 87' lang='lat' dir='ltr'>vere</span> <span class='ocrx_word' id='word_1_321' title='bbox 890 2303 961 2324; x_wconf 89' lang='lat' dir='ltr'>esse</span> <span class='ocrx_word' id='word_1_322' title='bbox 973 2303 1078 2336; x_wconf 89' lang='lat' dir='ltr'>opera</span> 
     </span>
     <span class='ocr_line' id='line_1_49' title="bbox 85 2340 1079 2384; baseline 0 -8"><span class='ocrx_word' id='word_1_323' title='bbox 85 2342 171 2383; x_wconf 87' lang='lat' dir='ltr'>Dei,</span> <span class='ocrx_word' id='word_1_324' title='bbox 199 2347 233 2375; x_wconf 88' lang='lat' dir='ltr'>et</span> <span class='ocrx_word' id='word_1_325' title='bbox 247 2352 321 2374; x_wconf 91' lang='lat' dir='ltr'>non</span> <span class='ocrx_word' id='word_1_326' title='bbox 338 2352 409 2374; x_wconf 88' lang='lat' dir='ltr'>esse</span> <span class='ocrx_word' id='word_1_327' title='bbox 424 2340 553 2380; x_wconf 83' lang='lat' dir='ltr'>felices,</span> <span class='ocrx_word' id='word_1_328' title='bbox 581 2340 734 2374; x_wconf 90' lang='lat' dir='ltr'>nisiDeo</span> <span class='ocrx_word' id='word_1_329' title='bbox 750 2342 903 2376; x_wconf 89' lang='lat' dir='ltr'>iuvante.</span> <span class='ocrx_word' id='word_1_330' title='bbox 960 2341 1079 2384; x_wconf 85' lang='lat' dir='ltr'>Quare</span> 
     </span>
    </p>
   </div>
   <div class='ocr_carea' id='block_1_17' title="bbox 86 2391 1106 2541">
    <p class='ocr_par' dir='ltr' id='par_1_17' title="bbox 86 2391 1106 2541">
     <span class='ocr_line' id='line_1_50' title="bbox 86 2391 1106 2450; baseline 0.001 -24"><span class='ocrx_word' id='word_1_331' title='bbox 86 2391 279 2427; x_wconf 88' lang='lat' dir='ltr'>necessaria</span> <span class='ocrx_word' id='word_1_332' title='bbox 303 2398 461 2430; x_wconf 86' lang='lat' dir='ltr'>tantum,</span> <span class='ocrx_word' id='word_1_333' title='bbox 496 2404 584 2437; x_wconf 84' lang='lat' dir='ltr'>quae</span> <span class='ocrx_word' id='word_1_334' title='bbox 610 2393 763 2436; x_wconf 87' lang='lat' dir='ltr'>postulat</span> <span class='ocrx_word' id='word_1_335' title='bbox 787 2393 943 2431; x_wconf 82' lang='lat' dir='ltr'>vocatio,</span> <span class='ocrx_word' id='word_1_336' title='bbox 972 2394 1078 2427; x_wconf 83' lang='lat' dir='ltr'>facia-</span> <span class='ocrx_word' id='word_1_337' title='bbox 1102 2397 1106 2450; x_wconf 59' lang='grc' dir='ltr'>Ι</span> 
     </span>
     <span class='ocr_line' id='line_1_51' title="bbox 87 2441 1105 2493; baseline 0.002 -16"><span class='ocrx_word' id='word_1_338' title='bbox 87 2455 184 2485; x_wconf 86' lang='lat' dir='ltr'>mus,</span> <span class='ocrx_word' id='word_1_339' title='bbox 210 2450 244 2477; x_wconf 87' lang='lat' dir='ltr'>et</span> <span class='ocrx_word' id='word_1_340' title='bbox 259 2443 430 2477; x_wconf 88' lang='lat' dir='ltr'>auxilium</span> <span class='ocrx_word' id='word_1_341' title='bbox 448 2441 513 2476; x_wconf 91' lang='lat' dir='ltr'>Dei</span> <span class='ocrx_word' id='word_1_342' title='bbox 534 2443 784 2488; x_wconf 86' lang='lat' dir='ltr'>imploremus,</span> <span class='ocrx_word' id='word_1_343' title='bbox 810 2444 899 2478; x_wconf 90' lang='lat' dir='ltr'>sicut</span> <span class='ocrx_word' id='word_1_344' title='bbox 917 2443 1077 2479; x_wconf 80' lang='lat' dir='ltr'>Psat.36.</span> <span class='ocrx_word' id='word_1_345' title='bbox 1101 2452 1105 2493; x_wconf 69' lang='lat' dir='ltr'>t</span> 
     </span>
     <span class='ocr_line' id='line_1_52' title="bbox 87 2492 1104 2541; baseline 0.001 -14"><span class='ocrx_word' id='word_1_346' title='bbox 87 2494 272 2539; x_wconf 86' lang='lat' dir='ltr'>praecipit:</span> <span class='ocrx_word' id='word_1_347' title='bbox 301 2492 517 2527; x_wconf 87' lang='lat' dir='ltr'>Commenda</span> <span class='ocrx_word' id='word_1_348' title='bbox 536 2495 683 2528; x_wconf 89' lang='lat' dir='ltr'>domino</span> <span class='ocrx_word' id='word_1_349' title='bbox 703 2496 794 2528; x_wconf 83' lang='lat' dir='ltr'>viam</span> <span class='ocrx_word' id='word_1_350' title='bbox 816 2502 928 2535; x_wconf 82' lang='lat' dir='ltr'>tuam,</span> <span class='ocrx_word' id='word_1_351' title='bbox 956 2503 988 2530; x_wconf 90' lang='lat' dir='ltr'>et</span> <span class='ocrx_word' id='word_1_352' title='bbox 1004 2497 1077 2541; x_wconf 88' lang='lat' dir='ltr'>ipse</span> <span class='ocrx_word' id='word_1_353' title='bbox 1101 2494 1104 2528; x_wconf 73' lang='grc' dir='ltr'>ἶ</span> 
     </span>
    </p>
   </div>
   <div class='ocr_carea' id='block_1_18' title="bbox 86 2544 1074 2641">
    <p class='ocr_par' dir='ltr' id='par_1_18' title="bbox 86 2544 1074 2641">
     <span class='ocr_line' id='line_1_53' title="bbox 87 2544 1073 2591; baseline 0.002 -12"><span class='ocrx_word' id='word_1_354' title='bbox 87 2546 201 2580; x_wconf 85' lang='lat' dir='ltr'>faciet.</span> <span class='ocrx_word' id='word_1_355' title='bbox 240 2545 342 2579; x_wconf 84' lang='lat' dir='ltr'>Item:</span> <span class='ocrx_word' id='word_1_356' title='bbox 366 2544 537 2579; x_wconf 87' lang='lat' dir='ltr'>Subditus</span> <span class='ocrx_word' id='word_1_357' title='bbox 548 2553 619 2580; x_wconf 85' lang='lat' dir='ltr'>esto</span> <span class='ocrx_word' id='word_1_358' title='bbox 631 2546 706 2580; x_wconf 79' lang='lat' dir='ltr'>Deo</span> <span class='ocrx_word' id='word_1_359' title='bbox 720 2554 748 2579; x_wconf 89' lang='lat' dir='ltr'>et</span> <span class='ocrx_word' id='word_1_360' title='bbox 761 2559 859 2591; x_wconf 86' lang='lat' dir='ltr'>spera</span> <span class='ocrx_word' id='word_1_361' title='bbox 875 2547 910 2580; x_wconf 91' lang='lat' dir='ltr'>iu</span> <span class='ocrx_word' id='word_1_362' title='bbox 923 2558 1013 2589; x_wconf 87' lang='lat' dir='ltr'>eum,</span> <span class='ocrx_word' id='word_1_363' title='bbox 1039 2549 1073 2581; x_wconf 89' lang='lat' dir='ltr'>id</span> 
     </span>
     <span class='ocr_line' id='line_1_54' title="bbox 86 2597 1074 2641; baseline 0.003 -12"><span class='ocrx_word' id='word_1_364' title='bbox 86 2603 154 2637; x_wconf 89' lang='lat' dir='ltr'>est,</span> <span class='ocrx_word' id='word_1_365' title='bbox 181 2597 316 2640; x_wconf 86' lang='lat' dir='ltr'>suscipe</span> <span class='ocrx_word' id='word_1_366' title='bbox 329 2608 434 2641; x_wconf 88' lang='lat' dir='ltr'>opera</span> <span class='ocrx_word' id='word_1_367' title='bbox 452 2597 646 2630; x_wconf 87' lang='lat' dir='ltr'>vocationis</span> <span class='ocrx_word' id='word_1_368' title='bbox 662 2597 865 2637; x_wconf 83' lang='lat' dir='ltr'>necessaria,</span> <span class='ocrx_word' id='word_1_369' title='bbox 893 2605 926 2632; x_wconf 89' lang='lat' dir='ltr'>et</span> <span class='ocrx_word' id='word_1_370' title='bbox 941 2599 1074 2632; x_wconf 84' lang='lat' dir='ltr'>sustine</span> 
     </span>
    </p>
   </div>
   <div class='ocr_carea' id='block_1_19' title="bbox 87 2649 1101 2695">
    <p class='ocr_par' dir='ltr' id='par_1_19' title="bbox 87 2649 1101 2695">
     <span class='ocr_line' id='line_1_55' title="bbox 87 2649 1101 2695; baseline 0.002 -14"><span class='ocrx_word' id='word_1_371' title='bbox 87 2659 143 2681; x_wconf 83' lang='lat' dir='ltr'>eas</span> <span class='ocrx_word' id='word_1_372' title='bbox 161 2659 365 2689; x_wconf 87' lang='lat' dir='ltr'>aerumnas,</span> <span class='ocrx_word' id='word_1_373' title='bbox 391 2655 424 2681; x_wconf 89' lang='lat' dir='ltr'>et</span> <span class='ocrx_word' id='word_1_374' title='bbox 441 2660 478 2680; x_wconf 90' lang='lat' dir='ltr'>ea</span> <span class='ocrx_word' id='word_1_375' title='bbox 498 2649 653 2695; x_wconf 86' lang='lat' dir='ltr'>pericula</span> <span class='ocrx_word' id='word_1_376' title='bbox 665 2676 673 2689; x_wconf 93' lang='lat'>,</span> <span class='ocrx_word' id='word_1_377' title='bbox 701 2661 790 2695; x_wconf 87' lang='lat' dir='ltr'>quae</span> <span class='ocrx_word' id='word_1_378' title='bbox 808 2649 908 2683; x_wconf 83' lang='lat' dir='ltr'>affert</span> <span class='ocrx_word' id='word_1_379' title='bbox 925 2651 1074 2691; x_wconf 89' lang='lat' dir='ltr'>vocatio,</span> <span class='ocrx_word' id='word_1_380' title='bbox 1097 2649 1101 2654; x_wconf 87' lang='grc'><strong><em>’</em></strong></span> 
     </span>
    </p>
   </div>
   <div class='ocr_carea' id='block_1_20' title="bbox 86 2698 1074 2742">
    <p class='ocr_par' dir='ltr' id='par_1_20' title="bbox 86 2698 1074 2742">
     <span class='ocr_line' id='line_1_56' title="bbox 86 2698 1074 2742; baseline 0.002 -9"><span class='ocrx_word' id='word_1_381' title='bbox 86 2705 120 2733; x_wconf 84' lang='lat' dir='ltr'>et</span> <span class='ocrx_word' id='word_1_382' title='bbox 142 2698 277 2732; x_wconf 89' lang='lat' dir='ltr'>confide</span> <span class='ocrx_word' id='word_1_383' title='bbox 293 2698 410 2732; x_wconf 89' lang='lat' dir='ltr'>Deum</span> <span class='ocrx_word' id='word_1_384' title='bbox 435 2699 500 2733; x_wconf 89' lang='lat' dir='ltr'>tibi</span> <span class='ocrx_word' id='word_1_385' title='bbox 526 2699 719 2734; x_wconf 80' lang='lat' dir='ltr'>affuturum</span> <span class='ocrx_word' id='word_1_386' title='bbox 738 2712 826 2742; x_wconf 80' lang='lat' dir='ltr'>esse,</span> <span class='ocrx_word' id='word_1_387' title='bbox 853 2700 941 2735; x_wconf 82' lang='lat' dir='ltr'>sicut</span> <span class='ocrx_word' id='word_1_388' title='bbox 957 2703 992 2736; x_wconf 79' lang='lat'>2.</span> <span class='ocrx_word' id='word_1_389' title='bbox 1007 2700 1074 2735; x_wconf 87' lang='lat' dir='ltr'>Pa-</span> 
     </span>
    </p>
   </div>
   <div class='ocr_carea' id='block_1_21' title="bbox 1110 737 1115 1263">
    <p class='ocr_par' dir='ltr' id='par_1_21' title="bbox 1110 737 1115 1263">
     <span class='ocr_line' id='line_1_57' title="bbox 1110 737 1115 1263; baseline 0 0"><span class='ocrx_word' id='word_1_390' title='bbox 1110 737 1115 1263; x_wconf 95' lang='lat' dir='ltr'> </span> 
     </span>
    </p>
   </div>
   <div class='ocr_carea' id='block_1_22' title="bbox 1138 505 2135 1113">
    <p class='ocr_par' dir='ltr' id='par_1_22' title="bbox 1138 505 2135 1113">
     <span class='ocr_line' id='line_1_58' title="bbox 1141 505 2133 552; baseline 0.007 -14"><span class='ocrx_word' id='word_1_391' title='bbox 1141 505 1293 538; x_wconf 87' lang='lat' dir='ltr'>Memini</span> <span class='ocrx_word' id='word_1_392' title='bbox 1317 518 1417 540; x_wconf 85' lang='lat' dir='ltr'>meae</span> <span class='ocrx_word' id='word_1_393' title='bbox 1441 507 1653 547; x_wconf 83' lang='lat' dir='ltr'>vocationis,</span> <span class='ocrx_word' id='word_1_394' title='bbox 1683 509 1774 540; x_wconf 85' lang='lat' dir='ltr'>clare</span> <span class='ocrx_word' id='word_1_395' title='bbox 1799 510 1966 552; x_wconf 84' lang='lat' dir='ltr'>profiteor</span> <span class='ocrx_word' id='word_1_396' title='bbox 1986 523 2042 544; x_wconf 91' lang='lat' dir='ltr'>me</span> <span class='ocrx_word' id='word_1_397' title='bbox 2059 523 2133 545; x_wconf 87' lang='lat' dir='ltr'>non</span> 
     </span>
     <span class='ocr_line' id='line_1_59' title="bbox 1140 556 2133 601; baseline 0.007 -12"><span class='ocrx_word' id='word_1_398' title='bbox 1140 568 1212 590; x_wconf 85' lang='lat' dir='ltr'>esse</span> <span class='ocrx_word' id='word_1_399' title='bbox 1236 556 1425 598; x_wconf 84' lang='lat' dir='ltr'>Messiam,</span> <span class='ocrx_word' id='word_1_400' title='bbox 1459 559 1517 590; x_wconf 85' lang='lat' dir='ltr'>sed</span> <span class='ocrx_word' id='word_1_401' title='bbox 1549 558 1787 591; x_wconf 86' lang='lat' dir='ltr'>ministerium</span> <span class='ocrx_word' id='word_1_402' title='bbox 1821 561 1915 601; x_wconf 82' lang='lat' dir='ltr'>eius,</span> <span class='ocrx_word' id='word_1_403' title='bbox 1951 568 1984 595; x_wconf 89' lang='lat' dir='ltr'>et</span> <span class='ocrx_word' id='word_1_404' title='bbox 2009 569 2133 595; x_wconf 87' lang='lat' dir='ltr'>testem</span> 
     </span>
     <span class='ocr_line' id='line_1_60' title="bbox 1141 607 2133 656; baseline 0.005 -15"><span class='ocrx_word' id='word_1_405' title='bbox 1141 607 1284 641; x_wconf 85' lang='lat' dir='ltr'>missum</span> <span class='ocrx_word' id='word_1_406' title='bbox 1310 615 1390 641; x_wconf 88' lang='lat' dir='ltr'>ante</span> <span class='ocrx_word' id='word_1_407' title='bbox 1414 620 1512 649; x_wconf 83' lang='lat' dir='ltr'>cum,</span> <span class='ocrx_word' id='word_1_408' title='bbox 1548 609 1583 641; x_wconf 90' lang='lat' dir='ltr'>id</span> <span class='ocrx_word' id='word_1_409' title='bbox 1609 615 1678 647; x_wconf 89' lang='lat' dir='ltr'>est,</span> <span class='ocrx_word' id='word_1_410' title='bbox 1714 616 1753 642; x_wconf 86' lang='lat' dir='ltr'>ut</span> <span class='ocrx_word' id='word_1_411' title='bbox 1779 612 1991 644; x_wconf 85' lang='lat' dir='ltr'>annunciem</span> <span class='ocrx_word' id='word_1_412' title='bbox 2016 613 2133 656; x_wconf 87' lang='lat' dir='ltr'>ipsum</span> 
     </span>
     <span class='ocr_line' id='line_1_61' title="bbox 1140 658 2133 697; baseline 0.006 -6"><span class='ocrx_word' id='word_1_413' title='bbox 1140 671 1220 692; x_wconf 85' lang='lat' dir='ltr'>mox</span> <span class='ocrx_word' id='word_1_414' title='bbox 1238 658 1430 692; x_wconf 86' lang='lat' dir='ltr'>affuturum</span> <span class='ocrx_word' id='word_1_415' title='bbox 1450 671 1530 692; x_wconf 89' lang='lat' dir='ltr'>esse.</span> <span class='ocrx_word' id='word_1_416' title='bbox 1588 659 1787 693; x_wconf 88' lang='lat' dir='ltr'>Plurimum</span> <span class='ocrx_word' id='word_1_417' title='bbox 1806 662 1910 695; x_wconf 82' lang='lat' dir='ltr'>refert</span> <span class='ocrx_word' id='word_1_418' title='bbox 1930 662 1965 694; x_wconf 92' lang='lat' dir='ltr'>in</span> <span class='ocrx_word' id='word_1_419' title='bbox 1977 662 2133 697; x_wconf 84' lang='lat' dir='ltr'>Ecclesia</span> 
     </span>
     <span class='ocr_line' id='line_1_62' title="bbox 1139 709 2135 756; baseline 0.006 -14"><span class='ocrx_word' id='word_1_420' title='bbox 1139 709 1329 743; x_wconf 84' lang='lat' dir='ltr'>discrimen</span> <span class='ocrx_word' id='word_1_421' title='bbox 1368 710 1538 754; x_wconf 81' lang='lat' dir='ltr'>intelligi,</span> <span class='ocrx_word' id='word_1_422' title='bbox 1578 711 1673 744; x_wconf 87' lang='lat' dir='ltr'>inter</span> <span class='ocrx_word' id='word_1_423' title='bbox 1710 723 1895 756; x_wconf 82' lang='lat' dir='ltr'>personam</span> <span class='ocrx_word' id='word_1_424' title='bbox 1932 710 2066 747; x_wconf 87' lang='lat' dir='ltr'>Christi</span> <span class='ocrx_word' id='word_1_425' title='bbox 2101 722 2135 748; x_wconf 90' lang='lat' dir='ltr'>et</span> 
     </span>
     <span class='ocr_line' id='line_1_63' title="bbox 1139 758 2134 805; baseline 0.004 -11"><span class='ocrx_word' id='word_1_426' title='bbox 1139 758 1350 805; x_wconf 86' lang='lat' dir='ltr'>Prophetas,</span> <span class='ocrx_word' id='word_1_427' title='bbox 1385 760 1576 805; x_wconf 84' lang='lat' dir='ltr'>Apostolos</span> <span class='ocrx_word' id='word_1_428' title='bbox 1598 774 1635 796; x_wconf 88' lang='lat' dir='ltr'>ac</span> <span class='ocrx_word' id='word_1_429' title='bbox 1657 774 1780 795; x_wconf 86' lang='lat' dir='ltr'>omnes</span> <span class='ocrx_word' id='word_1_430' title='bbox 1803 764 1974 798; x_wconf 88' lang='lat' dir='ltr'>doctores.</span> <span class='ocrx_word' id='word_1_431' title='bbox 2028 764 2134 798; x_wconf 88' lang='lat' dir='ltr'>Solus</span> 
     </span>
     <span class='ocr_line' id='line_1_64' title="bbox 1139 810 2134 860; baseline 0.005 -16"><span class='ocrx_word' id='word_1_432' title='bbox 1139 812 1231 845; x_wconf 85' lang='lat' dir='ltr'>filius</span> <span class='ocrx_word' id='word_1_433' title='bbox 1249 810 1316 845; x_wconf 91' lang='lat' dir='ltr'>Dei</span> <span class='ocrx_word' id='word_1_434' title='bbox 1341 819 1389 846; x_wconf 91' lang='lat' dir='ltr'>est</span> <span class='ocrx_word' id='word_1_435' title='bbox 1414 813 1556 846; x_wconf 78' lang='lat' dir='ltr'>victima</span> <span class='ocrx_word' id='word_1_436' title='bbox 1574 825 1637 857; x_wconf 90' lang='lat' dir='ltr'>pro</span> <span class='ocrx_word' id='word_1_437' title='bbox 1657 814 1761 847; x_wconf 82' lang='lat' dir='ltr'>nobis</span> <span class='ocrx_word' id='word_1_438' title='bbox 1778 820 1810 847; x_wconf 91' lang='lat' dir='ltr'>et</span> <span class='ocrx_word' id='word_1_439' title='bbox 1829 816 2021 854; x_wconf 84' lang='lat' dir='ltr'>mediator,</span> <span class='ocrx_word' id='word_1_440' title='bbox 2049 828 2134 860; x_wconf 91' lang='lat' dir='ltr'>pro-</span> 
     </span>
     <span class='ocr_line' id='line_1_65' title="bbox 1138 860 2134 910; baseline 0.005 -15"><span class='ocrx_word' id='word_1_441' title='bbox 1138 870 1215 907; x_wconf 86' lang='lat' dir='ltr'>pter</span> <span class='ocrx_word' id='word_1_442' title='bbox 1242 860 1336 896; x_wconf 90' lang='lat' dir='ltr'>hunc</span> <span class='ocrx_word' id='word_1_443' title='bbox 1362 864 1475 897; x_wconf 90' lang='lat' dir='ltr'>solum</span> <span class='ocrx_word' id='word_1_444' title='bbox 1502 865 1693 908; x_wconf 85' lang='lat' dir='ltr'>recipimur</span> <span class='ocrx_word' id='word_1_445' title='bbox 1710 877 1726 898; x_wconf 87' lang='lat' dir='ltr'>a</span> <span class='ocrx_word' id='word_1_446' title='bbox 1747 871 1843 909; x_wconf 87' lang='lat' dir='ltr'>patre</span> <span class='ocrx_word' id='word_1_447' title='bbox 1863 866 1990 900; x_wconf 86' lang='lat' dir='ltr'>fiducia</span> <span class='ocrx_word' id='word_1_448' title='bbox 2011 867 2134 910; x_wconf 89' lang='lat' dir='ltr'>ipsius,</span> 
     </span>
     <span class='ocr_line' id='line_1_66' title="bbox 1139 912 2134 959; baseline 0.004 -12"><span class='ocrx_word' id='word_1_449' title='bbox 1139 915 1234 947; x_wconf 89' lang='lat' dir='ltr'>solus</span> <span class='ocrx_word' id='word_1_450' title='bbox 1263 912 1320 948; x_wconf 87' lang='lat' dir='ltr'>hic</span> <span class='ocrx_word' id='word_1_451' title='bbox 1354 916 1411 948; x_wconf 89' lang='lat' dir='ltr'>dat</span> <span class='ocrx_word' id='word_1_452' title='bbox 1435 914 1608 959; x_wconf 85' lang='lat' dir='ltr'>Spiritum</span> <span class='ocrx_word' id='word_1_453' title='bbox 1642 923 1800 949; x_wconf 85' lang='lat' dir='ltr'>sanctum</span> <span class='ocrx_word' id='word_1_454' title='bbox 1827 923 1861 950; x_wconf 86' lang='lat' dir='ltr'>et</span> <span class='ocrx_word' id='word_1_455' title='bbox 1886 918 1993 950; x_wconf 75' lang='lat' dir='ltr'>vitam</span> <span class='ocrx_word' id='word_1_456' title='bbox 2019 926 2134 952; x_wconf 87' lang='lat' dir='ltr'>aeter-</span> 
     </span>
     <span class='ocr_line' id='line_1_67' title="bbox 1139 964 2134 1011; baseline 0.005 -14"><span class='ocrx_word' id='word_1_457' title='bbox 1139 978 1237 998; x_wconf 86' lang='lat' dir='ltr'>nam:</span> <span class='ocrx_word' id='word_1_458' title='bbox 1273 967 1329 999; x_wconf 83' lang='lat' dir='ltr'>sed</span> <span class='ocrx_word' id='word_1_459' title='bbox 1355 964 1571 1009; x_wconf 82' lang='lat' dir='ltr'>Prophetae,</span> <span class='ocrx_word' id='word_1_460' title='bbox 1608 967 1771 1011; x_wconf 79' lang='lat' dir='ltr'>Apostoli</span> <span class='ocrx_word' id='word_1_461' title='bbox 1802 973 1835 1000; x_wconf 87' lang='lat' dir='ltr'>et</span> <span class='ocrx_word' id='word_1_462' title='bbox 1856 969 1982 1002; x_wconf 84' lang='lat' dir='ltr'>caeteri</span> <span class='ocrx_word' id='word_1_463' title='bbox 2010 969 2134 1002; x_wconf 86' lang='lat' dir='ltr'>docto-</span> 
     </span>
     <span class='ocr_line' id='line_1_68' title="bbox 1140 1016 2133 1060; baseline 0.004 -11"><span class='ocrx_word' id='word_1_464' title='bbox 1140 1028 1192 1049; x_wconf 87' lang='lat' dir='ltr'>res</span> <span class='ocrx_word' id='word_1_465' title='bbox 1224 1024 1428 1060; x_wconf 87' lang='lat' dir='ltr'>proponunt</span> <span class='ocrx_word' id='word_1_466' title='bbox 1454 1016 1711 1060; x_wconf 78' lang='lat' dir='ltr'>Evangelium,</span> <span class='ocrx_word' id='word_1_467' title='bbox 1746 1024 1920 1052; x_wconf 82' lang='lat' dir='ltr'>testantur</span> <span class='ocrx_word' id='word_1_468' title='bbox 1951 1020 1994 1053; x_wconf 87' lang='lat' dir='ltr'>de</span> <span class='ocrx_word' id='word_1_469' title='bbox 2020 1020 2133 1053; x_wconf 84' lang='lat' dir='ltr'>salva-</span> 
     </span>
     <span class='ocr_line' id='line_1_69' title="bbox 1140 1065 2133 1113; baseline 0.005 -14"><span class='ocrx_word' id='word_1_470' title='bbox 1140 1075 1213 1100; x_wconf 86' lang='lat' dir='ltr'>tore</span> <span class='ocrx_word' id='word_1_471' title='bbox 1239 1068 1320 1106; x_wconf 85' lang='lat' dir='ltr'>illo,</span> <span class='ocrx_word' id='word_1_472' title='bbox 1346 1080 1409 1100; x_wconf 81' lang='lat' dir='ltr'>nec</span> <span class='ocrx_word' id='word_1_473' title='bbox 1433 1065 1565 1101; x_wconf 78' lang='lat' dir='ltr'>liabent</span> <span class='ocrx_word' id='word_1_474' title='bbox 1583 1069 1806 1102; x_wconf 82' lang='lat' dir='ltr'>autoritatem</span> <span class='ocrx_word' id='word_1_475' title='bbox 1826 1070 2047 1113; x_wconf 83' lang='lat' dir='ltr'>excogitandi</span> <span class='ocrx_word' id='word_1_476' title='bbox 2066 1084 2133 1104; x_wconf 91' lang='lat' dir='ltr'>no-</span> 
     </span>
    </p>
   </div>
   <div class='ocr_carea' id='block_1_23' title="bbox 1111 1119 2133 1158">
    <p class='ocr_par' dir='ltr' id='par_1_23' title="bbox 1111 1119 2133 1158">
     <span class='ocr_line' id='line_1_70' title="bbox 1111 1119 2133 1158; baseline 0.004 -7"><span class='ocrx_word' id='word_1_477' title='bbox 1111 1123 1112 1127; x_wconf 78' lang='grc'>’</span> <span class='ocrx_word' id='word_1_478' title='bbox 1138 1131 1217 1151; x_wconf 81' lang='lat' dir='ltr'>vain</span> <span class='ocrx_word' id='word_1_479' title='bbox 1248 1119 1446 1152; x_wconf 80' lang='lat' dir='ltr'>doctrinam</span> <span class='ocrx_word' id='word_1_480' title='bbox 1480 1126 1512 1152; x_wconf 86' lang='lat' dir='ltr'>ct</span> <span class='ocrx_word' id='word_1_481' title='bbox 1542 1131 1652 1151; x_wconf 84' lang='lat' dir='ltr'>novos</span> <span class='ocrx_word' id='word_1_482' title='bbox 1684 1120 1818 1158; x_wconf 84' lang='lat' dir='ltr'>cultus,</span> <span class='ocrx_word' id='word_1_483' title='bbox 1855 1132 1917 1152; x_wconf 88' lang='lat' dir='ltr'>nec</span> <span class='ocrx_word' id='word_1_484' title='bbox 1941 1121 2133 1155; x_wconf 85' lang='lat' dir='ltr'>invocandi</span> 
     </span>
    </p>
   </div>
   <div class='ocr_carea' id='block_1_24' title="bbox 1135 1169 2133 1774">
    <p class='ocr_par' dir='ltr' id='par_1_24' title="bbox 1135 1169 2133 1774">
     <span class='ocr_line' id='line_1_71' title="bbox 1137 1169 2133 1212; baseline 0.005 -12"><span class='ocrx_word' id='word_1_485' title='bbox 1137 1176 1237 1209; x_wconf 81' lang='lat' dir='ltr'>sunt,</span> <span class='ocrx_word' id='word_1_486' title='bbox 1270 1181 1334 1201; x_wconf 88' lang='lat' dir='ltr'>nec</span> <span class='ocrx_word' id='word_1_487' title='bbox 1365 1169 1492 1201; x_wconf 80' lang='lat' dir='ltr'>fiducia</span> <span class='ocrx_word' id='word_1_488' title='bbox 1523 1169 1559 1201; x_wconf 91' lang='lat' dir='ltr'>in</span> <span class='ocrx_word' id='word_1_489' title='bbox 1592 1170 1685 1212; x_wconf 84' lang='lat' dir='ltr'>ipsos</span> <span class='ocrx_word' id='word_1_490' title='bbox 1709 1170 1915 1203; x_wconf 88' lang='lat' dir='ltr'>collocanda</span> <span class='ocrx_word' id='word_1_491' title='bbox 1941 1178 2002 1207; x_wconf 86' lang='lat' dir='ltr'>est.</span> <span class='ocrx_word' id='word_1_492' title='bbox 2054 1171 2133 1205; x_wconf 86' lang='lat' dir='ltr'>Hoc</span> 
     </span>
     <span class='ocr_line' id='line_1_72' title="bbox 1137 1220 2132 1269; baseline 0.004 -17"><span class='ocrx_word' id='word_1_493' title='bbox 1137 1220 1327 1252; x_wconf 85' lang='lat' dir='ltr'>discrimen</span> <span class='ocrx_word' id='word_1_494' title='bbox 1361 1220 1423 1251; x_wconf 88' lang='lat' dir='ltr'>etsi</span> <span class='ocrx_word' id='word_1_495' title='bbox 1455 1231 1490 1251; x_wconf 84' lang='lat' dir='ltr'>se</span> <span class='ocrx_word' id='word_1_496' title='bbox 1523 1220 1625 1253; x_wconf 87' lang='lat' dir='ltr'>multi</span> <span class='ocrx_word' id='word_1_497' title='bbox 1658 1221 1855 1264; x_wconf 81' lang='lat' dir='ltr'>intelligere</span> <span class='ocrx_word' id='word_1_498' title='bbox 1889 1229 2031 1266; x_wconf 86' lang='lat' dir='ltr'>putant,</span> <span class='ocrx_word' id='word_1_499' title='bbox 2070 1224 2132 1269; x_wconf 86' lang='lat' dir='ltr'>qui</span> 
     </span>
     <span class='ocr_line' id='line_1_73' title="bbox 1136 1271 2132 1315; baseline 0.005 -13"><span class='ocrx_word' id='word_1_500' title='bbox 1136 1271 1242 1303; x_wconf 88' lang='lat' dir='ltr'>verba</span> <span class='ocrx_word' id='word_1_501' title='bbox 1264 1276 1445 1315; x_wconf 87' lang='lat' dir='ltr'>utcunque</span> <span class='ocrx_word' id='word_1_502' title='bbox 1466 1278 1679 1315; x_wconf 82' lang='lat' dir='ltr'>sequuntur,</span> <span class='ocrx_word' id='word_1_503' title='bbox 1709 1279 1740 1304; x_wconf 86' lang='lat' dir='ltr'>et</span> <span class='ocrx_word' id='word_1_504' title='bbox 1760 1272 1925 1313; x_wconf 83' lang='lat' dir='ltr'>recitant,</span> <span class='ocrx_word' id='word_1_505' title='bbox 1954 1282 2072 1308; x_wconf 85' lang='lat' dir='ltr'>tamen</span> <span class='ocrx_word' id='word_1_506' title='bbox 2093 1287 2132 1307; x_wconf 88' lang='lat' dir='ltr'>re</span> 
     </span>
     <span class='ocr_line' id='line_1_74' title="bbox 1136 1321 2133 1368; baseline 0.006 -15"><span class='ocrx_word' id='word_1_507' title='bbox 1136 1333 1216 1354; x_wconf 79' lang='lat' dir='ltr'>vera</span> <span class='ocrx_word' id='word_1_508' title='bbox 1237 1333 1309 1353; x_wconf 91' lang='lat' dir='ltr'>non</span> <span class='ocrx_word' id='word_1_509' title='bbox 1329 1321 1531 1364; x_wconf 84' lang='lat' dir='ltr'>intelligunt</span> <span class='ocrx_word' id='word_1_510' title='bbox 1550 1323 1626 1363; x_wconf 87' lang='lat' dir='ltr'>isti,</span> <span class='ocrx_word' id='word_1_511' title='bbox 1654 1323 1714 1368; x_wconf 89' lang='lat' dir='ltr'>qui</span> <span class='ocrx_word' id='word_1_512' title='bbox 1733 1323 1908 1357; x_wconf 87' lang='lat' dir='ltr'>iusticiam</span> <span class='ocrx_word' id='word_1_513' title='bbox 1928 1325 2008 1357; x_wconf 83' lang='lat' dir='ltr'>fidei</span> <span class='ocrx_word' id='word_1_514' title='bbox 2029 1325 2133 1368; x_wconf 82' lang='lat' dir='ltr'>igno-</span> 
     </span>
     <span class='ocr_line' id='line_1_75' title="bbox 1136 1373 2131 1420; baseline 0.004 -15"><span class='ocrx_word' id='word_1_515' title='bbox 1136 1379 1234 1413; x_wconf 86' lang='lat' dir='ltr'>rant,</span> <span class='ocrx_word' id='word_1_516' title='bbox 1263 1384 1324 1405; x_wconf 89' lang='lat' dir='ltr'>seu</span> <span class='ocrx_word' id='word_1_517' title='bbox 1343 1373 1403 1417; x_wconf 89' lang='lat' dir='ltr'>qui</span> <span class='ocrx_word' id='word_1_518' title='bbox 1421 1373 1599 1407; x_wconf 87' lang='lat' dir='ltr'>somniant</span> <span class='ocrx_word' id='word_1_519' title='bbox 1616 1386 1651 1407; x_wconf 90' lang='lat' dir='ltr'>se</span> <span class='ocrx_word' id='word_1_520' title='bbox 1670 1375 1780 1408; x_wconf 86' lang='lat' dir='ltr'>iustos</span> <span class='ocrx_word' id='word_1_521' title='bbox 1798 1386 1882 1415; x_wconf 79' lang='lat' dir='ltr'>esse,</span> <span class='ocrx_word' id='word_1_522' title='bbox 1914 1376 1947 1408; x_wconf 86' lang='lat' dir='ltr'>id</span> <span class='ocrx_word' id='word_1_523' title='bbox 1967 1383 2028 1417; x_wconf 87' lang='lat' dir='ltr'>est,</span> <span class='ocrx_word' id='word_1_524' title='bbox 2054 1377 2131 1420; x_wconf 87' lang='lat' dir='ltr'>pla-</span> 
     </span>
     <span class='ocr_line' id='line_1_76' title="bbox 1137 1421 2132 1468; baseline 0.003 -12"><span class='ocrx_word' id='word_1_525' title='bbox 1137 1435 1212 1456; x_wconf 88' lang='lat' dir='ltr'>cere</span> <span class='ocrx_word' id='word_1_526' title='bbox 1237 1421 1333 1464; x_wconf 91' lang='lat' dir='ltr'>Deo,</span> <span class='ocrx_word' id='word_1_527' title='bbox 1370 1431 1403 1457; x_wconf 82' lang='lat' dir='ltr'>et</span> <span class='ocrx_word' id='word_1_528' title='bbox 1431 1431 1590 1468; x_wconf 83' lang='lat' dir='ltr'>acceptos</span> <span class='ocrx_word' id='word_1_529' title='bbox 1623 1436 1694 1458; x_wconf 88' lang='lat' dir='ltr'>esse</span> <span class='ocrx_word' id='word_1_530' title='bbox 1727 1427 1771 1458; x_wconf 86' lang='lat' dir='ltr'>ad</span> <span class='ocrx_word' id='word_1_531' title='bbox 1804 1426 1912 1459; x_wconf 81' lang='lat' dir='ltr'>vitam</span> <span class='ocrx_word' id='word_1_532' title='bbox 1937 1434 2132 1468; x_wconf 85' lang='lat' dir='ltr'>aeternam,</span> 
     </span>
     <span class='ocr_line' id='line_1_77' title="bbox 1136 1475 2130 1521; baseline 0.004 -14"><span class='ocrx_word' id='word_1_533' title='bbox 1136 1481 1279 1519; x_wconf 87' lang='lat' dir='ltr'>propter</span> <span class='ocrx_word' id='word_1_534' title='bbox 1297 1486 1375 1508; x_wconf 88' lang='lat' dir='ltr'>suas</span> <span class='ocrx_word' id='word_1_535' title='bbox 1392 1475 1559 1519; x_wconf 75' lang='lat' dir='ltr'>virtutes,</span> <span class='ocrx_word' id='word_1_536' title='bbox 1590 1484 1648 1510; x_wconf 87' lang='lat' dir='ltr'>aut</span> <span class='ocrx_word' id='word_1_537' title='bbox 1669 1477 1912 1521; x_wconf 87' lang='lat' dir='ltr'>impletionem</span> <span class='ocrx_word' id='word_1_538' title='bbox 1933 1479 2027 1521; x_wconf 85' lang='lat' dir='ltr'>legis.</span> <span class='ocrx_word' id='word_1_539' title='bbox 2082 1478 2130 1511; x_wconf 82' lang='lat' dir='ltr'>Hi</span> 
     </span>
     <span class='ocr_line' id='line_1_78' title="bbox 1135 1524 2131 1573; baseline 0.004 -14"><span class='ocrx_word' id='word_1_540' title='bbox 1135 1533 1273 1559; x_wconf 84' lang='lat' dir='ltr'>tantum</span> <span class='ocrx_word' id='word_1_541' title='bbox 1293 1526 1532 1569; x_wconf 82' lang='lat' dir='ltr'>imaginantur</span> <span class='ocrx_word' id='word_1_542' title='bbox 1548 1524 1730 1561; x_wconf 86' lang='lat' dir='ltr'>Christum</span> <span class='ocrx_word' id='word_1_543' title='bbox 1750 1529 1929 1562; x_wconf 86' lang='lat' dir='ltr'>doctorem</span> <span class='ocrx_word' id='word_1_544' title='bbox 1950 1541 2042 1573; x_wconf 83' lang='lat' dir='ltr'>esse,</span> <span class='ocrx_word' id='word_1_545' title='bbox 2070 1537 2131 1564; x_wconf 89' lang='lat' dir='ltr'>aut</span> 
     </span>
     <span class='ocr_line' id='line_1_79' title="bbox 1135 1579 2130 1622; baseline 0.005 -13"><span class='ocrx_word' id='word_1_546' title='bbox 1135 1583 1428 1618; x_wconf 85' lang='lat' dir='ltr'>monstratorem,</span> <span class='ocrx_word' id='word_1_547' title='bbox 1464 1579 1578 1622; x_wconf 84' lang='lat' dir='ltr'>qualis</span> <span class='ocrx_word' id='word_1_548' title='bbox 1602 1579 1670 1612; x_wconf 90' lang='lat' dir='ltr'>fuit</span> <span class='ocrx_word' id='word_1_549' title='bbox 1695 1579 1833 1620; x_wconf 80' lang='lat' dir='ltr'>Moses,</span> <span class='ocrx_word' id='word_1_550' title='bbox 1869 1587 1927 1613; x_wconf 89' lang='lat' dir='ltr'>aut</span> <span class='ocrx_word' id='word_1_551' title='bbox 1954 1581 2014 1613; x_wconf 86' lang='lat' dir='ltr'>alii</span> <span class='ocrx_word' id='word_1_552' title='bbox 2041 1580 2130 1614; x_wconf 88' lang='lat' dir='ltr'>Pro-</span> 
     </span>
     <span class='ocr_line' id='line_1_80' title="bbox 1135 1626 2129 1673; baseline 0.004 -12"><span class='ocrx_word' id='word_1_553' title='bbox 1135 1626 1271 1672; x_wconf 84' lang='lat' dir='ltr'>phetae.</span> <span class='ocrx_word' id='word_1_554' title='bbox 1327 1628 1437 1673; x_wconf 82' lang='lat' dir='ltr'>Saepe</span> <span class='ocrx_word' id='word_1_555' title='bbox 1464 1629 1571 1670; x_wconf 75' lang='lat' dir='ltr'>igitur</span> <span class='ocrx_word' id='word_1_556' title='bbox 1586 1628 1744 1673; x_wconf 84' lang='lat' dir='ltr'>Baptista</span> <span class='ocrx_word' id='word_1_557' title='bbox 1767 1631 1810 1663; x_wconf 84' lang='lat' dir='ltr'>(le</span> <span class='ocrx_word' id='word_1_558' title='bbox 1836 1629 1902 1663; x_wconf 87' lang='lat' dir='ltr'>hoc</span> <span class='ocrx_word' id='word_1_559' title='bbox 1923 1631 2129 1665; x_wconf 84' lang='lat' dir='ltr'>discrimine</span> 
     </span>
     <span class='ocr_line' id='line_1_81' title="bbox 1135 1678 2130 1725; baseline 0.005 -14"><span class='ocrx_word' id='word_1_560' title='bbox 1135 1679 1388 1718; x_wconf 81' lang='lat' dir='ltr'>concionatur,</span> <span class='ocrx_word' id='word_1_561' title='bbox 1422 1686 1455 1713; x_wconf 88' lang='lat' dir='ltr'>et</span> <span class='ocrx_word' id='word_1_562' title='bbox 1480 1678 1570 1713; x_wconf 76' lang='lat' dir='ltr'>lianc</span> <span class='ocrx_word' id='word_1_563' title='bbox 1598 1681 1806 1714; x_wconf 87' lang='lat' dir='ltr'>concionem</span> <span class='ocrx_word' id='word_1_564' title='bbox 1829 1679 1887 1715; x_wconf 82' lang='lat' dir='ltr'>hic</span> <span class='ocrx_word' id='word_1_565' title='bbox 1913 1683 2130 1725; x_wconf 82' lang='lat' dir='ltr'>gravissimis</span> 
     </span>
     <span class='ocr_line' id='line_1_82' title="bbox 1135 1731 1403 1774; baseline 0.007 -12"><span class='ocrx_word' id='word_1_566' title='bbox 1135 1731 1250 1764; x_wconf 86' lang='lat' dir='ltr'>verbis</span> <span class='ocrx_word' id='word_1_567' title='bbox 1267 1731 1403 1774; x_wconf 87' lang='lat' dir='ltr'>repetit.</span> 
     </span>
    </p>
   </div>
   <div class='ocr_carea' id='block_1_25' title="bbox 1276 1812 1989 1866">
    <p class='ocr_par' dir='ltr' id='par_1_25' title="bbox 1276 1812 1989 1866">
     <span class='ocr_line' id='line_1_83' title="bbox 1276 1812 1989 1866; baseline 0.007 -18"><span class='ocrx_word' id='word_1_568' title='bbox 1276 1812 1354 1861; x_wconf 81' lang='lat' dir='ltr'>Qui</span> <span class='ocrx_word' id='word_1_569' title='bbox 1380 1813 1490 1850; x_wconf 78' lang='lat' dir='ltr'>habet</span> <span class='ocrx_word' id='word_1_570' title='bbox 1511 1828 1706 1864; x_wconf 82' lang='lat' dir='ltr'>sponsam,</span> <span class='ocrx_word' id='word_1_571' title='bbox 1743 1829 1901 1866; x_wconf 78' lang='lat' dir='ltr'>sponsus</span> <span class='ocrx_word' id='word_1_572' title='bbox 1924 1823 1989 1854; x_wconf 79' lang='lat' dir='ltr'>est.</span> 
     </span>
    </p>
   </div>
   <div class='ocr_carea' id='block_1_26' title="bbox 1128 1882 2128 2644">
    <p class='ocr_par' dir='ltr' id='par_1_26' title="bbox 1128 1882 2128 2644">
     <span class='ocr_line' id='line_1_84' title="bbox 1237 1882 2128 1931; baseline 0.007 -16"><span class='ocrx_word' id='word_1_573' title='bbox 1237 1882 1482 1917; x_wconf 87' lang='lat' dir='ltr'>Similitudine</span> <span class='ocrx_word' id='word_1_574' title='bbox 1508 1886 1662 1919; x_wconf 78' lang='lat' dir='ltr'>declarat</span> <span class='ocrx_word' id='word_1_575' title='bbox 1683 1885 1893 1925; x_wconf 88' lang='lat' dir='ltr'>discrimen,</span> <span class='ocrx_word' id='word_1_576' title='bbox 1922 1894 1961 1921; x_wconf 87' lang='lat' dir='ltr'>ut</span> <span class='ocrx_word' id='word_1_577' title='bbox 1978 1898 2128 1931; x_wconf 86' lang='lat' dir='ltr'>sponsus</span> 
     </span>
     <span class='ocr_line' id='line_1_85' title="bbox 1135 1934 2127 1982; baseline 0.006 -16"><span class='ocrx_word' id='word_1_578' title='bbox 1135 1941 1304 1978; x_wconf 90' lang='lat' dir='ltr'>perpetuo</span> <span class='ocrx_word' id='word_1_579' title='bbox 1321 1934 1461 1968; x_wconf 86' lang='lat' dir='ltr'>foedere</span> <span class='ocrx_word' id='word_1_580' title='bbox 1479 1943 1512 1969; x_wconf 86' lang='lat' dir='ltr'>et</span> <span class='ocrx_word' id='word_1_581' title='bbox 1528 1949 1646 1970; x_wconf 89' lang='lat' dir='ltr'>amore</span> <span class='ocrx_word' id='word_1_582' title='bbox 1662 1937 1730 1970; x_wconf 90' lang='lat' dir='ltr'>sibi</span> <span class='ocrx_word' id='word_1_583' title='bbox 1747 1949 1910 1981; x_wconf 87' lang='lat' dir='ltr'>sponsam</span> <span class='ocrx_word' id='word_1_584' title='bbox 1929 1938 2060 1982; x_wconf 85' lang='lat' dir='ltr'>iungit,</span> <span class='ocrx_word' id='word_1_585' title='bbox 2087 1951 2127 1972; x_wconf 91' lang='lat' dir='ltr'>ac</span> 
     </span>
     <span class='ocr_line' id='line_1_86' title="bbox 1134 1985 2127 2029; baseline 0.006 -12"><span class='ocrx_word' id='word_1_586' title='bbox 1134 1996 1261 2029; x_wconf 88' lang='lat' dir='ltr'>corpus</span> <span class='ocrx_word' id='word_1_587' title='bbox 1294 1985 1342 2023; x_wconf 84' lang='lat' dir='ltr'>ei,</span> <span class='ocrx_word' id='word_1_588' title='bbox 1384 1997 1423 2018; x_wconf 89' lang='lat' dir='ltr'>ac</span> <span class='ocrx_word' id='word_1_589' title='bbox 1455 1999 1576 2020; x_wconf 90' lang='lat' dir='ltr'>omnes</span> <span class='ocrx_word' id='word_1_590' title='bbox 1605 1990 1767 2021; x_wconf 82' lang='lat' dir='ltr'>fortunas</span> <span class='ocrx_word' id='word_1_591' title='bbox 1797 1989 1941 2024; x_wconf 89' lang='lat' dir='ltr'>addicit.</span> <span class='ocrx_word' id='word_1_592' title='bbox 2008 1990 2127 2023; x_wconf 88' lang='lat' dir='ltr'>Amici</span> 
     </span>
     <span class='ocr_line' id='line_1_87' title="bbox 1134 2036 2127 2084; baseline 0.006 -16"><span class='ocrx_word' id='word_1_593' title='bbox 1134 2048 1217 2069; x_wconf 76' lang='lat' dir='ltr'>vero</span> <span class='ocrx_word' id='word_1_594' title='bbox 1248 2036 1388 2070; x_wconf 85' lang='lat' dir='ltr'>invitati</span> <span class='ocrx_word' id='word_1_595' title='bbox 1422 2045 1503 2071; x_wconf 85' lang='lat' dir='ltr'>sunt</span> <span class='ocrx_word' id='word_1_596' title='bbox 1531 2045 1653 2081; x_wconf 88' lang='lat' dir='ltr'>testes,</span> <span class='ocrx_word' id='word_1_597' title='bbox 1690 2046 1722 2073; x_wconf 90' lang='lat' dir='ltr'>et</span> <span class='ocrx_word' id='word_1_598' title='bbox 1748 2051 1877 2084; x_wconf 86' lang='lat' dir='ltr'>sponso</span> <span class='ocrx_word' id='word_1_599' title='bbox 1902 2041 2127 2084; x_wconf 83' lang='lat' dir='ltr'>gratulantur</span> 
     </span>
     <span class='ocr_line' id='line_1_88' title="bbox 1134 2085 2126 2135; baseline 0.005 -15"><span class='ocrx_word' id='word_1_600' title='bbox 1134 2085 1317 2120; x_wconf 90' lang='lat' dir='ltr'>honorem.</span> <span class='ocrx_word' id='word_1_601' title='bbox 1388 2087 1438 2121; x_wconf 86' lang='lat' dir='ltr'>Ita</span> <span class='ocrx_word' id='word_1_602' title='bbox 1474 2087 1636 2123; x_wconf 83' lang='lat' dir='ltr'>Christus</span> <span class='ocrx_word' id='word_1_603' title='bbox 1675 2097 1724 2124; x_wconf 90' lang='lat' dir='ltr'>est</span> <span class='ocrx_word' id='word_1_604' title='bbox 1759 2103 1906 2135; x_wconf 90' lang='lat' dir='ltr'>sponsus</span> <span class='ocrx_word' id='word_1_605' title='bbox 1938 2089 2126 2134; x_wconf 87' lang='lat' dir='ltr'>Ecclesiae,</span> 
     </span>
     <span class='ocr_line' id='line_1_89' title="bbox 1132 2136 2126 2184; baseline 0.006 -13"><span class='ocrx_word' id='word_1_606' title='bbox 1132 2138 1249 2182; x_wconf 82' lang='lat' dir='ltr'>iungit</span> <span class='ocrx_word' id='word_1_607' title='bbox 1280 2136 1371 2172; x_wconf 86' lang='lat' dir='ltr'>hanc</span> <span class='ocrx_word' id='word_1_608' title='bbox 1402 2139 1469 2173; x_wconf 89' lang='lat' dir='ltr'>sibi</span> <span class='ocrx_word' id='word_1_609' title='bbox 1505 2148 1648 2174; x_wconf 87' lang='lat' dir='ltr'>aeterno</span> <span class='ocrx_word' id='word_1_610' title='bbox 1681 2143 1821 2175; x_wconf 83' lang='lat' dir='ltr'>foedere</span> <span class='ocrx_word' id='word_1_611' title='bbox 1853 2148 1887 2176; x_wconf 89' lang='lat' dir='ltr'>et</span> <span class='ocrx_word' id='word_1_612' title='bbox 1921 2154 2059 2184; x_wconf 86' lang='lat' dir='ltr'>amore,</span> <span class='ocrx_word' id='word_1_613' title='bbox 2094 2151 2126 2177; x_wconf 86' lang='lat' dir='ltr'>et</span> 
     </span>
     <span class='ocr_line' id='line_1_90' title="bbox 1132 2190 2124 2236; baseline 0.005 -13"><span class='ocrx_word' id='word_1_614' title='bbox 1132 2190 1252 2223; x_wconf 83' lang='lat' dir='ltr'>omnia</span> <span class='ocrx_word' id='word_1_615' title='bbox 1284 2201 1345 2224; x_wconf 89' lang='lat' dir='ltr'>sua</span> <span class='ocrx_word' id='word_1_616' title='bbox 1379 2190 1472 2224; x_wconf 91' lang='lat' dir='ltr'>bona</span> <span class='ocrx_word' id='word_1_617' title='bbox 1505 2192 1535 2225; x_wconf 92' lang='lat' dir='ltr'>ei</span> <span class='ocrx_word' id='word_1_618' title='bbox 1569 2193 1698 2234; x_wconf 82' lang='lat' dir='ltr'>donat,</span> <span class='ocrx_word' id='word_1_619' title='bbox 1731 2193 1957 2236; x_wconf 85' lang='lat' dir='ltr'>sapientiam,</span> <span class='ocrx_word' id='word_1_620' title='bbox 1992 2194 2029 2227; x_wconf 89' lang='lat' dir='ltr'>id</span> <span class='ocrx_word' id='word_1_621' title='bbox 2061 2201 2124 2236; x_wconf 86' lang='lat' dir='ltr'>est,</span> 
     </span>
     <span class='ocr_line' id='line_1_91' title="bbox 1131 2240 2126 2285; baseline 0.005 -12"><span class='ocrx_word' id='word_1_622' title='bbox 1131 2240 1365 2284; x_wconf 86' lang='lat' dir='ltr'>Evangelium</span> <span class='ocrx_word' id='word_1_623' title='bbox 1390 2253 1451 2275; x_wconf 88' lang='lat' dir='ltr'>seu</span> <span class='ocrx_word' id='word_1_624' title='bbox 1475 2243 1691 2285; x_wconf 87' lang='lat' dir='ltr'>agnitionem</span> <span class='ocrx_word' id='word_1_625' title='bbox 1719 2255 1856 2283; x_wconf 76' lang='lat' dir='ltr'>veram,</span> <span class='ocrx_word' id='word_1_626' title='bbox 1884 2242 1949 2277; x_wconf 90' lang='lat' dir='ltr'>Dei</span> <span class='ocrx_word' id='word_1_627' title='bbox 1968 2251 2000 2278; x_wconf 90' lang='lat' dir='ltr'>et</span> <span class='ocrx_word' id='word_1_628' title='bbox 2018 2245 2126 2278; x_wconf 56' lang='lat' dir='ltr'>mise-2</span> 
     </span>
     <span class='ocr_line' id='line_1_92' title="bbox 1132 2292 2124 2338; baseline 0.004 -13"><span class='ocrx_word' id='word_1_629' title='bbox 1132 2292 1325 2333; x_wconf 87' lang='lat' dir='ltr'>ricordiae‚</span> <span class='ocrx_word' id='word_1_630' title='bbox 1367 2293 1561 2334; x_wconf 86' lang='lat' dir='ltr'>iusticiam,</span> <span class='ocrx_word' id='word_1_631' title='bbox 1594 2295 1836 2329; x_wconf 82' lang='lat' dir='ltr'>defensionem</span> <span class='ocrx_word' id='word_1_632' title='bbox 1865 2296 2124 2338; x_wconf 86' lang='lat' dir='ltr'>admirabilem,</span> 
     </span>
     <span class='ocr_line' id='line_1_93' title="bbox 1131 2343 2124 2386; baseline 0.005 -10"><span class='ocrx_word' id='word_1_633' title='bbox 1131 2343 1434 2377; x_wconf 87' lang='lat' dir='ltr'>resuscitationem</span> <span class='ocrx_word' id='word_1_634' title='bbox 1452 2357 1491 2377; x_wconf 80' lang='lat' dir='ltr'>ex</span> <span class='ocrx_word' id='word_1_635' title='bbox 1508 2352 1638 2386; x_wconf 86' lang='lat' dir='ltr'>morte,</span> <span class='ocrx_word' id='word_1_636' title='bbox 1664 2353 1695 2378; x_wconf 85' lang='lat' dir='ltr'>et</span> <span class='ocrx_word' id='word_1_637' title='bbox 1714 2346 1820 2378; x_wconf 83' lang='lat' dir='ltr'>vitam</span> <span class='ocrx_word' id='word_1_638' title='bbox 1838 2353 2027 2383; x_wconf 84' lang='lat' dir='ltr'>aeternam.</span> <span class='ocrx_word' id='word_1_639' title='bbox 2070 2346 2124 2381; x_wconf 90' lang='lat' dir='ltr'>Ac</span> 
     </span>
     <span class='ocr_line' id='line_1_94' title="bbox 1131 2395 2123 2442; baseline 0.004 -14"><span class='ocrx_word' id='word_1_640' title='bbox 1131 2395 1261 2428; x_wconf 91' lang='lat' dir='ltr'>mirum</span> <span class='ocrx_word' id='word_1_641' title='bbox 1280 2402 1339 2435; x_wconf 86' lang='lat' dir='ltr'>est,</span> <span class='ocrx_word' id='word_1_642' title='bbox 1367 2397 1460 2440; x_wconf 85' lang='lat' dir='ltr'>quod</span> <span class='ocrx_word' id='word_1_643' title='bbox 1479 2396 1650 2439; x_wconf 87' lang='lat' dir='ltr'>scriptura</span> <span class='ocrx_word' id='word_1_644' title='bbox 1667 2397 1855 2442; x_wconf 84' lang='lat' dir='ltr'>aliquoties</span> <span class='ocrx_word' id='word_1_645' title='bbox 1870 2405 2003 2439; x_wconf 86' lang='lat' dir='ltr'>monet,</span> <span class='ocrx_word' id='word_1_646' title='bbox 2024 2410 2123 2432; x_wconf 89' lang='lat' dir='ltr'>amo-</span> 
     </span>
     <span class='ocr_line' id='line_1_95' title="bbox 1130 2447 2122 2493; baseline 0.004 -14"><span class='ocrx_word' id='word_1_647' title='bbox 1130 2459 1203 2480; x_wconf 90' lang='lat' dir='ltr'>rem</span> <span class='ocrx_word' id='word_1_648' title='bbox 1233 2447 1353 2490; x_wconf 89' lang='lat' dir='ltr'>sponsi</span> <span class='ocrx_word' id='word_1_649' title='bbox 1386 2453 1418 2479; x_wconf 90' lang='lat' dir='ltr'>et</span> <span class='ocrx_word' id='word_1_650' title='bbox 1448 2458 1605 2491; x_wconf 86' lang='lat' dir='ltr'>sponsae.</span> <span class='ocrx_word' id='word_1_651' title='bbox 1666 2447 1770 2488; x_wconf 86' lang='lat' dir='ltr'>Item,</span> <span class='ocrx_word' id='word_1_652' title='bbox 1806 2456 2008 2493; x_wconf 88' lang='lat' dir='ltr'>perpetuam</span> <span class='ocrx_word' id='word_1_653' title='bbox 2036 2461 2122 2483; x_wconf 89' lang='lat' dir='ltr'>con-</span> 
     </span>
     <span class='ocr_line' id='line_1_96' title="bbox 1130 2497 2121 2543; baseline 0.004 -13"><span class='ocrx_word' id='word_1_654' title='bbox 1130 2497 1349 2532; x_wconf 87' lang='lat' dir='ltr'>iunctionem</span> <span class='ocrx_word' id='word_1_655' title='bbox 1388 2498 1507 2541; x_wconf 84' lang='lat' dir='ltr'>sponsi</span> <span class='ocrx_word' id='word_1_656' title='bbox 1548 2505 1581 2531; x_wconf 86' lang='lat' dir='ltr'>et</span> <span class='ocrx_word' id='word_1_657' title='bbox 1622 2511 1770 2543; x_wconf 85' lang='lat' dir='ltr'>sponsae</span> <span class='ocrx_word' id='word_1_658' title='bbox 1814 2511 1886 2533; x_wconf 89' lang='lat' dir='ltr'>esse</span> <span class='ocrx_word' id='word_1_659' title='bbox 1929 2500 2121 2543; x_wconf 85' lang='lat' dir='ltr'>imaginem</span> 
     </span>
     <span class='ocr_line' id='line_1_97' title="bbox 1129 2546 2122 2596; baseline 0.002 -14"><span class='ocrx_word' id='word_1_660' title='bbox 1129 2549 1258 2582; x_wconf 90' lang='lat' dir='ltr'>amoris</span> <span class='ocrx_word' id='word_1_661' title='bbox 1276 2555 1310 2582; x_wconf 89' lang='lat' dir='ltr'>et</span> <span class='ocrx_word' id='word_1_662' title='bbox 1326 2549 1476 2582; x_wconf 85' lang='lat' dir='ltr'>foederis</span> <span class='ocrx_word' id='word_1_663' title='bbox 1486 2546 1619 2583; x_wconf 87' lang='lat' dir='ltr'>Christi</span> <span class='ocrx_word' id='word_1_664' title='bbox 1632 2557 1664 2583; x_wconf 88' lang='lat' dir='ltr'>et</span> <span class='ocrx_word' id='word_1_665' title='bbox 1674 2549 1860 2586; x_wconf 85' lang='lat' dir='ltr'>Ecclesiae.</span> <span class='ocrx_word' id='word_1_666' title='bbox 1889 2550 1983 2585; x_wconf 89' lang='lat' dir='ltr'>Haec</span> <span class='ocrx_word' id='word_1_667' title='bbox 1998 2552 2026 2584; x_wconf 93' lang='lat' dir='ltr'>si</span> <span class='ocrx_word' id='word_1_668' title='bbox 2039 2563 2122 2596; x_wconf 89' lang='lat' dir='ltr'>pos-</span> 
     </span>
     <span class='ocr_line' id='line_1_98' title="bbox 1128 2601 2121 2644; baseline 0.003 -11"><span class='ocrx_word' id='word_1_669' title='bbox 1128 2612 1242 2633; x_wconf 86' lang='lat' dir='ltr'>semus</span> <span class='ocrx_word' id='word_1_670' title='bbox 1269 2612 1307 2632; x_wconf 91' lang='lat' dir='ltr'>re</span> <span class='ocrx_word' id='word_1_671' title='bbox 1333 2611 1411 2632; x_wconf 84' lang='lat' dir='ltr'>vera</span> <span class='ocrx_word' id='word_1_672' title='bbox 1437 2601 1607 2644; x_wconf 86' lang='lat' dir='ltr'>aspicere,</span> <span class='ocrx_word' id='word_1_673' title='bbox 1634 2609 1673 2635; x_wconf 89' lang='lat' dir='ltr'>ut</span> <span class='ocrx_word' id='word_1_674' title='bbox 1696 2610 1776 2636; x_wconf 88' lang='lat' dir='ltr'>sunt</span> <span class='ocrx_word' id='word_1_675' title='bbox 1804 2602 1966 2636; x_wconf 89' lang='lat' dir='ltr'>ordinata</span> <span class='ocrx_word' id='word_1_676' title='bbox 1992 2615 2009 2635; x_wconf 88' lang='lat' dir='ltr'>a</span> <span class='ocrx_word' id='word_1_677' title='bbox 2032 2602 2121 2642; x_wconf 73' lang='lat' dir='ltr'>Deo,</span> 
     </span>
    </p>
   </div>
   <div class='ocr_carea' id='block_1_27' title="bbox 1125 2651 2119 2748">
    <p class='ocr_par' dir='ltr' id='par_1_27' title="bbox 1125 2651 2119 2748">
     <span class='ocr_line' id='line_1_99' title="bbox 1126 2651 2119 2698; baseline 0.003 -14"><span class='ocrx_word' id='word_1_678' title='bbox 1126 2651 1268 2685; x_wconf 83' lang='lat' dir='ltr'>collatio</span> <span class='ocrx_word' id='word_1_679' title='bbox 1307 2651 1446 2685; x_wconf 87' lang='lat' dir='ltr'>doceret</span> <span class='ocrx_word' id='word_1_680' title='bbox 1483 2659 1516 2685; x_wconf 85' lang='lat' dir='ltr'>et</span> <span class='ocrx_word' id='word_1_681' title='bbox 1554 2653 1796 2687; x_wconf 89' lang='lat' dir='ltr'>consolaretur</span> <span class='ocrx_word' id='word_1_682' title='bbox 1830 2665 1895 2687; x_wconf 91' lang='lat' dir='ltr'>nos</span> <span class='ocrx_word' id='word_1_683' title='bbox 1927 2654 2119 2698; x_wconf 81' lang='lat' dir='ltr'>uberrime,</span> 
     </span>
     <span class='ocr_line' id='line_1_100' title="bbox 1125 2702 1394 2748; baseline 0 -13"><span class='ocrx_word' id='word_1_684' title='bbox 1125 2703 1204 2736; x_wconf 88' lang='lat' dir='ltr'>ideo</span> <span class='ocrx_word' id='word_1_685' title='bbox 1221 2702 1394 2748; x_wconf 86' lang='lat' dir='ltr'>sequitur:</span> 
     </span>
    </p>
   </div>
  </div>
 </body>
</html>
