2415 2942
263 114 336 148 553

267 202 311 235 lia
330 199 484 242 exempla
502 194 753 230 consideranda
771 200 863 237 sunt,
891 199 930 226 ut
946 205 962 226 e
980 192 1122 235 regione
1139 192 1247 225 bene-

267 253 382 284 ficium
402 250 436 283 S.
463 248 570 280 sancti
598 246 828 289 magnifacere
850 244 1043 286 discamus,
1069 255 1107 276 ac
1124 250 1250 286 petere,

267 311 304 333 nt
332 312 410 332 vera
436 300 511 331 luce
535 309 595 330 sua
621 308 684 329 nos
709 297 901 338 gubernet,
928 294 1033 337 idque
1056 294 1125 337 peti
1151 293 1252 326 iussit.

267 349 447 387 Christus,
501 355 532 381 et
576 347 842 391 promissionem
883 345 1021 377 addidit
1062 345 1250 389 inquiens:

269 400 412 442 Quanto
443 399 551 441 magis
581 405 677 442 pater
702 404 813 429 vester
837 396 993 429 coelestis
1017 395 1114 429 dabit
1139 394 1252 438 Spiri-

268 458 342 484 tum
369 456 525 483 sanctum
553 448 764 492 petentibus,
827 446 879 479 Te
904 446 1010 488 igitur
1032 457 1094 478 oro
1119 446 1197 478 vive
1221 451 1253 477 et

268 501 493 544 omnipotens
523 500 637 535 Deus,
679 506 817 531 aeterne
846 504 942 540 pater
966 495 1111 529 Domini
1141 496 1252 529 nostri

272 551 347 583 lesu
366 549 518 589 Christi,
545 549 706 582 conditor
731 548 889 581 omnium
914 559 1031 580 rerum
1058 553 1090 579 et
1114 558 1249 579 conser-

269 609 386 641 vator,
411 608 444 634 et
459 601 669 644 opitulator,
695 611 773 632 cum
793 599 864 631 filio
883 605 941 631 tuo
961 597 1114 630 Domino
1134 605 1253 629 nostro

271 651 350 685 Iesu
380 649 541 689 Christo,
577 650 674 698 λόγῳ
705 657 737 683 et
766 649 915 691 imagine
946 655 1025 687 tua,
1060 655 1093 680 et
1119 647 1255 690 Spiritu

271 710 391 736 sancto
424 702 533 735 ess‘uso
567 702 602 734 in
637 701 845 744 Apostolos,
879 699 1069 741 paracleto,
1104 697 1254 741 sapienS‚

271 754 384 793 bone,
427 753 644 794 misericors,
688 752 809 790 iudex,
847 749 965 787 sortis,
1009 755 1117 785 caste,
1152 759 1256 779 verax

273 811 304 836 et
323 803 517 836 liberrime:
547 802 715 835 Miserere
733 799 842 832 nostri
862 805 1004 843 propter
1023 797 1136 830 lesum
1149 796 1256 830 Cbri-

273 862 363 887 stum
389 854 500 885 tilium
528 860 625 886 tuum
653 851 846 885 Dominum
873 856 1030 881 nostrum
1054 848 1255 881 crucifixum

274 917 336 947 pro
368 904 488 943 nobis,
525 909 555 934 et
589 901 849 939 resuscitatum,
883 911 985 943 quem
1022 898 1162 931 voluisti
1194 910 1256 942 pro

274 955 376 987 nobis
394 965 464 986 esse
483 953 657 985 victimam
671 979 679 991 ‚
705 949 763 984 mvi
783 947 956 993 μεσίτην,
983 946 1041 982 καὶ
1059 947 1199 992 ἱκέτην,
1226 955 1256 980 et

273 1006 442 1044 accende,
483 1015 580 1046 rege,
627 1002 799 1034 sanctifica
838 1001 942 1033 corda
974 1007 1092 1032 nostra
1122 999 1258 1042 Spiritu

274 1062 392 1088 sancto
422 1062 502 1095 tuo,
538 1061 576 1087 ut
602 1059 634 1085 te
660 1064 740 1084 vere
765 1061 1010 1093 agnoscamu5‚
1044 1050 1258 1086 invocemus,

274 1113 490 1145 metuamus,
525 1104 589 1136 tibi
621 1114 700 1135 vere
730 1103 930 1140 credamus,
957 1101 1084 1142 gratias
1108 1111 1259 1142 agamus,

275 1164 307 1190 et
327 1156 530 1189 obediamus
543 1181 550 1194 ‚
575 1166 619 1186 ne
637 1155 728 1186 sinas
748 1151 941 1196 praestigiis
957 1151 1087 1183 diaboli
1105 1149 1258 1192 extingui

275 1209 312 1239 in
345 1206 448 1239 nobis
480 1206 592 1238 lucem
618 1203 820 1244 Evangelii,
854 1214 931 1244 rege
960 1214 1025 1233 nos
1050 1201 1198 1234 consilio
1224 1200 1260 1232 in

276 1257 442 1290 omnibus
471 1255 636 1297 negotiis,
672 1254 752 1298 qnia
787 1253 879 1285 filius
906 1260 986 1285 tuus
1014 1251 1195 1295 promisit,
1228 1258 1260 1283 te

276 1307 476 1352 petentibus
501 1308 664 1338 daturum
690 1316 760 1336 esse
779 1303 949 1345 Spiritum
968 1309 1146 1340 sanctum,
1174 1302 1261 1333 sicut

276 1359 444 1401 scriptum
468 1364 533 1389 est:
563 1355 704 1397 Quanto
732 1354 840 1395 magis
862 1360 958 1395 pater
974 1360 1086 1385 vester
1105 1352 1262 1384 coelestis

278 1409 374 1442 dabit
392 1407 564 1451 Spiritum
581 1412 738 1439 sanctum
758 1404 958 1448 petentibus
978 1414 1022 1436 se.

471 1506 559 1542 lVon
585 1507 677 1541 enim
702 1504 868 1553 loquelur
891 1517 913 1538 a
935 1503 1064 1551 seipsa.

380 1584 507 1618 Multis
544 1581 809 1627 quaestionibus
838 1580 983 1613 occurit.
1056 1578 1144 1612 Cum
1173 1578 1262 1611 alius

279 1638 402 1671 doctor
426 1634 673 1680 promittatur,
707 1630 862 1675 quaestio
889 1637 954 1663 est:
983 1629 1041 1661 An
1068 1629 1172 1662 aliam
1199 1630 1264 1661 do-

279 1689 447 1725 ctrinam,
475 1686 561 1717 alios
586 1682 750 1716 articulos
773 1681 943 1714 allaturus
969 1680 1030 1718 sit,
1059 1692 1130 1712 non
1153 1679 1262 1712 tradi-

280 1747 332 1772 tos
357 1749 375 1770 a
399 1735 564 1770 Cltristo'?
622 1733 828 1776 Respondet
854 1729 1033 1763 Christus:
1070 1730 1143 1762 lmo
1171 1730 1261 1762 idem

281 1799 423 1834 prorsus
447 1786 605 1824 docebit,
631 1784 724 1828 quod
752 1794 813 1823 ego
839 1783 964 1820 doceo,
992 1793 1055 1813 nec
1073 1781 1159 1813 alios
1179 1780 1263 1813 arti-

282 1839 396 1878 culos,
424 1849 486 1870 nec
510 1847 620 1868 novos
647 1834 767 1866 afferet
791 1846 807 1864 a
834 1844 888 1864 me
915 1844 987 1864 non
1012 1831 1176 1869 traditos,
1205 1832 1262 1862 sed

283 1891 403 1923 eadem
424 1895 473 1920 est
499 1885 657 1919 doctrina
676 1884 805 1916 aeterni
828 1883 952 1925 patris,
980 1894 1074 1920 mea,
1100 1889 1130 1914 et
1151 1881 1264 1924 Spiri-

282 1948 338 1974 tus
371 1938 490 1971 sancti.
544 1935 638 1968 Haec
671 1933 850 1976 responsio
882 1930 1012 1965 Christi
1046 1933 1263 1964 observanda

283 1997 351 2032 est,
387 1995 425 2022 ut
450 1993 648 2031 opponatur
671 1985 758 2023 illis,
795 1984 855 2028 qui
877 1983 1005 2015 Missae
1032 1981 1263 2021 venditiones,

283 2048 315 2074 et
350 2039 591 2072 invocationes
624 2043 864 2074 mortuorum,
909 2041 941 2066 et
971 2033 1100 2065 multos
1130 2043 1265 2065 errores

284 2092 371 2125 alios
404 2090 589 2122 defendere
623 2092 796 2118 conantur
826 2082 891 2116 boc
925 2090 1122 2126 praetextu,
1169 2082 1263 2127 quod

284 2152 485 2186 quanquam
511 2150 582 2170 non
607 2137 675 2168 sint
701 2135 818 2168 traditi
844 2135 879 2165 in
903 2133 1117 2175 Evangelio,
1148 2139 1264 2166 tamen

284 2199 399 2237 postea
416 2192 484 2224 sint
502 2187 641 2232 recepti,
668 2192 827 2218 movente
846 2190 977 2217 mentes
987 2183 1122 2226 Spiritu
1137 2189 1266 2216 sancto.

386 2267 450 2301 Est
472 2273 587 2300 autem
611 2263 739 2307 duplex
766 2260 938 2294 refutatio.
998 2258 1120 2292 Prior:
1151 2258 1265 2293 Fateri

287 2326 458 2362 coguntur
474 2328 606 2356 omnes,
633 2314 693 2359 qui
709 2312 821 2344 videri
836 2311 961 2343 volunt
976 2310 1266 2353 amplectiEvan-

289 2371 435 2414 gelium‚
469 2380 541 2401 non
565 2364 768 2408 recipienda
795 2373 866 2395 esse
890 2362 1051 2403 dogmata
1076 2362 1265 2402 pugnantia

289 2432 367 2454 cum
391 2417 463 2456 his,
491 2429 578 2462 quae
602 2417 668 2448 iam
696 2414 822 2447 tradita
849 2417 930 2445 sunt
952 2424 969 2443 a
989 2408 1143 2444 Christo.
1195 2411 1267 2444 Nos

289 2478 404 2504 autem
438 2480 515 2502 cum
548 2467 786 2509 improbamus
817 2473 951 2496 errores
977 2461 1268 2503 adversariorum,

289 2520 356 2554 lioc
382 2519 619 2556 ostendimus,
648 2526 801 2558 pugnare
826 2524 883 2545 eos
909 2510 986 2545 cum
1006 2512 1107 2544 certis
1123 2513 1267 2554 dogma-

290 2573 385 2605 tibus
408 2582 425 2602 a
447 2567 585 2603 Christo
610 2566 758 2598 traditis.
810 2563 954 2597 Certum
978 2569 1027 2595 est
1050 2563 1266 2606 propositum

290 2619 459 2654 aCbristo
479 2617 663 2651 consilium
675 2614 738 2647 Dei
759 2613 987 2651 immutabile,
1016 2625 1084 2657 quo
1102 2614 1269 2646 docemur

292 2671 421 2705 remitti
447 2676 582 2714 peccata
607 2673 748 2711 propter
773 2664 997 2697 mediatorem
1023 2665 1108 2704 fide,
1142 2670 1173 2697 et
1197 2676 1269 2697 non

845 106 970 142 PlllL.
1004 104 1120 140 MEL.
1158 103 1369 140 SCRIPTA
1404 103 1702 140 EXEGETICA.

2210 106 2285 144 864

1301 199 1444 239 propter
1466 192 1537 226 ulla
1564 199 1683 226 nostra
1707 196 1915 236 oper-asam
1935 193 2048 228 cultus
2068 204 2085 227 a
2104 193 2206 227 nobis
2225 205 2286 228 ex-

1300 243 1478 286 cogitatos.
1532 242 1621 276 Cum
1645 243 1754 285 igitur
1773 250 1894 277 contra
1912 241 2001 278 banc
2018 243 2208 288 Evangelii,
2222 257 2286 277 vo-

1301 305 1373 326 cem
1396 291 1568 326 Monacbi
1594 294 1770 327 affirmant
1793 294 1925 327 remitti
1951 302 2106 339 peccata,
2144 301 2286 338 propter

1301 344 1469 377 sacrificia
1493 343 1640 385 Missae,
1675 351 1735 378 aut
1767 355 1826 378 sua
1853 351 1955 384 vota,
1988 353 2104 388 aperte
2127 351 2286 390 pugnant

1303 406 1380 427 cum
1398 393 1603 437 Evangelio.
1656 393 1788 428 Contra
1812 392 1902 427 banc
1920 395 2137 439 perspicuam
2155 397 2286 430 resuta-

1304 445 1433 477 tionem
1463 446 1592 478 frustra
1622 445 1730 480 citant
1759 445 1848 478 illud
1872 445 2067 486 somnium,
2101 448 2194 490 quod
2219 447 2286 479 fin-

1304 503 1388 537 gunt
1420 497 1463 529 de
1490 496 1711 538 dogmatibus
1738 495 1901 530 revelatis
1927 493 2120 537 Ecclesiae,
2153 502 2186 530 et
2212 508 2286 530 non

1306 547 1440 579 traditis
1457 559 1540 579 voce
1557 544 1754 589 Evangelii.

1407 596 1566 630 Secunda
1592 598 1754 630 refutatio
1771 596 1855 632 haec
1873 605 1942 638 est,
1969 598 2135 631 usitatum
2153 597 2287 631 (lictum

1305 653 1372 688 est,
1400 647 1552 681 Ecclesia
1578 660 1649 680 non
1672 649 1783 691 gignit
1810 649 1976 682 articulos
1994 649 2092 691 fidei,
2121 649 2177 681 sed
2196 648 2287 681 acci-

1306 698 1354 740 pit
1378 709 1435 730 eos
1461 711 1478 731 a
1498 697 1571 731 Deo
1598 711 1658 742 per
1682 701 1828 732 verbum
1856 707 2006 740 certum,
2033 706 2066 732 et
2083 710 2156 732 non
2174 699 2289 732 ambi-

1305 760 1423 790 guum.
1475 748 1554 782 Non
1588 749 1694 791 igitur
1724 762 1862 782 necesse
1891 757 1941 783 est
1968 749 2078 797 recipi
2102 749 2289 793 opiniones

1307 799 1343 831 in
1373 798 1526 832 Ecclesia
1558 807 1723 844 tanquam
1754 801 1920 834 articulos
1951 801 2050 840 fidei,
2092 811 2180 844 quae
2213 799 2289 832 sine

1307 849 1505 882 testimonio
1534 856 1626 883 certo
1651 851 1842 894 scripturae
1861 857 2127 894 proponuntur,
2154 849 2289 883 etiamsi

1308 911 1379 931 non
1403 900 1583 933 manifeste
1612 908 1768 944 pugnant
1785 914 1862 935 cum
1881 902 1983 935 dictis
2000 901 2190 944 scripturae
2207 912 2289 945 pro-

1309 947 1484 991 pheticae,
1519 962 1578 983 seu
1611 952 1836 994 apostolicae,
1871 959 1909 985 ut
1942 958 2040 985 vetus
2061 951 2214 984 narratio
2239 957 2290 984 est

1309 1001 1344 1032 in
1375 999 1547 1039 Ecclesia,
1585 999 1790 1034 Zachariam
1810 1001 1986 1044 Baptistae
2014 1008 2148 1045 patrem
2178 1001 2291 1034 inter-

1308 1051 1436 1082 sectum
1462 1062 1533 1082 esse
1554 1058 1696 1094 propter
1718 1045 1974 1085 'confessionem
2001 1054 2043 1085 de
2062 1050 2222 1089 Christo,
2249 1062 2289 1084 ac

1310 1101 1524 1132 mentionem
1543 1102 1617 1133 eins
1637 1099 1802 1135 historiae
1816 1103 1908 1143 fieri,
1937 1100 2109 1136 Matthaei
2125 1101 2290 1134 vicesimo

1310 1151 1412 1183 tertio
1445 1163 1508 1183 nec
1540 1159 1673 1195 pugnat
1697 1150 1782 1184 baec
1805 1153 1960 1186 narratio
1981 1165 2059 1186 cum
2083 1150 2291 1194 Evangelio,

1310 1202 1369 1234 sed
1387 1208 1501 1233 tamen
1519 1213 1590 1234 non
1608 1209 1656 1234 est
1673 1203 1841 1235 articulus
1859 1203 1950 1235 fidei.
2002 1201 2184 1236 Caeterum
2202 1202 2293 1234 illud

1311 1264 1431 1284 verum
1465 1259 1534 1292 est,
1568 1253 1735 1285 discimus
1761 1253 1803 1285 ab
1826 1251 1981 1286 Ecclesia
2007 1252 2172 1286 articulos
2197 1251 2294 1292 fidei,

1312 1303 1367 1334 sed
1394 1314 1464 1333 non
1491 1303 1663 1336 credimus
1680 1310 1826 1348 propter
1843 1301 2055 1343 Ecclesiam,
2081 1309 2122 1335 ut
2135 1301 2293 1336 Ecclesia

1312 1355 1410 1385 docet
1440 1364 1520 1393 nos,
1556 1354 1741 1395 significari
1769 1365 1952 1396 personam
1977 1350 2042 1385 hac
2066 1364 2150 1386 voce
2173 1348 2292 1399 λόγος,

1315 1402 1410 1436 lean.
1433 1404 1462 1436 l.
1495 1404 1552 1435 sed
1585 1404 1688 1436 fidem
1721 1410 1752 1436 et
1784 1404 2042 1437 invocationem
2067 1409 2204 1446 oportet
2226 1402 2295 1436 niti

1315 1453 1512 1486 testimonio
1537 1454 1678 1494 divino,
1706 1454 1786 1498 qnia
1807 1455 1848 1486 de
1866 1454 1930 1499 Dei
1949 1453 2095 1486 essentia
2115 1459 2148 1486 et
2166 1453 2295 1485 volun-

1314 1510 1383 1536 tate
1415 1516 1485 1536 non
1518 1511 1630 1547 potest
1660 1511 1815 1538 creatura
1840 1505 1913 1537 sine
1937 1504 2150 1537 revelatione
2173 1503 2296 1536 divina

1314 1553 1450 1587 firmam
1477 1555 1686 1587 sententiam
1710 1562 1839 1590 tenere.
1893 1554 2104 1597 Quaerimus
2127 1553 2234 1596 igitur
2258 1554 2295 1586 in

1315 1605 1450 1648 scriptis
1470 1603 1681 1649 propheticis
1697 1613 1729 1638 et
1745 1605 1944 1648 apostolicis
1960 1604 2158 1638 testimonia
2172 1631 2181 1644 ,
2208 1615 2297 1648 quae

1315 1667 1387 1687 non
1412 1663 1489 1687 sunt
1516 1656 1689 1698 ambigua.
1743 1655 1807 1687 llis
1826 1655 2039 1692 confirmati,
2064 1666 2181 1687 veram
2198 1655 2297 1697 agni-
2323 1662 2326 1663 ’

1316 1706 1445 1738 tionem
1464 1705 1529 1738 Dei
1553 1707 1596 1738 ad
1617 1706 1876 1738 invocationem
1896 1706 2084 1737 afferimus.
2137 1703 2230 1737 Haec
2245 1705 2298 1737 fa-

1317 1756 1380 1788 cile
1403 1756 1649 1798 intelliguntur
1673 1769 1689 1789 a
1714 1756 1789 1800 piis.
1842 1755 1966 1789 Restat
1984 1753 2040 1788 hie
2056 1762 2088 1788 et
2106 1755 2171 1787 alia
2190 1766 2297 1799 quae-

1317 1807 1402 1844 stio‚
1439 1807 1569 1839 scilicet
1598 1808 1639 1839 de.
1669 1806 1889 1850 processione
1913 1806 2066 1849 Spiritus
2089 1805 2217 1844 sancti,
2251 1817 2298 1838 an

1317 1869 1335 1890 a
1360 1857 1434 1888 solo
1460 1865 1556 1900 patre
1581 1858 1754 1901 procedat.
1796 1856 1879 1889 Dixi
1902 1868 2026 1900 supra,
2052 1868 2116 1889 uos
2133 1856 2298 1899 amplecti

1317 1907 1524 1940 sententiam
1551 1907 1696 1940 Latinae
1719 1905 1913 1945 Ecclesiae,
1941 1906 2112 1950 Spiritum
2138 1913 2297 1939 sanctum

1319 1958 1504 2000 procedere
1527 1958 1630 1991 simul
1655 1959 1697 1990 ab
1722 1964 1862 1990 aeterno
1884 1963 1980 2000 patre
2004 1962 2036 1989 et
2053 1969 2070 1988 a
2085 1955 2171 1990 filio.
2226 1955 2298 1989 Te-

1317 2008 1520 2040 stimonium
1547 2008 1604 2040 hic
1627 2009 1708 2041 satis
1729 2008 1868 2039 firmum
1896 2013 2002 2040 extat:
2031 2004 2083 2039 Ex
2107 2018 2184 2039 meo
2208 2007 2297 2039 acci-

1318 2058 1397 2101 piet.
1449 2057 1510 2090 Est
1528 2058 1636 2101 igitur
1652 2058 1804 2102 Spiritus
1820 2064 1958 2090 sanctus
1976 2057 2111 2101 aliquid
2130 2057 2299 2090 essentiae

1318 2108 1399 2148 filii,
1435 2120 1494 2141 seu
1520 2109 1622 2141 etiam
1650 2109 1722 2141 filio
1746 2104 1957 2152 ὃμοούσιον.
2016 2106 2113 2140 Haec
2136 2107 2296 2151 probatio

1319 2159 1400 2191 satis
1417 2159 1512 2191 firma
1530 2166 1579 2192 est
1597 2159 1672 2203 piae
1688 2159 1816 2199 menti,
1844 2171 1931 2203 quae
1946 2170 2019 2191 non
2036 2158 2172 2203 quaerit
2191 2158 2299 2190 cavil-

1320 2209 1466 2242 lationes
1491 2210 1534 2242 ad
1557 2210 1839 2243 labefactandum
1862 2216 2006 2244 textum.
2056 2208 2103 2241 Et
2128 2206 2196 2241 huc
2213 2220 2298 2240 con-

1320 2267 1449 2302 gruunt
1473 2260 1549 2301 illa,
1576 2261 1670 2305 quod
1693 2258 1854 2293 Christus
1877 2260 1948 2303 ipse
1972 2259 2068 2293 Ioan.
2083 2259 2160 2293 20.:
2189 2256 2298 2291 Asssat

1320 2310 1491 2354 Spiritum
1507 2318 1665 2344 sanctum
1675 2310 1865 2353 Apostolis.
1900 2309 1968 2342 Hic
1985 2310 2085 2342 ssatus
2100 2321 2170 2341 non
2187 2320 2204 2341 a
2223 2308 2297 2341 solo

1321 2368 1434 2404 patre,
1461 2363 1520 2394 sed
1542 2363 1645 2395 etiam
1665 2373 1682 2394 a
1700 2362 1772 2394 filio
1791 2360 1958 2404 procedit.
2010 2359 2166 2392 Additur
2182 2365 2298 2392 autem

1321 2418 1354 2445 et
1377 2412 1594 2446 confirmatio
1613 2410 1788 2445 hocloco:
1817 2408 1948 2443 Omnia
1965 2421 2052 2454 quae
2069 2417 2166 2453 pater
2183 2407 2299 2450 habet,

1322 2474 1395 2495 mea
1421 2470 1514 2497 sunt.
1579 2462 1674 2496 Haec
1697 2474 1762 2494 vox
1787 2472 1940 2504 aequans
1964 2461 2074 2493 filium
2099 2460 2189 2504 p‘atri
2216 2459 2298 2492 dili-

1321 2520 1441 2556 genter
1462 2515 1684 2550 observetur,
1710 2523 1773 2544 nec
1797 2504 1944 2544 dubium
1967 2518 2014 2544 est
2033 2511 2222 2554 potentiam
2241 2522 2298 2542 ae-

1322 2564 1443 2608 quari,
1473 2576 1551 2602 cum
1582 2563 1674 2596 filius
1703 2563 1751 2594 sic
1780 2562 2021 2605 omnipotens,
2058 2569 2182 2595 natura
2203 2559 2297 2593 Deus

1323 2621 1389 2653 est,
1419 2627 1524 2660 quare
1543 2621 1574 2647 et
1591 2613 1679 2657 patri
1697 2608 1890 2656 ὃμοούσιος
1907 2619 1969 2646 est.
2021 2611 2114 2645 Hinc
2131 2610 2298 2656 sequitur,

1323 2671 1354 2697 et
1379 2666 1422 2699 ab
1443 2672 1593 2709 utroque
1613 2664 1799 2708 procedere
1816 2663 1985 2707 Spiritum
2007 2670 2175 2697 sanctum.
2228 2659 2298 2694 Nec
