<?xml version="1.0" encoding="UTF-8"?>
<!DOCTYPE html PUBLIC "-//W3C//DTD XHTML 1.0 Transitional//EN"
    "http://www.w3.org/TR/xhtml1/DTD/xhtml1-transitional.dtd">
<html xmlns="http://www.w3.org/1999/xhtml" xml:lang="en" lang="en">
 <head>
  <title>
</title>
<meta http-equiv="Content-Type" content="text/html;charset=utf-8" />
  <meta name='ocr-system' content='tesseract 3.04.00' />
  <meta name='ocr-capabilities' content='ocr_page ocr_carea ocr_par ocr_line ocrx_word'/>
</head>
<body>
  <div class='ocr_page' id='page_1' title='image "./operaquaesupersu15melauoft/operaquaesupersu15melauoft_0495.png"; bbox 0 0 2415 2942; ppageno 0'>
   <div class='ocr_carea' id='block_1_1' title="bbox 73 106 432 142">
    <p class='ocr_par' dir='ltr' id='par_1_1' title="bbox 73 106 432 142">
     <span class='ocr_line' id='line_1_1' title="bbox 73 106 432 142; baseline 0.003 -1"><span class='ocrx_word' id='word_1_1' title='bbox 73 107 146 142; x_wconf 78' lang='lat'>973</span> <span class='ocrx_word' id='word_1_2' title='bbox 333 106 432 142; x_wconf 75' lang='lat' dir='ltr'>xm.</span> 
     </span>
    </p>
   </div>
   <div class='ocr_carea' id='block_1_2' title="bbox 71 193 1060 288">
    <p class='ocr_par' dir='ltr' id='par_1_2' title="bbox 71 193 1060 288">
     <span class='ocr_line' id='line_1_2' title="bbox 71 193 674 238; baseline 0.003 -11"><span class='ocrx_word' id='word_1_3' title='bbox 71 201 129 228; x_wconf 88' lang='lat' dir='ltr'>tua</span> <span class='ocrx_word' id='word_1_4' title='bbox 156 194 191 226; x_wconf 90' lang='lat' dir='ltr'>in</span> <span class='ocrx_word' id='word_1_5' title='bbox 215 193 262 226; x_wconf 85' lang='lat' dir='ltr'>eis</span> <span class='ocrx_word' id='word_1_6' title='bbox 286 193 347 233; x_wconf 83' lang='lat' dir='ltr'>sit,</span> <span class='ocrx_word' id='word_1_7' title='bbox 373 205 441 238; x_wconf 90' lang='lat' dir='ltr'>qua</span> <span class='ocrx_word' id='word_1_8' title='bbox 467 205 521 226; x_wconf 87' lang='lat' dir='ltr'>me</span> <span class='ocrx_word' id='word_1_9' title='bbox 545 194 674 236; x_wconf 87' lang='lat' dir='ltr'>diligis.</span> 
     </span>
     <span class='ocr_line' id='line_1_3' title="bbox 72 245 1060 288; baseline 0.003 -12"><span class='ocrx_word' id='word_1_10' title='bbox 72 257 144 277; x_wconf 85' lang='lat' dir='ltr'>rem</span> <span class='ocrx_word' id='word_1_11' title='bbox 176 251 291 277; x_wconf 81' lang='lat' dir='ltr'>autem</span> <span class='ocrx_word' id='word_1_12' title='bbox 326 252 421 277; x_wconf 84' lang='lat' dir='ltr'>certo</span> <span class='ocrx_word' id='word_1_13' title='bbox 458 245 599 278; x_wconf 80' lang='lat' dir='ltr'>exaudit</span> <span class='ocrx_word' id='word_1_14' title='bbox 627 252 790 278; x_wconf 87' lang='lat' dir='ltr'>aeternus</span> <span class='ocrx_word' id='word_1_15' title='bbox 817 252 932 288; x_wconf 85' lang='lat' dir='ltr'>pater,</span> <span class='ocrx_word' id='word_1_16' title='bbox 967 246 1060 279; x_wconf 87' lang='lat' dir='ltr'>iuxta</span> 
     </span>
    </p>
   </div>
   <div class='ocr_carea' id='block_1_3' title="bbox 72 293 1092 338">
    <p class='ocr_par' dir='ltr' id='par_1_3' title="bbox 72 293 1092 338">
     <span class='ocr_line' id='line_1_4' title="bbox 72 293 1092 338; baseline -0.001 -10"><span class='ocrx_word' id='word_1_17' title='bbox 72 295 220 328; x_wconf 87' lang='lat' dir='ltr'>dictum:</span> <span class='ocrx_word' id='word_1_18' title='bbox 247 294 392 329; x_wconf 79' lang='lat' dir='ltr'>Postula</span> <span class='ocrx_word' id='word_1_19' title='bbox 415 308 432 329; x_wconf 90' lang='lat' dir='ltr'>a</span> <span class='ocrx_word' id='word_1_20' title='bbox 458 307 533 336; x_wconf 88' lang='lat' dir='ltr'>me,</span> <span class='ocrx_word' id='word_1_21' title='bbox 563 303 595 329; x_wconf 89' lang='lat' dir='ltr'>et</span> <span class='ocrx_word' id='word_1_22' title='bbox 614 297 704 329; x_wconf 83' lang='lat' dir='ltr'>dabo</span> <span class='ocrx_word' id='word_1_23' title='bbox 722 296 787 329; x_wconf 87' lang='lat' dir='ltr'>tibi</span> <span class='ocrx_word' id='word_1_24' title='bbox 804 302 922 338; x_wconf 78' lang='lat' dir='ltr'><strong>gentes</strong></span> <span class='ocrx_word' id='word_1_25' title='bbox 939 293 1061 329; x_wconf 86' lang='lat' dir='ltr'>haere-</span> <span class='ocrx_word' id='word_1_26' title='bbox 1090 322 1092 327; x_wconf 78' lang='grc'>,</span> 
     </span>
    </p>
   </div>
   <div class='ocr_carea' id='block_1_4' title="bbox 72 346 230 380">
    <p class='ocr_par' dir='ltr' id='par_1_4' title="bbox 72 346 230 380">
     <span class='ocr_line' id='line_1_5' title="bbox 72 346 230 380; baseline 0.013 -2"><span class='ocrx_word' id='word_1_27' title='bbox 72 346 230 380; x_wconf 80' lang='lat' dir='ltr'>ditatem.</span> 
     </span>
    </p>
   </div>
   <div class='ocr_carea' id='block_1_5' title="bbox 191 427 948 477">
    <p class='ocr_par' dir='ltr' id='par_1_5' title="bbox 191 427 948 477">
     <span class='ocr_line' id='line_1_6' title="bbox 191 427 948 477; baseline -0.001 -14"><span class='ocrx_word' id='word_1_28' title='bbox 191 427 286 476; x_wconf 72' lang='lat' dir='ltr'>Quis</span> <span class='ocrx_word' id='word_1_29' title='bbox 303 429 491 477; x_wconf 78' lang='lat' dir='ltr'>separabit</span> <span class='ocrx_word' id='word_1_30' title='bbox 510 443 575 464; x_wconf 82' lang='lat' dir='ltr'>nos</span> <span class='ocrx_word' id='word_1_31' title='bbox 594 442 616 463; x_wconf 88' lang='lat' dir='ltr'>a</span> <span class='ocrx_word' id='word_1_32' title='bbox 635 427 825 462; x_wconf 76' lang='lat' dir='ltr'><em>dilectione</em></span> <span class='ocrx_word' id='word_1_33' title='bbox 843 427 948 462; x_wconf 74' lang='lat' dir='ltr'>Dei?</span> 
     </span>
    </p>
   </div>
   <div class='ocr_carea' id='block_1_6' title="bbox 71 496 1062 2667">
    <p class='ocr_par' dir='ltr' id='par_1_6' title="bbox 72 496 1059 745">
     <span class='ocr_line' id='line_1_7' title="bbox 175 496 1059 534; baseline -0.006 0"><span class='ocrx_word' id='word_1_34' title='bbox 175 498 363 534; x_wconf 84' lang='lat' dir='ltr'>Conclusio</span> <span class='ocrx_word' id='word_1_35' title='bbox 382 506 431 532; x_wconf 88' lang='lat' dir='ltr'>est</span> <span class='ocrx_word' id='word_1_36' title='bbox 447 499 554 533; x_wconf 86' lang='lat' dir='ltr'>totius</span> <span class='ocrx_word' id='word_1_37' title='bbox 572 497 834 531; x_wconf 69' lang='lat' dir='ltr'>consolationis.</span> <span class='ocrx_word' id='word_1_38' title='bbox 865 496 954 530; x_wconf 89' lang='lat' dir='ltr'>Cum</span> <span class='ocrx_word' id='word_1_39' title='bbox 966 497 1059 530; x_wconf 80' lang='lat' dir='ltr'>Deus</span> 
     </span>
     <span class='ocr_line' id='line_1_8' title="bbox 72 549 1059 594; baseline -0.001 -12"><span class='ocrx_word' id='word_1_40' title='bbox 72 551 194 593; x_wconf 85' lang='lat' dir='ltr'>diligat</span> <span class='ocrx_word' id='word_1_41' title='bbox 212 563 276 582; x_wconf 92' lang='lat' dir='ltr'>nos</span> <span class='ocrx_word' id='word_1_42' title='bbox 293 558 433 594; x_wconf 83' lang='lat' dir='ltr'>propter</span> <span class='ocrx_word' id='word_1_43' title='bbox 451 550 613 582; x_wconf 87' lang='lat' dir='ltr'>meritum</span> <span class='ocrx_word' id='word_1_44' title='bbox 632 557 663 582; x_wconf 90' lang='lat' dir='ltr'>et</span> <span class='ocrx_word' id='word_1_45' title='bbox 680 549 967 581; x_wconf 78' lang='lat' dir='ltr'>intercessionem</span> <span class='ocrx_word' id='word_1_46' title='bbox 985 549 1059 589; x_wconf 84' lang='lat' dir='ltr'>filii,</span> 
     </span>
     <span class='ocr_line' id='line_1_9' title="bbox 74 597 1058 637; baseline -0.003 -3"><span class='ocrx_word' id='word_1_47' title='bbox 74 601 304 635; x_wconf 89' lang='lat' dir='ltr'>certissimum</span> <span class='ocrx_word' id='word_1_48' title='bbox 318 610 367 634; x_wconf 89' lang='lat' dir='ltr'>est</span> <span class='ocrx_word' id='word_1_49' title='bbox 380 608 596 634; x_wconf 88' lang='lat' dir='ltr'>servaturum</span> <span class='ocrx_word' id='word_1_50' title='bbox 611 611 681 632; x_wconf 76' lang='lat' dir='ltr'>esse</span> <span class='ocrx_word' id='word_1_51' title='bbox 693 597 898 637; x_wconf 70' lang='lat' dir='ltr'><strong>Ecclesiam,</strong></span> <span class='ocrx_word' id='word_1_52' title='bbox 925 600 1058 633; x_wconf 77' lang='lat' dir='ltr'>etiamsi</span> 
     </span>
     <span class='ocr_line' id='line_1_10' title="bbox 74 649 1058 692; baseline -0.002 -7"><span class='ocrx_word' id='word_1_53' title='bbox 74 659 125 685; x_wconf 84' lang='lat' dir='ltr'>est</span> <span class='ocrx_word' id='word_1_54' title='bbox 158 652 317 692; x_wconf 84' lang='lat' dir='ltr'>infirma,</span> <span class='ocrx_word' id='word_1_55' title='bbox 355 659 387 686; x_wconf 90' lang='lat' dir='ltr'>et</span> <span class='ocrx_word' id='word_1_56' title='bbox 418 649 650 684; x_wconf 79' lang='lat' dir='ltr'>horribilibus</span> <span class='ocrx_word' id='word_1_57' title='bbox 680 650 862 682; x_wconf 86' lang='lat' dir='ltr'>furoribus</span> <span class='ocrx_word' id='word_1_58' title='bbox 897 651 1058 683; x_wconf 84' lang='lat' dir='ltr'>diabolo-</span> 
     </span>
     <span class='ocr_line' id='line_1_11' title="bbox 73 702 661 745; baseline -0.002 -10"><span class='ocrx_word' id='word_1_59' title='bbox 73 715 150 735; x_wconf 88' lang='lat' dir='ltr'>rum</span> <span class='ocrx_word' id='word_1_60' title='bbox 170 710 201 735; x_wconf 89' lang='lat' dir='ltr'>et</span> <span class='ocrx_word' id='word_1_61' title='bbox 221 702 409 745; x_wconf 88' lang='lat' dir='ltr'>impiorum</span> <span class='ocrx_word' id='word_1_62' title='bbox 428 708 661 744; x_wconf 83' lang='lat' dir='ltr'>oppugnatur.</span> 
     </span>
    </p>

    <p class='ocr_par' dir='ltr' id='par_1_7' title="bbox 71 750 1060 995">
     <span class='ocr_line' id='line_1_12' title="bbox 175 750 1060 796; baseline -0.002 -9"><span class='ocrx_word' id='word_1_63' title='bbox 175 754 360 796; x_wconf 82' lang='lat' dir='ltr'>Disputant</span> <span class='ocrx_word' id='word_1_64' title='bbox 394 761 507 785; x_wconf 82' lang='lat' dir='ltr'>autem</span> <span class='ocrx_word' id='word_1_65' title='bbox 536 750 592 784; x_wconf 82' lang='lat' dir='ltr'>hic</span> <span class='ocrx_word' id='word_1_66' title='bbox 617 752 748 795; x_wconf 82' lang='lat' dir='ltr'>aliqui,</span> <span class='ocrx_word' id='word_1_67' title='bbox 784 765 827 785; x_wconf 87' lang='lat' dir='ltr'>an</span> <span class='ocrx_word' id='word_1_68' title='bbox 857 753 966 796; x_wconf 88' lang='lat' dir='ltr'>possit</span> <span class='ocrx_word' id='word_1_69' title='bbox 989 752 1060 785; x_wconf 87' lang='lat' dir='ltr'>ele-</span> 
     </span>
     <span class='ocr_line' id='line_1_13' title="bbox 75 802 1060 847; baseline -0.002 -9"><span class='ocrx_word' id='word_1_70' title='bbox 75 812 148 839; x_wconf 86' lang='lat' dir='ltr'>ctus</span> <span class='ocrx_word' id='word_1_71' title='bbox 166 804 324 836; x_wconf 85' lang='lat' dir='ltr'>amittere</span> <span class='ocrx_word' id='word_1_72' title='bbox 345 803 568 836; x_wconf 88' lang='lat' dir='ltr'>dilectionem</span> <span class='ocrx_word' id='word_1_73' title='bbox 587 814 654 847; x_wconf 85' lang='lat' dir='ltr'>qua</span> <span class='ocrx_word' id='word_1_74' title='bbox 667 802 780 836; x_wconf 88' lang='lat' dir='ltr'>Deum</span> <span class='ocrx_word' id='word_1_75' title='bbox 799 804 938 847; x_wconf 77' lang='lat' dir='ltr'>diligit?</span> <span class='ocrx_word' id='word_1_76' title='bbox 967 802 1060 836; x_wconf 85' lang='lat' dir='ltr'>Haec</span> 
     </span>
     <span class='ocr_line' id='line_1_14' title="bbox 73 851 1058 900; baseline 0 -14"><span class='ocrx_word' id='word_1_77' title='bbox 73 855 229 900; x_wconf 74' lang='lat' dir='ltr'>quaestio</span> <span class='ocrx_word' id='word_1_78' title='bbox 247 854 359 886; x_wconf 78' lang='lat' dir='ltr'>aliena</span> <span class='ocrx_word' id='word_1_79' title='bbox 378 861 425 886; x_wconf 87' lang='lat' dir='ltr'>est</span> <span class='ocrx_word' id='word_1_80' title='bbox 442 854 485 886; x_wconf 89' lang='lat' dir='ltr'>ab</span> <span class='ocrx_word' id='word_1_81' title='bbox 504 851 678 888; x_wconf 82' lang='lat' dir='ltr'>hocloco,</span> <span class='ocrx_word' id='word_1_82' title='bbox 714 855 859 888; x_wconf 82' lang='lat' dir='ltr'>Dictum</span> <span class='ocrx_word' id='word_1_83' title='bbox 880 862 929 887; x_wconf 87' lang='lat' dir='ltr'>est</span> <span class='ocrx_word' id='word_1_84' title='bbox 944 861 1058 887; x_wconf 85' lang='lat' dir='ltr'>autem</span> 
     </span>
     <span class='ocr_line' id='line_1_15' title="bbox 72 904 1060 949; baseline -0.002 -10"><span class='ocrx_word' id='word_1_85' title='bbox 72 906 176 946; x_wconf 86' lang='lat' dir='ltr'>alibi,</span> <span class='ocrx_word' id='word_1_86' title='bbox 204 905 330 937; x_wconf 88' lang='lat' dir='ltr'>electos</span> <span class='ocrx_word' id='word_1_87' title='bbox 355 916 455 948; x_wconf 82' lang='lat' dir='ltr'>posse</span> <span class='ocrx_word' id='word_1_88' title='bbox 480 904 569 944; x_wconf 81' lang='lat' dir='ltr'>labi,</span> <span class='ocrx_word' id='word_1_89' title='bbox 597 904 686 938; x_wconf 88' lang='lat' dir='ltr'>sicut</span> <span class='ocrx_word' id='word_1_90' title='bbox 711 906 799 949; x_wconf 86' lang='lat' dir='ltr'>lapsi</span> <span class='ocrx_word' id='word_1_91' title='bbox 826 913 907 939; x_wconf 87' lang='lat' dir='ltr'>sunt</span> <span class='ocrx_word' id='word_1_92' title='bbox 933 905 1060 945; x_wconf 78' lang='lat' dir='ltr'>Adam,</span> 
     </span>
     <span class='ocr_line' id='line_1_16' title="bbox 71 955 492 995; baseline -0.007 -5"><span class='ocrx_word' id='word_1_93' title='bbox 71 956 165 995; x_wconf 76' lang='lat' dir='ltr'>Eva,</span> <span class='ocrx_word' id='word_1_94' title='bbox 192 956 332 995; x_wconf 74' lang='lat' dir='ltr'>Aaron,</span> <span class='ocrx_word' id='word_1_95' title='bbox 362 955 492 990; x_wconf 72' lang='lat' dir='ltr'>David.</span> 
     </span>
    </p>

    <p class='ocr_par' dir='ltr' id='par_1_8' title="bbox 72 1004 1061 1244">
     <span class='ocr_line' id='line_1_17' title="bbox 175 1004 1061 1052; baseline 0.002 -14"><span class='ocrx_word' id='word_1_96' title='bbox 175 1006 303 1039; x_wconf 84' lang='lat' dir='ltr'>Paulus</span> <span class='ocrx_word' id='word_1_97' title='bbox 320 1013 433 1039; x_wconf 84' lang='lat' dir='ltr'>antem</span> <span class='ocrx_word' id='word_1_98' title='bbox 453 1004 509 1039; x_wconf 84' lang='lat' dir='ltr'>hic</span> <span class='ocrx_word' id='word_1_99' title='bbox 525 1006 684 1051; x_wconf 86' lang='lat' dir='ltr'>loquitur</span> <span class='ocrx_word' id='word_1_100' title='bbox 701 1006 744 1039; x_wconf 89' lang='lat' dir='ltr'>de</span> <span class='ocrx_word' id='word_1_101' title='bbox 761 1007 962 1045; x_wconf 77' lang='lat' dir='ltr'>dilectione,</span> <span class='ocrx_word' id='word_1_102' title='bbox 992 1019 1061 1052; x_wconf 85' lang='lat' dir='ltr'>qua</span> 
     </span>
     <span class='ocr_line' id='line_1_18' title="bbox 72 1055 1060 1103; baseline -0.001 -11"><span class='ocrx_word' id='word_1_103' title='bbox 72 1057 168 1092; x_wconf 83' lang='lat' dir='ltr'>Deus</span> <span class='ocrx_word' id='word_1_104' title='bbox 193 1058 392 1089; x_wconf 87' lang='lat' dir='ltr'>universam</span> <span class='ocrx_word' id='word_1_105' title='bbox 415 1055 604 1089; x_wconf 84' lang='lat' dir='ltr'>Ecclesiam</span> <span class='ocrx_word' id='word_1_106' title='bbox 624 1057 761 1098; x_wconf 69' lang='lat' dir='ltr'>diligit,</span> <span class='ocrx_word' id='word_1_107' title='bbox 790 1065 823 1091; x_wconf 92' lang='lat' dir='ltr'>et</span> <span class='ocrx_word' id='word_1_108' title='bbox 843 1058 1003 1103; x_wconf 89' lang='lat' dir='ltr'>loquitur</span> <span class='ocrx_word' id='word_1_109' title='bbox 1018 1060 1060 1091; x_wconf 90' lang='lat' dir='ltr'>de</span> 
     </span>
     <span class='ocr_line' id='line_1_19' title="bbox 73 1107 1059 1142; baseline -0.001 0"><span class='ocrx_word' id='word_1_110' title='bbox 73 1107 337 1142; x_wconf 74' lang='lat' dir='ltr'>conservatione</span> <span class='ocrx_word' id='word_1_111' title='bbox 359 1108 543 1140; x_wconf 77' lang='lat' dir='ltr'>universae</span> <span class='ocrx_word' id='word_1_112' title='bbox 562 1107 748 1141; x_wconf 84' lang='lat' dir='ltr'>Ecclesiae.</span> <span class='ocrx_word' id='word_1_113' title='bbox 801 1108 937 1142; x_wconf 80' lang='lat' dir='ltr'>Deinde</span> <span class='ocrx_word' id='word_1_114' title='bbox 955 1110 1059 1142; x_wconf 90' lang='lat' dir='ltr'>etiam</span> 
     </span>
     <span class='ocr_line' id='line_1_20' title="bbox 72 1159 1061 1204; baseline 0.001 -12"><span class='ocrx_word' id='word_1_115' title='bbox 72 1162 115 1193; x_wconf 89' lang='lat' dir='ltr'>de</span> <span class='ocrx_word' id='word_1_116' title='bbox 138 1159 286 1201; x_wconf 83' lang='lat' dir='ltr'>singulis</span> <span class='ocrx_word' id='word_1_117' title='bbox 311 1159 499 1202; x_wconf 77' lang='lat' dir='ltr'>membri5‚</span> <span class='ocrx_word' id='word_1_118' title='bbox 528 1171 616 1203; x_wconf 88' lang='lat' dir='ltr'>quae</span> <span class='ocrx_word' id='word_1_119' title='bbox 637 1171 755 1192; x_wconf 81' lang='lat' dir='ltr'>revera</span> <span class='ocrx_word' id='word_1_120' title='bbox 778 1172 838 1204; x_wconf 90' lang='lat' dir='ltr'>per</span> <span class='ocrx_word' id='word_1_121' title='bbox 855 1160 960 1193; x_wconf 88' lang='lat' dir='ltr'>fidem</span> <span class='ocrx_word' id='word_1_122' title='bbox 979 1166 1061 1193; x_wconf 83' lang='lat' dir='ltr'>sunt</span> 
     </span>
     <span class='ocr_line' id='line_1_21' title="bbox 72 1210 441 1244; baseline -0.008 1"><span class='ocrx_word' id='word_1_123' title='bbox 72 1210 251 1244; x_wconf 78' lang='lat' dir='ltr'>Ecclesiae</span> <span class='ocrx_word' id='word_1_124' title='bbox 270 1210 441 1242; x_wconf 86' lang='lat' dir='ltr'>membra.</span> 
     </span>
    </p>

    <p class='ocr_par' dir='ltr' id='par_1_9' title="bbox 73 1259 1060 1507">
     <span class='ocr_line' id='line_1_22' title="bbox 175 1259 1060 1304; baseline 0.002 -11"><span class='ocrx_word' id='word_1_125' title='bbox 175 1259 274 1293; x_wconf 80' lang='lat' dir='ltr'>Haec</span> <span class='ocrx_word' id='word_1_126' title='bbox 310 1261 450 1293; x_wconf 88' lang='lat' dir='ltr'>dilectio</span> <span class='ocrx_word' id='word_1_127' title='bbox 479 1260 514 1293; x_wconf 87' lang='lat' dir='ltr'>in</span> <span class='ocrx_word' id='word_1_128' title='bbox 550 1261 782 1304; x_wconf 79' lang='lat' dir='ltr'>promissione</span> <span class='ocrx_word' id='word_1_129' title='bbox 815 1262 968 1296; x_wconf 83' lang='lat' dir='ltr'>revelata</span> <span class='ocrx_word' id='word_1_130' title='bbox 1000 1269 1060 1301; x_wconf 84' lang='lat' dir='ltr'>est,</span> 
     </span>
     <span class='ocr_line' id='line_1_23' title="bbox 74 1310 1059 1358; baseline 0 -13"><span class='ocrx_word' id='word_1_131' title='bbox 74 1324 163 1358; x_wconf 81' lang='lat' dir='ltr'>quae</span> <span class='ocrx_word' id='word_1_132' title='bbox 185 1311 334 1344; x_wconf 83' lang='lat' dir='ltr'>affirmat</span> <span class='ocrx_word' id='word_1_133' title='bbox 352 1310 465 1344; x_wconf 88' lang='lat' dir='ltr'>Deum</span> <span class='ocrx_word' id='word_1_134' title='bbox 492 1323 627 1355; x_wconf 75' lang='lat' dir='ltr'>semper</span> <span class='ocrx_word' id='word_1_135' title='bbox 652 1312 879 1345; x_wconf 86' lang='lat' dir='ltr'>collecturum</span> <span class='ocrx_word' id='word_1_136' title='bbox 905 1324 975 1345; x_wconf 87' lang='lat' dir='ltr'>esse</span> <span class='ocrx_word' id='word_1_137' title='bbox 992 1312 1059 1345; x_wconf 85' lang='lat' dir='ltr'>Ec-</span> 
     </span>
     <span class='ocr_line' id='line_1_24' title="bbox 73 1361 1059 1405; baseline 0 -9"><span class='ocrx_word' id='word_1_138' title='bbox 73 1363 212 1397; x_wconf 83' lang='lat' dir='ltr'>clesiam</span> <span class='ocrx_word' id='word_1_139' title='bbox 229 1388 237 1401; x_wconf 94' lang='lat'>‚</span> <span class='ocrx_word' id='word_1_140' title='bbox 261 1374 349 1405; x_wconf 85' lang='lat' dir='ltr'>quae</span> <span class='ocrx_word' id='word_1_141' title='bbox 368 1361 402 1394; x_wconf 90' lang='lat' dir='ltr'>in</span> <span class='ocrx_word' id='word_1_142' title='bbox 423 1369 492 1395; x_wconf 87' lang='lat' dir='ltr'>tota</span> <span class='ocrx_word' id='word_1_143' title='bbox 513 1362 717 1394; x_wconf 85' lang='lat' dir='ltr'>aeternitate</span> <span class='ocrx_word' id='word_1_144' title='bbox 734 1363 870 1395; x_wconf 86' lang='lat' dir='ltr'>fruetur</span> <span class='ocrx_word' id='word_1_145' title='bbox 887 1364 961 1396; x_wconf 90' lang='lat' dir='ltr'>eius</span> <span class='ocrx_word' id='word_1_146' title='bbox 978 1363 1059 1404; x_wconf 85' lang='lat' dir='ltr'>vita,</span> 
     </span>
     <span class='ocr_line' id='line_1_25' title="bbox 73 1413 1059 1453; baseline 0.001 -7"><span class='ocrx_word' id='word_1_147' title='bbox 73 1415 170 1453; x_wconf 87' lang='lat' dir='ltr'>luce,</span> <span class='ocrx_word' id='word_1_148' title='bbox 207 1413 343 1445; x_wconf 87' lang='lat' dir='ltr'>iusticia</span> <span class='ocrx_word' id='word_1_149' title='bbox 377 1420 410 1445; x_wconf 86' lang='lat' dir='ltr'>et</span> <span class='ocrx_word' id='word_1_150' title='bbox 442 1413 591 1452; x_wconf 84' lang='lat' dir='ltr'>laetitia,</span> <span class='ocrx_word' id='word_1_151' title='bbox 627 1414 720 1445; x_wconf 84' lang='lat' dir='ltr'>iuxta</span> <span class='ocrx_word' id='word_1_152' title='bbox 749 1414 898 1446; x_wconf 88' lang='lat' dir='ltr'>dictum:</span> <span class='ocrx_word' id='word_1_153' title='bbox 933 1413 1059 1447; x_wconf 86' lang='lat' dir='ltr'>Portae</span> 
     </span>
     <span class='ocr_line' id='line_1_26' title="bbox 74 1463 921 1507; baseline 0 -10"><span class='ocrx_word' id='word_1_154' title='bbox 74 1465 269 1497; x_wconf 89' lang='lat' dir='ltr'>inferorum</span> <span class='ocrx_word' id='word_1_155' title='bbox 290 1475 362 1495; x_wconf 88' lang='lat' dir='ltr'>non</span> <span class='ocrx_word' id='word_1_156' title='bbox 382 1463 632 1507; x_wconf 86' lang='lat' dir='ltr'>praevalebunt</span> <span class='ocrx_word' id='word_1_157' title='bbox 652 1464 819 1496; x_wconf 87' lang='lat' dir='ltr'>adversus</span> <span class='ocrx_word' id='word_1_158' title='bbox 835 1476 921 1497; x_wconf 84' lang='lat' dir='ltr'>eam.</span> 
     </span>
    </p>

    <p class='ocr_par' dir='ltr' id='par_1_10' title="bbox 72 1513 1060 2168">
     <span class='ocr_line' id='line_1_27' title="bbox 173 1513 1057 1560; baseline 0.002 -14"><span class='ocrx_word' id='word_1_159' title='bbox 173 1513 346 1547; x_wconf 82' lang='lat' dir='ltr'>Adfirmat</span> <span class='ocrx_word' id='word_1_160' title='bbox 366 1514 447 1547; x_wconf 89' lang='lat' dir='ltr'>item</span> <span class='ocrx_word' id='word_1_161' title='bbox 467 1514 664 1557; x_wconf 83' lang='lat' dir='ltr'>promissio,</span> <span class='ocrx_word' id='word_1_162' title='bbox 693 1527 879 1548; x_wconf 84' lang='lat' dir='ltr'>conversos</span> <span class='ocrx_word' id='word_1_163' title='bbox 899 1516 959 1560; x_wconf 89' lang='lat' dir='ltr'>qui</span> <span class='ocrx_word' id='word_1_164' title='bbox 977 1527 1057 1548; x_wconf 85' lang='lat' dir='ltr'>vera</span> 
     </span>
     <span class='ocr_line' id='line_1_28' title="bbox 72 1563 1059 1608; baseline 0 -9"><span class='ocrx_word' id='word_1_165' title='bbox 72 1566 139 1599; x_wconf 84' lang='lat' dir='ltr'>fide</span> <span class='ocrx_word' id='word_1_166' title='bbox 158 1565 364 1597; x_wconf 87' lang='lat' dir='ltr'>inseruntur</span> <span class='ocrx_word' id='word_1_167' title='bbox 381 1563 542 1604; x_wconf 77' lang='lat' dir='ltr'>Christo,</span> <span class='ocrx_word' id='word_1_168' title='bbox 569 1565 670 1608; x_wconf 81' lang='lat' dir='ltr'>diligi</span> <span class='ocrx_word' id='word_1_169' title='bbox 690 1577 707 1597; x_wconf 87' lang='lat' dir='ltr'>a</span> <span class='ocrx_word' id='word_1_170' title='bbox 726 1564 798 1598; x_wconf 90' lang='lat' dir='ltr'>Deo</span> <span class='ocrx_word' id='word_1_171' title='bbox 812 1592 819 1606; x_wconf 83' lang='lat'>‚</span> <span class='ocrx_word' id='word_1_172' title='bbox 848 1573 885 1599; x_wconf 92' lang='lat' dir='ltr'>ut</span> <span class='ocrx_word' id='word_1_173' title='bbox 908 1564 983 1601; x_wconf 83' lang='lat' dir='ltr'>lob.</span> <span class='ocrx_word' id='word_1_174' title='bbox 1004 1566 1059 1600; x_wconf 82' lang='lat'>14.</span> 
     </span>
     <span class='ocr_line' id='line_1_29' title="bbox 75 1614 1058 1659; baseline 0.001 -11"><span class='ocrx_word' id='word_1_175' title='bbox 75 1616 220 1649; x_wconf 90' lang='lat' dir='ltr'>dicitur:</span> <span class='ocrx_word' id='word_1_176' title='bbox 250 1614 287 1648; x_wconf 87' lang='lat' dir='ltr'>Si</span> <span class='ocrx_word' id='word_1_177' title='bbox 311 1616 388 1659; x_wconf 86' lang='lat' dir='ltr'>quis</span> <span class='ocrx_word' id='word_1_178' title='bbox 406 1615 520 1657; x_wconf 83' lang='lat' dir='ltr'>diligit</span> <span class='ocrx_word' id='word_1_179' title='bbox 537 1627 590 1647; x_wconf 89' lang='lat' dir='ltr'>me</span> <span class='ocrx_word' id='word_1_180' title='bbox 604 1642 611 1655; x_wconf 87' lang='lat'>‚</span> <span class='ocrx_word' id='word_1_181' title='bbox 640 1627 834 1648; x_wconf 85' lang='lat' dir='ltr'>sermonem</span> <span class='ocrx_word' id='word_1_182' title='bbox 855 1629 970 1649; x_wconf 89' lang='lat' dir='ltr'>meum</span> <span class='ocrx_word' id='word_1_183' title='bbox 989 1628 1058 1650; x_wconf 88' lang='lat' dir='ltr'>ser-</span> 
     </span>
     <span class='ocr_line' id='line_1_30' title="bbox 76 1663 1059 1711; baseline 0.001 -12"><span class='ocrx_word' id='word_1_184' title='bbox 76 1666 174 1699; x_wconf 82' lang='lat' dir='ltr'>vabit</span> <span class='ocrx_word' id='word_1_185' title='bbox 198 1672 262 1698; x_wconf 86' lang='lat' dir='ltr'>etc.</span> <span class='ocrx_word' id='word_1_186' title='bbox 316 1665 367 1698; x_wconf 91' lang='lat' dir='ltr'>De</span> <span class='ocrx_word' id='word_1_187' title='bbox 387 1663 452 1698; x_wconf 85' lang='lat' dir='ltr'>hac</span> <span class='ocrx_word' id='word_1_188' title='bbox 476 1666 686 1698; x_wconf 72' lang='lat' dir='ltr'>certitudine</span> <span class='ocrx_word' id='word_1_189' title='bbox 710 1667 787 1698; x_wconf 82' lang='lat' dir='ltr'>fidei</span> <span class='ocrx_word' id='word_1_190' title='bbox 815 1664 871 1699; x_wconf 89' lang='lat' dir='ltr'>hic</span> <span class='ocrx_word' id='word_1_191' title='bbox 888 1667 1059 1711; x_wconf 87' lang='lat' dir='ltr'>loquitur,</span> 
     </span>
     <span class='ocr_line' id='line_1_31' title="bbox 75 1715 1057 1762; baseline 0.002 -13"><span class='ocrx_word' id='word_1_192' title='bbox 75 1729 143 1762; x_wconf 83' lang='lat' dir='ltr'>qua</span> <span class='ocrx_word' id='word_1_193' title='bbox 176 1716 478 1749; x_wconf 81' lang='lat' dir='ltr'>conservationem</span> <span class='ocrx_word' id='word_1_194' title='bbox 510 1716 694 1749; x_wconf 73' lang='lat' dir='ltr'>universae</span> <span class='ocrx_word' id='word_1_195' title='bbox 724 1715 899 1750; x_wconf 70' lang='lat' dir='ltr'>Ecclesiae</span> <span class='ocrx_word' id='word_1_196' title='bbox 928 1718 1057 1752; x_wconf 89' lang='lat' dir='ltr'>scimus</span> 
     </span>
     <span class='ocr_line' id='line_1_32' title="bbox 74 1767 1059 1812; baseline 0.002 -12"><span class='ocrx_word' id='word_1_197' title='bbox 74 1774 202 1801; x_wconf 86' lang='lat' dir='ltr'>certam</span> <span class='ocrx_word' id='word_1_198' title='bbox 235 1779 324 1799; x_wconf 85' lang='lat' dir='ltr'>esse:</span> <span class='ocrx_word' id='word_1_199' title='bbox 368 1774 461 1799; x_wconf 88' lang='lat' dir='ltr'>certo</span> <span class='ocrx_word' id='word_1_200' title='bbox 492 1767 595 1800; x_wconf 87' lang='lat' dir='ltr'>etiam</span> <span class='ocrx_word' id='word_1_201' title='bbox 632 1767 759 1800; x_wconf 88' lang='lat' dir='ltr'>scimus</span> <span class='ocrx_word' id='word_1_202' title='bbox 791 1768 949 1810; x_wconf 84' lang='lat' dir='ltr'>singulos</span> <span class='ocrx_word' id='word_1_203' title='bbox 980 1781 1059 1812; x_wconf 89' lang='lat' dir='ltr'>per-</span> 
     </span>
     <span class='ocr_line' id='line_1_33' title="bbox 74 1818 1060 1862; baseline 0.001 -11"><span class='ocrx_word' id='word_1_204' title='bbox 74 1824 271 1852; x_wconf 87' lang='lat' dir='ltr'>severantes</span> <span class='ocrx_word' id='word_1_205' title='bbox 312 1818 348 1850; x_wconf 86' lang='lat' dir='ltr'>in</span> <span class='ocrx_word' id='word_1_206' title='bbox 390 1818 457 1850; x_wconf 88' lang='lat' dir='ltr'>fide</span> <span class='ocrx_word' id='word_1_207' title='bbox 496 1818 610 1851; x_wconf 85' lang='lat' dir='ltr'>salvos</span> <span class='ocrx_word' id='word_1_208' title='bbox 648 1818 733 1853; x_wconf 87' lang='lat' dir='ltr'>fore.</span> <span class='ocrx_word' id='word_1_209' title='bbox 798 1819 913 1852; x_wconf 84' lang='lat' dir='ltr'>Addit</span> <span class='ocrx_word' id='word_1_210' title='bbox 943 1819 1060 1862; x_wconf 84' lang='lat' dir='ltr'>igitur,</span> 
     </span>
     <span class='ocr_line' id='line_1_34' title="bbox 75 1867 1060 1913; baseline 0 -10"><span class='ocrx_word' id='word_1_211' title='bbox 75 1869 282 1903; x_wconf 87' lang='lat' dir='ltr'>Servabitur</span> <span class='ocrx_word' id='word_1_212' title='bbox 313 1867 487 1909; x_wconf 77' lang='lat' dir='ltr'>Ecclesia,</span> <span class='ocrx_word' id='word_1_213' title='bbox 522 1869 657 1901; x_wconf 86' lang='lat' dir='ltr'>etiamsi</span> <span class='ocrx_word' id='word_1_214' title='bbox 690 1876 793 1902; x_wconf 87' lang='lat' dir='ltr'>erunt</span> <span class='ocrx_word' id='word_1_215' title='bbox 826 1881 950 1913; x_wconf 83' lang='lat' dir='ltr'>magna</span> <span class='ocrx_word' id='word_1_216' title='bbox 984 1883 1060 1903; x_wconf 89' lang='lat' dir='ltr'>cer-</span> 
     </span>
     <span class='ocr_line' id='line_1_35' title="bbox 75 1920 1059 1964; baseline 0.001 -10"><span class='ocrx_word' id='word_1_217' title='bbox 75 1920 209 1954; x_wconf 82' lang='lat' dir='ltr'>tamina</span> <span class='ocrx_word' id='word_1_218' title='bbox 251 1926 284 1952; x_wconf 89' lang='lat' dir='ltr'>et</span> <span class='ocrx_word' id='word_1_219' title='bbox 326 1920 590 1964; x_wconf 84' lang='lat' dir='ltr'>oppugnabitur</span> <span class='ocrx_word' id='word_1_220' title='bbox 621 1921 728 1953; x_wconf 83' lang='lat' dir='ltr'>variis</span> <span class='ocrx_word' id='word_1_221' title='bbox 764 1921 897 1960; x_wconf 89' lang='lat' dir='ltr'>modis,</span> <span class='ocrx_word' id='word_1_222' title='bbox 938 1922 1059 1955; x_wconf 87' lang='lat' dir='ltr'>dulce-</span> 
     </span>
     <span class='ocr_line' id='line_1_36' title="bbox 76 1971 1059 2013; baseline 0.001 -9"><span class='ocrx_word' id='word_1_223' title='bbox 76 1972 160 2004; x_wconf 89' lang='lat' dir='ltr'>dine</span> <span class='ocrx_word' id='word_1_224' title='bbox 193 1971 303 2009; x_wconf 77' lang='lat' dir='ltr'>vitae,</span> <span class='ocrx_word' id='word_1_225' title='bbox 344 1979 437 2004; x_wconf 89' lang='lat' dir='ltr'>metu</span> <span class='ocrx_word' id='word_1_226' title='bbox 472 1971 613 2011; x_wconf 89' lang='lat' dir='ltr'>mortis,</span> <span class='ocrx_word' id='word_1_227' title='bbox 651 1971 791 2004; x_wconf 88' lang='lat' dir='ltr'>insidiis</span> <span class='ocrx_word' id='word_1_228' title='bbox 822 1972 1059 2013; x_wconf 70' lang='lat' dir='ltr'>diabolorum,</span> 
     </span>
     <span class='ocr_line' id='line_1_37' title="bbox 76 2022 1058 2066; baseline -0.001 -10"><span class='ocrx_word' id='word_1_229' title='bbox 76 2022 271 2056; x_wconf 81' lang='lat' dir='ltr'>terroribus</span> <span class='ocrx_word' id='word_1_230' title='bbox 317 2029 569 2066; x_wconf 85' lang='lat' dir='ltr'>tyrannorum,</span> <span class='ocrx_word' id='word_1_231' title='bbox 622 2029 655 2055; x_wconf 91' lang='lat' dir='ltr'>et</span> <span class='ocrx_word' id='word_1_232' title='bbox 697 2022 931 2056; x_wconf 81' lang='lat' dir='ltr'>exercituum:</span> <span class='ocrx_word' id='word_1_233' title='bbox 978 2035 1058 2056; x_wconf 88' lang='lat' dir='ltr'>nam</span> 
     </span>
     <span class='ocr_line' id='line_1_38' title="bbox 77 2070 1060 2118; baseline 0.003 -12"><span class='ocrx_word' id='word_1_234' title='bbox 77 2080 246 2118; x_wconf 82' lang='lat' dir='ltr'>tyrannos</span> <span class='ocrx_word' id='word_1_235' title='bbox 269 2073 428 2104; x_wconf 88' lang='lat' dir='ltr'>nominat</span> <span class='ocrx_word' id='word_1_236' title='bbox 452 2070 589 2116; x_wconf 57' lang='grc' dir='ltr'><em>ἀρχὰς,</em></span> <span class='ocrx_word' id='word_1_237' title='bbox 617 2073 786 2106; x_wconf 87' lang='lat' dir='ltr'>exercitus</span> <span class='ocrx_word' id='word_1_238' title='bbox 813 2080 928 2106; x_wconf 82' lang='lat' dir='ltr'>autem</span> <span class='ocrx_word' id='word_1_239' title='bbox 945 2071 1060 2108; x_wconf 71' lang='grc' dir='ltr'><em>δυνά-</em></span> 
     </span>
     <span class='ocr_line' id='line_1_39' title="bbox 77 2122 935 2168; baseline 0.001 -12"><span class='ocrx_word' id='word_1_240' title='bbox 77 2135 177 2168; x_wconf 70' lang='grc' dir='ltr'><em>μεις,</em></span> <span class='ocrx_word' id='word_1_241' title='bbox 205 2122 366 2155; x_wconf 82' lang='lat' dir='ltr'>videlicet</span> <span class='ocrx_word' id='word_1_242' title='bbox 389 2130 459 2155; x_wconf 83' lang='lat' dir='ltr'>tota</span> <span class='ocrx_word' id='word_1_243' title='bbox 481 2124 618 2165; x_wconf 86' lang='lat' dir='ltr'>agmina</span> <span class='ocrx_word' id='word_1_244' title='bbox 639 2125 935 2168; x_wconf 84' lang='lat' dir='ltr'>persequentium.</span> 
     </span>
    </p>

    <p class='ocr_par' dir='ltr' id='par_1_11' title="bbox 78 2171 1062 2667">
     <span class='ocr_line' id='line_1_40' title="bbox 180 2171 1061 2217; baseline 0.003 -11"><span class='ocrx_word' id='word_1_245' title='bbox 180 2171 420 2217; x_wconf 83' lang='lat' dir='ltr'>Oppugnatur</span> <span class='ocrx_word' id='word_1_246' title='bbox 435 2180 467 2206; x_wconf 87' lang='lat' dir='ltr'>et</span> <span class='ocrx_word' id='word_1_247' title='bbox 483 2172 724 2217; x_wconf 84' lang='lat' dir='ltr'>praesentibus</span> <span class='ocrx_word' id='word_1_248' title='bbox 740 2175 924 2216; x_wconf 79' lang='lat' dir='ltr'>illecebris,</span> <span class='ocrx_word' id='word_1_249' title='bbox 947 2182 980 2209; x_wconf 88' lang='lat' dir='ltr'>et</span> <span class='ocrx_word' id='word_1_250' title='bbox 992 2182 1061 2209; x_wconf 89' lang='lat' dir='ltr'>ter-</span> 
     </span>
     <span class='ocr_line' id='line_1_41' title="bbox 78 2224 1061 2271; baseline 0.001 -13"><span class='ocrx_word' id='word_1_251' title='bbox 78 2224 238 2264; x_wconf 83' lang='lat' dir='ltr'>roribus,</span> <span class='ocrx_word' id='word_1_252' title='bbox 268 2233 299 2258; x_wconf 85' lang='lat' dir='ltr'>et</span> <span class='ocrx_word' id='word_1_253' title='bbox 324 2236 382 2268; x_wconf 85' lang='lat' dir='ltr'>spe</span> <span class='ocrx_word' id='word_1_254' title='bbox 404 2224 542 2257; x_wconf 86' lang='lat' dir='ltr'>futurae</span> <span class='ocrx_word' id='word_1_255' title='bbox 560 2225 827 2269; x_wconf 72' lang='lat' dir='ltr'>tranquillitatis</span> <span class='ocrx_word' id='word_1_256' title='bbox 843 2233 875 2259; x_wconf 91' lang='lat' dir='ltr'>et</span> <span class='ocrx_word' id='word_1_257' title='bbox 891 2233 986 2259; x_wconf 88' lang='lat' dir='ltr'>metu</span> <span class='ocrx_word' id='word_1_258' title='bbox 1002 2239 1061 2271; x_wconf 81' lang='lat' dir='ltr'>pe-</span> 
     </span>
     <span class='ocr_line' id='line_1_42' title="bbox 78 2274 1062 2320; baseline 0.001 -11"><span class='ocrx_word' id='word_1_259' title='bbox 78 2276 284 2309; x_wconf 89' lang='lat' dir='ltr'>riculorum.</span> <span class='ocrx_word' id='word_1_260' title='bbox 347 2274 584 2308; x_wconf 85' lang='lat' dir='ltr'>Altitudinem</span> <span class='ocrx_word' id='word_1_261' title='bbox 612 2275 772 2318; x_wconf 71' lang='lat' dir='ltr'>intelligo</span> <span class='ocrx_word' id='word_1_262' title='bbox 797 2277 833 2309; x_wconf 89' lang='lat' dir='ltr'>in</span> <span class='ocrx_word' id='word_1_263' title='bbox 859 2289 984 2320; x_wconf 84' lang='lat' dir='ltr'>genere</span> <span class='ocrx_word' id='word_1_264' title='bbox 1007 2289 1062 2310; x_wconf 90' lang='lat' dir='ltr'>sa-</span> 
     </span>
     <span class='ocr_line' id='line_1_43' title="bbox 79 2323 1061 2370; baseline 0.003 -12"><span class='ocrx_word' id='word_1_265' title='bbox 79 2326 246 2370; x_wconf 84' lang='lat' dir='ltr'>pientiam</span> <span class='ocrx_word' id='word_1_266' title='bbox 263 2323 517 2358; x_wconf 84' lang='lat' dir='ltr'>haereticorum</span> <span class='ocrx_word' id='word_1_267' title='bbox 531 2333 562 2358; x_wconf 91' lang='lat' dir='ltr'>et</span> <span class='ocrx_word' id='word_1_268' title='bbox 574 2327 723 2359; x_wconf 82' lang='lat' dir='ltr'>aliorum</span> <span class='ocrx_word' id='word_1_269' title='bbox 738 2327 938 2370; x_wconf 90' lang='lat' dir='ltr'>impiorum.</span> <span class='ocrx_word' id='word_1_270' title='bbox 973 2327 1061 2361; x_wconf 91' lang='lat' dir='ltr'>Pro-</span> 
     </span>
     <span class='ocr_line' id='line_1_44' title="bbox 78 2376 1061 2419; baseline 0.003 -10"><span class='ocrx_word' id='word_1_271' title='bbox 78 2376 308 2417; x_wconf 56' lang='lat' dir='ltr'>sunamitem,</span> <span class='ocrx_word' id='word_1_272' title='bbox 336 2388 540 2410; x_wconf 87' lang='lat' dir='ltr'>communes</span> <span class='ocrx_word' id='word_1_273' title='bbox 566 2377 659 2419; x_wconf 80' lang='lat' dir='ltr'>vulgi</span> <span class='ocrx_word' id='word_1_274' title='bbox 679 2377 826 2412; x_wconf 88' lang='lat' dir='ltr'>furores.</span> <span class='ocrx_word' id='word_1_275' title='bbox 881 2380 1061 2412; x_wconf 91' lang='lat' dir='ltr'>Adversus</span> 
     </span>
     <span class='ocr_line' id='line_1_45' title="bbox 80 2425 1061 2471; baseline 0.002 -11"><span class='ocrx_word' id='word_1_276' title='bbox 80 2425 165 2460; x_wconf 83' lang='lat' dir='ltr'>haec</span> <span class='ocrx_word' id='word_1_277' title='bbox 195 2427 311 2460; x_wconf 89' lang='lat' dir='ltr'>omnia</span> <span class='ocrx_word' id='word_1_278' title='bbox 343 2428 571 2461; x_wconf 81' lang='lat' dir='ltr'>confirmatur</span> <span class='ocrx_word' id='word_1_279' title='bbox 593 2427 748 2461; x_wconf 81' lang='lat' dir='ltr'>Ecclesia</span> <span class='ocrx_word' id='word_1_280' title='bbox 775 2441 837 2471; x_wconf 92' lang='lat' dir='ltr'>per</span> <span class='ocrx_word' id='word_1_281' title='bbox 861 2429 972 2462; x_wconf 85' lang='lat' dir='ltr'>filium</span> <span class='ocrx_word' id='word_1_282' title='bbox 997 2430 1061 2464; x_wconf 90' lang='lat' dir='ltr'>Dei</span> 
     </span>
     <span class='ocr_line' id='line_1_46' title="bbox 81 2477 1062 2522; baseline 0.004 -12"><span class='ocrx_word' id='word_1_283' title='bbox 81 2485 114 2510; x_wconf 89' lang='lat' dir='ltr'>et</span> <span class='ocrx_word' id='word_1_284' title='bbox 131 2477 300 2520; x_wconf 87' lang='lat' dir='ltr'>Spiritum</span> <span class='ocrx_word' id='word_1_285' title='bbox 327 2486 505 2519; x_wconf 86' lang='lat' dir='ltr'>sanctum,</span> <span class='ocrx_word' id='word_1_286' title='bbox 533 2485 572 2512; x_wconf 90' lang='lat' dir='ltr'>ut</span> <span class='ocrx_word' id='word_1_287' title='bbox 592 2479 741 2522; x_wconf 81' lang='lat' dir='ltr'>gloriose</span> <span class='ocrx_word' id='word_1_288' title='bbox 757 2480 892 2520; x_wconf 83' lang='lat' dir='ltr'>vincat,</span> <span class='ocrx_word' id='word_1_289' title='bbox 918 2480 1007 2514; x_wconf 85' lang='lat' dir='ltr'>sicut</span> <span class='ocrx_word' id='word_1_290' title='bbox 1026 2481 1062 2514; x_wconf 91' lang='lat' dir='ltr'>in</span> 
     </span>
     <span class='ocr_line' id='line_1_47' title="bbox 80 2528 1060 2565; baseline 0.003 -4"><span class='ocrx_word' id='word_1_291' title='bbox 80 2528 220 2561; x_wconf 80' lang='lat' dir='ltr'>Psalmo</span> <span class='ocrx_word' id='word_1_292' title='bbox 245 2528 390 2563; x_wconf 90' lang='lat' dir='ltr'>dicitur:</span> <span class='ocrx_word' id='word_1_293' title='bbox 417 2528 471 2562; x_wconf 84' lang='lat' dir='ltr'>Ex</span> <span class='ocrx_word' id='word_1_294' title='bbox 499 2542 559 2563; x_wconf 91' lang='lat' dir='ltr'>ore</span> <span class='ocrx_word' id='word_1_295' title='bbox 583 2530 771 2563; x_wconf 83' lang='lat' dir='ltr'>infantium</span> <span class='ocrx_word' id='word_1_296' title='bbox 798 2538 829 2564; x_wconf 86' lang='lat' dir='ltr'>et</span> <span class='ocrx_word' id='word_1_297' title='bbox 856 2531 1060 2565; x_wconf 83' lang='lat' dir='ltr'>lactentium</span> 
     </span>
     <span class='ocr_line' id='line_1_48' title="bbox 80 2579 1061 2626; baseline 0.005 -15"><span class='ocrx_word' id='word_1_298' title='bbox 80 2579 253 2622; x_wconf 82' lang='lat' dir='ltr'>perfecisti</span> <span class='ocrx_word' id='word_1_299' title='bbox 280 2579 343 2612; x_wconf 88' lang='lat' dir='ltr'>tibi</span> <span class='ocrx_word' id='word_1_300' title='bbox 367 2581 516 2616; x_wconf 79' lang='lat' dir='ltr'>laudem.</span> <span class='ocrx_word' id='word_1_301' title='bbox 571 2580 674 2615; x_wconf 89' lang='lat' dir='ltr'>Item:</span> <span class='ocrx_word' id='word_1_302' title='bbox 709 2580 820 2615; x_wconf 86' lang='lat' dir='ltr'>Nemo</span> <span class='ocrx_word' id='word_1_303' title='bbox 846 2581 956 2626; x_wconf 82' lang='lat' dir='ltr'>rapiet</span> <span class='ocrx_word' id='word_1_304' title='bbox 981 2595 1061 2616; x_wconf 91' lang='lat' dir='ltr'>oves</span> 
     </span>
     <span class='ocr_line' id='line_1_49' title="bbox 78 2631 524 2667; baseline 0.009 -5"><span class='ocrx_word' id='word_1_305' title='bbox 78 2641 171 2664; x_wconf 87' lang='lat' dir='ltr'>meas</span> <span class='ocrx_word' id='word_1_306' title='bbox 189 2641 227 2662; x_wconf 88' lang='lat' dir='ltr'>ex</span> <span class='ocrx_word' id='word_1_307' title='bbox 246 2631 408 2665; x_wconf 86' lang='lat' dir='ltr'>manibus</span> <span class='ocrx_word' id='word_1_308' title='bbox 427 2632 524 2667; x_wconf 79' lang='lat' dir='ltr'>meis.</span> 
     </span>
    </p>
   </div>
   <div class='ocr_carea' id='block_1_7' title="bbox 499 105 1854 149">
    <p class='ocr_par' dir='ltr' id='par_1_12' title="bbox 499 105 1854 149">
     <span class='ocr_line' id='line_1_50' title="bbox 499 105 1854 149; baseline 0.004 -6"><span class='ocrx_word' id='word_1_309' title='bbox 499 109 535 143; x_wconf 84' lang='lat'>3.</span> <span class='ocrx_word' id='word_1_310' title='bbox 565 105 864 144; x_wconf 71' lang='lat' dir='ltr'>ENARRATIO</span> <span class='ocrx_word' id='word_1_311' title='bbox 893 107 1046 144; x_wconf 78' lang='lat' dir='ltr'><strong>EPIST.</strong></span> <span class='ocrx_word' id='word_1_312' title='bbox 1075 108 1220 145; x_wconf 77' lang='lat' dir='ltr'>PAULI</span> <span class='ocrx_word' id='word_1_313' title='bbox 1249 107 1315 143; x_wconf 80' lang='lat' dir='ltr'>AD</span> <span class='ocrx_word' id='word_1_314' title='bbox 1344 108 1605 148; x_wconf 72' lang='lat' dir='ltr'><strong>ROMANOS.</strong></span> <span class='ocrx_word' id='word_1_315' title='bbox 1658 110 1762 149; x_wconf 75' lang='lat' dir='ltr'><strong>CAP.</strong></span> <span class='ocrx_word' id='word_1_316' title='bbox 1792 110 1854 148; x_wconf 76' lang='lat' dir='ltr'>tx.</span> 
     </span>
    </p>
   </div>
   <div class='ocr_carea' id='block_1_8' title="bbox 728 193 1092 237">
    <p class='ocr_par' dir='ltr' id='par_1_13' title="bbox 728 193 1092 237">
     <span class='ocr_line' id='line_1_51' title="bbox 728 193 1092 237; baseline 0.003 -10"><span class='ocrx_word' id='word_1_317' title='bbox 728 193 834 228; x_wconf 87' lang='lat' dir='ltr'>Hunc</span> <span class='ocrx_word' id='word_1_318' title='bbox 856 194 1060 237; x_wconf 87' lang='lat' dir='ltr'>deprecato-</span> <span class='ocrx_word' id='word_1_319' title='bbox 1089 197 1092 208; x_wconf 82' lang='grc'><em>“</em></span> 
     </span>
    </p>
   </div>
   <div class='ocr_carea' id='block_1_9' title="bbox 1087 209 1093 1082">
    <p class='ocr_par' dir='ltr' id='par_1_14' title="bbox 1087 209 1093 1082">
     <span class='ocr_line' id='line_1_52' title="bbox 1087 209 1093 1082; baseline 0 0"><span class='ocrx_word' id='word_1_320' title='bbox 1087 209 1093 1082; x_wconf 95' lang='lat' dir='ltr'> </span> 
     </span>
    </p>
   </div>
   <div class='ocr_carea' id='block_1_10' title="bbox 2037 114 2113 149">
    <p class='ocr_par' dir='ltr' id='par_1_15' title="bbox 2037 114 2113 149">
     <span class='ocr_line' id='line_1_53' title="bbox 2037 114 2113 149; baseline 0 0"><span class='ocrx_word' id='word_1_321' title='bbox 2037 114 2113 149; x_wconf 81' lang='grc'>974</span> 
     </span>
    </p>
   </div>
   <div class='ocr_carea' id='block_1_11' title="bbox 1482 231 1741 285">
    <p class='ocr_par' dir='ltr' id='par_1_16' title="bbox 1482 231 1741 285">
     <span class='ocr_line' id='line_1_54' title="bbox 1482 231 1741 285; baseline -0.004 -10"><span class='ocrx_word' id='word_1_322' title='bbox 1482 231 1619 285; x_wconf 84' lang='lat' dir='ltr'>Caput</span> <span class='ocrx_word' id='word_1_323' title='bbox 1665 233 1741 274; x_wconf 85' lang='lat' dir='ltr'>IX.</span> 
     </span>
    </p>
   </div>
   <div class='ocr_carea' id='block_1_12' title="bbox 1115 311 2105 410">
    <p class='ocr_par' dir='ltr' id='par_1_17' title="bbox 1115 311 2105 410">
     <span class='ocr_line' id='line_1_55' title="bbox 1219 311 2105 360; baseline 0.007 -15"><span class='ocrx_word' id='word_1_324' title='bbox 1219 311 1368 346; x_wconf 86' lang='lat' dir='ltr'>Prorsus</span> <span class='ocrx_word' id='word_1_325' title='bbox 1387 326 1477 347; x_wconf 89' lang='lat' dir='ltr'>nova</span> <span class='ocrx_word' id='word_1_326' title='bbox 1498 315 1688 360; x_wconf 85' lang='lat' dir='ltr'>disputatio</span> <span class='ocrx_word' id='word_1_327' title='bbox 1710 316 1908 351; x_wconf 87' lang='lat' dir='ltr'>instituitur</span> <span class='ocrx_word' id='word_1_328' title='bbox 1926 318 1968 350; x_wconf 88' lang='lat' dir='ltr'>de</span> <span class='ocrx_word' id='word_1_329' title='bbox 1984 315 2105 351; x_wconf 80' lang='lat' dir='ltr'>Eccle-</span> 
     </span>
     <span class='ocr_line' id='line_1_56' title="bbox 1115 362 2104 410; baseline 0.009 -16"><span class='ocrx_word' id='word_1_330' title='bbox 1115 362 1186 400; x_wconf 81' lang='lat' dir='ltr'>sia,</span> <span class='ocrx_word' id='word_1_331' title='bbox 1221 374 1281 396; x_wconf 85' lang='lat' dir='ltr'>seu</span> <span class='ocrx_word' id='word_1_332' title='bbox 1313 365 1445 407; x_wconf 90' lang='lat' dir='ltr'>populo</span> <span class='ocrx_word' id='word_1_333' title='bbox 1472 364 1557 406; x_wconf 81' lang='lat' dir='ltr'>Dei,</span> <span class='ocrx_word' id='word_1_334' title='bbox 1594 373 1626 399; x_wconf 90' lang='lat' dir='ltr'>et</span> <span class='ocrx_word' id='word_1_335' title='bbox 1661 368 1703 399; x_wconf 88' lang='lat' dir='ltr'>de</span> <span class='ocrx_word' id='word_1_336' title='bbox 1727 368 1909 401; x_wconf 86' lang='lat' dir='ltr'>vocatione</span> <span class='ocrx_word' id='word_1_337' title='bbox 1935 369 2104 410; x_wconf 78' lang='lat' dir='ltr'>gentium.</span> 
     </span>
    </p>
   </div>
   <div class='ocr_carea' id='block_1_13' title="bbox 1088 412 2104 456">
    <p class='ocr_par' dir='ltr' id='par_1_18' title="bbox 1088 412 2104 456">
     <span class='ocr_line' id='line_1_57' title="bbox 1088 412 2104 456; baseline 0.006 -10"><span class='ocrx_word' id='word_1_338' title='bbox 1088 426 1090 431; x_wconf 92' lang='grc'><strong><em>·</em></strong></span> <span class='ocrx_word' id='word_1_339' title='bbox 1117 412 1191 446; x_wconf 78' lang='lat' dir='ltr'>Etsi</span> <span class='ocrx_word' id='word_1_340' title='bbox 1221 414 1315 446; x_wconf 87' lang='lat' dir='ltr'>enim</span> <span class='ocrx_word' id='word_1_341' title='bbox 1348 427 1486 448; x_wconf 88' lang='lat' dir='ltr'>necesse</span> <span class='ocrx_word' id='word_1_342' title='bbox 1515 424 1587 456; x_wconf 82' lang='lat' dir='ltr'>est,</span> <span class='ocrx_word' id='word_1_343' title='bbox 1621 417 1729 450; x_wconf 84' lang='lat' dir='ltr'>intexi</span> <span class='ocrx_word' id='word_1_344' title='bbox 1757 418 1886 450; x_wconf 87' lang='lat' dir='ltr'>alicubi</span> <span class='ocrx_word' id='word_1_345' title='bbox 1913 419 2104 452; x_wconf 85' lang='lat' dir='ltr'>discrimen</span> 
     </span>
    </p>
   </div>
   <div class='ocr_carea' id='block_1_14' title="bbox 1114 465 2105 514">
    <p class='ocr_par' dir='ltr' id='par_1_19' title="bbox 1114 465 2105 514">
     <span class='ocr_line' id='line_1_58' title="bbox 1114 465 2105 514; baseline 0.007 -18"><span class='ocrx_word' id='word_1_346' title='bbox 1114 465 1199 506; x_wconf 81' lang='lat' dir='ltr'>legis</span> <span class='ocrx_word' id='word_1_347' title='bbox 1217 471 1248 497; x_wconf 91' lang='lat' dir='ltr'>et</span> <span class='ocrx_word' id='word_1_348' title='bbox 1265 465 1421 498; x_wconf 89' lang='lat' dir='ltr'>iusticiae</span> <span class='ocrx_word' id='word_1_349' title='bbox 1439 467 1539 504; x_wconf 80' lang='lat' dir='ltr'>fidei,</span> <span class='ocrx_word' id='word_1_350' title='bbox 1567 474 1682 500; x_wconf 86' lang='lat' dir='ltr'>tamen</span> <span class='ocrx_word' id='word_1_351' title='bbox 1701 465 1756 501; x_wconf 83' lang='lat' dir='ltr'>liic</span> <span class='ocrx_word' id='word_1_352' title='bbox 1777 469 1981 512; x_wconf 87' lang='lat' dir='ltr'>principalis</span> <span class='ocrx_word' id='word_1_353' title='bbox 1999 483 2105 514; x_wconf 89' lang='lat' dir='ltr'>quae-</span> 
     </span>
    </p>
   </div>
   <div class='ocr_carea' id='block_1_15' title="bbox 1088 515 2105 564">
    <p class='ocr_par' dir='ltr' id='par_1_20' title="bbox 1088 515 2105 564">
     <span class='ocr_line' id='line_1_59' title="bbox 1088 515 2105 564; baseline 0.005 -16"><span class='ocrx_word' id='word_1_354' title='bbox 1088 535 1089 538; x_wconf 65' lang='lat'><em>=</em></span> <span class='ocrx_word' id='word_1_355' title='bbox 1115 516 1179 548; x_wconf 83' lang='lat' dir='ltr'>stin</span> <span class='ocrx_word' id='word_1_356' title='bbox 1199 523 1266 555; x_wconf 85' lang='lat' dir='ltr'>est,</span> <span class='ocrx_word' id='word_1_357' title='bbox 1296 528 1385 560; x_wconf 87' lang='lat' dir='ltr'>quae</span> <span class='ocrx_word' id='word_1_358' title='bbox 1406 516 1447 549; x_wconf 90' lang='lat' dir='ltr'>sit</span> <span class='ocrx_word' id='word_1_359' title='bbox 1467 515 1620 550; x_wconf 82' lang='lat' dir='ltr'>Ecclesia</span> <span class='ocrx_word' id='word_1_360' title='bbox 1638 517 1724 557; x_wconf 77' lang='lat' dir='ltr'>Dei,</span> <span class='ocrx_word' id='word_1_361' title='bbox 1754 530 1812 551; x_wconf 86' lang='lat' dir='ltr'>seu</span> <span class='ocrx_word' id='word_1_362' title='bbox 1832 520 1909 564; x_wconf 85' lang='lat' dir='ltr'>quis</span> <span class='ocrx_word' id='word_1_363' title='bbox 1930 521 1971 552; x_wconf 88' lang='lat' dir='ltr'>sit</span> <span class='ocrx_word' id='word_1_364' title='bbox 1992 533 2105 564; x_wconf 84' lang='lat' dir='ltr'>popu-</span> 
     </span>
    </p>
   </div>
   <div class='ocr_carea' id='block_1_16' title="bbox 1115 567 2104 614">
    <p class='ocr_par' dir='ltr' id='par_1_21' title="bbox 1115 567 2104 614">
     <span class='ocr_line' id='line_1_60' title="bbox 1115 567 2104 614; baseline 0.006 -16"><span class='ocrx_word' id='word_1_365' title='bbox 1115 567 1168 599; x_wconf 89' lang='lat' dir='ltr'>lus</span> <span class='ocrx_word' id='word_1_366' title='bbox 1192 567 1272 599; x_wconf 70' lang='lat' dir='ltr'>Dei.</span> <span class='ocrx_word' id='word_1_367' title='bbox 1325 567 1417 600; x_wconf 90' lang='lat' dir='ltr'>Nam</span> <span class='ocrx_word' id='word_1_368' title='bbox 1449 574 1479 600; x_wconf 88' lang='lat' dir='ltr'>et</span> <span class='ocrx_word' id='word_1_369' title='bbox 1515 567 1636 601; x_wconf 87' lang='lat' dir='ltr'>ludaei</span> <span class='ocrx_word' id='word_1_370' title='bbox 1670 570 1899 612; x_wconf 83' lang='lat' dir='ltr'>opponebant</span> <span class='ocrx_word' id='word_1_371' title='bbox 1923 571 2104 614; x_wconf 77' lang='lat' dir='ltr'>Apostolis</span> 
     </span>
    </p>
   </div>
   <div class='ocr_carea' id='block_1_17' title="bbox 1088 617 2105 663">
    <p class='ocr_par' dir='ltr' id='par_1_22' title="bbox 1088 617 2105 663">
     <span class='ocr_line' id='line_1_61' title="bbox 1088 617 2105 663; baseline 0.006 -14"><span class='ocrx_word' id='word_1_372' title='bbox 1088 617 1337 650; x_wconf 49' lang='lat' dir='ltr'>*autoritatem</span> <span class='ocrx_word' id='word_1_373' title='bbox 1372 617 1568 660; x_wconf 83' lang='lat' dir='ltr'>Ecclesiae,</span> <span class='ocrx_word' id='word_1_374' title='bbox 1605 627 1637 653; x_wconf 89' lang='lat' dir='ltr'>et</span> <span class='ocrx_word' id='word_1_375' title='bbox 1669 622 2007 663; x_wconf 83' lang='lat' dir='ltr'>argumentabantur</span> <span class='ocrx_word' id='word_1_376' title='bbox 2038 620 2105 655; x_wconf 83' lang='lat' dir='ltr'>hoc</span> 
     </span>
    </p>
   </div>
   <div class='ocr_carea' id='block_1_18' title="bbox 1113 669 2105 1374">
    <p class='ocr_par' dir='ltr' id='par_1_23' title="bbox 1115 669 1232 701">
     <span class='ocr_line' id='line_1_62' title="bbox 1115 669 1232 701; baseline 0.009 -1"><span class='ocrx_word' id='word_1_377' title='bbox 1115 669 1232 701; x_wconf 83' lang='lat' dir='ltr'>modo.</span> 
     </span>
    </p>

    <p class='ocr_par' dir='ltr' id='par_1_24' title="bbox 1113 717 2105 1374">
     <span class='ocr_line' id='line_1_63' title="bbox 1218 717 2104 767; baseline 0.006 -16"><span class='ocrx_word' id='word_1_378' title='bbox 1218 718 1307 752; x_wconf 93' lang='lat' dir='ltr'>Cum</span> <span class='ocrx_word' id='word_1_379' title='bbox 1325 717 1481 752; x_wconf 87' lang='lat' dir='ltr'>Ecclesia</span> <span class='ocrx_word' id='word_1_380' title='bbox 1507 732 1578 752; x_wconf 87' lang='lat' dir='ltr'>non</span> <span class='ocrx_word' id='word_1_381' title='bbox 1599 727 1709 761; x_wconf 86' lang='lat' dir='ltr'>erret,</span> <span class='ocrx_word' id='word_1_382' title='bbox 1734 720 1778 754; x_wconf 83' lang='lat' dir='ltr'>Et</span> <span class='ocrx_word' id='word_1_383' title='bbox 1796 733 1878 762; x_wconf 83' lang='lat' dir='ltr'>nos,</span> <span class='ocrx_word' id='word_1_384' title='bbox 1908 723 1966 767; x_wconf 83' lang='lat' dir='ltr'>qui</span> <span class='ocrx_word' id='word_1_385' title='bbox 1985 735 2104 756; x_wconf 75' lang='lat' dir='ltr'>sumus</span> 
     </span>
     <span class='ocr_line' id='line_1_64' title="bbox 1115 770 2105 815; baseline 0.003 -12"><span class='ocrx_word' id='word_1_386' title='bbox 1115 770 1300 815; x_wconf 89' lang='lat' dir='ltr'>praecipua</span> <span class='ocrx_word' id='word_1_387' title='bbox 1327 782 1406 814; x_wconf 85' lang='lat' dir='ltr'>pars</span> <span class='ocrx_word' id='word_1_388' title='bbox 1429 771 1573 814; x_wconf 90' lang='lat' dir='ltr'>populi,</span> <span class='ocrx_word' id='word_1_389' title='bbox 1603 772 1777 804; x_wconf 84' lang='lat' dir='ltr'>ordinarii</span> <span class='ocrx_word' id='word_1_390' title='bbox 1795 775 2012 813; x_wconf 83' lang='lat' dir='ltr'>sacerdotes,</span> <span class='ocrx_word' id='word_1_391' title='bbox 2041 775 2105 806; x_wconf 91' lang='lat' dir='ltr'>do-</span> 
     </span>
     <span class='ocr_line' id='line_1_65' title="bbox 1115 822 2104 864; baseline 0.002 -9"><span class='ocrx_word' id='word_1_392' title='bbox 1115 829 1248 861; x_wconf 80' lang='lat' dir='ltr'>ctores,</span> <span class='ocrx_word' id='word_1_393' title='bbox 1280 822 1554 864; x_wconf 83' lang='lat' dir='ltr'>gubernatores,</span> <span class='ocrx_word' id='word_1_394' title='bbox 1590 829 1623 855; x_wconf 91' lang='lat' dir='ltr'>et</span> <span class='ocrx_word' id='word_1_395' title='bbox 1650 824 1764 856; x_wconf 84' lang='lat' dir='ltr'>maior</span> <span class='ocrx_word' id='word_1_396' title='bbox 1790 824 1981 857; x_wconf 88' lang='lat' dir='ltr'>multitudo</span> <span class='ocrx_word' id='word_1_397' title='bbox 2006 832 2104 857; x_wconf 87' lang='lat' dir='ltr'>ante-</span> 
     </span>
     <span class='ocr_line' id='line_1_66' title="bbox 1115 873 2104 914; baseline 0.003 -9"><span class='ocrx_word' id='word_1_398' title='bbox 1115 873 1244 905; x_wconf 86' lang='lat' dir='ltr'>cellens</span> <span class='ocrx_word' id='word_1_399' title='bbox 1276 873 1406 905; x_wconf 88' lang='lat' dir='ltr'>virtute</span> <span class='ocrx_word' id='word_1_400' title='bbox 1431 879 1464 905; x_wconf 89' lang='lat' dir='ltr'>et</span> <span class='ocrx_word' id='word_1_401' title='bbox 1489 873 1694 914; x_wconf 84' lang='lat' dir='ltr'>autoritate,</span> <span class='ocrx_word' id='word_1_402' title='bbox 1730 874 1838 907; x_wconf 86' lang='lat' dir='ltr'>simus</span> <span class='ocrx_word' id='word_1_403' title='bbox 1864 873 2038 914; x_wconf 86' lang='lat' dir='ltr'>Ecclesia,</span> <span class='ocrx_word' id='word_1_404' title='bbox 2072 882 2104 908; x_wconf 87' lang='lat' dir='ltr'>et</span> 
     </span>
     <span class='ocr_line' id='line_1_67' title="bbox 1115 923 2104 959; baseline 0.004 -4"><span class='ocrx_word' id='word_1_405' title='bbox 1115 923 1362 956; x_wconf 68' lang='lat' dir='ltr'>dissentiamus</span> <span class='ocrx_word' id='word_1_406' title='bbox 1389 935 1406 956; x_wconf 88' lang='lat' dir='ltr'>a</span> <span class='ocrx_word' id='word_1_407' title='bbox 1433 923 1544 959; x_wconf 87' lang='lat' dir='ltr'>vobis.</span> <span class='ocrx_word' id='word_1_408' title='bbox 1580 923 1660 957; x_wconf 84' lang='lat' dir='ltr'>Non</span> <span class='ocrx_word' id='word_1_409' title='bbox 1680 931 1728 958; x_wconf 90' lang='lat' dir='ltr'>est</span> <span class='ocrx_word' id='word_1_410' title='bbox 1746 926 1915 958; x_wconf 87' lang='lat' dir='ltr'>credibile</span> <span class='ocrx_word' id='word_1_411' title='bbox 1934 937 1994 958; x_wconf 87' lang='lat' dir='ltr'>vos</span> <span class='ocrx_word' id='word_1_412' title='bbox 2012 933 2104 959; x_wconf 84' lang='lat' dir='ltr'>recte</span> 
     </span>
     <span class='ocr_line' id='line_1_68' title="bbox 1114 974 2103 1019; baseline 0.002 -12"><span class='ocrx_word' id='word_1_413' title='bbox 1114 975 1261 1014; x_wconf 75' lang='lat' dir='ltr'>sentire,</span> <span class='ocrx_word' id='word_1_414' title='bbox 1297 974 1357 1019; x_wconf 90' lang='lat' dir='ltr'>qui</span> <span class='ocrx_word' id='word_1_415' title='bbox 1383 986 1514 1007; x_wconf 87' lang='lat' dir='ltr'>novum</span> <span class='ocrx_word' id='word_1_416' title='bbox 1539 975 1720 1008; x_wconf 86' lang='lat' dir='ltr'>doctrinae</span> <span class='ocrx_word' id='word_1_417' title='bbox 1744 986 1853 1018; x_wconf 80' lang='lat' dir='ltr'>genus</span> <span class='ocrx_word' id='word_1_418' title='bbox 1874 974 2041 1009; x_wconf 73' lang='lat' dir='ltr'>invehitis</span> <span class='ocrx_word' id='word_1_419' title='bbox 2066 977 2103 1009; x_wconf 88' lang='lat' dir='ltr'>in</span> 
     </span>
     <span class='ocr_line' id='line_1_69' title="bbox 1115 1024 2104 1068; baseline 0.001 -9"><span class='ocrx_word' id='word_1_420' title='bbox 1115 1024 1328 1062; x_wconf 83' lang='lat' dir='ltr'>Ecclesiam,</span> <span class='ocrx_word' id='word_1_421' title='bbox 1366 1025 1526 1068; x_wconf 78' lang='lat' dir='ltr'>ignotum</span> <span class='ocrx_word' id='word_1_422' title='bbox 1554 1026 1712 1068; x_wconf 88' lang='lat' dir='ltr'>patribus</span> <span class='ocrx_word' id='word_1_423' title='bbox 1737 1027 1883 1060; x_wconf 86' lang='lat' dir='ltr'>nostris:</span> <span class='ocrx_word' id='word_1_424' title='bbox 1919 1027 1990 1060; x_wconf 90' lang='lat' dir='ltr'>imo</span> <span class='ocrx_word' id='word_1_425' title='bbox 2018 1040 2104 1060; x_wconf 91' lang='lat' dir='ltr'>con-</span> 
     </span>
     <span class='ocr_line' id='line_1_70' title="bbox 1115 1076 2103 1120; baseline 0.002 -11"><span class='ocrx_word' id='word_1_426' title='bbox 1115 1077 1260 1110; x_wconf 78' lang='lat' dir='ltr'>trarium</span> <span class='ocrx_word' id='word_1_427' title='bbox 1288 1076 1376 1119; x_wconf 83' lang='lat' dir='ltr'>legi,</span> <span class='ocrx_word' id='word_1_428' title='bbox 1404 1076 1485 1120; x_wconf 86' lang='lat' dir='ltr'>quia</span> <span class='ocrx_word' id='word_1_429' title='bbox 1513 1077 1622 1119; x_wconf 84' lang='lat' dir='ltr'>legem</span> <span class='ocrx_word' id='word_1_430' title='bbox 1646 1090 1663 1109; x_wconf 86' lang='lat' dir='ltr'>a</span> <span class='ocrx_word' id='word_1_431' title='bbox 1683 1076 1757 1110; x_wconf 89' lang='lat' dir='ltr'>Deo</span> <span class='ocrx_word' id='word_1_432' title='bbox 1783 1078 1979 1110; x_wconf 86' lang='lat' dir='ltr'>illustribus</span> <span class='ocrx_word' id='word_1_433' title='bbox 2007 1079 2103 1111; x_wconf 86' lang='lat' dir='ltr'>testi-</span> 
     </span>
     <span class='ocr_line' id='line_1_71' title="bbox 1115 1127 2103 1172; baseline 0.002 -12"><span class='ocrx_word' id='word_1_434' title='bbox 1115 1127 1245 1160; x_wconf 87' lang='lat' dir='ltr'>moniis</span> <span class='ocrx_word' id='word_1_435' title='bbox 1269 1127 1374 1159; x_wconf 80' lang='lat' dir='ltr'>latam</span> <span class='ocrx_word' id='word_1_436' title='bbox 1400 1127 1567 1168; x_wconf 86' lang='lat' dir='ltr'>aboletis,</span> <span class='ocrx_word' id='word_1_437' title='bbox 1597 1127 1706 1172; x_wconf 85' lang='lat' dir='ltr'>quue</span> <span class='ocrx_word' id='word_1_438' title='bbox 1730 1129 1843 1161; x_wconf 82' lang='lat' dir='ltr'>facitis</span> <span class='ocrx_word' id='word_1_439' title='bbox 1869 1129 1969 1172; x_wconf 87' lang='lat' dir='ltr'>pauci</span> <span class='ocrx_word' id='word_1_440' title='bbox 1992 1135 2024 1162; x_wconf 88' lang='lat' dir='ltr'>et</span> <span class='ocrx_word' id='word_1_441' title='bbox 2049 1141 2103 1162; x_wconf 88' lang='lat' dir='ltr'>se—</span> 
     </span>
     <span class='ocr_line' id='line_1_72' title="bbox 1115 1175 2103 1224; baseline 0.001 -13"><span class='ocrx_word' id='word_1_442' title='bbox 1115 1178 1236 1212; x_wconf 86' lang='lat' dir='ltr'>ditiosi</span> <span class='ocrx_word' id='word_1_443' title='bbox 1262 1175 1442 1217; x_wconf 78' lang='lat' dir='ltr'>homines,</span> <span class='ocrx_word' id='word_1_444' title='bbox 1470 1185 1509 1211; x_wconf 90' lang='lat' dir='ltr'>ut</span> <span class='ocrx_word' id='word_1_445' title='bbox 1535 1190 1588 1211; x_wconf 89' lang='lat' dir='ltr'>res</span> <span class='ocrx_word' id='word_1_446' title='bbox 1611 1179 1683 1222; x_wconf 86' lang='lat' dir='ltr'>ipsa</span> <span class='ocrx_word' id='word_1_447' title='bbox 1706 1180 1879 1220; x_wconf 86' lang='lat' dir='ltr'>ostendit,</span> <span class='ocrx_word' id='word_1_448' title='bbox 1906 1180 1987 1224; x_wconf 88' lang='lat' dir='ltr'>quia</span> <span class='ocrx_word' id='word_1_449' title='bbox 2012 1177 2103 1212; x_wconf 84' lang='lat' dir='ltr'>banc</span> 
     </span>
     <span class='ocr_line' id='line_1_73' title="bbox 1114 1228 2103 1274; baseline 0.003 -14"><span class='ocrx_word' id='word_1_450' title='bbox 1114 1229 1362 1273; x_wconf 85' lang='lat' dir='ltr'>pulcerrimam</span> <span class='ocrx_word' id='word_1_451' title='bbox 1389 1228 1567 1272; x_wconf 87' lang='lat' dir='ltr'>politiam,</span> <span class='ocrx_word' id='word_1_452' title='bbox 1603 1242 1692 1274; x_wconf 86' lang='lat' dir='ltr'>quae</span> <span class='ocrx_word' id='word_1_453' title='bbox 1720 1231 1792 1263; x_wconf 87' lang='lat' dir='ltr'>sola</span> <span class='ocrx_word' id='word_1_454' title='bbox 1822 1231 1857 1262; x_wconf 92' lang='lat' dir='ltr'>in</span> <span class='ocrx_word' id='word_1_455' title='bbox 1884 1242 2008 1273; x_wconf 79' lang='lat' dir='ltr'>genere</span> <span class='ocrx_word' id='word_1_456' title='bbox 2037 1228 2103 1263; x_wconf 79' lang='lat' dir='ltr'>hu-</span> 
     </span>
     <span class='ocr_line' id='line_1_74' title="bbox 1113 1279 2103 1324; baseline 0.002 -12"><span class='ocrx_word' id='word_1_457' title='bbox 1113 1292 1218 1312; x_wconf 89' lang='lat' dir='ltr'>mano</span> <span class='ocrx_word' id='word_1_458' title='bbox 1237 1291 1320 1312; x_wconf 89' lang='lat' dir='ltr'>voce</span> <span class='ocrx_word' id='word_1_459' title='bbox 1337 1279 1406 1312; x_wconf 88' lang='lat' dir='ltr'>Dei</span> <span class='ocrx_word' id='word_1_460' title='bbox 1424 1279 1613 1312; x_wconf 85' lang='lat' dir='ltr'>constituta</span> <span class='ocrx_word' id='word_1_461' title='bbox 1633 1287 1703 1321; x_wconf 83' lang='lat' dir='ltr'>est,</span> <span class='ocrx_word' id='word_1_462' title='bbox 1731 1288 1763 1314; x_wconf 88' lang='lat' dir='ltr'>et</span> <span class='ocrx_word' id='word_1_463' title='bbox 1778 1281 1979 1324; x_wconf 83' lang='lat' dir='ltr'>ingentibus</span> <span class='ocrx_word' id='word_1_464' title='bbox 1996 1281 2103 1314; x_wconf 84' lang='lat' dir='ltr'>mira-</span> 
     </span>
     <span class='ocr_line' id='line_1_75' title="bbox 1114 1331 2103 1374; baseline -0.001 -10"><span class='ocrx_word' id='word_1_465' title='bbox 1114 1331 1202 1364; x_wconf 92' lang='lat' dir='ltr'>culis</span> <span class='ocrx_word' id='word_1_466' title='bbox 1221 1337 1427 1363; x_wconf 82' lang='lat' dir='ltr'>conservata</span> <span class='ocrx_word' id='word_1_467' title='bbox 1442 1336 1473 1363; x_wconf 85' lang='lat' dir='ltr'>et</span> <span class='ocrx_word' id='word_1_468' title='bbox 1486 1342 1588 1374; x_wconf 87' lang='lat' dir='ltr'>saepe</span> <span class='ocrx_word' id='word_1_469' title='bbox 1603 1331 1762 1365; x_wconf 86' lang='lat' dir='ltr'>restituta</span> <span class='ocrx_word' id='word_1_470' title='bbox 1776 1338 1836 1372; x_wconf 88' lang='lat' dir='ltr'>est,</span> <span class='ocrx_word' id='word_1_471' title='bbox 1864 1344 1924 1364; x_wconf 90' lang='lat' dir='ltr'>vos</span> <span class='ocrx_word' id='word_1_472' title='bbox 1938 1332 2103 1365; x_wconf 85' lang='lat' dir='ltr'>evertitis.</span> 
     </span>
    </p>
   </div>
   <div class='ocr_carea' id='block_1_19' title="bbox 1112 1388 2105 1585">
    <p class='ocr_par' dir='ltr' id='par_1_25' title="bbox 1112 1388 2105 1585">
     <span class='ocr_line' id='line_1_76' title="bbox 1214 1388 2103 1434; baseline 0.003 -13"><span class='ocrx_word' id='word_1_473' title='bbox 1214 1388 1310 1421; x_wconf 87' lang='lat' dir='ltr'>Haec</span> <span class='ocrx_word' id='word_1_474' title='bbox 1326 1389 1480 1432; x_wconf 87' lang='lat' dir='ltr'>speciosa</span> <span class='ocrx_word' id='word_1_475' title='bbox 1498 1396 1704 1432; x_wconf 81' lang='lat' dir='ltr'>argumenta</span> <span class='ocrx_word' id='word_1_476' title='bbox 1724 1390 1950 1434; x_wconf 86' lang='lat' dir='ltr'>opponebant</span> <span class='ocrx_word' id='word_1_477' title='bbox 1971 1389 2103 1431; x_wconf 84' lang='lat' dir='ltr'>ludaei,</span> 
     </span>
     <span class='ocr_line' id='line_1_77' title="bbox 1114 1437 2105 1485; baseline 0.003 -13"><span class='ocrx_word' id='word_1_478' title='bbox 1114 1451 1203 1485; x_wconf 87' lang='lat' dir='ltr'>quae</span> <span class='ocrx_word' id='word_1_479' title='bbox 1238 1439 1335 1472; x_wconf 86' lang='lat' dir='ltr'>nulla</span> <span class='ocrx_word' id='word_1_480' title='bbox 1369 1437 1524 1473; x_wconf 86' lang='lat' dir='ltr'>humana</span> <span class='ocrx_word' id='word_1_481' title='bbox 1557 1441 1728 1484; x_wconf 84' lang='lat' dir='ltr'>sapientia</span> <span class='ocrx_word' id='word_1_482' title='bbox 1765 1441 1909 1475; x_wconf 87' lang='lat' dir='ltr'>refutari</span> <span class='ocrx_word' id='word_1_483' title='bbox 1946 1449 2105 1485; x_wconf 82' lang='lat' dir='ltr'>possunt,</span> 
     </span>
     <span class='ocr_line' id='line_1_78' title="bbox 1113 1491 2103 1534; baseline 0.001 -10"><span class='ocrx_word' id='word_1_484' title='bbox 1113 1492 1171 1524; x_wconf 84' lang='lat' dir='ltr'>sed</span> <span class='ocrx_word' id='word_1_485' title='bbox 1203 1491 1404 1524; x_wconf 86' lang='lat' dir='ltr'>refutantur</span> <span class='ocrx_word' id='word_1_486' title='bbox 1436 1491 1647 1523; x_wconf 87' lang='lat' dir='ltr'>testimoniis</span> <span class='ocrx_word' id='word_1_487' title='bbox 1670 1492 1822 1534; x_wconf 82' lang='lat' dir='ltr'>divinis,</span> <span class='ocrx_word' id='word_1_488' title='bbox 1857 1493 2021 1527; x_wconf 86' lang='lat' dir='ltr'>videlicet</span> <span class='ocrx_word' id='word_1_489' title='bbox 2047 1493 2103 1526; x_wconf 84' lang='lat' dir='ltr'>di·-</span> 
     </span>
     <span class='ocr_line' id='line_1_79' title="bbox 1112 1538 1662 1585; baseline 0.002 -11"><span class='ocrx_word' id='word_1_490' title='bbox 1112 1542 1175 1575; x_wconf 90' lang='lat' dir='ltr'>ctis</span> <span class='ocrx_word' id='word_1_491' title='bbox 1192 1538 1406 1585; x_wconf 87' lang='lat' dir='ltr'>propheticis</span> <span class='ocrx_word' id='word_1_492' title='bbox 1423 1548 1453 1574; x_wconf 92' lang='lat' dir='ltr'>et</span> <span class='ocrx_word' id='word_1_493' title='bbox 1472 1542 1662 1576; x_wconf 82' lang='lat' dir='ltr'>miraculis,</span> 
     </span>
    </p>
   </div>
   <div class='ocr_carea' id='block_1_20' title="bbox 1113 1598 2102 2000">
    <p class='ocr_par' dir='ltr' id='par_1_26' title="bbox 1113 1598 2102 2000">
     <span class='ocr_line' id='line_1_80' title="bbox 1214 1598 2101 1648; baseline 0.006 -16"><span class='ocrx_word' id='word_1_494' title='bbox 1214 1598 1317 1632; x_wconf 81' lang='lat' dir='ltr'>Nunc</span> <span class='ocrx_word' id='word_1_495' title='bbox 1348 1599 1476 1631; x_wconf 88' lang='lat' dir='ltr'>similia</span> <span class='ocrx_word' id='word_1_496' title='bbox 1508 1607 1695 1646; x_wconf 87' lang='lat' dir='ltr'>opponunt</span> <span class='ocrx_word' id='word_1_497' title='bbox 1719 1600 1898 1644; x_wconf 87' lang='lat' dir='ltr'>Papistae‚</span> <span class='ocrx_word' id='word_1_498' title='bbox 1933 1603 1994 1635; x_wconf 84' lang='lat' dir='ltr'>sed</span> <span class='ocrx_word' id='word_1_499' title='bbox 2019 1604 2101 1648; x_wconf 82' lang='lat' dir='ltr'>quia</span> 
     </span>
     <span class='ocr_line' id='line_1_81' title="bbox 1113 1650 2102 1693; baseline 0.002 -9"><span class='ocrx_word' id='word_1_500' title='bbox 1113 1656 1248 1684; x_wconf 84' lang='lat' dir='ltr'>constat</span> <span class='ocrx_word' id='word_1_501' title='bbox 1274 1661 1331 1682; x_wconf 90' lang='lat' dir='ltr'>eos</span> <span class='ocrx_word' id='word_1_502' title='bbox 1349 1650 1516 1682; x_wconf 87' lang='lat' dir='ltr'>dimicare</span> <span class='ocrx_word' id='word_1_503' title='bbox 1535 1652 1577 1682; x_wconf 89' lang='lat' dir='ltr'>de</span> <span class='ocrx_word' id='word_1_504' title='bbox 1596 1651 1731 1693; x_wconf 70' lang='lat' dir='ltr'>legibus</span> <span class='ocrx_word' id='word_1_505' title='bbox 1752 1659 1783 1685; x_wconf 91' lang='lat' dir='ltr'>et</span> <span class='ocrx_word' id='word_1_506' title='bbox 1801 1652 1927 1686; x_wconf 87' lang='lat' dir='ltr'>ritibus</span> <span class='ocrx_word' id='word_1_507' title='bbox 1946 1651 2102 1687; x_wconf 79' lang='lat' dir='ltr'>bumana</span> 
     </span>
     <span class='ocr_line' id='line_1_82' title="bbox 1113 1700 2102 1747; baseline 0.002 -12"><span class='ocrx_word' id='word_1_508' title='bbox 1113 1700 1300 1735; x_wconf 82' lang='lat' dir='ltr'>autoritate</span> <span class='ocrx_word' id='word_1_509' title='bbox 1324 1701 1482 1741; x_wconf 85' lang='lat' dir='ltr'>traditis,</span> <span class='ocrx_word' id='word_1_510' title='bbox 1510 1709 1714 1743; x_wconf 87' lang='lat' dir='ltr'>argumenta</span> <span class='ocrx_word' id='word_1_511' title='bbox 1734 1715 1856 1736; x_wconf 88' lang='lat' dir='ltr'>eorum</span> <span class='ocrx_word' id='word_1_512' title='bbox 1879 1704 2102 1747; x_wconf 84' lang='lat' dir='ltr'>languidiora</span> 
     </span>
     <span class='ocr_line' id='line_1_83' title="bbox 1113 1750 2101 1797; baseline 0.002 -12"><span class='ocrx_word' id='word_1_513' title='bbox 1113 1759 1206 1787; x_wconf 90' lang='lat' dir='ltr'>sunt.</span> <span class='ocrx_word' id='word_1_514' title='bbox 1261 1750 1382 1784; x_wconf 84' lang='lat' dir='ltr'>Iudaei</span> <span class='ocrx_word' id='word_1_515' title='bbox 1409 1752 1624 1786; x_wconf 87' lang='lat' dir='ltr'>dimicabant</span> <span class='ocrx_word' id='word_1_516' title='bbox 1650 1753 1692 1785; x_wconf 91' lang='lat' dir='ltr'>de</span> <span class='ocrx_word' id='word_1_517' title='bbox 1716 1754 1790 1797; x_wconf 80' lang='lat' dir='ltr'>lege</span> <span class='ocrx_word' id='word_1_518' title='bbox 1814 1755 1948 1787; x_wconf 85' lang='lat' dir='ltr'>divina.</span> <span class='ocrx_word' id='word_1_519' title='bbox 2001 1755 2101 1789; x_wconf 90' lang='lat' dir='ltr'>Sem-</span> 
     </span>
     <span class='ocr_line' id='line_1_84' title="bbox 1114 1802 2101 1848; baseline 0.003 -13"><span class='ocrx_word' id='word_1_520' title='bbox 1114 1815 1174 1846; x_wconf 85' lang='lat' dir='ltr'>per</span> <span class='ocrx_word' id='word_1_521' title='bbox 1202 1809 1317 1835; x_wconf 87' lang='lat' dir='ltr'>tamen</span> <span class='ocrx_word' id='word_1_522' title='bbox 1340 1802 1514 1836; x_wconf 78' lang='lat' dir='ltr'>Ecclesiae</span> <span class='ocrx_word' id='word_1_523' title='bbox 1548 1803 1692 1836; x_wconf 89' lang='lat' dir='ltr'>nomine</span> <span class='ocrx_word' id='word_1_524' title='bbox 1719 1812 1752 1838; x_wconf 89' lang='lat' dir='ltr'>et</span> <span class='ocrx_word' id='word_1_525' title='bbox 1776 1806 1889 1848; x_wconf 89' lang='lat' dir='ltr'>specie</span> <span class='ocrx_word' id='word_1_526' title='bbox 1913 1813 2101 1839; x_wconf 85' lang='lat' dir='ltr'>moventur</span> 
     </span>
     <span class='ocr_line' id='line_1_85' title="bbox 1113 1851 2101 1894; baseline 0.002 -7"><span class='ocrx_word' id='word_1_527' title='bbox 1113 1865 1236 1887; x_wconf 87' lang='lat' dir='ltr'>omnes</span> <span class='ocrx_word' id='word_1_528' title='bbox 1260 1851 1423 1886; x_wconf 86' lang='lat' dir='ltr'>homines</span> <span class='ocrx_word' id='word_1_529' title='bbox 1448 1854 1641 1894; x_wconf 83' lang='lat' dir='ltr'>moderati,</span> <span class='ocrx_word' id='word_1_530' title='bbox 1676 1867 1739 1888; x_wconf 86' lang='lat' dir='ltr'>nec</span> <span class='ocrx_word' id='word_1_531' title='bbox 1764 1862 1893 1889; x_wconf 86' lang='lat' dir='ltr'>temere</span> <span class='ocrx_word' id='word_1_532' title='bbox 1916 1857 2101 1889; x_wconf 81' lang='lat' dir='ltr'>disceden-</span> 
     </span>
     <span class='ocr_line' id='line_1_86' title="bbox 1114 1904 2101 1952; baseline 0.002 -14"><span class='ocrx_word' id='word_1_533' title='bbox 1114 1906 1196 1938; x_wconf 89' lang='lat' dir='ltr'>dum</span> <span class='ocrx_word' id='word_1_534' title='bbox 1223 1911 1273 1938; x_wconf 86' lang='lat' dir='ltr'>est</span> <span class='ocrx_word' id='word_1_535' title='bbox 1294 1916 1311 1937; x_wconf 90' lang='lat' dir='ltr'>a</span> <span class='ocrx_word' id='word_1_536' title='bbox 1331 1904 1567 1938; x_wconf 78' lang='lat' dir='ltr'>vetustissimo</span> <span class='ocrx_word' id='word_1_537' title='bbox 1586 1917 1760 1940; x_wconf 88' lang='lat' dir='ltr'>consensu</span> <span class='ocrx_word' id='word_1_538' title='bbox 1778 1919 1920 1948; x_wconf 90' lang='lat' dir='ltr'>eorum,</span> <span class='ocrx_word' id='word_1_539' title='bbox 1949 1919 2101 1952; x_wconf 91' lang='lat' dir='ltr'>quorum</span> 
     </span>
     <span class='ocr_line' id='line_1_87' title="bbox 1114 1956 1480 2000; baseline 0.005 -11"><span class='ocrx_word' id='word_1_540' title='bbox 1114 1956 1283 2000; x_wconf 88' lang='lat' dir='ltr'>probatur</span> <span class='ocrx_word' id='word_1_541' title='bbox 1300 1956 1480 1991; x_wconf 76' lang='lat' dir='ltr'>autoritas.</span> 
     </span>
    </p>
   </div>
   <div class='ocr_carea' id='block_1_21' title="bbox 1114 2013 2103 2252">
    <p class='ocr_par' dir='ltr' id='par_1_27' title="bbox 1114 2013 2103 2252">
     <span class='ocr_line' id='line_1_88' title="bbox 1215 2013 2103 2060; baseline 0.005 -13"><span class='ocrx_word' id='word_1_542' title='bbox 1215 2014 1347 2048; x_wconf 87' lang='lat' dir='ltr'>Paulus</span> <span class='ocrx_word' id='word_1_543' title='bbox 1370 2015 1507 2060; x_wconf 89' lang='lat' dir='ltr'>inquit,</span> <span class='ocrx_word' id='word_1_544' title='bbox 1542 2013 1736 2050; x_wconf 86' lang='lat' dir='ltr'>Ecclesiam</span> <span class='ocrx_word' id='word_1_545' title='bbox 1760 2030 1831 2051; x_wconf 86' lang='lat' dir='ltr'>esse</span> <span class='ocrx_word' id='word_1_546' title='bbox 1856 2019 2000 2051; x_wconf 85' lang='lat' dir='ltr'>domum</span> <span class='ocrx_word' id='word_1_547' title='bbox 2025 2017 2103 2058; x_wconf 82' lang='lat' dir='ltr'>Dei,</span> 
     </span>
     <span class='ocr_line' id='line_1_89' title="bbox 1114 2067 2101 2113; baseline 0 -13"><span class='ocrx_word' id='word_1_548' title='bbox 1114 2067 1313 2100; x_wconf 89' lang='lat' dir='ltr'>columnam</span> <span class='ocrx_word' id='word_1_549' title='bbox 1341 2073 1374 2098; x_wconf 89' lang='lat' dir='ltr'>et</span> <span class='ocrx_word' id='word_1_550' title='bbox 1399 2067 1515 2099; x_wconf 87' lang='lat' dir='ltr'>sedem</span> <span class='ocrx_word' id='word_1_551' title='bbox 1540 2068 1708 2104; x_wconf 79' lang='lat' dir='ltr'>veritatis.</span> <span class='ocrx_word' id='word_1_552' title='bbox 1762 2069 1941 2102; x_wconf 85' lang='lat' dir='ltr'>Dominus</span> <span class='ocrx_word' id='word_1_553' title='bbox 1967 2069 2101 2113; x_wconf 87' lang='lat' dir='ltr'>inquit:</span> 
     </span>
     <span class='ocr_line' id='line_1_90' title="bbox 1115 2115 2101 2158; baseline 0.002 -7"><span class='ocrx_word' id='word_1_554' title='bbox 1115 2118 1151 2152; x_wconf 84' lang='lat' dir='ltr'>Si</span> <span class='ocrx_word' id='word_1_555' title='bbox 1171 2130 1243 2150; x_wconf 88' lang='lat' dir='ltr'>non</span> <span class='ocrx_word' id='word_1_556' title='bbox 1258 2117 1409 2150; x_wconf 89' lang='lat' dir='ltr'>audierit</span> <span class='ocrx_word' id='word_1_557' title='bbox 1428 2115 1621 2150; x_wconf 79' lang='lat' dir='ltr'>Ecclesiam</span> <span class='ocrx_word' id='word_1_558' title='bbox 1636 2146 1644 2158; x_wconf 94' lang='lat'>,</span> <span class='ocrx_word' id='word_1_559' title='bbox 1670 2120 1714 2153; x_wconf 86' lang='lat' dir='ltr'>sit</span> <span class='ocrx_word' id='word_1_560' title='bbox 1732 2121 1795 2153; x_wconf 88' lang='lat' dir='ltr'>tibi</span> <span class='ocrx_word' id='word_1_561' title='bbox 1814 2121 1902 2153; x_wconf 90' lang='lat' dir='ltr'>sicut</span> <span class='ocrx_word' id='word_1_562' title='bbox 1916 2116 2101 2153; x_wconf 84' lang='lat' dir='ltr'>Etbnicus.</span> 
     </span>
     <span class='ocr_line' id='line_1_91' title="bbox 1115 2167 2102 2211; baseline 0.001 -9"><span class='ocrx_word' id='word_1_563' title='bbox 1115 2168 1264 2202; x_wconf 89' lang='lat' dir='ltr'>Samson</span> <span class='ocrx_word' id='word_1_564' title='bbox 1293 2169 1359 2202; x_wconf 90' lang='lat' dir='ltr'>ait:</span> <span class='ocrx_word' id='word_1_565' title='bbox 1396 2167 1434 2201; x_wconf 88' lang='lat' dir='ltr'>Si</span> <span class='ocrx_word' id='word_1_566' title='bbox 1470 2181 1542 2201; x_wconf 88' lang='lat' dir='ltr'>non</span> <span class='ocrx_word' id='word_1_567' title='bbox 1574 2171 1733 2204; x_wconf 83' lang='lat' dir='ltr'>arassetis</span> <span class='ocrx_word' id='word_1_568' title='bbox 1762 2183 1836 2203; x_wconf 88' lang='lat' dir='ltr'>mea</span> <span class='ocrx_word' id='word_1_569' title='bbox 1866 2170 1994 2211; x_wconf 82' lang='lat' dir='ltr'>vitula,</span> <span class='ocrx_word' id='word_1_570' title='bbox 2028 2183 2102 2203; x_wconf 83' lang='lat' dir='ltr'>non</span> 
     </span>
     <span class='ocr_line' id='line_1_92' title="bbox 1114 2219 1350 2252; baseline 0 0"><span class='ocrx_word' id='word_1_571' title='bbox 1114 2219 1350 2252; x_wconf 78' lang='lat' dir='ltr'>invenissetis-</span> 
     </span>
    </p>
   </div>
   <div class='ocr_carea' id='block_1_22' title="bbox 1115 2277 2103 2732">
    <p class='ocr_par' dir='ltr' id='par_1_28' title="bbox 1115 2277 2103 2732">
     <span class='ocr_line' id='line_1_93' title="bbox 1215 2277 2103 2314; baseline 0.003 -3"><span class='ocrx_word' id='word_1_572' title='bbox 1215 2277 1305 2312; x_wconf 89' lang='lat' dir='ltr'>Cum</span> <span class='ocrx_word' id='word_1_573' title='bbox 1324 2285 1438 2312; x_wconf 85' lang='lat' dir='ltr'>autem</span> <span class='ocrx_word' id='word_1_574' title='bbox 1457 2277 1633 2312; x_wconf 86' lang='lat' dir='ltr'>Ecclesiae</span> <span class='ocrx_word' id='word_1_575' title='bbox 1649 2279 1792 2312; x_wconf 90' lang='lat' dir='ltr'>nomine</span> <span class='ocrx_word' id='word_1_576' title='bbox 1808 2287 2018 2313; x_wconf 88' lang='lat' dir='ltr'>moveantur</span> <span class='ocrx_word' id='word_1_577' title='bbox 2037 2277 2103 2314; x_wconf 88' lang='lat' dir='ltr'>ho-</span> 
     </span>
     <span class='ocr_line' id='line_1_94' title="bbox 1116 2329 2102 2375; baseline 0.002 -13"><span class='ocrx_word' id='word_1_578' title='bbox 1116 2331 1246 2370; x_wconf 87' lang='lat' dir='ltr'>mines,</span> <span class='ocrx_word' id='word_1_579' title='bbox 1273 2342 1410 2362; x_wconf 85' lang='lat' dir='ltr'>necesse</span> <span class='ocrx_word' id='word_1_580' title='bbox 1426 2338 1473 2363; x_wconf 83' lang='lat' dir='ltr'>est</span> <span class='ocrx_word' id='word_1_581' title='bbox 1492 2343 1659 2374; x_wconf 83' lang='lat' dir='ltr'>quaerere</span> <span class='ocrx_word' id='word_1_582' title='bbox 1677 2343 1766 2375; x_wconf 84' lang='lat' dir='ltr'>quae</span> <span class='ocrx_word' id='word_1_583' title='bbox 1785 2332 1828 2363; x_wconf 88' lang='lat' dir='ltr'>sit</span> <span class='ocrx_word' id='word_1_584' title='bbox 1848 2344 1926 2364; x_wconf 89' lang='lat' dir='ltr'>vera</span> <span class='ocrx_word' id='word_1_585' title='bbox 1950 2331 2015 2365; x_wconf 79' lang='lat' dir='ltr'>Dei</span> <span class='ocrx_word' id='word_1_586' title='bbox 2034 2329 2102 2364; x_wconf 88' lang='lat' dir='ltr'>Ec-</span> 
     </span>
     <span class='ocr_line' id='line_1_95' title="bbox 1116 2380 2102 2426; baseline 0 -12"><span class='ocrx_word' id='word_1_587' title='bbox 1116 2381 1239 2421; x_wconf 87' lang='lat' dir='ltr'>clesia,</span> <span class='ocrx_word' id='word_1_588' title='bbox 1268 2380 1348 2426; x_wconf 89' lang='lat' dir='ltr'>quia</span> <span class='ocrx_word' id='word_1_589' title='bbox 1371 2392 1507 2422; x_wconf 84' lang='lat' dir='ltr'>semper</span> <span class='ocrx_word' id='word_1_590' title='bbox 1530 2382 1633 2413; x_wconf 81' lang='lat' dir='ltr'>etiam</span> <span class='ocrx_word' id='word_1_591' title='bbox 1658 2381 1788 2415; x_wconf 83' lang='lat' dir='ltr'>diversi</span> <span class='ocrx_word' id='word_1_592' title='bbox 1806 2389 1837 2414; x_wconf 91' lang='lat' dir='ltr'>et</span> <span class='ocrx_word' id='word_1_593' title='bbox 1857 2383 2102 2416; x_wconf 81' lang='lat' dir='ltr'>dissentientes</span> 
     </span>
     <span class='ocr_line' id='line_1_96' title="bbox 1117 2429 2102 2477; baseline 0.001 -12"><span class='ocrx_word' id='word_1_594' title='bbox 1117 2432 1238 2477; x_wconf 90' lang='lat' dir='ltr'>populi</span> <span class='ocrx_word' id='word_1_595' title='bbox 1255 2429 1349 2464; x_wconf 85' lang='lat' dir='ltr'>hunc</span> <span class='ocrx_word' id='word_1_596' title='bbox 1365 2432 1557 2474; x_wconf 85' lang='lat' dir='ltr'>gloriosum</span> <span class='ocrx_word' id='word_1_597' title='bbox 1575 2432 1716 2465; x_wconf 88' lang='lat' dir='ltr'>titulum</span> <span class='ocrx_word' id='word_1_598' title='bbox 1734 2440 1924 2476; x_wconf 87' lang='lat' dir='ltr'>usurpant,</span> <span class='ocrx_word' id='word_1_599' title='bbox 1953 2440 1991 2466; x_wconf 87' lang='lat' dir='ltr'>ut</span> <span class='ocrx_word' id='word_1_600' title='bbox 2007 2445 2102 2466; x_wconf 83' lang='lat' dir='ltr'>nunc.</span> 
     </span>
     <span class='ocr_line' id='line_1_97' title="bbox 1115 2481 2101 2527; baseline -0.001 -11"><span class='ocrx_word' id='word_1_601' title='bbox 1115 2485 1159 2516; x_wconf 87' lang='lat' dir='ltr'>de</span> <span class='ocrx_word' id='word_1_602' title='bbox 1184 2481 1249 2516; x_wconf 88' lang='lat' dir='ltr'>boc</span> <span class='ocrx_word' id='word_1_603' title='bbox 1274 2482 1378 2515; x_wconf 88' lang='lat' dir='ltr'>titulo</span> <span class='ocrx_word' id='word_1_604' title='bbox 1402 2490 1560 2527; x_wconf 82' lang='lat' dir='ltr'>pugnant</span> <span class='ocrx_word' id='word_1_605' title='bbox 1578 2483 1671 2515; x_wconf 88' lang='lat' dir='ltr'>inter</span> <span class='ocrx_word' id='word_1_606' title='bbox 1686 2494 1720 2516; x_wconf 88' lang='lat' dir='ltr'>se</span> <span class='ocrx_word' id='word_1_607' title='bbox 1735 2481 1948 2522; x_wconf 85' lang='lat' dir='ltr'>Christiani,</span> <span class='ocrx_word' id='word_1_608' title='bbox 1980 2483 2101 2517; x_wconf 84' lang='lat' dir='ltr'>ludaei</span> 
     </span>
     <span class='ocr_line' id='line_1_98' title="bbox 1115 2531 2102 2578; baseline -0.001 -11"><span class='ocrx_word' id='word_1_609' title='bbox 1115 2541 1148 2567; x_wconf 87' lang='lat' dir='ltr'>et</span> <span class='ocrx_word' id='word_1_610' title='bbox 1170 2532 1453 2567; x_wconf 59' lang='lat' dir='ltr'>lNIahometistae.</span> <span class='ocrx_word' id='word_1_611' title='bbox 1514 2533 1588 2565; x_wconf 92' lang='lat' dir='ltr'>lmo</span> <span class='ocrx_word' id='word_1_612' title='bbox 1614 2533 1650 2566; x_wconf 89' lang='lat' dir='ltr'>in</span> <span class='ocrx_word' id='word_1_613' title='bbox 1676 2531 1739 2567; x_wconf 84' lang='lat' dir='ltr'>bac</span> <span class='ocrx_word' id='word_1_614' title='bbox 1764 2534 1837 2578; x_wconf 90' lang='lat' dir='ltr'>ipsa</span> <span class='ocrx_word' id='word_1_615' title='bbox 1860 2535 2102 2573; x_wconf 84' lang='lat' dir='ltr'>multitudine,</span> 
     </span>
     <span class='ocr_line' id='line_1_99' title="bbox 1115 2581 2100 2630; baseline -0.002 -12"><span class='ocrx_word' id='word_1_616' title='bbox 1115 2597 1204 2630; x_wconf 87' lang='lat' dir='ltr'>quae</span> <span class='ocrx_word' id='word_1_617' title='bbox 1242 2585 1448 2617; x_wconf 75' lang='lat' dir='ltr'>nominatur</span> <span class='ocrx_word' id='word_1_618' title='bbox 1477 2581 1695 2627; x_wconf 83' lang='lat' dir='ltr'>Christiana,</span> <span class='ocrx_word' id='word_1_619' title='bbox 1741 2592 1824 2619; x_wconf 84' lang='lat' dir='ltr'>sunt.</span> <span class='ocrx_word' id='word_1_620' title='bbox 1856 2586 2100 2619; x_wconf 83' lang='lat' dir='ltr'>dissensiones.</span> 
     </span>
     <span class='ocr_line' id='line_1_100' title="bbox 1115 2633 2100 2680; baseline -0.003 -10"><span class='ocrx_word' id='word_1_621' title='bbox 1115 2636 1320 2679; x_wconf 86' lang='lat' dir='ltr'>Respondet</span> <span class='ocrx_word' id='word_1_622' title='bbox 1337 2635 1444 2677; x_wconf 76' lang='lat' dir='ltr'>igitur</span> <span class='ocrx_word' id='word_1_623' title='bbox 1462 2633 1593 2668; x_wconf 84' lang='lat' dir='ltr'>Paulus</span> <span class='ocrx_word' id='word_1_624' title='bbox 1611 2642 1644 2668; x_wconf 88' lang='lat' dir='ltr'>et</span> <span class='ocrx_word' id='word_1_625' title='bbox 1663 2636 1784 2677; x_wconf 86' lang='lat' dir='ltr'>docet,</span> <span class='ocrx_word' id='word_1_626' title='bbox 1810 2648 1898 2680; x_wconf 85' lang='lat' dir='ltr'>quae</span> <span class='ocrx_word' id='word_1_627' title='bbox 1916 2637 1959 2669; x_wconf 87' lang='lat' dir='ltr'>sit</span> <span class='ocrx_word' id='word_1_628' title='bbox 1978 2634 2100 2668; x_wconf 78' lang='lat' dir='ltr'>Eccle-</span> 
     </span>
     <span class='ocr_line' id='line_1_101' title="bbox 1116 2686 1943 2732; baseline 0.001 -12"><span class='ocrx_word' id='word_1_629' title='bbox 1116 2687 1165 2722; x_wconf 88' lang='lat' dir='ltr'>sia</span> <span class='ocrx_word' id='word_1_630' title='bbox 1183 2694 1214 2721; x_wconf 89' lang='lat' dir='ltr'>et</span> <span class='ocrx_word' id='word_1_631' title='bbox 1232 2687 1291 2720; x_wconf 90' lang='lat' dir='ltr'>ubi</span> <span class='ocrx_word' id='word_1_632' title='bbox 1311 2686 1373 2727; x_wconf 81' lang='lat' dir='ltr'>sit,</span> <span class='ocrx_word' id='word_1_633' title='bbox 1401 2693 1434 2720; x_wconf 83' lang='lat' dir='ltr'>et</span> <span class='ocrx_word' id='word_1_634' title='bbox 1451 2687 1630 2732; x_wconf 86' lang='lat' dir='ltr'>quomodo</span> <span class='ocrx_word' id='word_1_635' title='bbox 1646 2687 1689 2721; x_wconf 84' lang='lat' dir='ltr'>sit</span> <span class='ocrx_word' id='word_1_636' title='bbox 1708 2688 1943 2730; x_wconf 81' lang='lat' dir='ltr'>agnoscenda.</span> 
     </span>
    </p>
   </div>
  </div>
 </body>
</html>
