2415 2942
152 85 227 121 469
455 80 554 116 XIII.
610 83 639 115 1.
676 77 1074 116 ANNOTATIONES
1104 79 1154 117 IN
1180 81 1335 119 EPIST.
1364 80 1511 118 PAULI
1538 81 1606 119 AD
1633 82 1898 123 ROMANOS.

149 171 207 204 sed
227 168 371 204 confidit
390 167 494 202 rebus
508 167 766 214 praesentibus,
789 164 945 201 humana
960 166 1143 212 sapientia,
1167 172 1176 204 Y

149 220 302 255 humana
322 219 479 262 iusticia,
507 219 654 265 opibus,
681 219 829 253 viribus.

2117 94 2191 129 470

1298 168 1382 203 Filii
1400 167 1467 204 Dei
1485 178 1638 214 aguntur
1655 171 1791 217 Spiritu
1807 181 1927 209 sancto
1940 203 1949 215 ‚

1302 220 1375 255 Vos
1408 221 1489 255 estis
1521 222 1602 256 facti
1643 223 1704 257 filii
1741 223 1833 268 Dei,
1875 233 2016 272 accepto
2050 228 2187 273 Spiritu

404 311 625 353 Apostrophe
647 311 693 342 ad
713 310 882 342 Lectores.

247 374 321 418 Qui
346 373 382 407 in
409 386 514 407 carne
537 380 620 407 sunt
637 372 713 407 Deo
736 373 873 417 placere
893 382 965 403 non
983 376 1142 414 possunt,

149 438 210 460 vos
229 434 345 460 antem
362 437 434 458 non
453 426 534 459 estis
556 425 594 458 in
618 435 741 464 carne,
768 423 828 456 sed
852 421 1001 466 spiritu,
1029 421 1141 466 siqui-

149 479 228 511 dem
247 477 392 522 spiritus
410 476 477 510 Dei
495 474 630 509 habitat
651 474 688 507 in
708 474 820 509 vobis,
875 472 1032 506 Tantum
1056 484 1140 505 niu-

149 536 218 562 tata
254 540 401 573 persona
431 527 556 572 repetit
593 522 811 566 antithesin,
853 530 886 557 et
918 524 1071 557 declarat
1104 534 1140 556 se

151 580 313 624 spiritum
340 590 483 619 vocare,
526 589 598 611 non
629 576 783 621 aliquam
817 575 966 608 rationis
995 581 1140 619 partem,

152 631 210 664 sed
230 629 402 674 Spiritum
419 635 596 669 sanctum,
630 627 691 672 qni
719 633 844 660 natura
863 625 960 660 Deus
978 633 1046 667 est,
1073 626 1138 658 do—

150 688 271 714 natum
290 680 531 721 credentibus,
556 688 594 713 ut
612 678 730 722 gignat
748 677 914 711 noticiam
932 677 1002 711 Dei
1029 676 1065 710 in
1080 677 1139 718 eis,

150 733 270 776 gignat
294 742 404 764 novos
428 738 544 765 motus
571 737 602 763 et
629 741 756 762 novam
781 729 902 763 vitam.
967 727 1011 761 Et
1038 734 1140 761 vocat

151 795 246 816 nnnc
277 783 439 828 spiritum
467 781 555 822 Dei,
594 792 689 813 nunc
720 780 885 825 spiritum
912 777 1066 820 Christi,
1100 785 1139 812 ut

149 834 320 877 significet
352 840 385 868 et
414 831 594 867 Christum
629 838 755 866 natura
782 829 897 865 Deum
930 842 1023 872 esse,
1057 830 1139 876 quia

150 884 299 928 largitur
311 883 483 928 Spiritum
507 889 678 917 sanctum.
732 881 795 916 Est
816 889 933 916 autem
952 879 1037 915 haec
1059 893 1139 927 per-

151 946 260 968 sonae
282 935 431 968 mutatio
456 935 629 980 quaedam
656 933 911 979 perorationis,
945 945 1035 980 quae
1060 944 1140 966 mox

152 986 332 1031 sequitur,
358 982 586 1032 παρασκευή.

316 1075 568 1112 Peroratio
599 1089 675 1111 seu
706 1071 978 1110 Conclusio,

251 1144 347 1190 Ergo
370 1147 494 1180 fratres
515 1145 694 1180 debitores
716 1157 838 1179 sumus
861 1157 933 1177 non
957 1142 1075 1185 carni,
1103 1150 1140 1178 ut

151 1198 347 1231 secundum
363 1209 503 1230 carnem
524 1197 694 1232 vivamus,
746 1195 815 1229 Hic
834 1196 915 1228 finis
931 1203 981 1231 est
1003 1192 1142 1229 metho-

153 1249 208 1286 di,
237 1249 273 1281 in
297 1260 364 1293 qua
391 1248 576 1292 explicavit
604 1247 753 1292 peccati,
779 1247 865 1291 legis
889 1253 922 1280 et
945 1246 1075 1290 gratiae
1091 1246 1142 1279 ef-

154 1300 275 1335 fectus.
341 1298 444 1332 Nunc
470 1305 655 1343 postquam
683 1298 849 1332 lectorem
876 1299 919 1330 de
944 1296 1142 1341 praecipuis

155 1350 240 1382 locis
258 1350 438 1383 doctrinae
455 1347 679 1383 Christianae
705 1349 846 1388 docuit,
881 1348 979 1381 addit
1000 1359 1141 1391 Perora-

155 1400 310 1439 tionem,
338 1401 396 1433 sed
421 1412 460 1433 ex
489 1399 647 1433 suasorio
671 1411 798 1443 genere
821 1405 984 1432 sumtam.
1039 1397 1140 1431 Sem-

153 1463 215 1495 per
233 1451 327 1484 enim
345 1451 499 1496 primum
517 1451 696 1484 docendus
713 1457 763 1484 est
788 1449 948 1493 auditor,
975 1449 1060 1494 quid
1088 1461 1142 1482 res

153 1502 207 1537 sit.
251 1502 372 1536 Postea
392 1502 594 1535 incitandus
610 1508 678 1542 est,
706 1507 743 1535 ut
760 1500 958 1534 doctrinam
977 1501 1020 1533 ad
1040 1512 1141 1533 usum

153 1553 348 1587 transferat.
384 1552 446 1586 Est
463 1560 578 1586 autem
595 1550 680 1586 haec
697 1552 873 1597 peroratio
891 1551 995 1585 initio
1013 1549 1143 1585 adhor-

151 1605 262 1646 toria,
290 1605 417 1638 deinde
435 1604 682 1640 consolatoria.

548 1684 742 1725 propositio.

378 1744 556 1776 Debitores
580 1755 693 1774 smnus
716 1754 782 1774 non
807 1743 915 1775 carni.

256 1805 363 1841 Ratio
383 1806 526 1840 ducitur
541 1817 560 1839 a
581 1805 737 1850 praemio
756 1812 788 1840 et
806 1816 938 1849 poena:
962 1803 1145 1838 Pertinent

158 1865 272 1893 autem
291 1857 444 1902 praemia
463 1865 495 1891 et
514 1868 649 1901 poenae
664 1857 701 1889 in
718 1856 871 1890 suasoris
895 1856 1007 1890 causis
1028 1856 1069 1888 ad
1093 1855 1144 1888 lo-

159 1922 237 1944 cum
267 1908 439 1942 utilitatis.
514 1907 727 1942 Dialecticus
757 1908 799 1941 ad
833 1907 972 1940 finalem
1005 1918 1144 1939 causam

159 1960 414 1995 accommodat:
442 1959 478 1994 Si
501 1959 580 2005 quis
605 1957 661 1992 hic
687 1959 891 1997 cavilletur,
922 1957 1144 1991 benefacien-

160 2013 245 2045 dum
275 2022 366 2052 esse,
406 2023 478 2044 non
505 2017 599 2044 metu
631 2022 783 2054 poenae,
824 2010 882 2042 sed
909 2016 1053 2054 propter
1085 2021 1147 2042 vo-

163 2063 331 2095 luntatem
361 2062 442 2102 Dei,
484 2059 566 2095 huic
589 2059 681 2094 nihil
707 2061 947 2106 respondebo,
988 2060 1053 2093 nisi
1084 2057 1147 2092 has

162 2112 314 2156 argutias
338 2111 374 2144 in
398 2119 467 2146 tam
496 2113 592 2155 gravi
618 2124 739 2152 causa,
777 2111 1039 2157 intempestivas
1062 2122 1146 2144 esse.

163 2162 281 2197 Sancti
310 2162 346 2195 in
369 2163 489 2207 poenis
514 2162 601 2196 iram
620 2161 685 2197 Dei
710 2170 877 2206 cernunt,
918 2163 954 2196 iu
984 2162 1149 2207 praemiis

163 2214 321 2258 gratiam.

265 2263 427 2299 Secunda
460 2264 549 2299 ratio
582 2271 695 2299 sumta
724 2272 774 2300 est
804 2277 843 2298 ex
869 2277 970 2299 causa
997 2264 1150 2298 efficien-

164 2323 216 2355 te,
255 2322 288 2350 et
315 2323 427 2360 potest
461 2316 497 2350 in
527 2316 695 2350 suasoriis
723 2317 767 2350 ad
799 2317 915 2351 locum
946 2329 964 2350 a
991 2315 1148 2361 possibili

167 2365 297 2401 referri.

266 2416 402 2462 Spiritu
439 2427 558 2453 sancto
598 2419 805 2452 mortificate
839 2419 994 2452 actiones
1026 2417 1153 2459 carnis,

167 2466 248 2513 quia
276 2468 426 2513 Spiritus
452 2478 591 2505 sanctus
619 2477 668 2504 est
695 2470 796 2504 vobis
819 2471 939 2511 datus,
978 2476 1017 2502 ut
1042 2470 1085 2502 ab
1113 2481 1151 2502 eo

167 2519 425 2562 gubernemini.
466 2520 595 2556 Paulus
615 2522 714 2566 ponit
732 2521 901 2555 maiorem
919 2527 951 2554 et
969 2520 1155 2559 minorem,

167 2570 426 2605 conclusionem
455 2584 528 2606 non
558 2573 678 2614 addit,
721 2585 827 2618 quam
860 2572 1017 2617 prudens
1047 2571 1156 2605 lector

166 2621 268 2655 facile
294 2629 405 2666 potest
428 2630 591 2658 attexere.
658 2623 828 2669 Properat
845 2623 940 2657 enim
959 2621 1091 2657 Paulus
1113 2623 1155 2656 ad

167 2672 461 2715 consolationem,
487 2681 525 2709 ut
542 2675 750 2710 videbimus.

1349 279 1490 312 sancto,

1298 319 1394 379 Ergo
1411 323 1589 367 oportebit
1606 331 1639 358 et
1656 336 1716 358 vos
1733 327 1786 369 agi
1804 340 1842 361 ac
1859 329 2048 371 gubernari
2067 342 2085 364 a
2104 330 2185 376 Spi-

1350 379 1420 407 r1tu
1447 381 1578 408 sancto.

1296 421 1510 469 Hypocritae
1529 424 1664 458 ratione
1680 427 1842 461 co'e'rccnt
1861 429 1979 474 aliquo
1999 433 2104 466 modo
2125 446 2186 467 cu-

1194 473 1356 519 piditates
1386 476 1571 509 crassiores
1590 503 1598 515 ‚
1645 483 1677 510 et
1709 479 1887 522 quandam
1920 482 2181 517 simulationem

1193 525 1351 559 civilium
1370 524 1568 560 officiorum
1586 534 1773 570 praestant.
1810 529 1856 563 At
1873 529 2026 574 Spiritus
2042 542 2182 569 sanctus

1193 576 1326 621 iugulat
1344 584 1559 611 contemtum
1580 576 1665 623 Dei,
1694 579 1856 613 fiduciam
1876 593 1992 616 rerum
2018 596 2181 628 praesen-

1192 628 1283 662 tium
1309 634 1341 663 et
1366 628 1497 662 similes
1522 635 1644 673 postes.

1589 710 1781 742 Consolatio.

1295 780 1433 816 Minori
1473 782 1597 816 attexit
1629 780 1791 828 κλίμακα
1832 796 1890 819 sen
1930 787 2184 830 gradationem.

1194 846 1260 880 qua
1286 833 1447 879 pervenit
1470 835 1512 866 ad
1538 834 1827 870 consolationem.

1295 885 1333 919 Si
1358 896 1479 918 sumus
1501 885 1585 926 filii,
1617 896 1738 918 sumus
1762 887 1865 920 etiam
1891 884 2069 926 haeredes.

1296 935 1335 970 Si
1357 947 1478 970 sumus
1504 933 1671 970 haeredes
1695 935 1780 979 Dei,
1822 950 1942 972 sumus
1971 938 2182 976 cohaeredes

1195 985 1340 1023 Christi.

1296 1038 1334 1073 Si
1357 1050 1478 1072 sumus
1499 1036 1709 1072 cohaeredes
1734 1036 1885 1079 Christi,
1915 1052 1995 1085 ergo
2018 1043 2182 1078 similiter

1197 1090 1265 1136 pati
1284 1089 1472 1131 convenit,
1498 1097 1534 1123 ut
1552 1090 1716 1123 similiter
1729 1091 1977 1133 glorificemur.

1297 1140 1360 1175 Est
1383 1141 1501 1186 itaque
1528 1138 1613 1173 haec
1643 1142 1837 1185 propositio
1865 1143 1899 1175 in
1925 1144 2181 1178 consolatione:

1195 1192 1233 1227 Si
1259 1203 1329 1225 una
1354 1192 1525 1236 patimur:
1560 1191 1597 1225 Si
1623 1203 1694 1224 non
1720 1199 1805 1226 esset
1829 1193 1959 1237 illigata
1984 1196 2182 1240 propositio

1195 1250 1421 1287 argumento,
1448 1243 1561 1275 forma
1587 1249 1673 1276 esset
1697 1244 1806 1287 magis
1832 1245 1994 1289 puerilis:
2030 1244 2183 1292 Oportet

1196 1305 1259 1327 nos
1282 1305 1352 1326 una
1378 1293 1448 1338 pati
1471 1305 1549 1327 cum
1575 1291 1729 1329 Christo.

1298 1343 1323 1378 1.
1376 1343 1482 1379 Ratio
1504 1344 1646 1378 ducitur
1661 1356 1679 1378 a
1698 1346 1881 1389 praemiis,
1909 1347 1990 1392 qnia
2009 1349 2183 1393 amplissi-

1196 1407 1250 1428 ma
1280 1395 1435 1439 praemia
1463 1395 1680 1439 contingent.
1742 1396 1787 1431 Et
1818 1399 2004 1442 amplificat
2031 1401 2186 1444 praemia

1196 1446 1394 1482 collatione.
1454 1445 1563 1480 Nullo
1596 1448 1701 1481 modo
1736 1451 1951 1492 respondent
1985 1460 2183 1495 praesentes

1196 1497 1404 1531 afflictiones
1433 1498 1671 1541 magnitudini
1704 1500 1938 1544 praemiorum
1973 1508 2004 1534 et
2036 1502 2186 1546 gloriae,

1197 1561 1286 1594 qnae
1319 1549 1536 1582 revelabitur
1567 1556 1651 1582 tunc
1676 1562 1756 1583 cum
1784 1551 1928 1585 redierit
1953 1549 2116 1587 Christus
2142 1556 2185 1587 ad

1196 1600 1437 1634 renovandam
1478 1605 1587 1633 totam
1631 1612 1749 1634 rerum
1792 1602 2072 1639 universitatem.
2131 1604 2185 1638 Ex

1197 1649 1282 1685 haec
1323 1651 1585 1685 circumstantia
1625 1653 1792 1696 temporis
1828 1654 1984 1687 nascitur
2024 1656 2055 1688 ei
2093 1668 2186 1691 nova

1197 1703 1298 1736 ratio.

1301 1751 1347 1787 II.
1398 1751 1524 1794 Ratio,
1550 1754 1594 1787 ab
1621 1755 1781 1799 exemplo
1807 1756 2046 1791 universitatis
2068 1769 2186 1792 rernm

1198 1804 1362 1839 sumitur.
1417 1804 1506 1838 Tota
1538 1812 1693 1838 creatura
1726 1813 1879 1850 expectat
1912 1809 2188 1851 renovationem,

1199 1856 1332 1889 interea
1360 1855 1544 1890 nobiscum
1573 1857 1724 1901 patitur,
1750 1855 1844 1901 Ergo
1865 1866 1897 1892 et
1922 1871 1985 1892 nos
2010 1872 2082 1893 non
2108 1872 2188 1904 gra·

1198 1919 1324 1940 vemur
1348 1914 1527 1951 expectare
1557 1909 1825 1945 redemtionem.
1872 1908 1936 1943 Est
1962 1917 2077 1944 autem
2110 1923 2188 1955 gra-

1200 1958 1382 1991 vissimum
1401 1954 1544 2000 πάθος,
1573 1961 1666 2005 quod
1686 1955 1831 1994 natu‘rae
1849 1973 1965 1994 rerum
1985 1963 2108 1996 tribuit
2136 1963 2186 1995 rei

1202 2009 1373 2043 maximae
1387 2021 1541 2050 sensum,
1561 2022 1665 2056 quem
1685 2008 1839 2045 humana
1858 2013 1946 2046 ratio
1965 2013 2063 2046 nullo
2080 2015 2187 2048 modo

1201 2058 1480 2106 comprehendit.
1525 2060 1707 2105 Significat
1724 2063 1817 2096 enim
1835 2063 1914 2097 ideo
1933 2065 2052 2098 dolere
2070 2077 2187 2099 rerum

1202 2118 1385 2152 naturam,
1412 2112 1494 2158 quia
1515 2113 1646 2146 interea
1672 2113 1835 2148 diabolus
1859 2122 1890 2149 et
1914 2115 2013 2160 impii
2033 2116 2188 2150 abutun-

1202 2170 1260 2197 tur
1276 2164 1421 2196 mnndO.
1459 2161 1505 2198 Et
1520 2164 1718 2199 subindicat
1736 2165 1913 2206 futurum,
1940 2174 1975 2200 ut
1994 2164 2059 2200 hoc
2076 2167 2188 2201 abusu

1203 2215 1373 2248 liberetur
1404 2222 1530 2249 natura
1562 2228 1691 2250 rerum.
1753 2215 1841 2249 Vide
1872 2217 1979 2260 igitur
2009 2220 2188 2263 quomodo

1205 2266 1342 2300 diversa
1365 2273 1570 2310 argumenta
1595 2279 1634 2300 ex
1661 2268 1782 2301 eadem
1814 2279 1849 2300 re
1875 2269 2004 2302 ducant
2035 2269 2124 2303 ratio
2156 2277 2189 2304 et

1205 2317 1359 2361 Spiritus
1397 2325 1548 2352 sanctus.
1609 2315 1775 2362 Epicurei
1820 2319 1869 2352 sic
1910 2320 2185 2354 ratiocinantur:

1209 2368 1308 2412 lmpii
1329 2369 1417 2401 bene
1434 2366 1576 2413 liabent,
1604 2366 1697 2411 Ergo
1709 2367 1803 2401 Deus
1816 2381 1888 2402 non
1906 2377 2004 2404 curat
2018 2368 2189 2405 humana:

1207 2418 1336 2453 Paulus
1369 2426 1489 2453 contra
1523 2419 1765 2454 ratiocinatur.
1815 2419 1896 2454 Non
1926 2429 1974 2456 est
2006 2422 2188 2467 possibile,

1208 2468 1298 2504 hanc
1318 2478 1425 2504 totam
1447 2483 1562 2504 rerum
1583 2477 1745 2503 naturam
1770 2472 1812 2504 ad
1839 2472 1987 2506 abusum
2013 2474 2191 2507 conditam

1208 2534 1289 2555 esse.
1347 2522 1451 2566 lmpii
1480 2533 1574 2555 nunc
1595 2522 1792 2555 abutuntur
1816 2525 1972 2565 mundo,
2005 2522 2099 2569 Ergo
2131 2538 2192 2558 nc·-

1209 2585 1301 2607 cesse
1321 2573 1470 2606 liberato
1488 2574 1641 2613 mundo,
1672 2572 1799 2616 impios
1817 2575 1901 2607 dare
1917 2586 2057 2618 poenas.

1313 2623 1376 2659 Ill.
1430 2623 1488 2658 Ab
1517 2624 1676 2668 exemplo
1708 2625 1982 2669 Apostolorum:
2035 2624 2105 2659 Nos
2133 2625 2193 2670 qni

1211 2675 1409 2720 accepimus
1431 2674 1604 2720 primitias
1623 2674 1776 2719 Spiritus
1801 2677 1930 2718 sancti,
1957 2677 2137 2720 angimur,
2164 2684 2197 2710 et

1529 2722 1617 2760 50‘
