2415 2942
520 16 535 32 Ε

146 100 222 136 473
439 97 539 135 XIII.

145 186 243 226 daei,
275 191 315 219 ut
342 184 403 230 qui
429 185 561 218 cultum
588 182 654 217 Dei
679 181 876 225 habebant,
918 184 979 229 qui
1004 184 1134 228 gloria-

145 237 276 271 bantur
295 248 331 269 se
350 236 476 269 mereri
501 236 687 270 iusticiam.

240 288 363 332 Itaque
391 287 622 331 disputabant
649 285 902 330 promissiones
928 286 971 318 de
988 283 1130 319 Christo

141 350 215 372 non
238 350 310 372 esse
327 339 505 383 impleta5‚
529 338 611 383 quia
628 349 701 370 non
717 337 917 380 contigisset
937 337 1021 380 ipsis
1038 337 1130 370 salus

139 397 173 424 et
206 389 362 433 Spiritus
397 396 555 429 sanctus,
588 389 649 433 qui
678 388 809 421 cultum
841 386 907 421 Dei
940 385 1130 426 habebant,

145 441 207 487 qui
233 441 406 474 iusticiam
425 441 551 473 mereri
577 440 798 472 videbantur.

244 491 376 525 Paulus
400 491 507 535 igitur
523 502 541 524 a
560 490 699 536 querela
723 489 879 530 orditur,
911 495 945 522 et
968 489 1128 532 deplorat

143 541 355 576 Iudaeorum
387 541 629 575 defectionem.
690 539 814 573 Postea
845 541 965 581 docet,
1006 548 1126 574 nostra

139 594 261 627 merita
286 606 359 626 non
383 604 454 626 esse
478 604 616 625 causam
641 591 832 624 electionis.

243 643 393 687 Querela
410 650 474 677 est:
504 642 692 676 Veritatem
711 642 789 674 dico
800 648 862 677 etc.
891 639 1127 676 Vehementer

139 695 242 728 doleo
261 696 354 740 quod
375 694 493 728 Iudaei
510 699 678 738 pereunt,
706 704 745 726 ac
763 693 913 737 optarim
938 705 1015 725 meo
1035 694 1126 727 inte—

142 747 213 779 ritu
231 758 288 779 eos
306 747 489 779 redimere.
544 743 612 777 Hic
635 743 751 778 statim
778 744 919 777 subiicit
939 745 1126 778 correctio-

142 808 243 837 nem,
269 795 348 830 Non
373 797 466 841 quod
487 795 653 828 exciderit
670 806 785 828 sermo
804 795 888 833 Dei,
911 795 945 828 id
962 802 1029 836 est,
1052 808 1126 829 non

140 849 190 881 sic
214 854 296 880 sunt
320 847 445 880 abiecti
472 847 609 886 Iudaei,
650 853 688 880 ut
715 846 805 879 nulli
830 853 960 891 queant
985 847 1127 888 servari,

140 905 179 931 ut
199 898 450 944 promissiones
465 898 574 930 factae
590 897 643 929 illi
658 898 788 940 populo
806 897 925 931 irritae
942 898 1022 930 sint.
1052 898 1125 931 Imo

142 948 362 981 firmissimae
378 956 459 982 sunt
478 948 745 992 promissiones,
762 960 869 993 quare
886 961 958 982 nou
977 949 1126 983 dubium

141 1006 212 1040 est,
239 1000 325 1043 quin
344 1001 385 1032 ad
404 997 497 1032 hunc
512 1000 686 1043 populum
706 999 876 1043 pertineat
895 1001 999 1034 salus.

241 1049 379 1083 Deinde
398 1051 556 1094 sequitur
574 1050 774 1093 Propositio
795 1051 998 1093 principalis
1021 1049 1127 1084 huius
1153 1067 1155 1096 3

138 1101 400 1145 disputationis.
433 1101 514 1134 Non
532 1112 653 1134 omnes
673 1102 731 1145 qui
753 1108 833 1134 sunt
852 1113 891 1134 ex
912 1101 1027 1142 lsrael,
1044 1108 1127 1135 sunt
1154 1102 1155 1118 ¹

136 1151 1127 1197 IsraeLnequeomnessuntfilii‚ideoquiasuntAbrahae

139 1215 269 1238 semen.
298 1202 367 1236 Sed
384 1203 420 1235 in
433 1203 526 1236 Isaac
544 1203 727 1236 vocabitur
744 1203 807 1236 tibi
826 1216 957 1245 semen,
982 1203 1047 1237 boc
1065 1212 1126 1245 est,

139 1254 203 1286 filii
226 1254 342 1286 carnis
357 1266 429 1287 non
448 1260 530 1287 sunt
552 1254 614 1286 filii
632 1253 717 1293 Dei,
747 1255 806 1286 sed
832 1254 895 1287 filii
922 1256 1126 1299 promissio-

137 1305 192 1337 nis
218 1312 424 1348 reputantur
456 1305 492 1337 iu
523 1315 652 1338 semen.
708 1303 802 1337 Haec
837 1312 887 1339 est
921 1307 1127 1350 propositio,

138 1356 198 1388 sed
226 1355 401 1398 implicata
426 1355 558 1398 primae
576 1355 798 1398 probationi,
827 1358 1125 1400 quemadmodum

138 1405 215 1438 fieri
240 1406 339 1440 solet.
395 1404 489 1438 Infra
516 1412 631 1438 autem
658 1405 845 1450 aliquoties
871 1406 907 1438 in
928 1408 1127 1440 conclusio-

140 1456 245 1489 nibus
268 1462 299 1488 et
318 1456 464 1499 epilogis
482 1456 650 1499 repetitur
673 1456 881 1500 propositio.
935 1456 1125 1491 Conclusio

139 1507 233 1539 euim
257 1503 347 1539 nihil
373 1513 440 1547 est,
474 1506 542 1539 nisi
564 1507 723 1549 repetitio
749 1513 869 1540 status.
921 1506 985 1544 Est
1010 1517 1125 1543 autem

139 1555 223 1590 haee
248 1558 420 1590 sententia
445 1558 710 1601 propositionis:
739 1558 821 1591 Filii
848 1557 913 1591 Dei
940 1560 1029 1596 fiunt
1055 1561 1126 1594 ele-

138 1608 273 1649 ctione,
301 1620 373 1642 non
393 1616 516 1642 natura
530 1634 540 1652 ‚
567 1616 627 1643 aut
644 1610 777 1643 meritis
798 1610 926 1644 uostris

350 1692 419 1726 De
447 1690 913 1729 Praedestinatione.

239 1758 266 1796 l.
318 1759 366 1794 Ut
391 1768 507 1795 autem
529 1768 693 1805 appareat
716 1759 806 1795 hauc
831 1770 1034 1807 perpetuam
1054 1774 1127 1797 esse

139 1810 329 1855 scripturae
356 1813 582 1853 sententiam,
609 1813 705 1847 ducit
729 1822 934 1856 argumenta
961 1815 1044 1847 inde
1067 1826 1127 1848 us-

140 1874 206 1906 que
223 1862 369 1906 aprima
395 1864 585 1904 electione,
618 1864 679 1897 ubi
706 1862 872 1898 Abrabae
898 1866 1083 1910 posteritas
1107 1878 1125 1899 a

140 1913 284 1958 reliquis
301 1914 462 1956 gentibus
481 1923 636 1958 separata
652 1922 711 1948 est.
766 1913 811 1948 Et
831 1923 879 1949 est
896 1917 1051 1961 primum
1070 1930 1125 1950 ar-

139 1971 359 2006 gumentum.
408 1964 588 2007 Scriptura
606 1966 738 2011 inquit:
772 1965 811 1999 In
830 1966 924 2001 Isaac
942 1968 1126 2001 vocabitur
1152 1972 1153 1977 ’

141 2026 270 2047 semen.
322 2014 414 2058 Ergo
440 2017 501 2048 filii
529 2016 595 2049 Dei
619 2025 754 2051 tantum
779 2026 881 2058 sunt,
915 2019 976 2064 qui
1003 2031 1020 2052 a
1049 2018 1123 2053 Deo
1151 2012 1153 2057 ἶ

142 2065 329 2106 eliguntur.
387 2065 424 2099 Si
450 2074 575 2100 natura
607 2075 667 2102 aut
697 2069 818 2102 merita
850 2071 1005 2103 facerent
1033 2071 1124 2104 filios

142 2114 230 2155 Dei,
258 2115 341 2159 quid
360 2127 447 2158 opus
472 2125 557 2150 esset
581 2119 902 2162 promissionibus?
952 2120 1039 2155 Cum
1059 2122 1124 2164 igi-
1149 2127 1151 2141 ²

141 2174 198 2199 tur
229 2166 413 2209 promissio
440 2167 580 2209 efficiat,
619 2176 659 2202 ut
682 2170 791 2215 aliqui
813 2171 897 2205 fiant
921 2172 1001 2213 filii,
1042 2185 1123 2216 ergo
1149 2194 1150 2201 κ

142 2227 213 2249 non
238 2223 287 2250 est
311 2229 363 2250 res
387 2224 585 2251 nostrarum
611 2220 748 2253 virium.
801 2222 875 2256 Aut
896 2224 924 2255 si
945 2231 994 2257 est
1017 2236 1124 2268 penes

141 2275 303 2301 naturam
327 2268 400 2300 fieri
427 2269 534 2309 lilios,
576 2283 681 2314 quare
705 2269 799 2305 Isaac
824 2274 981 2316 eligitur,
1014 2273 1122 2308 Chal-

142 2318 237 2359 daei,
272 2317 435 2364 Aegyptii
460 2328 518 2353 aut
545 2321 606 2354 alii
634 2333 706 2354 non
732 2323 926 2366 eliguntur,
962 2326 1022 2371 qui
1051 2339 1122 2359 nou

597 100 628 133 1.
664 95 1059 134 ANNOTATIONES
1085 97 1134 133 IN
1161 95 1315 133 EPIST.
1342 94 1490 132 PAULI
1518 96 1584 132 AD
1612 94 1882 135 ROMANOS.

142 2369 259 2402 minus
280 2370 430 2403 civiliter
462 2372 627 2405 vivebant
662 2373 755 2407 iuxta
790 2381 970 2417 naturam,
1017 2377 1149 2422 quam}

141 2417 340 2462 Abraham,
375 2421 493 2455 Isaac?
547 2422 591 2457 Ut
618 2423 646 2456 si
670 2424 748 2469 quis
775 2425 1021 2468 ratiocinetur,
1060 2441 1122 2461 cur
1146 2450 1148 2464 ι

141 2482 204 2503 nos
221 2472 263 2504 ad
281 2469 510 2515 Evangelium
531 2475 688 2515 vocavit,
723 2487 794 2508 non
814 2477 950 2511 vocavit
968 2476 1121 2512 Alexan·
1146 2486 1148 2498 ¹

141 2522 244 2554 drum
260 2521 525 2566 Macatonion),
543 2524 761 2569 Augustum,
789 2526 986 2570 Socratem,
1013 2529 1121 2563 Pom-
1146 2534 1147 2540 ¹

140 2572 287 2616 ponium
312 2571 485 2616 Atticum,
528 2577 587 2621 qui
612 2585 703 2610 certe
728 2590 800 2611 non
827 2579 944 2612 minus
971 2581 1122 2615 civiliter

142 2623 305 2658 vivebant
322 2637 424 2668 quam
441 2638 513 2660 nos.
569 2626 636 2661 Hic
657 2640 794 2663 necesse
812 2636 862 2664 est
880 2641 1018 2665 causam
1039 2633 1120 2666 reii-

137 2685 213 2708 cere
238 2674 276 2707 in
294 2676 509 2711 voluntatem
533 2676 610 2712 Dei.

2107 100 2180 136 474

1294 182 1342 219 ΙΙ.
1382 183 1652 228 Argumentum.
1706 184 1812 218 Iacob
1835 185 1963 219 electus
1987 192 2055 228 est,
2080 183 2175 221 Esau

1188 235 1417 277 repudiatur,
1446 236 1649 281 priusquam
1669 236 1805 281 aliquid
1831 237 1917 270 boni
1935 243 1995 271 aut
2017 237 2101 271 mali
2123 238 2175 271 fe-

1186 285 1325 320 cissent.
1379 285 1473 320 Hinc
1492 286 1622 320 Paulus
1640 287 1902 320 conclusionem
1921 288 2052 330 effecit,
2084 301 2174 334 quae

1186 336 1368 368 manifeste
1391 343 1493 379 negat
1520 339 1643 371 merita
1669 345 1788 371 nostra
1823 349 1960 372 causam
1991 339 2174 373 electionis

1184 397 1268 421 esse.
1320 386 1413 430 Ergo
1433 399 1538 431 opera
1555 400 1627 422 non
1653 395 1753 422 eraut
1776 401 1897 430 causa,
1924 391 1984 423 sed
2008 390 2173 424 voluntas

1184 437 1353 471 vocantis.
1425 438 1504 471 Non
1529 440 1656 471 addam
1677 436 1734 472 hic
1757 441 1935 483 quomodo
1963 441 2174 475 cavillentur

1183 487 1246 520 ista
1268 488 1445 523 nonnulli.
1499 488 1656 523 Tantum
1677 487 1743 522 hoc
1767 491 1969 525 meminerit
1988 491 2114 533 lector,
2141 492 2171 525 si

1181 550 1285 581 opera
1303 546 1462 572 secutura
1480 540 1517 572 iu
1537 541 1607 573 vita
1630 547 1729 573 erant
1752 552 1853 573 causa
1873 541 2073 584 electionis,
2098 555 2172 576 non

1182 589 1281 623 licuit
1297 590 1413 624 dicere
1430 589 1561 633 Paulo,
1590 603 1663 624 non
1678 603 1718 624 ex
1735 592 1915 635 operibus,

1578 680 1774 721 Occupatz‘o.

1280 739 1385 776 Vidit
1410 740 1542 775 Paulus
1575 740 1667 775 hanc
1692 744 1735 776 de
1766 743 1937 777 electione
1962 745 2172 779 senteutiam

1182 789 1373 825 abhorrere
1397 805 1415 826 a
1439 793 1572 826 iudicio
1592 794 1754 827 rationis:
1784 794 1862 827 ideo
1882 802 2128 838 argumentum
2150 809 2169 830 a

1181 844 1318 877 ratione
1341 851 1495 877 sumtum
1519 844 1659 886 obiicit,
1695 858 1766 890 quo
1794 843 1886 878 nihil
1912 858 2000 890 opus
2023 854 2118 888 erat,
2143 848 2173 880 si

1181 894 1312 928 Paulus
1340 895 1501 929 sensisset
1529 896 1653 929 merita
1682 903 1801 930 nostra
1826 908 1964 930 causam
1990 898 2173 932 electionis

1181 957 1265 981 esse.
1317 945 1420 979 Dicat
1437 947 1531 979 enim
1548 947 1693 991 aliquis:
1721 946 1761 981 Si
1780 948 1899 981 David
1923 955 1956 982 et
1972 947 2058 982 Saul
2076 949 2172 983 iuxta

1183 994 1274 1029 nihil
1292 1004 1482 1038 merentur,
1505 998 1649 1042 iniquus
1666 999 1774 1041 igitur
1793 1005 1842 1032 est
1858 998 1972 1037 Deus,
2000 999 2061 1044 qui
2077 997 2173 1034 hunc

1182 1048 1296 1090 eligit,
1325 1048 1426 1081 illum
1450 1061 1522 1081 non
1541 1049 1650 1092 eligit.
1702 1048 1782 1082 Non
1806 1050 1948 1083 videtur
1968 1048 2054 1084 haec
2075 1051 2174 1085 inae-

1182 1099 1331 1143 qualitas
1354 1107 1386 1133 et
1417 1097 1713 1146 προσωποληψία
1742 1100 1780 1133 in
1811 1101 1980 1145 optimam
2005 1108 2170 1136 naturam

1181 1149 1247 1182 Dei
1275 1152 1408 1183 cadere.
1463 1151 1501 1184 Si
1526 1151 1651 1184 merita
1676 1151 1836 1184 omnium
1863 1151 1960 1195 paria
1983 1159 2084 1192 sunt,
2111 1165 2175 1186 cur

1182 1213 1254 1233 nou
1281 1209 1361 1234 sunt
1387 1201 1481 1245 paria
1506 1201 1659 1245 praemia
1684 1209 1744 1236 aut
1759 1214 1860 1246 pares
1879 1204 2039 1246 poenae?
2073 1203 2174 1237 Iudi-

1181 1264 1253 1283 cem
1282 1252 1431 1284 maxime
1456 1253 1554 1285 decet
1578 1253 1789 1296 aequalitas,
1816 1253 1865 1287 sic
1891 1253 1984 1286 enim
2004 1254 2174 1300 inquiunt

1183 1301 1329 1335 Graeci:
1358 1300 1420 1335 ἶσα
1436 1299 1596 1347 πόλεμον
1615 1302 1659 1337 οὐ
1676 1305 1783 1338 ποιεῖ.

1283 1352 1414 1387 Paulus
1432 1354 1568 1396 mitigat
1586 1351 1676 1387 hanc
1693 1355 1928 1389 obiectionem
1946 1353 2013 1390 hoc
2030 1356 2149 1393 modo,

1284 1404 1384 1437 Deus
1403 1416 1475 1437 non
1494 1405 1610 1441 reddit
1628 1406 1722 1449 paria
1742 1407 1901 1450 paribus:

1338 1454 1451 1498 Igitur
1470 1456 1610 1489 videtur
1626 1468 1698 1489 esse
1716 1457 1905 1491 iniusticia-

1233 1504 1274 1539 ln
1311 1503 1377 1539 hoc
1407 1514 1613 1549 argumento
1654 1509 1767 1541 maior
1800 1509 2051 1552 distinguenda
2089 1509 2167 1544 erit.

1183 1555 1325 1590 lusticia
1350 1564 1400 1590 est
1431 1560 1577 1590 reddere
1607 1559 1723 1601 paria,
1765 1571 1845 1593 cum
1873 1560 2031 1593 debitum
2063 1561 2173 1593 solvi-

1181 1615 1251 1642 tur.
1305 1607 1395 1642 Nam
1420 1608 1458 1641 in
1482 1610 1648 1642 donando
1675 1607 1767 1643 nihil
1793 1622 1883 1654 opus
1900 1617 1950 1644 est
1973 1611 2070 1655 paria
2088 1612 2173 1646 dare

1182 1659 1337 1704 paribus.

1283 1709 1406 1743 Minor
1439 1722 1512 1743 non
1546 1708 1708 1745 cohaeret
1739 1725 1819 1746 cum
1854 1712 2013 1755 maiore,
2057 1713 2173 1748 maior

1182 1761 1276 1794 euim
1294 1761 1453 1807 loquitur
1471 1763 1514 1795 de
1534 1763 1665 1798 debito.
1718 1762 1841 1797 Minor
1859 1764 2018 1810 loquitur
2042 1765 2085 1798 de
2110 1766 2173 1798 be-

1182 1812 1333 1853 neficiis,
1367 1825 1455 1857 quae
1479 1814 1586 1856 gratis
1608 1815 1806 1856 donantur,
1837 1813 1932 1849 Deus
1955 1828 2028 1850 non
2053 1816 2171 1851 reddit

1182 1863 1296 1906 paria,
1331 1864 1482 1904 scilicet,
1518 1865 1600 1909 quia
1623 1865 1834 1910 quibusdam
1866 1867 1976 1901 donat
2008 1867 2170 1901 salutem.

1181 1914 1285 1947 Tunc
1301 1915 1455 1949 accusari
1474 1916 1610 1949 iusticia
1629 1923 1759 1960 posset,
1785 1918 1814 1950 si
1833 1917 1927 1951 Deus
1944 1918 2085 1952 deberet
2103 1916 2170 1952 hoc

1180 1965 1388 1999 beneficium
1412 1967 1596 2008 omnibus,
1638 1968 1697 2000 sed
1723 1968 1804 2013 quia
1838 1981 1911 2002 non
1936 1970 2058 2009 debet,
2093 1981 2167 2002 uon

1179 2024 1228 2050 est
1245 2017 1443 2055 iniusticia‚
1472 2019 1566 2063 quod
1589 2018 1727 2063 aliquos
1750 2019 1896 2060 liberat,
1925 2020 2167 2054 misericordia

1179 2068 1288 2111 magis
1313 2075 1384 2109 est,
1417 2075 1455 2102 ut
1480 2069 1508 2102 si
1533 2069 1696 2114 princeps
1722 2070 1850 2105 eximat
1874 2082 2007 2114 poenae
2029 2072 2168 2116 aliquos

1178 2120 1447 2160 condemnatos,
1481 2120 1665 2153 clementia
1688 2121 1764 2156 erit.
1840 2121 1986 2156 Interim
2013 2135 2085 2155 non
2117 2128 2167 2156 est

1177 2170 1347 2211 iniustus,
1379 2171 1407 2204 si
1430 2171 1585 2216 reliquos
1608 2171 1770 2206 similiter
1793 2174 2065 2215 condemnatos,
2093 2185 2166 2207 non

1177 2221 1303 2255 eximat
1329 2234 1474 2266 poenae.

1279 2273 1393 2307 Diluit
1416 2274 1524 2316 igitur
1541 2272 1671 2306 Paulus
1696 2273 1932 2308 obiectionem
1957 2287 2021 2318 per
2049 2282 2165 2310 trans-

1177 2323 1367 2363 lationem,
1395 2325 1523 2368 eligere
1548 2331 1597 2358 est
1623 2325 1903 2363 misericordiae,
1937 2337 2009 2359 non
2033 2334 2083 2360 est
2101 2328 2164 2360 de-

1175 2375 1302 2408 biturn.
1363 2375 1477 2418 Igitur
1499 2375 1653 2408 accusari
1678 2375 1814 2408 iusticia
1841 2388 1914 2408 non
1939 2384 2065 2419 potest.
2117 2376 2165 2411 Et

1176 2426 1258 2459 citat
1283 2427 1400 2460 locum
1426 2426 1569 2465 Exodi,
1611 2432 1649 2459 ut
1675 2427 1837 2460 ostendat
1863 2428 1969 2469 gratis
1993 2429 2164 2461 donatum

1175 2477 1385 2510 beneficium
1405 2490 1496 2518 esse,
1523 2476 1730 2510 electionem
1752 2489 1826 2511 non
1850 2478 2025 2513 debitum:
2054 2478 2164 2513 Mise—

1173 2529 1278 2562 rebor
1296 2537 1359 2564 etc.

1276 2579 1388 2613 Addit
1410 2576 1622 2622 Epilogum,
1649 2577 1687 2611 in
1708 2591 1779 2624 quo
1803 2580 1905 2624 ponit
1929 2580 2160 2624 principalem

1173 2630 1451 2674 propositionem
1470 2627 1576 2663 huius
1599 2630 1860 2674 disputationis.
1912 2631 2003 2666 Nam
2021 2631 2058 2664 in
2083 2631 2159 2675 epi-

1172 2682 1261 2725 logis
1293 2687 1502 2726 repetuntur
1531 2681 1817 2727 propositiones,
1864 2682 1936 2717 imo
1974 2682 2156 2717 interdum
