2415 2942
194 71 265 106 291

203 154 337 189 concio
380 161 429 188 est
465 153 508 186 de
549 149 737 184 dilectione
780 148 872 181 inter
910 148 1033 181 fratres
1071 151 1189 179 tuente

202 206 446 243 concordiam,
481 202 522 235 ad
554 201 647 245 quod
676 198 828 231 officium
852 198 973 232 multis
997 197 1187 230 virtutibus

202 267 290 298 opus
329 262 392 293 est,
437 250 724 290 mansuetudine,
773 249 962 292 patientia,
1004 247 1188 292 aequitate.

204 305 396 339 ¹erentins
427 309 541 335 autem
574 300 795 333 commendat
828 299 899 332 suis
925 298 1080 332 studium
1105 308 1189 330 con-

204 356 362 391 cordiae=
389 354 455 385 iam
481 364 519 384 ex
545 348 610 383 hoc
631 352 764 383 mundo
785 349 1020 387 discessurus,
1047 356 1085 381 ut
1106 346 1190 380 haec

203 405 326 438 ultima
357 404 521 436 mandata
555 402 664 443 magis
696 407 859 433 moveant
885 400 1030 434 animos.
1099 397 1188 431 Nam

204 454 288 488 haec
314 455 385 487 duo
406 453 590 497 praecipue
606 451 786 483 efficienda
805 456 885 483 sunt
904 451 997 483 bono
1015 449 1190 492 guberna—

203 506 291 545 tori,
317 512 354 538 ut
379 511 469 537 recte
495 504 615 535 doceat
634 501 888 544 Evangelium,
914 508 945 534 et
967 501 1081 533 foveat
1106 510 1190 532 con-

205 556 379 593 cordiam,
414 566 477 587 nec
507 553 623 586 turbet
657 564 730 584 eam
757 551 963 589 ambitione,
998 549 1191 588 iracundia,

205 607 409 650 asperitate,
435 611 471 637 ut
491 603 690 647 saepissime
708 602 743 635 fit
761 602 796 634 in
813 602 909 633 omni
926 601 1192 644 gubernatione.

206 656 252 691 Et
276 663 314 689 ut
338 654 394 689 hic
409 657 465 687 dat
485 659 684 698 praecepta,
712 653 758 685 ita
777 659 894 695 postea
912 652 995 695 petit
1015 658 1193 693 utrunque

207 707 308 740 aDeo
321 734 329 746 ,
355 713 392 738 nt
410 712 504 747 regat
522 706 699 745 doctores,
727 710 765 735 ut
785 714 863 734 ver-i
881 703 1047 741 doceant,
1074 707 1105 732 et
1123 700 1193 732 sint

208 758 408 791 concordes.
461 754 554 787 llaec
586 754 726 797 politica
756 752 915 785 doctrina
947 763 1020 783 non
1053 757 1103 783 est
1128 751 1194 781 ob-

209 820 327 847 scura,
354 808 411 840 sed
439 805 548 838 animi
573 811 686 836 motus
710 803 870 835 ardentes
886 801 1096 841 ambitione,
1124 800 1194 832 ira—

209 858 357 897 cundia,
394 856 583 899 cupiditate
613 853 809 895 vindictae,
844 859 877 885 et
899 851 1076 885 similibus
1098 862 1194 883 rnor-

209 909 280 949 bis,
308 909 444 940 frenare
460 905 601 938 difficile
618 910 677 938 est.

387 990 466 1039 Qu!
488 987 688 1024 manducat
711 1000 845 1022 mecum
868 998 1014 1035 panem.

311 1059 429 1092 Verba
451 1064 562 1091 sumta
580 1063 661 1089 sunt
679 1068 718 1088 ex
736 1055 865 1089 Psalm.
883 1055 959 1087 41.:
987 1053 1116 1087 Beatus
1134 1050 1195 1096 qui

212 1111 379 1152 intelligit
402 1121 506 1152 super
532 1119 678 1150 egenum
703 1113 735 1138 et
758 1117 967 1149 pauperem,
992 1104 1053 1137 ubi
1075 1114 1195 1136 recen-

214 1169 308 1195 setur
331 1158 525 1193 antithesis.
578 1157 700 1201 Aliqui
721 1156 819 1199 pauci
840 1155 1041 1188 afficiuntur
1059 1152 1196 1185 miseri-

214 1212 331 1245 cordia
349 1220 576 1243 aerumnosae
591 1206 785 1246 Ecclesiae,
814 1218 875 1249 pro
893 1203 959 1238 hoc
975 1204 1089 1236 officio
1101 1202 1196 1235 Deus

214 1265 252 1295 in
278 1275 317 1295 eo
335 1261 475 1294 Psalmo
499 1258 652 1303 praemia
675 1256 886 1289 dulcissimis
911 1255 1028 1287 verbis
1052 1254 1197 1298 pollice-

214 1322 282 1348 tur.
336 1310 382 1344 Et
405 1312 448 1343 de
464 1308 628 1354 praemiis
647 1307 876 1341 concionatur
893 1303 1053 1339 Christus
1069 1300 1196 1337 Matth.

215 1363 294 1398 25:
332 1362 458 1394 N‘enite
483 1358 678 1399 benedicti,
711 1365 775 1393 etc.
840 1355 886 1389 Et
911 1356 1064 1400 exempla
1090 1354 1197 1387 multa

217 1421 317 1457 sunt,
346 1424 434 1457 qnae.
457 1411 646 1444 ostendunt
668 1410 703 1441 in
721 1406 784 1441 hac
802 1407 870 1440 vita
891 1407 1041 1449 gloriose
1058 1411 1199 1438 ornatos

217 1477 289 1498 esse
312 1463 441 1497 amicos
460 1460 651 1500 Ecclesiae,
679 1465 715 1492 ut
740 1458 936 1501 exemplum
956 1457 1082 1489 viduae
1098 1456 1200 1489 Sare-

216 1523 353 1559 ptanae.
406 1512 543 1546 Rursus
568 1511 646 1550 alii,
673 1517 704 1543 et
726 1509 868 1553 quidem
893 1507 995 1540 multi
1016 1514 1047 1540 et
1068 1505 1199 1549 praeci-

216 1567 277 1609 pui
312 1564 412 1597 amici
441 1562 633 1596 Ecclesiam
667 1560 703 1592 in
735 1558 991 1592 calamitatibus
1025 1558 1201 1595 deserunt,

218 1624 277 1649 aut
305 1615 407 1647 etiam
433 1618 655 1656 oppugnant,
688 1617 727 1643 ut
750 1609 838 1642 Cain
861 1609 1003 1642 fratrem
1028 1606 1201 1640 interficit.

217 1666 310 1700 Esau
344 1664 530 1697 insidiatur
560 1663 651 1695 vitae
682 1660 802 1693 Iacob:
839 1656 965 1702 Ioseph
994 1658 1160 1690 venditur
1183 1668 1200 1688 a

218 1717 396 1750 fratribus.
457 1714 635 1746 Adversus
665 1710 836 1744 Davidem
869 1710 961 1742 filius
993 1708 1200 1741 seditionem

219 1768 339 1800 movit.
401 1764 496 1798 Haec
527 1761 714 1795 domestica
740 1761 886 1793 vulnera
910 1760 1012 1801 longe
1034 1759 1201 1791 maiorem

220 1819 377 1851 dolorem
402 1816 555 1853 faciunt,
582 1824 685 1858 quam
703 1811 898 1844 alienorum
918 1808 1102 1842 hominum
1124 1819 1202 1840 cru-

222 1869 356 1902 delitas.
425 1865 508 1898 Ideo
535 1862 744 1896 nominatim
769 1862 895 1894 citatur
919 1858 976 1893 hic
1000 1858 1203 1897 versiculus,

220 1926 259 1952 ut
295 1927 540 1961 praeparemus
571 1914 706 1947 animos
738 1913 780 1945 ad
809 1911 1007 1944 tolerandas
1039 1909 1202 1954 perfidias

222 1969 429 2002 amicorum:
467 1965 537 2007 Qui
571 1976 704 1996 mecum
732 1962 965 1995 manducabat
990 1972 1133 2004 panem,
1167 1959 1200 1990 id

223 2027 294 2059 est,
322 2019 381 2063 qui
399 2015 485 2049 mihi
505 2015 757 2053 familiaritate,
785 2012 1041 2048 benevolentia,
1070 2008 1204 2048 officiis,

222 2070 385 2103 societate
416 2065 641 2111 professionis
665 2062 971 2096 coniunctissimus
994 2061 1077 2100 suit,
1108 2070 1203 2091 nunc

222 2120 420 2163 opprimere
444 2125 475 2150 et
497 2117 612 2149 delere
639 2120 798 2147 conatur.
864 2112 953 2145 Sunt
979 2119 1093 2144 autem
1117 2110 1204 2142 aliae

223 2172 367 2203 usitatae
385 2170 475 2200 iuter
491 2165 651 2200 homines
668 2164 770 2197 etiam
788 2164 821 2195 in
840 2162 934 2195 civili
950 2160 1204 2194 consuetudine

222 2221 314 2253 vitae
352 2220 543 2251 amicorum
584 2214 750 2260 perfidiae
785 2220 819 2246 et
857 2212 1117 2252 distractiones,
1165 2218 1203 2244 ut

222 2272 324 2313 poeta
349 2268 562 2301 exclamarit:
598 2266 778 2309 Nusquam
805 2270 877 2297 tuta
901 2263 995 2295 fides.
1048 2262 1115 2296 Sed
1134 2261 1202 2295 Ec-

222 2322 322 2353 clesia
363 2318 465 2351 habet
503 2317 655 2359 exempla
693 2315 845 2349 tristiora
878 2321 907 2347 et
939 2312 1203 2357 perniciosiora,

222 2372 302 2416 quia
330 2371 365 2402 in
387 2369 538 2401 dissidiis
555 2366 728 2400 Ecclesiae
745 2366 911 2398 sactiones
930 2365 1077 2406 gignunt
1094 2375 1203 2396 novos

221 2433 373 2460 errores,
400 2427 430 2451 ct
456 2430 614 2460 magnam
642 2423 771 2460 partem
790 2415 912 2460 populi
931 2412 1075 2447 trahunt
1091 2414 1126 2446 in
1145 2426 1201 2446 ex-

221 2480 369 2504 tremum
391 2470 553 2510 exitium,
584 2469 660 2500 ideo
678 2468 768 2499 etde
790 2466 912 2510 poenis
933 2477 1053 2497 eorum
1077 2465 1200 2508 passim

219 2523 348 2554 multa·-
361 2519 645 2555 suntconciones‚
662 2524 700 2550 ut
717 2515 844 2551 Manli.
861 2514 938 2550 25.:
959 2515 1008 2548 lte
1027 2515 1200 2547 maledicti

739 2565 922 2602 EtPsalm.
937 2564 1012 2600 45.:
1043 2565 1100 2599 Tu
1119 2577 1200 2649 νει-ο

1166 2629 1198 2649 ρ-

219 2574 253 2604 in
275 2573 386 2615 ignem
406 2578 596 2609 aeternum,
624 2575 687 2602 etc.

219 2622 322 2655 bomo
343 2622 537 2657 unanimis,
567 2620 637 2652 dux
655 2629 769 2659 meus,
797 2624 829 2652 et
849 2624 952 2651 notus
968 2628 1076 2650 meus-

780 59 907 98 PntL.
933 61 1049 97 MEL.
1076 57 1284 96 SCRIPTA
1311 57 1611 96 EXEGETICA.

2143 61 2218 113 292

1237 145 1314 180 niat
1329 158 1424 180 mors
1439 158 1544 191 super
1561 146 1659 185 illos,
1694 153 1727 181 et
1744 148 1956 183 descendant
1981 148 2018 182 in
2043 147 2222 181 infernum

1239 197 1408 232 viventes.
1437 196 1532 230 Haec
1549 197 1704 231 breviter
1720 199 1763 231 de
1776 198 2100 242 insigniversiculo,
2118 208 2221 243 quem

1239 248 1321 281 citat
1343 245 1523 289 ChristuS‚
1558 247 1652 288 dixi,
1689 254 1728 281 ut
1762 246 1846 282 haec
1879 250 2024 283 vulnera
2047 247 2222 283 Ecclesiae

1239 298 1518 338 consideremus,
1564 305 1596 331 et
1623 298 1760 331 animos
1789 299 2034 333 confirmemus
2062 298 2220 343 exemplo

1239 346 1391 390 Christi,
1419 361 1496 382 cum
1516 348 1677 393 perfidias
1695 349 1887 382 amicorum
1906 350 2114 393 experimur.

1414 429 1514 466 Dico
1533 430 1632 465 vobis
1649 430 1931 480 antequamfiat
1943 461 1951 474 ,
1979 437 2040 468 elc.

1341 497 1454 535 Addit
1482 499 1645 535 Christus
1681 502 1872 543 rationem,
1916 515 1978 536 cur
2006 501 2221 546 proditorem

1241 561 1337 583 nunc
1355 559 1434 585 ante
1450 553 1577 585 sactum
1603 552 1752 593 indicet,
1786 554 1947 586 videlicet
1970 561 2006 587 ut
2030 552 2222 596 praedictio

1242 601 1285 633 sit
1301 602 1541 635 testimonium
1561 604 1776 646 praesentiae
1792 602 1856 636 Dei
1874 605 1910 636 in
1927 601 2080 639 Christo.
2133 602 2221 635 Nam

1242 659 1523 694 praemonstrare
1541 653 1678 693 sutura,
1705 660 1735 686 et
1756 654 1873 686 videre
1891 655 2050 687 cordium
2067 653 2225 693 consilia,

1243 703 1424 745 proprium
1442 701 1516 736 Deo
1533 712 1594 737 est.
1649 704 1783 736 Deinde
1800 704 1884 737 haee
1903 704 2094 748 praedictio
2119 703 2223 736 etiam

1243 751 1413 793 significat
1436 751 1616 787 Christum
1646 765 1705 787 sua
1734 762 1858 798 sponte
1886 755 2004 787 subire
2029 754 2224 798 passionem

1243 813 1306 845 pro
1323 803 1433 836 salute
1449 804 1584 846 generis
1602 802 1768 845 humani,
1794 818 1865 838 non
1890 806 1965 849 rapi
1991 805 2140 838 inscium
2164 809 2225 837 aut

1244 852 1395 885 invitum
1416 855 1458 886 ad
1481 855 1666 898 supplicia.
1725 854 1863 888 Deinde
1887 856 2007 889 attexit
2030 866 2130 899 saepe
2153 861 2226 888 tra-

1245 902 1353 935 ditam
1378 905 1604 945 sententiam,
1649 917 1716 949 qua
1745 908 1968 939 commendat
1992 905 2094 938 nobis
2119 905 2227 937 mini-

1245 959 1333 985 stros
1360 951 1556 997 Evangelii.
1617 953 1690 997 Qui
1718 957 1859 1000 recipit,
1895 957 1921 989 si
1951 969 2054 1000 quem
2085 956 2226 995 misero,

1246 1014 1300 1034 me
1317 1003 1450 1046 recipit.
1506 1004 1686 1047 Significat
1702 1014 1816 1039 autem
1835 1007 1961 1039 similia
1980 1006 2134 1050 pericula
2158 1005 2227 1038 rni-

1246 1053 1437 1086 nistrorum
1458 1054 1575 1087 futura
1594 1066 1678 1088 esse.
1731 1055 1909 1090 Promittit
1932 1057 2038 1099 igitur
2065 1056 2226 1089 beneficis

1246 1114 1325 1144 erga
1342 1104 1532 1146 Apostolos
1557 1111 1589 1137 et
1612 1105 1690 1148 pios
1714 1106 1874 1140 doctores
1899 1107 2072 1151 praemia,
2104 1113 2136 1140 et
2159 1106 2225 1139 mi-

1246 1159 1350 1186 natur
1369 1150 1528 1187 hostibus
1544 1165 1683 1197 poenas.

1535 1233 1793 1284 Respexerunt
1812 1237 1936 1284 igilur.

1349 1305 1467 1347 Imago
1484 1312 1533 1339 est
1550 1305 1707 1349 piorum,
1733 1307 1795 1350 qni
1810 1307 1927 1339 audita
1954 1306 2132 1339 mentione
2157 1317 2230 1339 sce-

1249 1356 1331 1389 leris
1351 1355 1497 1388 alicuius
1514 1356 1550 1388 in
1570 1367 1632 1388 suo
1656 1357 1812 1398 agmine,
1848 1363 2081 1400 expavescunt
2106 1363 2138 1389 et
2165 1357 2229 1389 do-

1250 1407 1335 1440 lent.
1386 1405 1565 1444 Primum,
1594 1413 1756 1439 metuunt
1774 1408 1953 1451 propriam
1977 1407 2228 1447 infirmitatem,

1251 1469 1288 1490 ac
1306 1456 1431 1490 timent
1448 1456 1564 1499 lapsus
1580 1457 1718 1501 aliquos
1731 1484 1738 1497 ‚
1774 1464 1805 1490 et
1822 1458 1915 1490 anxii
1937 1464 2055 1497 orant,
2089 1464 2127 1490 ut
2147 1469 2232 1490 con-

1251 1507 1435 1540 firmentur
1453 1513 1485 1539 et
1510 1514 1685 1549 regantur.
1746 1506 1882 1541 Deinde
1908 1515 1939 1541 et
1965 1509 2129 1541 scandalo
2153 1520 2230 1539 rno-

1251 1564 1389 1592 ventur.
1449 1556 1652 1590 Adversarii
1680 1559 1949 1595 confirmantur,
1984 1571 2061 1591 cum
2088 1559 2140 1590 illi
2166 1558 2232 1601 ipsi

1252 1608 1439 1649 deficiunt,
1468 1608 1527 1651 qui
1551 1614 1650 1640 antea
1669 1606 1901 1651 Evangelium
1919 1609 2045 1641 aeriter
2062 1609 2229 1641 defende—

1254 1665 1343 1691 rant.
1386 1658 1500 1690 Totus
1515 1659 1619 1691 etiam
1636 1664 1754 1691 coetus
1772 1659 1913 1691 ducitur
1930 1670 2000 1691 esse
2020 1659 2130 1691 levior
2149 1671 2232 1702 pro-

1254 1715 1330 1752 pter
1347 1708 1496 1740 aliorum
1519 1708 1807 1742 inconstantiam:
1825 1709 1890 1742 His
1907 1709 2078 1742 scandalis
2094 1709 2150 1742 uri
2167 1711 2231 1742 bo—

1254 1770 1316 1791 nas
1337 1766 1468 1791 mentes
1492 1759 1714 1792 manifestum
1740 1767 1808 1798 est,
1849 1760 1937 1791 sicut
1961 1766 1992 1791 et
2018 1758 2149 1792 Paulus
2175 1760 2232 1791 in-

1254 1806 1558 1854 q11i12.C0rimb.
1583 1810 1654 1844 11.:
1686 1808 1776 1850 Quis
1794 1810 1933 1851 languet
1960 1809 2022 1847 ita,
2058 1820 2101 1841 ne
2125 1809 2230 1842 simul

1255 1867 1287 1893 et
1306 1860 1376 1903 ipse
1394 1859 1596 1901 langueam,
1631 1859 1710 1903 quis
1728 1866 1889 1892 movetur
1916 1858 2080 1891 scandalo
2098 1859 2230 1903 aliquo,

1256 1911 1300 1943 ita
1320 1921 1363 1941 ne
1381 1909 1453 1952 ipse
1470 1909 1574 1942 simul
1592 1909 1696 1941 urar?
1722 1908 1801 1942 Non
1819 1916 1931 1954 potest
1950 1909 2044 1947 fieri,
2068 1911 2153 1954 quin
2173 1921 2231 1943 ca-

1255 1960 1392 1992 lamitas
1409 1959 1518 1992 nostri
1537 1959 1694 2002 corporis
1711 1966 1743 1992 et
1767 1961 2003 1993 membrorum
2027 1967 2228 1994 nostrorum

1254 2010 1412 2042 dolorem
1437 2010 1540 2042 nobis
1564 2010 1705 2051 afferat,
1744 2018 1783 2044 ut
1807 2011 1986 2044 manifesta
2016 2011 2229 2054 experientia

1255 2066 1410 2093 testatur.
1472 2058 1654 2093 Recitatur
1680 2072 1760 2103 ergo
1786 2059 1852 2094 hoc
1875 2062 1951 2094 loco
1976 2058 2228 2104 Apostolorum

1255 2110 1439 2143 solicitudo
1458 2116 1490 2142 et
1508 2111 1754 2146 consternatio.

1355 2160 1420 2194 Sed
1442 2157 1497 2192 hic
1515 2161 1695 2194 considera
1715 2161 1821 2195 tudae
1838 2162 2013 2196 duritiem.
2066 2162 2133 2195 Hic
2153 2175 2228 2196 mo-

1255 2211 1349 2245 nitus
1373 2217 1405 2243 et
1431 2212 1614 2253 castigatus
1636 2213 1769 2257 aliquot
1797 2214 1896 2246 dictis
1922 2211 2075 2251 Christi,
2111 2220 2226 2246 tamen

1256 2274 1328 2294 non
1346 2261 1415 2304 agit
1431 2263 1701 2305 poenitentiam,
1736 2275 1807 2296 non
1834 2264 1984 2297 flectitur
2008 2264 2049 2295 ad
2073 2264 2226 2307 cogitan-

1254 2313 1334 2345 dam
1357 2313 1635 2355 magnitudinem
1658 2315 1787 2356 peccati
1813 2314 1864 2346 sui
1890 2322 1921 2348 et
1946 2314 2016 2346 irae
2034 2312 2118 2354 Dei,
2151 2315 2228 2348 talis

1255 2364 1372 2402 suror,
1400 2370 1430 2395 et
1446 2364 1555 2397 ferrea
1575 2364 1720 2397 durities
1741 2364 1917 2409 sequitur,
1950 2370 2131 2408 postquam
2158 2365 2226 2397 ini-

1254 2413 1311 2447 tiis
1335 2415 1568 2447 tentationum
1597 2426 1668 2446 non
1693 2423 1921 2457 repugnatum
1946 2422 2015 2455 est,
2051 2422 2106 2455 ut,
2145 2416 2227 2460 qnia

1254 2462 1410 2502 Pharao,
1439 2464 1541 2505 Saul,
1569 2463 1780 2508 Achitophel
1800 2466 1927 2508 primas
1943 2466 2100 2498 ssarnruas
2127 2467 2226 2499 odio-

1253 2526 1330 2547 rum
1358 2526 1428 2546 non
1456 2515 1695 2553 extinxerunt,
1736 2517 1792 2548 sed
1820 2517 2000 2555 aluerunt,
2032 2523 2148 2559 postea
2173 2517 2226 2549 in—

1254 2565 1416 2597 cendium
1442 2566 1552 2598 maius
1573 2566 1700 2598 sactum
1728 2573 1794 2605 est,
1837 2579 1941 2611 qnam
1965 2574 2000 2600 nt
2028 2567 2227 2609 extinguere

1256 2622 1408 2659 possent.
1461 2614 1591 2650 Moniti
1611 2617 1716 2659 igitur
1732 2617 1801 2650 illis
1820 2618 2026 2652 tristissimis
2051 2618 2227 2661 exemplis,
