2415 2942
256 113 325 146 631

680 188 815 219 Causae.

359 253 469 287 Cama
489 251 642 284 efficiens
661 256 710 282 est
736 250 900 281 voluntas
920 247 1006 287 Dei,
1032 260 1119 293 quae
1137 244 1244 281 Chri-

261 314 350 339 stum
371 316 433 347 pro
454 303 555 335 nuliis
574 302 686 333 voluit
703 300 775 332 fieri
798 300 988 339 victimam,
1005 307 1036 332 et
1056 298 1121 332 hoc
1138 299 1244 331 modo

260 362 403 401 propter
426 354 538 396 ipsum
564 351 674 384 nostri
702 350 880 389 misereri,
908 362 981 383 nou
1014 358 1158 395 propter
1180 349 1246 382 ali-

260 418 364 451 quam
382 412 537 438 nostram
559 402 782 444 dignitatem.

431 477 595 516 Quomodo
619 476 784 514 contingit
808 473 901 504 nobis
925 467 1074 512 gralia?

367 539 522 572 Verbum
550 538 613 572 Dei
640 545 687 571 est
720 537 1013 578 instrumentum,
1041 541 1072 568 et
1098 532 1164 567 hoc
1181 533 1247 566 fide

265 591 507 635 accipiendum
540 597 600 622 est.
671 588 823 631 Quando
865 587 958 619 enim
992 586 1096 618 corda
1132 584 1246 617 conci-

265 643 369 686 piunt
408 641 684 674 consolationem
723 650 762 671 ex
793 637 1046 682 promissione,
1089 647 1177 680 quae
1210 635 1247 666 in

268 692 460 734 Evangelio
484 691 633 724 revelata
653 696 720 729 est,
748 695 901 722 statuant
927 700 961 720 se
987 698 1066 719 vere
1081 685 1246 729 consequi

269 744 348 784 illa,
375 754 462 787 quae
491 741 661 786 promittit
685 739 932 782 Evangelium,
960 737 1091 770 scilicet
1124 736 1248 769 remis-

270 795 403 827 sionem
428 800 668 837 peecatorum,
704 789 971 833 imputationem
1005 787 1182 827 iusticiae‚
1215 792 1247 819 et

271 844 442 888 Spiritum
467 849 642 876 sanctum:
670 840 750 885 quia
783 839 877 872 Deus
903 846 951 871 est
975 849 1097 877 verax,
1125 845 1157 871 et
1175 836 1249 869 vult

272 896 335 928 sibi
370 893 459 927 lianc
482 893 628 936 gloriam
655 891 812 923 veritatis
838 889 959 923 tribui.
1013 887 1100 921 Vult
1124 899 1159 921 se
1182 887 1248 920 coli

273 944 336 978 hac
363 945 449 984 fide,
487 950 525 977 ut
559 943 666 975 verbo
692 953 754 974 suo
780 941 1021 973 assentiamur.
1086 938 1160 971 lmo
1183 936 1250 970 hoc

271 1003 321 1029 est
345 1006 520 1028 summum
546 1000 579 1027 et
601 992 820 1025 immutabile
847 998 1089 1035 praeceptum,
1115 996 1154 1022 ut
1177 1000 1250 1021 cre-

271 1048 393 1079 damus
420 1045 521 1078 nobis
548 1051 691 1088 propter
721 1040 901 1076 ChrIstum
928 1039 1012 1073 haec
1039 1040 1136 1080 dari,
1162 1051 1251 1084 quae

271 1097 445 1141 promittit
465 1095 706 1138 Evangelium.
759 1091 806 1126 Et
831 1099 869 1125 ut
894 1103 1129 1135 repugnemus
1147 1090 1252 1122 dubi-

273 1147 416 1187 tationi,
453 1147 631 1179 sciendum
659 1151 727 1181 est,
763 1143 1032 1187 promissionem
1065 1141 1251 1185 gratuitam

273 1205 307 1231 et
336 1198 569 1231 universalem
593 1207 687 1235 esse,
724 1194 804 1238 quia
828 1193 1050 1226 conscientiis
1076 1191 1160 1225 haec
1183 1193 1253 1224 duo

273 1250 498 1293 obstrepunt,
527 1246 718 1289 indignitas
745 1252 862 1278 nostra
882 1251 915 1278 et
931 1243 1203 1288 particularitas.

597 1319 751 1361 Effectus
781 1320 928 1357 gratiae.

376 1382 498 1417 Motus
518 1380 671 1424 Spiritus
687 1379 794 1412 sancti
809 1406 816 1420 ,
834 1379 894 1424 qui
913 1378 1020 1418 fiunt,
1041 1389 1118 1410 cum
1138 1376 1256 1409 Evan-

277 1434 406 1477 gelium
433 1430 748 1477 apprehendimus,
783 1442 821 1462 ac
851 1429 1058 1473 praecipuus
1088 1436 1134 1461 est
1161 1428 1256 1467 fides,

277 1498 343 1530 qua
361 1496 425 1517 nos
450 1483 635 1526 erigimus,
662 1489 695 1514 et
722 1481 907 1513 statuimus
936 1479 1038 1512 nobis
1066 1478 1160 1511 Deus
1185 1490 1256 1510 esse

276 1535 473 1580 propicium
493 1540 635 1580 propter
653 1529 843 1564 Christum.
896 1529 964 1562 Hic
986 1536 1101 1562 motus
1126 1529 1255 1561 dicitur

278 1585 485 1623 vivificatio,
523 1584 603 1628 quia
640 1580 703 1614 hac
737 1581 861 1613 fiducia
890 1581 1082 1613 vincuntur
1106 1587 1254 1613 terrores

280 1636 408 1680 peccati
443 1642 472 1668 et
494 1634 627 1668 mortis,
681 1632 886 1677 Sequuntur
903 1631 1031 1664 deiude
1047 1630 1105 1662 alii
1124 1637 1254 1662 motus:

279 1687 420 1720 lncoata
438 1685 637 1719 obedientia
655 1694 734 1726 erga
750 1681 884 1723 Deum,
912 1681 1089 1714 invocatio
1103 1707 1110 1721 ‚
1139 1680 1256 1720 timor,

278 1737 438 1774 dilectio,
463 1735 632 1780 patientia
646 1761 655 1774 ,
671 1734 827 1771 castitas,
846 1740 879 1766 et
895 1733 1022 1777 reliqui
1041 1739 1155 1764 motus
1171 1743 1255 1764 con-

280 1788 467 1821 sentientes
497 1786 562 1829 legi
590 1785 674 1824 Dei,
707 1785 797 1817 sicut
822 1784 956 1817 dictum
988 1790 1054 1815 est:
1082 1781 1181 1815 Dabo
1207 1782 1255 1814 le-

279 1851 354 1881 gem
379 1849 490 1870 meam
517 1837 553 1869 in
579 1836 683 1869 corda
707 1847 841 1875 eorum,
891 1834 983 1868 Sunt
1011 1834 1152 1866 effectus
1177 1845 1256 1875 gra-

281 1947 402 1973 contra
436 1938 617 1971 diabolum
651 1944 683 1970 et
711 1936 946 1969 infirmitatem
980 1935 1105 1968 carnis.

281 1989 474 2024 consolatio
492 1996 525 2022 et
542 1987 710 2021 auxilium
731 1987 765 2019 iu
786 1987 1026 2030 praesentibus
1049 1985 1257 2018 calamitati-

283 2042 366 2081 bus,
401 2040 489 2073 sicut
509 2039 556 2072 ait
578 2037 753 2071 Christus:
782 2035 860 2070 Non
889 2038 1088 2081 relinquam
1117 2048 1178 2068 vos
1201 2048 1258 2067 or-

282 2089 429 2136 phanos.
482 2088 547 2123 Est
577 2089 717 2122 effectus
746 2087 909 2120 liberatio
944 2099 962 2120 a
993 2088 1088 2129 lege,
1115 2086 1259 2126 scilicet,

282 2154 326 2175 ne
358 2143 537 2175 credentes
573 2141 792 2172 condemnet.
853 2137 1007 2171 Ultimus
1037 2137 1178 2169 effectus
1210 2144 1260 2170 est

283 2191 539 2226 consummatio
570 2191 676 2224 totius
706 2195 850 2221 naturae
875 2195 1014 2222 nostrae
1047 2195 1080 2220 et
1112 2187 1261 2229 novitas,

285 2251 318 2278 et
342 2244 410 2277 vita
434 2249 585 2277 aeterna.

666 2355 728 2386 De
755 2354 878 2393 Lege.

387 2416 566 2462 Principio
583 2416 782 2450 monendus
799 2422 849 2448 est
866 2415 992 2453 lector,
1018 2411 1167 2445 Paulum
1187 2425 1260 2447 non

286 2468 384 2514 loqui
407 2469 450 2500 de
472 2468 614 2509 politico
639 2479 705 2500 usu
735 2466 838 2509 legis,
874 2472 933 2498 aut
965 2464 1006 2496 de
1038 2465 1261 2507 paedagogia,

286 2521 345 2553 sed
373 2520 415 2552 de
439 2529 502 2552 usu
520 2518 604 2561 legis
621 2518 657 2550 in
678 2516 908 2556 conscientia,
937 2521 1058 2557 agente
1077 2526 1153 2547 cum
1174 2514 1260 2556 Deo,

285 2577 317 2604 et
335 2576 522 2614 quaerente
539 2568 831 2602 iustificationem.
885 2566 977 2600 Sunt
1002 2565 1107 2607 igitur
1129 2565 1259 2598 discer-

285 2620 390 2653 nendi
410 2630 494 2653 usus
511 2620 606 2662 legis.
659 2617 799 2650 Primus
815 2624 866 2650 est
884 2615 1092 2660 paedagogia
1117 2627 1175 2649 seu
1194 2628 1257 2659 po-

284 2671 401 2705 liticus
418 2681 518 2709 usus,
543 2669 706 2703 videlicet
729 2669 889 2702 coercere
913 2679 1073 2707 carnem,
1096 2674 1128 2701 et
1154 2679 1254 2711 prae-

855 103 979 141 PHlL.
1008 102 1122 139 MEL.
1147 102 1355 139 SCRIPTA
1384 98 1684 137 EXEGEthA.

1286 2227 1288 2234 ⁴
1313 2214 1428 2234 coram
1448 2201 1532 2236 Deo.

2196 103 2271 139 652

1295 195 1383 222 stare
1401 198 1505 231 opera
1525 193 1685 225 externa,
1712 195 1892 231 praecepta
1918 202 1936 223 a
1961 190 2047 233 lege.
2103 188 2170 222 Hic
2186 199 2270 222 usus

1296 240 1330 271 in
1356 236 1428 279 his,
1462 237 1522 282 qui
1548 250 1619 269 uon
1643 245 1724 271 sunt
1751 239 1972 279 sanctificati.
1997 247 2140 273 vocatur
2165 239 2272 271 disci—

1295 290 1403 333 plina.
1464 288 1677 333 Quanquam
1713 294 1830 322 autem
1860 301 1932 322 non
1962 291 2124 324 iustificat
2155 300 2271 322 coram

1298 340 1391 380 Deo,
1431 345 1547 372 tamen
1581 339 1668 372 scire
1703 339 1888 380 debemus,
1929 337 2018 373 hanc
2049 341 2273 385 disciplinam

1299 390 1450 434 praecipi
1474 402 1491 422 a
1517 390 1616 430 Deo,
1653 389 1757 422 etiam
1783 402 1856 423 non
1880 390 2118 428 sanctificatis,
2152 398 2187 424 et
2207 390 2274 423 ali-

1298 453 1367 485 quo
1396 441 1499 473 modo
1524 452 1622 483 posse
1645 452 1720 473 eam
1747 441 1913 484 praestari
1940 439 2102 473 humanis
2127 441 2273 475 viribus.

1299 490 1429 536 Estque
1450 491 1487 523 in
1505 489 1569 524 hoc
1588 503 1652 524 usu
1672 491 1815 535 politico
1837 502 1895 524 seu
1912 491 2144 535 paedagogice
2159 491 2274 524 scien-

1298 544 1402 582 dum,
1429 543 1522 586 quod
1548 542 1601 574 lex
1625 542 1816 574 necessaria
1839 541 1901 580 sit,
1929 543 2021 586 quod
2040 543 2083 574 sit
2099 553 2276 575 summum

1298 595 1431 625 donum
1459 592 1549 625 vitae
1573 593 1784 636 corporalis,
1828 593 1924 638 quod
1947 591 2041 626 Deus
2068 599 2101 626 et
2125 592 2223 626 dedit
2243 598 2277 626 et

1301 649 1492 676 conservat.

1399 700 1490 735 Sunt
1506 707 1621 735 autem
1645 701 1730 734 fines
1746 708 1898 746 quatuor
1920 700 2189 741 considerandi,
2216 701 2277 745 qui

1299 763 1363 785 nos
1388 749 1522 785 hortari
1546 753 1692 791 debent,
1720 759 1759 786 ut
1781 763 1916 786 summa
1933 764 2015 785 cura
2039 761 2070 785 et
2094 752 2279 799 diligentia

1300 810 1513 847 praestemus
1532 800 1623 836 hauc
1640 803 1898 846 paedagogiam.
1936 802 2075 836 Primus
2091 809 2158 841 est,
2184 801 2279 845 Quia

1300 854 1393 887 Deus
1417 851 1507 886 hanc
1529 854 1768 887 obedientiam
1801 853 1970 898 requirit,
2004 854 2110 887 etiam
2138 852 2176 886 in
2204 864 2278 886 non

1299 903 1533 938 sanctificatis,
1585 902 1788 945 Secundus,
1817 903 1912 938 Deus
1929 905 2033 938 etiam
2059 903 2158 937 addit
2176 914 2279 947 prae-

1300 955 1369 987 mia
1401 961 1433 987 et
1466 965 1607 998 poenas,
1671 954 1813 988 Tertius
1841 955 1938 995 finis,
1982 961 2125 998 propter
2158 965 2278 998 pacem

1301 1005 1498 1038 communis
1528 1005 1715 1038 societatis.
1793 1004 1949 1047 Quartus
1977 1005 2077 1046 finis,
2115 1005 2197 1050 quia
2229 1011 2281 1038 est

1302 1056 1406 1089 etiam
1431 1055 1643 1099 paedagogia
1671 1055 1708 1087 in
1725 1052 1919 1091 Christum.

1405 1121 1491 1155 Tria
1508 1128 1624 1155 autem
1645 1122 1687 1155 ad
1706 1122 1952 1166 paedagogiani
1971 1122 2159 1167 pertinent.
2211 1119 2285 1155 Ne-

1304 1185 1394 1207 cesse
1411 1180 1461 1206 est
1481 1173 1642 1205 ordinem
1667 1179 1700 1206 et
1719 1184 1836 1215 pacem
1855 1184 1944 1214 esse,
1971 1180 2008 1206 ut
2036 1171 2196 1205 homines
2219 1172 2284 1205 do-

1305 1225 1373 1258 ceri
1391 1223 1535 1268 possint.
1588 1222 1771 1263 Secundo,
1799 1235 1935 1257 necesse
1956 1230 2004 1257 est
2024 1221 2184 1256 homines
2210 1234 2283 1255 non

1306 1286 1500 1319 repugnare
1518 1274 1626 1307 verbo
1643 1272 1726 1314 Dei,
1753 1286 1825 1307 non
1843 1274 2051 1308 commorari
2076 1274 2113 1307 in
2135 1273 2284 1306 manife-

1307 1327 1366 1360 stis
1390 1325 1542 1367 flagitiis.
1595 1325 1685 1357 Nam
1712 1325 1748 1357 in
1771 1332 2008 1358 commorante
2033 1337 2105 1357 non
2136 1331 2185 1358 est
2209 1324 2283 1356 effi-

1307 1389 1367 1409 cax
1385 1377 1530 1408 verbum
1548 1374 1624 1408 Dei.
1677 1374 1817 1415 Tertio,
1847 1374 2061 1418 Paedagogia
2079 1386 2150 1407 non
2169 1374 2283 1406 solum

1307 1427 1401 1474 pacis
1427 1433 1539 1458 custos
1565 1432 1634 1466 est,
1669 1437 1741 1458 non
1765 1426 1878 1458 solum
1905 1432 2058 1463 coercet,
2093 1425 2150 1457 sed
2177 1424 2282 1457 etiam

1307 1480 1418 1511 docet.
1478 1475 1514 1509 ld
1543 1476 1723 1519 proprium
1754 1483 1804 1509 est
1836 1476 2085 1519 paedagogum,
2118 1475 2195 1507 ideo
2229 1474 2284 1507 lex

1308 1526 1430 1561 habuit
1457 1527 1688 1566 ceremonias,
1721 1533 1754 1559 et
1790 1524 1894 1560 habet
1925 1527 2012 1559 ritus
2043 1533 2073 1558 et
2108 1526 2282 1562 exercitia,

1307 1578 1454 1623 quilibet
1480 1577 1558 1621 pius
1582 1577 1842 1621 paterfamilias.
1894 1576 1942 1610 Ut
1974 1577 2034 1609 illa
2064 1577 2136 1620 ipsa
2167 1587 2284 1608 assue-

1280 1619 1283 1653 l
1307 1628 1410 1661 factio
1428 1629 1548 1660 doceat
1566 1628 1671 1660 rudes
1686 1634 1717 1660 et
1736 1627 1911 1667 infirmos,
1927 1627 2103 1667 canimus,
2125 1627 2286 1669 legimus,

1308 1679 1518 1711 meditamur
1536 1678 1653 1723 aliqua
1670 1677 1745 1710 loca
1763 1677 1973 1722 scripturae,
1997 1677 2100 1711 certis
2116 1676 2286 1721 tempori-

1308 1732 1373 1763 bus
1390 1729 1620 1774 paedagogiae
1636 1739 1756 1769 causa,
1781 1728 1816 1761 id
1845 1735 1913 1770 est,
1939 1735 1978 1762 ut
2002 1729 2146 1761 verbum
2172 1727 2288 1760 incul-

1308 1788 1420 1821 cetur,
1440 1787 1476 1813 ut
1493 1780 1672 1812 assuefacti
1692 1779 1927 1822 intelligamus
1944 1780 2089 1812 verbum
2108 1777 2186 1812 Dei.
2227 1777 2289 1812 Est

1282 1850 1285 1866 ι
1309 1839 1424 1865 autem
1445 1830 1598 1874 Spiritus
1616 1837 1754 1862 sanctus
1772 1830 1890 1862 efficax
1909 1842 1969 1873 per
1987 1831 2145 1863 verbum.

280 1891 347 1923 tiae
371 1890 473 1922 etiam
501 1887 663 1920 llberatio
690 1898 707 1918 a
728 1892 895 1928 potestate
911 1885 1060 1925 diaboli,
1087 1884 1255 1917 auxilium
1282 1893 1285 1898 ·

1169 1933 1256 1968 Item
1282 1927 1285 1951 ἶ

1410 1897 1487 1931 Hae
1504 1898 1670 1931 utilitates
1693 1909 1764 1929 non
1784 1903 1864 1930 sunt
1881 1897 2176 1937 contemnendae,
2204 1896 2286 1940 quia

1311 1956 1400 1982 certe
1425 1947 1508 1981 haec
1535 1950 1604 1981 duo
1631 1954 1714 1980 sunt
1739 1947 1951 1986 necessaria,
1979 1959 2050 1979 non
2076 1946 2286 1980 commorari

1311 2000 1346 2031 in
1364 1999 1554 2032 manifestis
1576 1998 1738 2042 peccatiS,
1766 2005 1797 2031 et
1815 1998 1946 2031 discere
1970 2010 2009 2031 ac
2027 1998 2187 2031 meditari
2211 2009 2290 2030 ver-

1313 2052 1395 2083 bum
1423 2048 1507 2083 Dei:
1545 2056 1577 2083 et
1602 2056 1716 2082 tamen
1742 2048 1882 2081 interim
1907 2049 2056 2082 docendi
2078 2055 2156 2082 sunt
2175 2046 2291 2082 homi-

1313 2113 1392 2139 nes,
1415 2102 1508 2145 quod
1529 2097 1611 2132 haec
1631 2106 1770 2132 externa
1788 2100 1949 2133 exercitia
1969 2112 2040 2132 non
2061 2100 2132 2133 siut
2150 2100 2286 2132 iusticia

1313 2164 1426 2184 coram
1447 2150 1539 2191 Deo,
1567 2151 1623 2182 sed
1652 2151 1743 2194 quod
1770 2150 1864 2182 aliud
1889 2150 2055 2195 quiddam
2082 2150 2125 2183 sit
2150 2149 2285 2182 iusticia

1574 2200 1761 2233 Caeterum
1779 2213 1856 2234 cum
1874 2201 2004 2234 accedit
2022 2201 2106 2232 fides
2124 2200 2159 2231 in
2178 2196 2284 2231 Chri-

1314 2261 1422 2292 stum,
1450 2253 1486 2284 in
1511 2249 1581 2290 his,
1610 2251 1670 2296 qui
1691 2258 1770 2285 sunt
1796 2251 1861 2294 pii,
1887 2251 1987 2284 etiam
2008 2248 2090 2283 haec
2113 2248 2285 2289 exercitia,

1314 2303 1441 2348 quibus
1464 2305 1641 2335 coercetur
1662 2314 1762 2345 caro,
1787 2301 1815 2334 si
1841 2302 1926 2335 fiant
1948 2300 2066 2334 debito
2093 2300 2178 2341 fine,
2204 2305 2287 2333 sunt

1314 2355 1405 2387 bona
1423 2365 1528 2397 opera
1545 2360 1576 2385 et
1594 2351 1668 2385 Deo
1687 2351 1870 2396 placentia.

1414 2411 1508 2445 Haec
1525 2411 1606 2444 satis
1625 2411 1667 2443 sit
1683 2409 1859 2442 monuisse
1884 2409 1927 2442 de
1949 2408 2063 2452 primo
2089 2415 2122 2442 et
2139 2407 2283 2452 politico

1312 2474 1378 2496 usu
1394 2463 1489 2506 legis.
1541 2460 1586 2494 Et
1605 2462 1743 2505 prodest
1761 2471 1861 2502 saepe
1884 2459 2059 2492 inculcare
2082 2460 2285 2493 adolescen-

1285 2503 1288 2561 ᾗ
1313 2515 1424 2553 tibus,
1452 2511 1536 2557 quid
1562 2511 1698 2544 intersit
1715 2511 1807 2543 inter
1828 2508 1917 2543 banc
1935 2510 2198 2553 paedagogiam,
2226 2510 2284 2542 in-

1311 2572 1363 2597 ter
1381 2564 1553 2597 iusticiam
1572 2562 1670 2602 fidei,
1685 2568 1717 2594 et
1732 2561 1864 2594 fructus
1881 2561 1970 2593 fidei.
2014 2560 2161 2594 Prodest
2177 2561 2282 2594 etiam

1310 2612 1442 2648 hortari
1461 2615 1503 2647 ad
1523 2611 1611 2645 hanc
1627 2611 1892 2659 paedagogiani,
1906 2618 1944 2644 ut
1961 2611 2096 2645 discant
2113 2623 2191 2644 vere
2210 2611 2280 2644 dis·

1308 2666 1436 2710 plicere
1461 2665 1536 2700 Deo
1562 2662 1660 2697 illam
1690 2661 1927 2704 barbaricam,
1959 2668 2021 2697 aut
2044 2661 2282 2708 Cyclopicam,
