2415 2942
110 83 208 120 1209
363 83 461 118 xlll.

207 168 374 212 Quaestio
411 169 455 202 de
491 169 702 212 gloriatione
737 170 970 203 conscientiae
1007 170 1092 203 alias

107 231 208 265 saepe
231 226 372 253 tractata
397 226 457 256 est.
510 219 578 254 Sed
604 228 720 254 tamen
744 221 898 254 breviter
922 218 979 254 hic
1003 233 1090 266 quo-

107 283 175 315 que
194 271 360 304 monendi
378 278 459 304 sunt
476 270 630 304 iuniores
647 273 690 304 ‹le
706 270 759 304 his
775 272 958 305 sententiis
971 299 979 312 ,
1002 283 1091 316 quae

106 322 302 365 discrepare
327 322 511 361 videntur,
543 323 574 358 1.
591 321 752 357 Corinth.
774 324 821 357 1.:
857 322 936 355 Non
961 322 1089 364 glorie-

105 379 163 405 tur
182 373 296 405 omnis
320 385 398 405 caro
424 385 540 405 coram
565 385 617 408 eo.
670 371 786 406 Aliter
802 385 884 405 vero
904 374 971 406 dici
993 373 1089 405 vide-

105 429 184 463 tur,
212 424 247 456 2.
266 421 428 456 Corinth.
451 424 500 457 1.:
536 422 712 456 Gloriatio
732 431 847 457 nostra
869 431 917 457 est
933 425 1088 458 testimo-

105 474 203 506 nium
230 474 464 507 eonscientiae
491 481 640 508 nostrae.
692 474 812 507 Altera
832 473 992 518 prohibet
1013 475 1088 517 glo-

103 524 289 557 riationem
314 524 350 556 in
377 525 448 557 ulla
474 536 510 557 re
539 531 675 557 nostra:
717 525 824 558 altera
850 526 1024 565 admittit,
1059 525 1086 558 si

102 575 239 607 nullum
255 575 298 608 sit
318 575 446 608 vulnus
463 575 707 610 conscientiae.

202 634 270 667 Sed
303 647 523 679 nequaquam
554 634 753 678 discrepant
792 631 857 666 hae
893 635 1086 667 sententiae

100 697 161 717 suo
186 686 311 717 ordine
339 686 536 721 collocatae.
593 684 702 718 Nemo
727 685 916 728 glorietur,
954 686 1085 719 scilicet

99 739 142 768 de
162 736 407 768 iustificatione
426 748 542 768 coram
564 735 658 775 Deo,
684 736 719 768 id
737 743 803 778 est,
833 748 937 768 nemo
958 737 1083 777 cogitet

101 799 136 818 se
162 786 290 819 iustum
318 798 389 818 esse
420 787 500 819 ullis
530 787 721 820 virtutibus
755 787 825 819 suis
852 799 967 819 coram
999 786 1082 827 Deo,

100 838 188 870 sicut
213 845 243 870 et
271 837 354 868 alibi
383 837 498 880 inquit
527 836 656 870 Paulus
685 849 826 881 prorsus
853 839 971 869 eadem
1002 849 1083 869 sen—

100 888 221 920 tentia:
251 886 349 919 Niliil
375 885 461 919 milii
481 888 641 921 conscius
665 900 762 927 sum,
792 889 849 921 sed
872 888 907 920 iu
926 886 991 921 hoc
1009 901 1079 921 non

98 937 304 971 iustiticatus
328 949 417 972 sum.
478 938 667 984 Postquam
693 946 808 971 autem
837 939 904 971 fide
927 951 989 982 per
1013 940 1079 971 mi-

95 989 321 1021 sericordiam
345 990 472 1032 recepti
498 1001 635 1028 summ,
666 990 779 1032 placet
802 991 868 1022 iani
890 989 964 1022 Deo
992 1002 1080 1034 quo-

96 1052 164 1083 que
195 1039 332 1072 iusticia
363 1040 474 1072 bonae
506 1041 759 1080 conscientiae,
800 1048 832 1074 et
863 1052 1000 1073 necesse
1028 1048 1078 1074 est

94 1102 167 1122 eam
188 1090 300 1130 tueri,
329 1097 361 1122 et
380 1091 564 1123 calumniis
586 1093 796 1134 opponenda
818 1098 890 1129 est,
919 1092 999 1136 quia
1018 1104 1078 1123 ne-

94 1152 270 1185 quaquam
295 1141 534 1174 confirmanda
559 1149 638 1174 suut
662 1142 957 1175 calumniatorum
980 1155 1078 1174 men—

93 1191 202 1224 dacia.
258 1190 318 1224 Ait
341 1192 435 1225 euim
467 1206 529 1225 vox
558 1193 697 1227 divina:
729 1192 808 1226 Non
839 1194 933 1226 dices
952 1193 1076 1226 falsum

90 1242 343 1277 testimonium.

194 1300 287 1334 Hinc
305 1302 542 1346 etdisputatio
569 1302 605 1334 in
630 1302 721 1335 libro
748 1301 809 1335 lob
837 1302 986 1344 intelligi
1016 1315 1077 1346 po-

95 1359 171 1387 test.
225 1351 371 1385 Fatetur
386 1365 420 1386 se
438 1366 507 1385 non
533 1365 604 1385 esse
630 1354 758 1386 iustum
788 1365 903 1386 coram
923 1352 1016 1392 Deo,
1045 1360 1077 1386 et

90 1403 207 1448 inquit
232 1404 343 1446 capite
371 1416 483 1436 nono:
514 1403 604 1436 Vere
624 1405 715 1444 scio,
743 1405 836 1448 quod
856 1416 928 1436 non
952 1404 1074 1437 iustifi-

90 1460 188 1487 cetur
214 1452 319 1487 homo
345 1467 460 1487 coram
489 1454 575 1488 Deo.
628 1453 732 1488 Item:
760 1454 855 1488 Deus
878 1462 949 1495 est,
978 1456 1076 1488 cuius

91 1505 161 1537 irae
185 1517 288 1537 nemo
315 1506 475 1538 resistere
500 1513 625 1549 potest.
680 1505 749 1539 Sed
773 1506 922 1539 affirmat
941 1517 976 1538 se
994 1507 1075 1538 nul—

91 1555 163 1587 lum
181 1553 308 1587 habere
327 1556 455 1588 vulnus
480 1556 731 1596 conscientiae,
758 1557 846 1589 sicut
871 1569 949 1589 eum
974 1569 1073 1589 accu-

90 1606 213 1638 sabant
235 1605 288 1637 sui
309 1606 422 1638 amici.
476 1605 556 1638 Non
581 1607 684 1639 docui
711 1607 817 1649 falsa,
846 1619 921 1639 mea
945 1607 1070 1650 guber—

91 1656 186 1688 natio
206 1657 360 1689 nonfuit
387 1657 586 1702 tyrannica,
616 1669 687 1689 uon
706 1668 780 1690 sum
801 1658 954 1700 pollutus
972 1658 1072 1690 adul-

90 1706 197 1740 tet-iis.
261 1706 342 1740 Ideo
378 1708 492 1753 inquit
522 1708 633 1751 capite
659 1707 735 1741 27.:
786 1707 1071 1741 [ustificationem

86 1769 223 1798 meam,
257 1770 360 1802 quam
387 1759 485 1802 coepi
511 1767 649 1800 tenere,
683 1771 755 1791 nou
779 1760 947 1795 deseram.
1002 1759 1071 1792 Ne-

87 1820 154 1853 que
183 1808 276 1841 enirn
312 1807 537 1853 reprehendit
574 1822 628 1842 me
660 1822 719 1843 cor
754 1822 870 1843 meum
907 1810 943 1842 in
972 1811 1070 1844 omni

85 1860 155 1893 vita
181 1872 269 1893 mea.

84 1958 270 2008 Quotquot
297 1959 389 1994 enim
418 1959 679 2007 promissiones
704 1959 782 1994 Dei
809 1961 846 1995 in
879 1961 957 2009 ipso
984 1967 1069 1996 sunt

412 2011 540 2045 Etiam
568 2017 598 2045 el
623 2011 746 2048 Amen.

184 2096 352 2129 Nondum
380 2097 535 2130 recitavit
555 2109 712 2137 causam,
740 2109 802 2131 cur
827 2110 899 2131 non
924 2098 1067 2133 redierit

81 2146 313 2188 Corinthum,
338 2149 396 2180 sed
417 2155 553 2181 tantum
571 2149 638 2188 ait,
666 2161 737 2182 non
756 2161 827 2182 esse
849 2150 982 2182 levitati
1002 2151 1065 2183 tri-

82 2200 264 2234 buendum
282 2225 290 2238 ‚
334 2200 428 2243 quod
469 2199 535 2232 iter
576 2199 723 2234 distulit.
791 2200 903 2233 Addit
946 2207 1062 2235 autem

81 2252 242 2297 signum,
277 2251 371 2294 quod
400 2249 573 2290 ostendit,
614 2262 648 2283 se
673 2263 745 2284 non
779 2263 850 2284 esse
874 2263 1002 2284 vanum
1032 2258 1064 2285 et

80 2303 205 2341 levem,
235 2301 316 2346 quia
334 2301 469 2345 inquit:
497 2299 720 2343 Cognovistis
738 2314 792 2334 me
811 2302 846 2334 in
867 2302 1062 2336 ministerio

80 2365 158 2386 meo
187 2352 292 2385 fuisse
318 2364 490 2392 veracem,
523 2359 555 2385 et
580 2353 775 2385 doctrinam
803 2353 838 2385 in
864 2353 962 2386 vobis
988 2354 1062 2386 effi-

80 2415 194 2437 cacem
221 2403 325 2436 fuisse
338 2430 346 2443 ,
377 2402 447 2436 Vos
466 2403 557 2436 dona
576 2402 730 2447 Spiritus
751 2404 861 2437 sancti
880 2405 1063 2448 accepisse,

79 2462 112 2488 et
138 2454 258 2487 multis
283 2454 462 2487 miraculis
484 2452 597 2487 Deum
629 2455 847 2488 testificatum
875 2467 965 2495 esse,
1007 2468 1061 2489 me

78 2516 300 2550 nequaquam
326 2516 397 2538 esse
421 2505 660 2549 impostorem.
723 2505 764 2539 In
799 2504 888 2539 hanc
920 2514 1060 2541 senten-

77 2557 162 2591 tiam
181 2556 313 2600 inquit:
342 2555 475 2589 Fidelis
492 2563 541 2590 est
553 2555 669 2597 Deus,
696 2558 790 2602 quod
810 2568 924 2590 sermo
943 2565 1061 2591 noster

76 2609 170 2652 apud
189 2618 249 2640 vos
266 2619 338 2640 non
355 2607 422 2641 fuit
443 2607 548 2641 etiam
568 2614 601 2642 et
620 2619 710 2649 non,
740 2609 798 2642 sed
823 2619 927 2641 verax
952 2615 984 2643 et
1009 2609 1059 2642 ef-

76 2659 142 2692 fiax
166 2658 204 2691 in
225 2655 314 2691 Deo.

513 83 549 118 4.
575 82 913 121 COMMENTAR.
943 84 990 119 IN
1018 84 1063 121 11.
1090 82 1241 118 EPIST.
1269 80 1335 116 AD
1361 80 1684 118 CORINTHIOS.
1740 82 1844 120 CAP.
1869 84 1898 120 1.

2020 108 2023 111 -
2044 90 2138 123 1210

1246 167 1385 202 Deinde
1421 168 1517 201 addit
1553 169 1747 212 generalem
1782 172 2011 213 sententiam,
2051 186 2132 217 pro-

1148 220 1331 253 missiones
1350 220 1489 252 divinas
1508 228 1598 253 ratas
1616 228 1648 253 et
1668 221 1783 253 firmas
1803 233 1888 256 esse.

1248 270 1437 315 Postquam
1465 283 1547 303 vero
1583 271 1728 305 tradidit
1758 274 1954 315 generalem
1987 280 2129 307 senten-

1145 320 1229 354 tiam
1255 322 1297 353 de
1320 321 1613 362 promissionibus
1637 322 1785 363 divinis,
1812 324 1910 357 addit
1930 325 2128 368 exemplum

1143 373 1186 404 de
1204 383 1276 404 sese
1294 378 1326 404 et
1344 373 1386 403 de
1401 370 1556 404 Ecclesia
1580 370 1783 405 Corinthia:
1811 374 1900 407 Cum
1922 376 2126 418 promissio-

1143 433 1203 454 nes
1233 422 1303 454 sint
1328 429 1438 461 ratae,
1478 429 1511 455 et
1535 423 1570 454 in
1595 420 1787 465 Evangelio
1815 432 1947 458 certum
1974 426 2017 458 sit
2043 439 2125 469 pro-

1142 473 1244 505 missa
1271 484 1342 505 esse
1368 469 1451 504 haec
1474 473 1584 509 bona,
1613 474 1933 508 reconciliationem
1961 485 1990 509 et
2009 476 2124 520 Spiri-

1141 530 1214 556 tum
1232 530 1402 562 sanctum,
1429 530 1461 555 et
1481 520 1729 556 haereditatem
1750 525 1839 558 ¹«itae
1857 534 2027 567 aeternae,
2050 540 2122 560 nou

1141 574 1412 607 existimandum
1433 580 1500 611 est,
1528 581 1664 606 nostras
1688 576 1873 609 conciones
1894 584 2028 610 tantum
2051 590 2123 611 esse

1142 625 1258 657 inania
1283 620 1502 668 θελκτήρια,
1531 624 1617 656 sicut
1637 625 1752 667 pueris
1773 635 1959 660 narrantur
1976 629 2123 662 fabellae

1140 677 1180 707 de
1214 676 1402 708 fortunatis
1435 674 1561 707 lnsulis
1590 682 1648 706 aut
1671 676 1714 707 de
1738 688 1859 719 campo
1884 678 2020 721 Elysio,
2062 681 2123 712 sed

1139 726 1369 758 certissimum
1389 732 1458 765 est,
1488 737 1552 757 nos
1577 725 1667 758 bona
1687 727 1853 768 promissa
1875 728 1910 760 in
1928 727 2122 772 Evangelio

1137 776 1312 819 accipere,
1356 783 1388 809 et
1415 777 1482 808 iam
1509 776 1643 809 sentitis
1674 777 1710 808 in
1737 778 1841 810 corde
1875 779 1973 811 initia
2010 792 2121 813 novae

1137 827 1243 867 lucis,
1271 835 1302 860 et
1321 826 1493 870 Spiritum
1519 834 1696 865 sanctum,
1725 828 1784 872 qui
1804 835 1852 861 est
1874 830 1997 872 pignus
2016 838 2047 863 et
2065 843 2121 863 ar-

1137 879 1238 918 rabo,
1268 878 1328 923 qui
1348 878 1499 910 ostendit
1517 885 1608 911 certe
1628 877 1742 910 Deum
1765 880 1948 913 nobiscum
1968 892 2060 922 esse,
2088 889 2121 915 et

1136 929 1238 961 nobis
1255 930 1419 962 daturum
1445 940 1517 961 esse
1542 929 1649 962 vitam
1675 936 1865 965 aeternam.
1919 930 2013 965 Haec
2030 932 2119 965 serie

1135 981 1373 1012 membrorum
1400 980 1637 1022 considerata,
1666 981 1777 1013 oratio
1805 981 1911 1023 magis
1936 983 2120 1026 perspicua

1134 1030 1218 1070 erit,
1262 1038 1295 1064 et
1326 1031 1531 1072 magnitudo
1558 1043 1674 1064 rerum
1704 1032 1746 1063 de
1778 1032 1907 1077 quibus
1939 1033 2116 1078 loquitur,

1134 1081 1240 1125 magis
1267 1082 1491 1125 conspicitur.

1234 1132 1355 1166 Sciant
1390 1133 1545 1165 iuniores
1574 1132 1784 1165 vocabulum
1823 1135 1947 1167 arrabo
1985 1136 2115 1170 sactum

1133 1195 1204 1216 esse
1222 1195 1259 1215 ex
1271 1183 1409 1216 Ebraeo
1426 1176 1507 1228 ¹712
1530 1184 1621 1227 quod
1642 1183 1813 1225 significat
1831 1187 2040 1228 spopondit,
2057 1199 2117 1220 seu

1133 1234 1311 1268 fideiussit.
1364 1233 1449 1266 Inde
1469 1235 1594 1266 arrabo
1621 1234 1749 1267 dicitur
1773 1236 1914 1279 proprie
1935 1237 1970 1268 in
1990 1238 2116 1270 emtio-

1132 1285 1237 1317 nibus
1263 1285 1397 1330 aliquid
1423 1286 1542 1317 datum
1567 1287 1608 1317 ad
1638 1283 1723 1325 hoc,
1759 1293 1798 1319 ut
1815 1287 1859 1319 sit
1877 1288 2117 1321 testimonium

1132 1336 1357 1368 confirmatae
1378 1336 1551 1369 emtionis.
1609 1333 1658 1367 lta
1684 1336 1806 1368 effusio
1827 1336 1980 1380 Spiritus
2004 1339 2116 1372 sancti

1131 1385 1166 1419 in
1193 1387 1298 1418 corda
1322 1386 1558 1424 credentium,
1581 1397 1684 1429 quam
1703 1387 1859 1420 sentiunt
1877 1388 1912 1420 in
1932 1401 2012 1422 vera
2030 1402 2114 1422 con-

1130 1437 1320 1477 solatione,
1338 1443 1371 1470 et
1393 1436 1632 1470 testimonium
1651 1438 1947 1472 reconciliationis
1963 1447 1994 1473 et
2012 1452 2114 1485 prae—

1130 1487 1262 1520 sentiae
1280 1486 1364 1526 Dei,
1392 1494 1423 1519 et
1449 1494 1616 1519 venturae
1637 1484 1863 1522 baereditatis
1890 1491 1980 1523 vitae
2001 1497 2115 1525 aeter—

1130 1550 1204 1571 nae.
1259 1537 1358 1571 Sicut
1376 1537 1501 1572 Roma.
1518 1538 1552 1572 8.
1574 1537 1721 1570 dicitur:
1754 1537 1830 1582 Ipse
1855 1540 1999 1583 spiritus
2015 1542 2115 1575 testi-

1129 1589 1250 1621 ficatur
1274 1601 1351 1621 cum
1378 1589 1503 1631 spiritu
1530 1595 1669 1628 nostro,
1696 1591 1791 1633 quod
1815 1590 1919 1623 simul
1946 1591 2006 1625 filii
2032 1591 2111 1628 Dei.

1128 1639 1166 1673 Si
1195 1647 1310 1672 autem
1339 1640 1420 1680 filii,
1462 1640 1567 1672 etiam
1604 1637 1769 1673 haeredes
1803 1652 1933 1678 sumus,
1988 1643 2047 1677 Sic
2077 1651 2111 1678 et

1127 1691 1218 1733 apud
1238 1687 1444 1723 Zachariam
1462 1690 1610 1724 dicitur:
1639 1689 1829 1724 Effundam
1848 1705 1952 1736 super
1965 1694 2110 1728 domum

1127 1740 1239 1774 David
1266 1741 1427 1784 spiritum
1446 1742 1577 1784 gratiae
1595 1748 1627 1774 et
1645 1754 1799 1785 precum.
1842 1743 2010 1778 Nominat
2027 1744 2110 1789 Spi-

1126 1792 1231 1825 ritum
1254 1800 1414 1825 sanctum
1439 1793 1687 1836 procedentem
1706 1805 1723 1825 a
1744 1800 1840 1837 patre
1863 1801 1896 1828 et
1923 1796 2013 1837 filio,
2039 1797 2110 1829 eri-

1124 1850 1261 1886 gentem
1289 1855 1352 1876 nos
1378 1844 1413 1876 iu
1445 1843 1534 1876 veris
1559 1844 1767 1887 pavoribus,
1794 1851 1827 1877 et
1845 1858 1923 1878 vera
1949 1847 2110 1880 consola-

1125 1894 1220 1927 tione
1255 1894 1486 1927 vivificantem
1518 1895 1642 1934 corda,
1693 1907 1796 1939 quam
1830 1898 2108 1931 consolationem

1123 1946 1310 1978 sentientes
1335 1946 1502 1978 audemus
1521 1947 1683 1978 accedere
1700 1948 1742 1978 ad
1763 1946 1873 1980 Deum
1894 1955 1926 1981 et
1946 1961 2023 1981 eum
2049 1949 2107 1981 in·-

1124 2009 1256 2032 vocare.
1302 1995 1383 2029 ldeo
1407 2004 1524 2041 postea
1544 1997 1748 2030 nominatur
1764 1998 1907 2041 spiritus
1928 2011 2080 2043 precum.

1190 2077 1283 2127 Ἐγώ
1311 2077 1350 2114 δὲ
1372 2077 1547 2127 μάρτυρα
1570 2077 1636 2114 τὸν
1660 2077 1752 2114 θεὸν
1775 2079 2028 2126 summoveat.

1220 2147 1288 2180 Hic
1306 2149 1445 2181 tandem
1465 2148 1662 2181 iuramento
1678 2147 1798 2181 addito
1816 2149 1936 2183 recitat
1953 2161 2106 2193 causam,

1117 2211 1180 2232 cur
1196 2211 1268 2232 non
1287 2199 1428 2232 redierit
1448 2196 1658 2232 Corinthum
1672 2225 1681 2238 ‚
1715 2198 1796 2243 quia
1815 2199 1842 2232 si
1860 2200 2009 2235 venisset
2037 2202 2104 2235 ali-

1117 2261 1204 2295 quos
1224 2250 1348 2284 durius
1363 2251 1570 2293 castigasset.
1623 2247 1714 2282 Cum
1732 2256 1846 2282 autem
1865 2250 2102 2294 intellexisset,

1115 2314 1172 2335 eos
1198 2312 1324 2344 magno
1343 2301 1379 2333 in
1397 2302 1518 2334 dolore
1542 2312 1613 2332 esse
1641 2307 1783 2343 propter
1806 2301 2103 2345 obiurgationem,

1115 2365 1218 2398 quam
1237 2353 1273 2385 in
1292 2353 1409 2397 priore
1426 2351 1585 2395 Epistola
1603 2351 1756 2394 scripsit,
1776 2351 1891 2385 noluit
1910 2353 1958 2385 eis
1974 2365 2100 2397 augere

1114 2403 1325 2437 moestitiam
1351 2403 1556 2436 durioribus
1575 2401 1755 2444 exemplis,
1794 2402 1823 2434 si
1849 2414 2007 2437 reversus
2033 2405 2099 2438 ali-

1113 2467 1200 2501 quos
1225 2454 1375 2488 fulmine
1399 2454 1542 2497 spiritus
1565 2453 1619 2485 sui
1644 2453 1891 2495 interfecisset,
1918 2462 1956 2488 ut
1974 2454 2097 2489 Petrus

1112 2506 1289 2540 Ananiam
1314 2505 1500 2539 interfecit.
1559 2502 1627 2536 Hic
1650 2511 1810 2547 apparet,
1844 2513 2015 2550 quantum
2041 2506 2096 2539 in-

1112 2558 1276 2591 cendium
1299 2556 1407 2590 suerit
1428 2556 1464 2588 in
1483 2555 1672 2599 apostolica
1698 2554 1942 2598 indignatione
1959 2564 1990 2589 et
2007 2557 2093 2591 zelo.

1111 2608 1291 2652 Significat
1316 2608 1439 2650 igitur,
1465 2606 1543 2638 ideo
1560 2618 1595 2639 se
1609 2617 1681 2638 non
1705 2606 1850 2638 rediisse
1869 2605 2093 2646 Corinthum,

1111 2671 1155 2694 ne
1190 2672 1228 2693 ea
1265 2658 1462 2701 indignatio
1502 2669 1618 2690 coram
1655 2656 1764 2699 magis
1806 2657 2095 2699 iussaimnaretur,
