2415 2942
75 110 125 146 45
503 108 584 143 ΧΗ.

396 194 488 230 Ecce
510 208 633 243 agnus
658 194 749 229 Dei.

183 272 379 317 Diligenter
395 273 615 307 conseramus
631 282 752 306 omnes
767 269 952 304 conciones
963 267 1068 302 Ioan-

77 325 144 361 nis.
197 324 286 358 Nam
319 332 351 359 et
384 325 583 358 doctrinam
618 321 854 368 poenitentiae
887 320 1068 365 proponit,

76 376 295 410 severissime
312 387 461 419 arguens
479 381 634 419 peccata,
661 379 875 406 contemtum
887 371 970 410 Dei,
1000 368 1067 416 hy-

78 428 250 472 pocrisin‚
278 434 311 461 et
334 427 401 460 alia
426 426 528 464 vitia,
555 432 587 458 et
611 425 702 457 clare
728 434 930 468 proponens
955 429 1066 455 aeter-

78 490 141 512 nas
159 490 287 523 poenas
304 478 468 511 omnibus
487 476 546 521 qui
567 481 800 509 contemnunt
816 474 903 507 iram
922 472 1006 514 Dei,
1033 480 1066 507 et

78 542 151 564 non
184 530 331 563 credunt
365 528 400 560 in
426 525 606 562 BIessiam.
660 525 798 560 Deinde
823 525 921 559 addit
945 523 1065 558 Evan-

77 581 207 625 gelium
222 581 263 612 de
280 578 394 611 officio
414 577 583 619 Messiae‚
613 590 717 623 quern
733 578 779 610 ait
799 576 976 610 victimam
993 588 1064 609 esse

77 643 141 675 pro
169 637 324 674 peccato,
359 636 397 663 ut
422 626 506 662 haec
533 629 637 662 verba
663 630 806 662 docent:
841 626 931 661 Ecce
957 638 1066 670 agnus

76 681 145 716 Dei
163 681 224 726 qui
241 681 332 715 tollit
350 687 486 723 peccata
504 679 640 714 mundi.
693 679 877 713 Praedicat
894 685 925 712 et
941 678 1066 711 remis-

78 732 212 765 sionem
239 738 482 775 peccatorum,
511 738 543 764 et
569 731 741 765 iusticiam
764 730 846 763 fidei
868 730 970 762 claris
988 741 1065 762 ver-

75 783 128 817 bis
145 796 214 828 cap.
226 785 276 819 3.:
306 781 377 825 Qui
394 782 503 815 credit
519 782 554 814 in
569 782 692 822 filium,
714 780 819 815 habet
833 781 938 814 vitam
953 789 1064 814 aeter-

76 846 179 873 nam,
214 834 274 880 qni
302 841 416 867 autem
442 845 514 866 non
538 834 647 867 credit
673 833 765 873 filio,
788 833 839 866 ira
860 832 924 866 Dei
949 838 1066 866 manet

74 896 180 929 super
212 897 304 919 eum.
366 883 441 917 Hae
472 884 658 917 conciones
693 884 795 917 valde
823 895 936 917 novae
968 890 1066 916 erant

74 934 293 977 Pharisaeis,
329 935 390 981 qui
415 934 581 969 Messiam
607 936 855 979 expectabant,
889 946 961 967 non
986 946 1065 967 cru-

74 987 308 1031 cifigendum,
355 987 413 1020 sed
452 993 703 1031 occupatur-nm
744 985 889 1030 imperia
931 985 1066 1026 mundi,

75 1039 287 1083 partiturum
320 1037 530 1082 provincias.
600 1037 669 1070 Nec
694 1037 867 1070 iusticiam
895 1037 974 1069 fidei
1001 1049 1066 1069 no-

76 1097 173 1130 rant,
205 1091 263 1123 sed
291 1089 512 1123 somniabant
531 1101 566 1122 se
590 1089 662 1131 lege
678 1089 799 1124 iustos.
851 1086 942 1121 Cnm
962 1087 1067 1130 igitur

77 1148 194 1175 tantae
227 1147 340 1174 essent
374 1140 409 1173 in
435 1138 589 1173 Ecclesia
617 1140 799 1180 tenebrae,
834 1138 929 1172 Dens
953 1139 1066 1171 lucem

76 1204 177 1225 verae
215 1192 398 1225 doctrinae
435 1202 557 1224 rursus
591 1191 750 1224 accendit
787 1202 850 1234 per
884 1189 1065 1223 Ioannem.

76 1242 159 1277 Fuit
183 1243 291 1286 igitur
316 1241 488 1275 excellens
510 1242 665 1280 vocatio,
694 1248 728 1275 et
752 1253 832 1274 vere
854 1241 966 1273 maior
983 1252 1066 1284 pro-

75 1291 194 1338 phetia
208 1321 217 1335 ,
244 1293 325 1338 quia
351 1293 476 1326 missus
500 1299 550 1325 est
568 1291 717 1325 loannes
733 1292 777 1324 ad
796 1292 953 1334 ingentes
969 1303 1066 1324 erro-

74 1356 147 1386 res,
174 1344 236 1390 qui
255 1345 292 1377 in
311 1342 465 1377 Ecclesia
484 1344 751 1387 grassabantur,
779 1342 1015 1386 corrigendo&

176 1420 259 1455 Dixi
282 1432 362 1454 eum
387 1419 572 1454 tradidisse
596 1420 793 1455 doctrinam
818 1421 861 1453 de
880 1419 1065 1462 poeniten-

75 1473 143 1514 tia,
168 1473 211 1506 de
229 1472 380 1506 aeternis
397 1472 518 1516 poenis
537 1472 746 1516 impiorum,
775 1472 818 1504 de
834 1471 950 1504 officio
969 1470 1065 1503 Mes-

76 1525 164 1565 siae,
188 1524 231 1557 de
256 1523 462 1557 remissione
487 1530 726 1567 peccatorum,
747 1524 790 1556 de
811 1522 946 1556 iusticia
973 1521 1065 1562 fidei,

77 1583 111 1610 et
135 1575 209 1609 vita
233 1581 385 1610 aeterna.
439 1574 617 1608 Monstrat
641 1575 744 1608 etiam
763 1574 877 1618 ipsum
896 1572 1062 1607 Messiam

76 1633 216 1666 natum,
242 1633 275 1660 et
299 1626 370 1659 iam
395 1633 593 1660 versantem
619 1625 712 1660 inter
734 1623 913 1665 homines,
936 1631 976 1658 ut
997 1623 1062 1658 Ec-

77 1678 181 1711 clesia
211 1677 313 1711 sciret
337 1673 509 1710 exhibitas
531 1689 603 1710 esse
626 1677 896 1721 promissiones,
927 1675 1065 1709 vocavit

77 1734 196 1771 gentes
224 1728 267 1761 ad
298 1727 496 1760 societatem
529 1727 716 1771 Evangelii
747 1734 782 1761 et
812 1727 1063 1761 beneficiorum

78 1778 239 1813 Messiae.
292 1777 475 1811 Postremo
500 1778 603 1811 etiam
621 1778 767 1811 tradidit
785 1779 961 1811 bonorum
981 1790 1066 1822 ope-

77 1841 156 1863 rum
172 1828 369 1863 doctrinam
381 1855 390 1868 ‚
417 1834 449 1861 et
465 1829 595 1862 erudiit
611 1828 768 1871 singulos
787 1829 930 1861 ordines
948 1826 1065 1861 homi-

77 1892 187 1924 num,
221 1879 368 1919 milites,
400 1878 552 1919 iudices,
588 1879 772 1922 coniuges,
800 1886 831 1912 et
856 1880 1067 1913 monstravit

77 1942 159 1964 vera
185 1931 277 1964 bona
303 1941 408 1974 opera
433 1929 583 1963 omissus
606 1930 815 1963 ceremoniis
830 1927 1066 1975 hypocriticis,

76 1989 110 2017 et
124 1982 264 2016 tandem
282 1988 394 2015 morte
412 1987 556 2015 testatus
573 1987 637 2021 est,
653 1992 689 2014 se
709 1978 794 2014 haec
814 1993 893 2014 vere
911 1981 1064 2025 profiteri

78 2040 221 2079 propter
243 2032 378 2073 Deum,
413 2038 447 2066 et
475 2039 654 2076 expectare
678 2044 697 2065 a
722 2032 798 2066 Deo
821 2032 1064 2067 testimonium

78 2085 115 2119 in
132 2085 203 2118 vita
220 2090 375 2119 aeterna.
427 2082 524 2116 Haec
538 2083 716 2125 recensui,
738 2090 777 2118 ut
794 2083 986 2127 cogitemus
1005 2096 1065 2117 vo-

77 2135 248 2171 cationem
269 2134 412 2168 loannis
426 2134 549 2178 ingens
566 2132 632 2168 Dei
647 2135 856 2169 beneficium
877 2134 999 2176 fuisse,
1031 2141 1064 2169 et

77 2188 260 2221 videamus
277 2186 497 2230 complexum
515 2197 588 2219 esse
602 2193 710 2220 totam
728 2186 926 2221 doctrinam
943 2184 1063 2220 Eccle-

76 2239 159 2273 siae.
210 2235 428 2272 Addendum
452 2244 502 2271 est
526 2244 560 2271 et
581 2234 666 2278 hoc,
692 2238 828 2271 nnllam
846 2244 916 2271 tam
936 2238 1065 2271 claram

76 2289 329 2325 revelationem
357 2289 521 2323 traditam
544 2300 617 2322 esse
641 2290 684 2323 de
705 2289 819 2323 tribus
837 2289 995 2333 personis
1010 2289 1065 2322 di-

76 2341 253 2382 vinitatis,
283 2347 414 2386 quanta
450 2337 534 2373 haec
561 2346 632 2383 est,
665 2352 754 2386 qnae
786 2340 999 2374 describitur
1028 2340 1065 2373 in

77 2393 252 2439 baptismo
274 2389 427 2431 Christi,
454 2391 517 2425 ubi
541 2391 636 2425 videt
662 2391 813 2426 Ioannes
833 2392 963 2436 aperiri
987 2404 1065 2425 coe-

78 2444 173 2486 lum,
199 2443 298 2477 audit
321 2455 442 2477 vocem
467 2443 600 2476 aeterni
625 2443 732 2488 patris
749 2445 792 2477 de
808 2444 901 2487 filio,
930 2443 990 2488 qui
1008 2456 1065 2477 co—

78 2507 153 2529 ram
175 2495 326 2533 astabat,
354 2495 450 2529 videt
466 2494 639 2539 Spiritum
663 2502 823 2529 sanctum
843 2496 1064 2531 descendere.

79 2545 234 2581 Tantum
258 2546 367 2589 igitur
390 2547 570 2580 doctorem
593 2552 627 2580 et
651 2553 774 2580 testem
798 2546 1000 2588 audiamus,
1033 2554 1065 2581 et

80 2597 154 2631 eius
178 2597 364 2631 conciones
386 2597 556 2631 acerrimo
581 2598 698 2632 studio
721 2597 951 2639 meditemur,
977 2611 1066 2644 quae

79 2649 144 2683 etsi
167 2648 322 2682 breviter
345 2649 447 2683 nobis
475 2655 558 2682 sunt
581 2650 752 2690 traditae,
778 2657 895 2684 tamen
921 2650 1064 2683 univer-

77 2713 150 2735 sam
181 2698 357 2735 Ecclesiae
387 2700 585 2735 doctrinam
617 2701 910 2747 complectuntur.
970 2700 1066 2735 Haec

636 106 931 144 ENARRATIO
961 107 1009 142 IN
1039 106 1222 144 EVANG.
1252 105 1465 142 IOANNIS.
1519 105 1623 144 CAP.
1655 107 1680 141 1.

2055 107 2103 142 46

1121 194 1296 238 praefatus
1319 207 1416 235 snm,
1443 201 1482 228 ut
1506 195 1655 228 studiosi
1680 194 1855 228 admoniti
1879 193 2107 237 coniungant,

1119 252 1151 278 et
1184 246 1365 280 conferant
1397 258 1519 279 omnes
1547 245 1690 280 Ioannis
1722 245 1927 286 conciones,
1959 252 1990 279 et
2015 246 2107 279 inte-

1092 308 1094 340 ῥ
1117 307 1214 338 gram
1232 297 1428 329 doctrinam
1449 304 1631 342 quaerant.

1219 361 1320 396 Nunc
1340 375 1421 395 vero
1438 365 1479 396 de
1495 376 1565 397 una
1584 364 1751 407 particula
1768 363 1942 404 dicemus,
1970 374 2057 408 quae
2074 369 2108 396 et

1118 413 1191 457 ipsa
1216 425 1379 457 magnam
1406 421 1540 456 partem
1566 414 1752 458 Evangelii
1778 415 2039 459 complectitur,
2074 420 2108 447 et

1118 465 1248 498 taxavit
1272 465 1401 498 multos
1416 462 1687 498 Pharisaeorum
1707 477 1857 498 errores:
1885 463 1974 498 Ecce
1998 475 2108 507 agnus

1118 516 1203 556 Dei,
1231 516 1291 560 qui
1316 515 1407 549 tollit
1433 523 1569 559 peccata
1595 517 1730 549 mundi.
1783 515 1977 549 Particula:
2005 514 2108 556 Ecce,

1117 574 1287 600 monstrat
1305 579 1502 611 personam,
1530 574 1561 600 et
1580 567 1745 600 discernit
1762 564 1856 599 hunc
1874 573 2108 600 monstratum

1117 619 1160 651 ab
1178 618 1343 651 omnibus
1361 618 1437 650 aliis
1454 615 1670 658 horninibus,
1691 618 1788 663 quasi
1801 618 1909 650 dicat:
1934 616 2109 650 Huncin-

1118 669 1278 709 tuemini,
1307 667 1363 701 hic
1381 670 1474 703 solus
1494 677 1543 703 est
1558 669 1705 703 Messias
1724 676 1756 702 et
1775 668 1946 702 Salvator.
1986 667 2109 711 Agnus

1117 718 1320 764 metaphora
1347 727 1397 754 est
1424 721 1596 755 victimae.
1658 720 1726 754 Hic
1751 726 1801 753 est
1826 731 1952 762 agnuS,
1989 719 2023 751 id
2049 726 2109 758 est,

1119 772 1269 805 victima.
1325 770 1440 805 Sumit
1459 772 1551 804 enim
1569 772 1840 816 appellationem
1860 770 1938 813 agni
1957 782 1996 803 ex
2014 782 2109 803 cere-

1117 823 1246 856 moniis
1265 829 1414 867 patrum,
1431 822 1650 861 etLeviticis,
1676 823 1712 855 in
1731 822 1859 868 quibus
1877 823 1990 855 fuerat
2006 833 2109 854 usur-

1118 881 1195 918 pata
1224 874 1386 907 mactatio
1411 874 1512 915 agni,
1541 875 1584 907 ad
1609 875 1873 918 significandam
1900 871 1990 905 hanc
2009 872 2111 905 victi-

1119 937 1232 968 mam,
1264 925 1396 958 scilicet
1423 924 1607 959 Messiam:
1643 926 1726 970 qnia
1756 924 1849 957 enim
1877 923 1973 957 Deus
2006 923 2111 956 insti—

1119 984 1232 1010 tuerat
1250 983 1359 1009 certas
1382 978 1625 1015 mactationes,
1653 984 1684 1009 et
1704 977 1843 1009 volebat
1868 975 1985 1008 vocari
2010 975 2110 1007 obla-

1119 1028 1232 1061 tiones
1260 1039 1324 1071 pro
1355 1028 1523 1071 peccatis,
1556 1028 1800 1070 intelligebant
1837 1033 1951 1069 patres
1980 1032 2111 1059 restare

1119 1079 1222 1111 aliam
1238 1079 1435 1119 victimam,
1462 1078 1561 1111 cuius
1579 1091 1658 1110 vera
1677 1078 1878 1111 obedientia
1901 1083 1987 1109 esset
2010 1076 2110 1109 suhi-

1119 1137 1196 1163 tura
1214 1136 1351 1162 nostras
1377 1140 1525 1173 poenas,
1554 1135 1585 1161 et
1603 1129 1781 1172 placatura
1806 1127 1892 1160 iram
1911 1127 1986 1161 Dei.
2041 1125 2112 1159 Nec

1118 1180 1335 1213 existimetur
1352 1191 1483 1212 nomen
1502 1179 1663 1212 victimae
1682 1190 1754 1211 rem
1774 1178 1884 1211 levem
1905 1177 2112 1221 significare,

1119 1228 1210 1264 nihil
1229 1229 1364 1263 tristius
1380 1229 1450 1263 dici
1468 1237 1592 1274 potest.
1647 1229 1828 1273 Significat
1846 1229 1938 1262 enim
1959 1241 2044 1267 rem,
2074 1229 2110 1261 in

1119 1293 1223 1327 quam
1241 1282 1339 1315 Deus
1362 1281 1488 1322 exerit,
1515 1293 1575 1314 sen
1601 1281 1751 1314 effundit
1780 1280 1867 1313 iram
1894 1292 2014 1320 suam,
2043 1292 2111 1324 qua

1119 1334 1215 1366 ardet
1243 1333 1409 1365 adversus
1437 1339 1627 1377 peccatum.
1680 1331 1742 1365 Est
1768 1343 1849 1374 ergo
1881 1344 1934 1364 res
1959 1344 2014 1364 rea
2041 1332 2112 1364 irae

1118 1384 1206 1425 Dei,
1236 1390 1269 1417 et
1287 1383 1460 1417 destinata
1477 1384 1603 1425 morti,
1631 1395 1690 1416 seu
1711 1383 1835 1423 exitio,
1862 1390 2006 1427 propter
2025 1382 2111 1414 iram

1119 1436 1188 1469 Dei
1207 1436 1375 1469 adversus
1398 1442 1592 1479 peccatum.
1646 1434 1704 1468 Sic
1724 1436 1816 1478 apud
1833 1433 1982 1468 Paulum
2008 1431 2113 1466 Chri-

1119 1494 1192 1520 stus
1218 1486 1348 1520 dicitur
1370 1493 1571 1530 peccatum,
1599 1498 1659 1519 seu
1685 1486 1922 1520 maledictum.
1976 1482 2112 1518 Eodem

1119 1539 1224 1571 modo
1243 1545 1275 1572 et
1291 1536 1413 1571 Esaias
1430 1538 1589 1583 loquitur
1606 1550 1677 1581 cap.
1697 1535 1773 1572 53.;
1802 1536 1893 1580 Quia
1912 1542 2019 1581 ponet
2035 1536 2113 1568 ani-

1118 1602 1210 1622 mam
1227 1601 1325 1622 snam
1346 1595 1543 1633 peccatum,
1572 1590 1607 1622 id
1625 1595 1685 1629 est,
1712 1587 1861 1622 hostiam
1881 1600 1942 1632 pro
1961 1594 2113 1632 peccato,

1118 1641 1250 1674 videbit
1271 1652 1389 1673 semen
1406 1640 1628 1683 longaevum.

1219 1706 1282 1742 Est
1307 1720 1388 1751 ergo
1409 1707 1446 1741 in
1463 1708 1699 1752 appellatione
1715 1708 1797 1751 agni
1815 1718 1888 1741 non
1902 1712 2040 1740 tantum
2056 1704 2113 1738 in-

1119 1760 1305 1793 nocentiae
1326 1767 1358 1793 et
1376 1759 1566 1804 patientiae
1582 1756 1807 1803 metaphora,
1834 1765 1874 1792 ut
1888 1757 2021 1790 indocti
2047 1769 2114 1800 pu-

1121 1818 1215 1852 tant,
1242 1811 1301 1844 sed
1323 1811 1409 1851 alia,
1437 1822 1510 1843 rem
1529 1811 1716 1844 maximam
1736 1817 1768 1844 et
1792 1821 1955 1843 arcanam
1980 1807 2113 1851 signifi-

1120 1873 1220 1903 cans,
1264 1861 1428 1895 videlicet
1454 1859 1659 1906 metaphora
1686 1861 1868 1899 victimae,
1905 1858 2113 1893 sustinentis

1120 1924 1256 1954 veram,
1295 1913 1472 1956 ingentem
1501 1919 1536 1946 et
1567 1913 1784 1946 ineffabilem
1810 1912 1897 1945 iram
1920 1909 2007 1951 Dei,
2044 1921 2113 1955 qua

1119 1970 1300 1997 aversatur
1324 1971 1502 2007 peccatum
1535 1964 1573 1996 in
1597 1970 1723 1997 natura
1745 1961 1920 2003 humana,
1949 1968 1981 1995 et
2003 1960 2113 1994 desti-

1121 2022 1201 2048 nata
1223 2015 1267 2048 ad
1293 2015 1451 2050 exitium.
1504 2013 1621 2049 Huius
1642 2015 1715 2048 irae
1739 2014 2019 2058 magnitudinem
2044 2009 2113 2045 hu—

1120 2066 1216 2098 mani
1240 2066 1350 2099 animi
1373 2073 1495 2110 stupor
1515 2078 1589 2100 non
1612 2073 1726 2111 potest
1752 2065 1887 2111 assequi
1914 2064 2113 2106 cogitando.

1122 2117 1191 2151 Sed
1216 2117 1307 2150 serio
1329 2117 1433 2150 irasci
1456 2115 1572 2151 Deum
1598 2124 1811 2158 statuamus,
1843 2128 1921 2150 cum
1946 2116 1988 2148 sit
2013 2126 2113 2147 mens

1119 2169 1299 2202 liberrime
1316 2180 1432 2212 agens,
1459 2175 1492 2202 et
1509 2181 1589 2202 vere
1605 2180 1769 2202 aversans
1786 2174 1976 2212 peccatum.
2011 2165 2111 2208 Qua—

1118 2232 1155 2253 re
1171 2217 1392 2254 horribiliter
1408 2220 1560 2254 declarat
1577 2232 1678 2254 suum
1696 2219 1879 2259 iudicium,
1899 2225 1931 2251 et
1948 2217 2112 2261 indigna-

1118 2271 1251 2305 tionem
1277 2272 1445 2305 adversus
1467 2279 1665 2316 peccatum,
1692 2271 1730 2303 in
1752 2270 1875 2315 poenis
1899 2269 2051 2309 diaboli,
2078 2274 2112 2302 et

1118 2321 1266 2357 humani
1298 2323 1435 2366 generis
1461 2323 1620 2358 infinitis.
1680 2320 1861 2356 Hactenus
1885 2321 1928 2354 de
1952 2319 2111 2369 appella-

1118 2374 1214 2409 tione
1231 2375 1330 2419 agni,
1357 2386 1417 2408 seu
1436 2374 1616 2414 victimae,
1644 2373 1798 2407 breviter
1815 2372 1900 2408 dixi.

1219 2442 1388 2478 Nominat
1407 2450 1522 2477 autem
1540 2454 1667 2486 agnum
1687 2441 1763 2478 Dei.
1811 2440 1907 2475 Haec
1923 2440 2111 2485 descriptio

1121 2495 1225 2529 etiam
1251 2495 1421 2539 singulari
1446 2494 1594 2528 consilio
1616 2494 1736 2528 addita
1754 2500 1815 2528 est.
1871 2492 2007 2527 Caeteri
2029 2491 2109 2534 agni

1117 2546 1260 2580 mactati
1279 2559 1296 2580 a
1313 2546 1470 2591 patribus
1489 2552 1548 2579 aut
1563 2546 1805 2579 sacerdotibus
1822 2544 1885 2579 etsi
1909 2550 2008 2577 erant
2027 2543 2110 2589 typi,

1118 2604 1234 2631 tamen
1253 2610 1325 2631 non
1343 2603 1442 2631 erant
1460 2609 1477 2630 a
1495 2598 1575 2630 Deo
1589 2597 1781 2630 consecrati
1799 2603 1832 2630 et
1847 2595 1966 2636 uncti,
1993 2601 2032 2628 ut
2049 2594 2110 2626 fie-

1118 2656 1196 2683 rent
1213 2649 1393 2689 victimae,
1420 2661 1484 2682 nec
1507 2648 1733 2692 peculiariter
1751 2649 1793 2681 ad
1816 2645 1881 2680 hoc
1905 2646 2026 2680 donati
2044 2657 2107 2678 no-

1119 2701 1174 2734 bis
1190 2707 1307 2741 erant,
1335 2708 1373 2734 ut
1393 2701 1515 2734 fierent
1538 2697 1683 2733 hostiae.
1737 2699 1920 2733 Postremo
1944 2710 2006 2731 nec
2032 2708 2109 2730 sen-
