2415 2942
256 123 329 158 227

264 221 345 242 nam
372 209 414 241 de
441 219 495 240 me
521 206 656 249 scripsit
682 205 750 238 ille.
811 201 944 248 Estque
969 204 1005 236 in
1031 202 1096 237 hac
1123 216 1245 237 narra-

264 261 359 294 tione
390 259 488 292 furor
524 255 783 301 hypocritarum
815 256 1090 288 considerandus
1125 263 1158 289 et
1189 267 1246 287 ex-

265 309 510 354 pavescendus.
560 305 728 338 llomiues
745 305 902 338 fascinati
920 306 1151 349 opinionibus
1171 317 1246 339 car-

265 361 403 393 nalibus
424 360 465 390 de
486 358 574 398 lege,
603 363 632 388 et
649 362 822 388 tumentes
842 357 1065 399 persuasione
1083 357 1245 401 propriae

265 410 436 445 iusticiae,
463 414 500 440 ut
524 418 617 439 nunc
634 405 814 439 W'icelius
837 413 897 440 aut
926 408 985 441 alii
1010 409 1153 453 quidam
1187 420 1246 441 su-

265 458 468 504 perbissime
487 464 518 490 et
535 457 659 490 exalto
677 457 836 490 derident
856 458 1051 491 doctrinam
1069 460 1110 491 de
1136 459 1244 502 gratia

265 518 296 543 et
314 510 398 548 fule,
425 519 463 540 ac
486 520 579 541 mere
597 507 745 540 fanatica
763 509 897 541 somnia
915 520 986 542 esse
1012 510 1186 550 iudicant,
1214 517 1246 543 et
1272 519 1274 524 ’

266 568 406 593 econtra
443 559 662 592 admirantur
694 559 916 602 disciplinam
948 567 981 593 et
1013 572 1126 593 mores
1158 562 1274 593 hene⁴

266 610 495 654 compositos,
518 607 584 642 hoc
602 611 704 642 decus
722 621 832 642 unum
851 618 883 643 et
902 623 1076 644 summum
1094 623 1165 645 esse
1183 624 1247 655 pu-

266 668 361 701 tant,
390 658 455 693 hoc
472 661 606 702 fingunt
625 671 696 692 esse
721 661 906 703 perfectam
932 662 1122 702 iusticiam,
1149 663 1247 695 satis-

265 712 451 746 factionem
470 711 554 753 legis
571 710 655 751 Dei,
692 711 844 755 denique
861 713 1061 755 praedicant
1082 719 1247 757 tanquam

265 763 483 796 divinitatem
502 762 675 806 quandam
689 788 698 801 ‚
720 773 758 794 ac
777 762 878 805 longe
897 763 1007 806 pluris
1023 763 1154 796 faciunt
1167 762 1249 796 Ari-

267 814 404 853 stidem,
455 820 513 846 aut
539 811 727 852 Catonem,
768 825 872 857 quam
907 811 1105 853 Abraham,
1146 813 1249 854 Isaac,

271 864 394 901 lacot),
421 863 618 901 etsimilcs,
644 874 793 906 quorum
815 863 883 895 vita
912 863 949 895 iu
975 865 1123 906 speciem
1151 865 1249 896 vide—

268 922 327 948 tur
350 914 526 957 agrestior.
581 912 793 956 Quanquam
817 920 931 946 autem
956 926 1122 956 magnum
1147 916 1250 948 decus

269 973 318 999 est
341 965 454 997 civilis
473 963 607 996 iusticia
628 969 658 995 et
674 964 868 996 moderatio
886 976 1041 1005 morum,
1069 972 1100 998 et
1119 977 1172 998 res
1189 978 1250 998 ne-

268 1015 415 1049 cessaria
439 1022 506 1054 est,
542 1021 657 1047 tamen
682 1025 745 1046 nos
773 1013 808 1045 in
827 1012 981 1047 Ecclesia
1007 1015 1136 1048 scimus
1161 1014 1251 1049 hanc

268 1066 441 1100 iusticiam
470 1065 583 1098 carnis
611 1064 714 1109 longe
740 1065 857 1097 abesse
881 1078 898 1098 a
920 1066 1132 1109 perfectione
1154 1067 1252 1109 legis,

269 1118 340 1150 imo
357 1129 420 1149 nec
438 1117 580 1160 quidem
599 1115 738 1147 incoare
761 1115 908 1158 primam
933 1117 1099 1152 tabulam.
1162 1117 1250 1150 Nam

269 1170 374 1201 corda
398 1174 478 1200 sunt
500 1166 602 1210 plena
628 1166 889 1199 dubitationum
916 1167 959 1200 de
980 1166 1074 1208 Deo,
1102 1176 1182 1202 sunt
1200 1181 1252 1201 se-

268 1231 372 1259 cura,
419 1218 493 1250 sine
525 1217 650 1250 timore
675 1217 762 1256 Dei,
805 1217 879 1249 sine
904 1219 1136 1261 poenitentia,
1179 1221 1253 1253 sine

270 1269 450 1312 agnitione
482 1267 642 1312 propriae
676 1267 907 1306 infirmitatis,
952 1275 983 1302 et
1008 1270 1116 1302 multo
1143 1271 1253 1313 magis

271 1321 346 1354 sine
363 1320 434 1353 ulla
458 1318 638 1361 agnitione
662 1318 923 1351 misericordiae
947 1326 979 1353 et
1005 1320 1150 1353 fiduciae
1174 1320 1252 1356 Dei.

270 1370 408 1404 Deinde
428 1370 650 1402 admirantur
668 1381 705 1402 ac
726 1369 875 1402 efferunt
893 1381 980 1408 sese,
1015 1377 1046 1404 et
1071 1373 1253 1405 considunt

271 1433 331 1455 sua
349 1421 535 1465 sapientia,
560 1427 591 1453 et
609 1431 687 1452 suas
711 1420 812 1452 falsas
839 1421 1078 1463 persuasiones
1102 1423 1253 1456 admira-

272 1472 368 1507 tione
384 1472 458 1511 sui,
482 1471 757 1516 pertinacissime
783 1479 1017 1514 propugnant.
1071 1471 1117 1505 Ili
1142 1470 1253 1519 hypo-

272 1523 380 1557 critae
397 1534 496 1566 saepe
514 1523 550 1554 in
567 1519 753 1565 Prophetis
771 1522 1035 1561 describuntur,
1070 1531 1108 1557 ut
1131 1523 1255 1556 Esaiae

272 1575 323 1610 6.:
357 1571 511 1607 Excaeca
538 1584 598 1605 cor
624 1572 745 1616 populi
771 1570 894 1612 huius,
931 1580 960 1606 et
986 1586 1085 1607 aures
1106 1575 1179 1607 eius
1196 1588 1256 1618 ag—

273 1636 396 1669 grava,
424 1630 456 1657 et
472 1622 576 1657 Rom.
596 1624 669 1658 11.:
698 1622 804 1656 Dedit
827 1624 874 1656 eis
893 1622 987 1657 Deus
1013 1625 1172 1667 spiritum
1198 1639 1257 1659 ex-
1279 1636 1283 1646 ⁴

274 1675 492 1714 acerbatmn,
520 1674 640 1707 oculos
664 1686 707 1706 ne
724 1674 884 1715 videant,
912 1681 975 1709 etc.
1028 1674 1122 1708 Haec
1140 1677 1257 1717 recito,

273 1733 312 1760 ut
330 1727 551 1759 considerent
576 1725 644 1769 pii,
680 1732 850 1769 qnantum
871 1726 1001 1758 malum
1028 1728 1070 1759 sit
1095 1724 1257 1772 hypocri-

274 1778 338 1817 sis,
366 1784 396 1809 et
415 1777 528 1821 qualis
551 1776 695 1809 caecitas
720 1776 781 1816 sit,
825 1782 863 1808 ut
885 1785 1112 1818 expzixescaut
1137 1786 1169 1811 et
1195 1791 1258 1811 au—
1282 1798 1284 1818 t

276 1828 374 1861 diant
401 1840 516 1860 vocem
543 1825 748 1869 Evangelii,
798 1834 829 1860 et
854 1834 971 1870 petant
994 1841 1010 1860 a
1038 1827 1112 1860 Deo
1137 1842 1255 1861 verum

276 1880 414 1918 lumen,
451 1885 481 1910 et
507 1877 679 1919 Spiritum
707 1885 883 1915 sanctum,
927 1879 985 1923 qui
1016 1880 1107 1912 tollit
1131 1881 1258 1920 vetum,

277 1942 345 1974 quo
364 1930 467 1961 corda
488 1929 598 1961 velata
624 1935 724 1969 sunt,
759 1936 795 1961 ut
820 1928 947 1961 Paulus
973 1930 1103 1975 inquit:
1141 1931 1175 1963 in
1194 1933 1256 1963 do-

277 1981 388 2013 ctrina
409 1980 502 2022 legis.

326 2062 469 2097 Scimus
503 2067 621 2096 aulem
632 2090 640 2104 ,

692 2067 789 2110 quod
819 2062 922 2098 Deus
954 2070 1155 2112 peccatores
1186 2078 1258 2098 non

377 2111 543 2148 exaudit.

354 2182 540 2226 Duplicem
560 2182 754 2215 doctrinam
772 2183 926 2216 continet
942 2180 1008 2214 hoc
1026 2183 1170 2223 dictum,
1196 2184 1255 2215 do-

279 2241 330 2267 cet
346 2234 512 2266 miracula
541 2234 736 2266 testimonia
762 2245 832 2266 esse
858 2234 1057 2273 doctrinae,
1095 2242 1124 2266 et
1154 2235 1259 2266 tradit

281 2296 502 2317 communem
529 2285 758 2323 sententiam,
801 2296 905 2329 quam
931 2285 965 2316 in
994 2285 1088 2316 omni
1118 2285 1259 2317 invoca-
1283 2302 1285 2311 ‹

711 2334 868 2368 Primum
886 2336 928 2368 de
944 2335 1121 2368 miraculis
1139 2336 1258 2368 sicar·
1284 2351 1285 2360 ¹

280 2336 374 2368 tione
393 2346 492 2366 nosse
511 2342 657 2377 oportet.

280 2391 517 2428 gumentatur:
560 2386 772 2430 Quicunque
805 2386 886 2419 facit
919 2386 1085 2419 miracula
1117 2387 1259 2418 nomine

279 2436 363 2475 Dei,
389 2443 420 2468 et
439 2433 612 2468 Ecclesiae
629 2437 786 2479 propria,
813 2434 907 2469 hunc
932 2443 1063 2470 certum
1083 2444 1132 2470 est
1149 2450 1164 2469 a
1185 2436 1258 2469 Deo

280 2499 361 2519 esse.
416 2485 576 2518 Faciebat
595 2494 708 2519 autem
732 2485 893 2521 Christus
920 2488 1086 2520 miracula
1116 2488 1258 2520 nomine

279 2536 366 2577 Dei,
395 2536 483 2568 sicut
502 2536 632 2579 inquit:
669 2536 747 2570 Non
769 2546 878 2581 potest
899 2538 990 2570 filins
1007 2539 1117 2571 facere
1131 2550 1167 2571 ex
1188 2550 1258 2571 sese

279 2589 487 2632 quicquam,
515 2587 581 2619 nisi
609 2588 735 2621 viderit
762 2596 893 2631 patrem
915 2589 1118 2629 facientem,
1152 2596 1184 2622 et
1207 2590 1257 2621 fa-

279 2639 390 2672 ciebat
418 2637 582 2669 miraculi
606 2637 780 2671 Ecclesiae
807 2640 964 2682 propria,
1006 2641 1041 2672 id
1068 2647 1135 2678 est,
1170 2652 1258 2684 quae

276 2702 348 2723 non
379 2688 508 2722 imitari
533 2689 714 2729 diabolus,
754 2697 813 2724 aut
844 2692 915 2724 ulla
948 2698 1103 2725 creatura
1135 2698 1258 2735 potest.

848 119 969 154 PHIL.
998 118 1110 155 MEL.
1139 117 1348 154 SCRIPTA
1376 117 1674 155 EXEGETICA.

2202 122 2276 158 228

1269 227 1271 230 ι
1295 204 1384 238 Nam
1409 205 1555 239 mortuis
1578 205 1745 239 reddebat
1769 205 1894 246 vitam,
1922 213 1986 242 etc.
2038 206 2220 241 Praeterea
2244 214 2278 242 et

1297 256 1421 289 tradita
1442 257 1509 289 iam
1526 263 1605 290 ante
1629 269 1689 300 per
1706 254 1898 301 Prophetas
1921 258 2089 297 docebat,
2125 270 2197 290 non
2225 257 2278 300 gi-

1297 307 1422 350 gnebat
1446 318 1555 350 genus
1575 308 1773 348 doctrinae,
1809 319 1968 352 pugnans
1987 321 2064 341 cum
2083 306 2279 352 Prophetis.

1270 357 1438 462 {Certum
1471 359 1577 401 igitur
1607 365 1680 391 erat
1710 356 1803 391 hunc
1833 359 2011 392 doctorem
2045 370 2064 392 a
2089 359 2163 393 Deo
2194 359 2280 392 mis-

1298 420 1373 442 sum
1393 420 1475 442 esse-

1399 475 1469 510 Sed
1491 476 1633 510 obiiciet
1654 476 1803 522 aliquis,
1843 477 1947 510 etiam
1969 474 2139 510 Ethnicos
2161 476 2281 510 secisse

1272 542 1273 546 =
1298 526 1484 567 miracula,
1509 534 1547 561 ut
1564 535 1707 561 narrant
1733 534 1843 561 cotem
1868 529 2050 561 dissectam
2076 539 2147 560 esse
2171 539 2280 560 nova-

1299 577 1377 610 cula
1399 579 1491 622 apud
1516 578 1678 612 Servium
1697 578 1855 611 Tullum.
1916 579 1972 611 Ad
1999 576 2138 612 ethnica
2161 578 2282 611 omnia

1299 628 1412 661 facilis
1443 629 1623 672 responsio
1663 636 1737 670 est,
1800 630 2003 673 praestigias
2034 641 2105 662 esse
2135 629 2282 669 diaboli,

1301 679 1395 723 quod
1419 679 1530 712 tribus
1552 679 1664 712 causis
1689 680 1887 712 confirmari
1914 687 2044 724 potest,
2082 680 2193 724 prima
2221 686 2282 720 est,

1302 729 1382 773 quia
1400 742 1471 763 non
1489 730 1577 763 fiunt
1593 743 1672 763 cum
1688 730 1909 763 invocatione
1927 731 2000 763 veri
2017 730 2094 763 Dei.
2147 729 2282 764 Secun-

1302 781 1344 812 da
1362 791 1480 819 causa,
1509 781 1590 825 quia
1615 782 1657 813 ad
1685 781 1885 814 manifestas
1912 781 2150 824 turpitudines
2174 780 2283 813 stabi-

1302 830 1454 871 lieudas,
1482 838 1519 864 ut
1530 829 1676 864 Calchas
1694 832 1904 865 vaticinatur
1919 832 1961 864 de
1979 832 2080 864 annis
2097 830 2283 864 belliTro-

1302 881 1392 922 iani,
1419 889 1451 915 et
1475 882 1575 916 iubet
1597 883 1739 915 mactari
1766 880 1955 915 humanam
1980 880 2142 916 hostiam.
2194 880 2285 914 Ter-

1302 931 1368 972 tia,
1408 933 1489 977 quia
1515 940 1595 966 sunt
1618 933 1803 972 miracula,
1844 945 1932 978 quae
1959 933 2122 966 diabolus
2152 931 2282 965 imitari

1302 989 1424 1026 potest.
1477 982 1558 1016 Non
1575 991 1656 1017 sunt
1674 984 1872 1017 testimonia
1895 990 2040 1017 naturae
2057 983 2284 1027 omnipoten-

1303 1033 1365 1070 tis,
1404 1040 1443 1066 ut
1469 1034 1685 1067 resuscitatio
1709 1042 1948 1075 mortuorum,
1987 1035 2108 1068 sistere
2141 1045 2283 1067 cursum

1303 1084 1406 1124 solis,
1445 1095 1553 1116 anum
1587 1085 1747 1117 effoetam
1776 1085 1984 1119 foecundam
2014 1087 2137 1119 facere.
2207 1083 2284 1116 Hae

1303 1146 1425 1168 causae
1444 1135 1632 1177 diligenter
1656 1136 1860 1177 cogitandae
1883 1143 1985 1176 sunt,
2017 1143 2056 1169 ut
2080 1136 2285 1169 discernan-

1303 1192 1361 1218 tur
1376 1197 1455 1218 vera
1471 1185 1669 1218 testimonia
1687 1187 1729 1218 ab
1748 1184 1897 1219 ethnicis
1916 1193 1948 1219 et
1970 1186 2164 1221 fallacibus.
2212 1184 2285 1218 Nec

1304 1236 1489 1269 dissimilia
1512 1243 1594 1270 sunt
1611 1233 1761 1270 ethnicis
1777 1237 1959 1282 pleraque,
1993 1249 2080 1281 quae
2097 1242 2286 1270 narrantur

1303 1288 1345 1320 ad
1365 1287 1639 1320 confirmandam
1658 1288 1917 1321 invocationem
1938 1296 2171 1321 mortuorum.

1407 1354 1543 1387 Deinde
1559 1354 1585 1387 si
1603 1355 1681 1399 quis
1703 1355 1861 1388 obiiciet:
1891 1353 1939 1388 At
1961 1352 2287 1398 pseudoprophetae

1304 1403 1430 1437 sacient
1464 1406 1641 1448 prodigia,
1692 1412 1730 1438 ut
1753 1403 1882 1438 Matth.
1902 1404 1962 1440 24.
1990 1406 2133 1438 dicitur:
2163 1404 2286 1449 anue

1305 1455 1433 1488 facient
1450 1456 1594 1488 nomine
1612 1454 1688 1490 Dei.
1720 1456 1777 1488 Ad
1794 1453 1877 1488 haec
1897 1457 2107 1500 respondeo:
2135 1454 2286 1489 Etiamsi

1305 1506 1439 1539 faciunt
1461 1513 1637 1549 praetextu
1653 1507 1808 1539 nominis
1826 1505 1910 1544 Dei,
1944 1513 2061 1540 tamen
2086 1506 2219 1539 faciunt
2242 1506 2286 1539 ad

1306 1557 1533 1590 stabiliendos
1550 1557 1686 1601 aliquos
1704 1569 1837 1590 errores
1855 1565 1974 1590 contra
2001 1557 2196 1591 doctrinam
2212 1568 2284 1589 cer-

1307 1614 1375 1640 tam
1393 1619 1410 1640 a
1427 1607 1501 1640 Deo
1528 1608 1702 1641 traditam.
1755 1607 1867 1640 Porro
1893 1609 1928 1640 in
1953 1606 2106 1641 Ecclesia
2133 1607 2288 1640 conferri

1307 1664 1444 1702 oportet
1470 1659 1658 1696 miracula,
1694 1664 1726 1690 et
1749 1659 1945 1691 doctrinam
1971 1659 2068 1701 prius
2086 1670 2103 1690 a
2123 1657 2197 1691 Deo
2216 1664 2287 1690 tra-

1308 1710 1435 1748 ditam,
1462 1710 1488 1741 si
1506 1709 1673 1741 miracula
1697 1716 1854 1751 pugnant
1877 1721 1955 1741 cum
1975 1709 2134 1741 doctrina
2153 1707 2250 1751 prins
2268 1719 2288 1740 a

1310 1759 1382 1793 Deo
1400 1761 1547 1799 tradita,
1574 1767 1655 1792 sunt
1678 1759 1832 1799 fallacia,
1867 1766 1899 1792 et
1918 1770 2053 1803 semper
2074 1765 2179 1792 erunt
2195 1758 2289 1798 talia,

1282 1823 1283 1826 ¹
1309 1823 1397 1855 quae
1420 1811 1583 1844 diabolus
1603 1810 1732 1843 imitari
1757 1817 1882 1853 potest,
1924 1822 1996 1842 non
2022 1816 2125 1843 erunt
2148 1809 2290 1852 propria

1282 1877 1284 1893 ι
1309 1860 1504 1901 Ecclesiae,
1528 1868 1567 1894 ut
1587 1861 1800 1894 resuscitatio
1822 1867 2061 1898 mortuorum,
2092 1867 2152 1893 aut
2174 1860 2290 1892 simile

1310 1913 1490 1957 quiddam.
1544 1911 1639 1944 Haec
1662 1913 1704 1944 de
1728 1911 1925 1945 diversitate
1949 1911 2221 1951 miraculorum,
2257 1917 2290 1944 et

1309 1963 1455 1996 diversis
1479 1975 1599 1995 eorum
1629 1963 1757 1995 finibus
1780 1965 1921 2004 prodest
1943 1962 2184 2001 considerare,
2226 1973 2291 1994 nec

1309 2014 1476 2046 miracula
1501 2013 1655 2053 fallacia,
1689 2020 1720 2046 et
1745 2013 1936 2056 pugnantia
1961 2025 2038 2045 cum
2064 2019 2156 2046 certo
2184 2013 2292 2045 verbo

1310 2064 1393 2103 Dei,
1422 2065 1599 2097 abducant
1617 2063 1754 2096 animos
1773 2075 1791 2095 a
1810 2075 1890 2096 vera
1906 2063 2127 2097 invocatione
2144 2061 2220 2104 Dei,
2246 2063 2290 2095 ad

1310 2115 1402 2147 idola
1419 2121 1451 2148 et
1467 2115 1570 2148 falsas
1584 2114 1780 2158 opiniones.

1412 2181 1530 2215 Altera
1549 2182 1707 2215 doctrina
1727 2182 1922 2215 communis
1939 2179 2004 2215 hoc
2027 2181 2103 2214 loco
2128 2181 2292 2213 observe-

1311 2241 1379 2266 tur.
1436 2232 1638 2266 Peccatores
1656 2232 1750 2266 Deus
1768 2245 1839 2265 non
1866 2233 2022 2273 exaudit,
2057 2232 2186 2265 scilicet
2212 2243 2292 2274 per-

1310 2291 1507 2317 severantes
1525 2284 1559 2316 in
1581 2285 1727 2327 peccatis
1743 2291 1862 2316 contra
1882 2283 2145 2316 conscientiam.
2198 2281 2289 2315 'Nam

1311 2343 1456 2379 uterque
1472 2347 1569 2368 error
1585 2337 1754 2368 taxandus
1771 2342 1836 2368 est:
1862 2335 1971 2379 aliqui
1998 2333 2109 2367 securi
2133 2333 2290 2366 retinen-

1284 2403 1285 2432 3
1311 2393 1359 2418 tes
1375 2386 1592 2430 propositum
1610 2386 1795 2429 peccandi,
1823 2392 1944 2428 putant
1962 2385 2078 2417 valere
2096 2383 2290 2416 invocatio—

1311 2449 1401 2471 nem.
1455 2436 1549 2470 IIaec
1567 2437 1769 2479 imaginatio
1794 2436 1876 2469 falsa
1904 2442 1936 2468 et
1966 2442 2039 2468 toto
2063 2441 2201 2479 pectore
2226 2434 2288 2467 su—

1310 2488 1433 2529 gienda
1454 2495 1520 2525 est,
1548 2488 1630 2532 quia
1649 2487 1737 2520 Psal.
1756 2485 1788 2522 5.
1812 2487 1902 2519 clare
1918 2486 2060 2519 dicitur:
2096 2485 2176 2518 Non
2193 2483 2288 2517 Deus

1311 2539 1659 2582 volensimpietatem
1685 2545 1722 2571 tu
1749 2550 1799 2578 es,
1833 2544 1866 2570 et
1891 2538 1922 2571 1.
1946 2536 2066 2569 Ioann.
2083 2537 2132 2569 3.:
2167 2534 2204 2569 Si
2229 2546 2288 2568 cor

1310 2597 1466 2621 nostrum
1492 2601 1562 2622 non
1586 2590 1796 2622 condemnat
1819 2601 1900 2628 nos,
1935 2588 2095 2620 fiduciam
2121 2584 2289 2619 habemus

1310 2651 1385 2682 erga
1406 2640 1540 2680 Deum,
1582 2647 1613 2673 et
1638 2641 1665 2672 si
1691 2641 1775 2685 qnid
1804 2647 1975 2682 petemus,
2011 2639 2222 2682 accipiemus
2244 2636 2289 2670 ab

1311 2703 1364 2723 eo.
1417 2691 1479 2724 list
1499 2703 1578 2734 ergo
1596 2691 1709 2724 inanis
1725 2687 1972 2737 βατῑολογία,
2001 2690 2121 2724 venire
2144 2688 2182 2721 in
2202 2698 2288 2721 con-
