2415 2942
55 94 131 136 685
253 93 351 129 XIII.

56 183 142 217 dicit
160 180 302 214 Paulus.
357 177 402 214 Et
419 179 617 213 similitudo
643 179 687 212 de
703 179 779 213 luto
803 185 834 212 et
853 178 959 220 figulo
977 189 1049 210 non

58 232 124 268 boc
143 232 228 265 vult.
281 229 381 264 Nihil
406 243 509 274 agere
533 230 684 275 impios,
711 231 770 262 sed
796 236 940 263 eatenus
966 240 1049 260 con-

58 283 174 322 venit,
203 283 296 328 quod
323 295 362 315 ex
377 295 447 316 una
466 294 577 315 massa
609 280 744 324 generis
773 277 918 313 humani
954 277 1050 311 Deus

59 335 147 368 alios
167 345 229 367 suo
248 333 380 366 iudicio
397 333 528 373 salvat,
549 332 636 365 alios
653 333 808 365 damnat.
860 329 993 363 Causae
1012 329 1049 361 in

59 385 295 419 similitudine
328 396 401 417 non
426 384 575 417 omnino
606 381 863 416 accommodari
889 386 1048 424 possunt.

60 435 232 470 Tenenda
250 442 300 469 est
319 436 413 468 enim
439 434 631 474 sententia,
666 433 759 477 quod
788 430 883 464 Deus
908 443 979 464 non
1005 431 1049 463 sit

59 499 160 520 causa
179 487 320 530 peccati.
373 484 615 519 Retinendum
635 491 668 516 et
683 480 751 515 hoc
768 489 836 523 est,
855 483 947 527 quod
968 494 1049 525 pro-

58 538 179 571 missio
197 538 242 571 sit
257 536 478 570 universalis.
531 534 630 568 Sicut
655 540 687 567 et
714 541 831 577 postea
857 534 932 577 ipse
957 532 1050 566 Pau-

60 589 114 622 lus
131 588 230 622 addit
247 589 439 620 rationem:
470 586 588 629 Quare
605 591 722 628 pereat
741 583 867 628 Israel,
887 584 967 629 quia
985 596 1049 617 no-

59 639 101 673 lit
121 639 277 683 accipere
296 636 549 680 Evangelium‚
574 635 750 669 sectando
775 635 948 668 iusticiam
977 647 1048 667 non

59 690 276 734 assequitur,
310 689 391 733 quia
423 700 494 721 non
522 699 562 720 ex
586 686 653 720 fide
679 693 745 721 etc.
798 685 867 719 Hic
891 697 1050 730 expresse

58 740 160 784 ponit
184 751 322 773 causam
350 737 626 783 reprobationis,
660 737 811 779 scilicet,
837 737 919 782 quia
945 749 1049 781 repu-

60 798 167 834 gnent
183 788 392 833 Evangelio.

85 872 238 910 Vocabo
253 886 325 906 non
341 875 486 919 'gentem
505 883 623 906 meam
635 899 642 913 ‚
667 876 808 917 gentem
826 883 943 905 meam
964 875 1023 905 etc.

158 941 349 986 Postquam
374 941 555 975 constitui!
595 937 730 979 thesin,
766 941 861 985 quod
896 940 1049 984 populus

58 992 123 1027 Dei
149 993 194 1027 sit
223 991 378 1026 Ecclesia
402 993 612 1032 electorum,
647 992 715 1024 iam
740 992 837 1025 venit
860 993 901 1024 ad
936 989 1047 1036 hypo-

60 1042 194 1085 thesin,
222 1043 348 1076 electos
364 1055 435 1076 esse
454 1056 493 1075 ex
514 1041 651 1075 Iudaeis
671 1049 702 1075 et
722 1041 914 1075 Gentibus:
941 1043 1047 1086 idque

59 1096 184 1139 probat
209 1094 418 1128 testimoniis
443 1093 654 1135 scripturae,
684 1100 721 1126 ut
746 1095 905 1127 ostendat
928 1091 1048 1126 Evan-

59 1147 191 1192 gelium
216 1145 392 1189 pertinere
427 1145 469 1177 ad
495 1143 640 1178 Gentes.
702 1142 755 1176 Ac
780 1145 934 1188 primum
966 1144 1048 1177 citat

60 1199 174 1230 locum
195 1208 235 1229 ex
253 1193 363 1228 Osea:
393 1193 454 1229 Est
470 1202 585 1228 autem
611 1194 693 1228 satis
711 1195 933 1239 perspicuum
950 1195 1046 1229 testi-

59 1248 232 1281 monium.

166 1296 257 1330 Illud
282 1297 397 1330 obiter
421 1296 665 1329 admonendus
690 1302 740 1330 est
764 1296 886 1329 lector.
946 1294 1047 1337 Quo-

59 1349 122 1383 ties
138 1349 180 1380 de
208 1347 389 1380 vocatione
409 1345 578 1379 Gentium
604 1346 754 1387 dicitur,
787 1347 970 1380 sciendum
997 1352 1045 1379 est

59 1398 301 1432 commendari
329 1397 493 1439 gratiam,
530 1398 624 1442 quod
653 1409 727 1430 non
761 1404 903 1441 propter
924 1397 1046 1441 legem,

59 1451 118 1483 sed
136 1449 241 1493 gratis
257 1455 401 1493 propter
419 1445 599 1482 Christum
624 1448 822 1492 placeamus
840 1456 903 1483 etc.

169 1531 341 1581 Sifuerit
362 1543 531 1565 numerus
550 1529 716 1577 filiorum
733 1531 863 1567 Israel
879 1538 939 1569 etc.

162 1600 324 1634 Alterum
343 1600 583 1633 testimonium
602 1608 652 1634 est
669 1599 814 1640 Esaiae,
842 1602 937 1646 quod
957 1601 1045 1635 vati-

60 1654 199 1687 cinatur
214 1652 256 1684 de
270 1651 463 1683 defectione
474 1652 608 1694 populi.
633 1651 792 1685 Primum
813 1653 876 1686 ait:
894 1650 1044 1686 Etiamsi

60 1703 167 1738 fuerit
183 1702 306 1745 ingens
330 1701 521 1735 multitudo
543 1702 683 1745 populi,
709 1709 826 1735 tamen
850 1703 951 1747 pauci
968 1710 1044 1735 tau-

62 1763 136 1789 tum
165 1753 407 1786 salvabuntur.
465 1751 542 1784 Hoc
575 1754 648 1785 vult
681 1751 837 1795 phrasis,
870 1766 948 1787 cum
977 1754 1043 1787 ait:

60 1804 264 1850 Reliquiae,
295 1815 375 1835 nam
401 1802 556 1847 reliquae
580 1803 777 1846 significant
802 1815 950 1848 paucos,
984 1805 1044 1849 qui

60 1855 188 1900 reliqui
215 1860 296 1887 sunt
317 1854 460 1886 caeteris
484 1854 665 1888 absumtis.
726 1853 862 1889 Deinde
886 1855 1046 1901 sequitur

61 1905 222 1952 repetitio
240 1904 395 1938 eiusdem
415 1905 620 1941 sententiae.

255 1984 536 2024 Consummatio
558 1988 773 2024 abbreviata
788 1996 848 2026 etc.

161 2058 427 2093 Consummatio
444 2058 643 2092 abbreviata
655 2061 846 2093 exundabit
856 2058 1043 2095 iusticiam.

61 2109 410 2145 Consummationem
436 2109 529 2140 enim
556 2116 589 2143 et
613 2110 915 2145 abbreviationem
940 2111 1042 2145 faciet

61 2161 250 2196 Dominus.
316 2158 580 2193 Consummatio
610 2160 782 2203 significat
816 2163 939 2202 finem,
981 2173 1041 2195 seu

60 2213 192 2246 cladem
219 2210 361 2255 populi,
398 2210 495 2254 quasi
522 2211 631 2244 dicat:
665 2211 820 2246 Ventura
850 2219 899 2246 est
915 2224 1040 2256 magna

60 2264 176 2297 clades
192 2261 333 2306 populi,
360 2272 418 2293 seu
439 2261 618 2301 interitus,
645 2268 678 2295 et
696 2269 811 2296 tamen
828 2266 1040 2297 tunc'exun—

62 2315 158 2348 dabit
175 2312 309 2346 iusticia
322 2339 329 2352 ,
357 2312 390 2344 id
411 2319 479 2352 est,
508 2319 591 2345 tunc
609 2313 823 2348 revelabitur
841 2322 873 2349 et
890 2315 1041 2347 donabi-

62 2373 120 2398 tur
148 2363 315 2408 promissa
345 2362 480 2396 iusticia
506 2369 538 2396 et
571 2363 790 2405 benedictio,
832 2377 909 2399 cum
948 2365 1038 2398 circa

64 2416 166 2448 finem
187 2414 307 2458 populi
327 2425 450 2457 magna
467 2414 658 2448 multitudo
675 2416 828 2458 peritura
846 2422 907 2456 est,
925 2422 959 2449 et
975 2417 1040 2449 ali-

64 2466 122 2511 qui
142 2472 244 2498 erunt
267 2465 373 2507 salvi,
402 2465 461 2509 qui
487 2466 630 2499 credent
653 2465 864 2509 Evangelio,
894 2473 927 2500 et
951 2467 1040 2499 acci-

61 2517 159 2560 pient
183 2516 276 2548 illam
301 2516 508 2559 promissam
535 2516 720 2550 iusticiam.
774 2517 1038 2552 Consummatio

62 2566 280 2606 abbreviata,
309 2566 344 2599 id
362 2574 430 2607 est,
450 2573 544 2599 certo
561 2568 744 2611 praefinita
762 2580 821 2602 seu
839 2568 1038 2604 constituta.

61 2618 190 2651 Paulus
216 2616 339 2660 allegat
364 2617 560 2650 versionem
590 2617 780 2660 Graecam,
804 2632 892 2665 quae
920 2619 1037 2653 minus

59 2668 238 2715 perspicua
257 2674 302 2702 est
315 2692 324 2708 ‚
350 2669 410 2702 sed
427 2675 542 2703 tamen
559 2671 705 2703 eandem
725 2671 934 2706 sententiam
953 2683 1035 2704 con-

403 94 438 128 2.
471 90 840 129 COMMENTARII
871 90 920 126 IN
948 89 1102 126 EPIST.
1130 87 1278 125 PAULI
1304 88 1370 125 AD
1398 88 1660 127 ROMANOS.
1712 89 1818 126 CAP.
1854 90 1916 127 IX.

2017 92 2091 126 686

1102 176 1210 217 tinet,
1249 177 1277 209 si
1303 177 1448 210 verbum
1474 177 1650 220 intelligas
1670 190 1731 221 pro
1756 190 1812 221 re,
1840 185 1877 211 ut
1894 178 2091 222 loquuntur

1102 225 1266 260 Hebraei.
1325 227 1420 261 Deus
1447 229 1549 262 faciet
1576 229 1722 261 verbum
1756 229 2020 270 abbreviatum,
2053 229 2090 261 id

1102 284 1167 317 est,
1204 290 1276 311 rem
1301 279 1560 320 abbreviatam,
1587 291 1647 312 seu
1675 280 1995 320 abbreviationem,
2029 291 2091 312 seu

1101 327 1217 360 finem.
1295 327 1341 363 Et
1375 330 1411 361 in
1451 327 1516 362 hac
1555 331 1859 364 consummatione
1898 330 2090 364 exundabit

1100 378 1249 411 iusticia.

1203 427 1276 462 Alii
1293 429 1721 474 variasinterpretationes
1738 432 1993 466 confinxerunt.
2022 431 2084 466 In-

1102 486 1342 522 terpretantur
1373 482 1519 513 verbum
1549 482 1792 515 abbreviatum
1819 484 1861 515 de
1884 482 2090 526 Evangelio,

1100 531 1181 575 quia
1200 532 1253 564 lex
1270 532 1313 565 sit
1334 532 1436 574 longa
1457 532 1638 573 doctrina,
1666 544 1729 565 nec
1755 540 1871 566 tamen
1888 534 2090 568 iustificans.

1100 580 1196 614 Haec
1213 582 1457 626 interpretatio
1475 589 1523 616 est
1541 583 1796 626 intempestiva.

1204 631 1307 666 Alius
1340 633 1514 678 quispiam
1546 640 1595 667 est
1633 634 1902 677 interpretatus,
1939 636 2090 678 perfecta

1100 685 1271 717 sententia
1297 687 1450 718 exundat
1474 685 1671 725 iusticiam,
1705 686 1741 718 id
1767 693 1833 727 est,
1868 686 2006 729 sapiens
2034 687 2090 719 iu-

1100 735 1165 767 dex
1186 735 1272 768 seret
1302 736 1429 769 iustam
1456 736 1679 769 sententiam.
1733 735 1801 771 Hic
1827 748 1970 782 prorsus
1995 744 2088 771 extra

1069 788 1070 791 ’
1100 786 1190 818 viam
1210 786 1331 820 currit.

1202 836 1273 870 Nos
1296 849 1403 870 unam
1428 844 1461 871 et
1491 838 1686 882 simplicem
1724 838 1934 872 sententiam
1959 851 2089 872 conve-

1101 888 1256 921 nientem
1275 894 1461 932 perpetuae
1478 889 1674 923 narrationi
1692 890 1729 922 in
1746 896 1840 923 textu
1862 890 2088 930 retineamus,

1100 940 1278 979 videlicet,
1309 941 1402 984 quod
1427 940 1579 983 populus
1602 941 1779 985 periturus
1803 941 1866 979 sit,
1893 942 1952 974 sed
1979 941 2086 985 paulo

1099 997 1177 1023 ante
1194 997 1381 1023 venturum
1400 1002 1471 1023 esse
1481 988 1660 1025 Christum
1675 1019 1683 1032 ,
1700 999 1732 1025 et
1748 991 1884 1037 aliquos
1902 1004 1940 1025 ex
1956 991 2088 1036 populo

1101 1048 1350 1074 consecuturos
1373 1053 1445 1074 esse
1463 1042 1540 1074 illas
1566 1043 1800 1089 amplissimas
1827 1043 2089 1085 promissiones,

1099 1092 1206 1125 factas
1233 1094 1390 1136 patribus
1416 1094 1541 1126 reiecta
1571 1094 1706 1138 reliqua
1732 1094 1972 1129 multitudine.
2026 1092 2089 1129 Est

1100 1151 1131 1176 et
1172 1141 1348 1186 emphasis
1396 1145 1614 1176 observanda
1655 1145 1844 1187 particulae
1884 1145 2088 1185 exundabit‚

1100 1206 1187 1239 quae
1204 1195 1375 1237 significat
1392 1195 1663 1238 amplitudinem
1681 1196 1824 1239 gratiae.

1363 1274 1469 1322 Quid
1493 1276 1608 1322 [gilla
1630 1276 1792 1313 dicemus
1803 1282 1827 1317 Ρ,

1197 1343 1266 1377 Hic
1306 1356 1464 1388 expresse
1495 1346 1597 1389 ponit
1635 1358 1772 1379 causam
1814 1348 2086 1392 reprobationis,

1097 1395 1178 1440 quia
1203 1395 1334 1428 scilicet
1360 1396 1478 1429 nolint
1503 1398 1643 1431 credere
1667 1396 1870 1442 Evangelio.
1926 1399 2007 1432 Ideo
2026 1412 2085 1432 su-

1098 1459 1157 1491 pra
1183 1447 1255 1479 dixi
1279 1447 1549 1480 similitudinem
1578 1449 1619 1481 de
1646 1449 1719 1482 luto
1747 1462 1818 1482 non
1844 1451 1891 1484 ita
1909 1451 2085 1495 accipien-

1097 1499 1178 1531 dam
1199 1510 1290 1535 esse,
1318 1499 1415 1541 quasi
1436 1499 1563 1531 nonsit
1585 1500 1618 1531 iu
1638 1501 1708 1543 ipsa
1730 1502 1911 1534 voluntate
1930 1499 2085 1535 humana

1097 1561 1197 1583 causa
1216 1548 1486 1592 reprobationis.
1542 1549 1608 1582 Hic
1635 1551 1742 1583 einim
1768 1551 1898 1585 Paulus
1925 1564 2084 1596 expresse

1097 1600 1197 1644 ponit
1229 1611 1383 1639 causam,
1415 1607 1448 1633 et
1478 1601 1575 1633 addit
1607 1604 1801 1644 rationem,
1834 1615 1923 1647 quae
1955 1603 2083 1647 impios

1097 1657 1310 1690 remoratur,
1339 1662 1382 1682 ne
1405 1652 1566 1684 credant:
1596 1651 1688 1695 Quia
1706 1652 1939 1696 Evangelium
1965 1654 2081 1697 arguit

1098 1700 1286 1734 humanam
1313 1701 1486 1735 iusticiam
1516 1709 1549 1736 et
1572 1704 1707 1745 cultus,
1735 1711 1766 1737 et
1794 1705 1960 1749 proponit
1977 1705 2083 1738 aliam

1097 1753 1281 1786 iusticiam.
1323 1751 1391 1785 Hic
1422 1765 1500 1786 cum
1529 1752 1691 1788 homines
1715 1757 1889 1799 sapientes
1915 1756 2084 1796 iudicent,

1096 1804 1386 1836 absurdissimum
1411 1816 1482 1837 esse
1508 1804 1645 1839 detrahi
1665 1807 1803 1840 laudem
1820 1807 1996 1847 iusticiae,
2022 1820 2081 1840 ex-

1095 1862 1214 1889 ternae
1237 1855 1479 1896 obedientiae,
1518 1857 1601 1889 item
1626 1857 1796 1891 cultibus:
1832 1859 1914 1890 item
1939 1858 2082 1892 videant

1095 1906 1238 1939 mutatis
1261 1907 1413 1939 cultibus
1439 1908 1566 1940 mutari
1599 1920 1638 1942 ac
1671 1909 1833 1953 dissipari
1857 1909 2084 1953 respublicas,

1096 1957 1345 2000 indignantur,
1389 1965 1421 1991 et
1459 1958 1635 2002 incipiunt
1663 1957 1729 1993 hoc
1761 1961 1941 1994 doctrinae
1972 1971 2080 2003 genus

1095 2008 1210 2041 odisse
1235 2020 1273 2040 ac
1290 2009 1468 2052 persequi,
1496 2016 1663 2054 tanquam
1690 2009 1954 2055 blasphemum,
1983 2012 2078 2056 quod

1095 2059 1208 2092 laedat
1223 2059 1369 2101 gloriam
1386 2059 1469 2100 Dei,
1493 2061 1634 2094 abolitis
1652 2062 1807 2095 cultibus
1820 2090 1828 2102 ‚
1849 2062 1962 2095 laxato
1978 2063 2078 2095 freno

1095 2109 1190 2153 vulgi
1220 2110 1398 2143 licentiae:
1433 2111 1514 2144 item
1544 2119 1712 2158 tanquam
1731 2114 1955 2153 seditiosum,
1983 2114 2077 2157 quod

1093 2161 1240 2205 dissipet
1264 2162 1401 2204 respub.
1472 2161 1568 2196 Haec
1601 2176 1738 2208 semper
1769 2165 1835 2197 fuit
1873 2164 2078 2207 principalis

1092 2224 1193 2245 causa
1221 2213 1492 2255 persecutionis,
1516 2226 1555 2247 ac
1578 2214 1723 2248 Iudaeos
1745 2215 1894 2247 maxime
1909 2215 2077 2255 accendit,

1092 2264 1151 2307 qui
1173 2261 1350 2297 habebant
1366 2264 1475 2307 legem
1495 2265 1666 2299 divinitus
1684 2267 1816 2306 datam,
1843 2273 1874 2299 et
1892 2266 2006 2298 cultus
2023 2267 2076 2299 ‹li-

1092 2315 1223 2347 vinitus
1243 2315 1438 2350 ordinatos.

1193 2365 1243 2398 lta
1263 2378 1358 2399 nunc
1380 2368 1537 2400 furenter
1553 2374 1583 2400 et
1604 2367 1792 2401 crudeliter
1811 2379 1875 2400 nos
1902 2369 2075 2402 insectan-

1088 2423 1147 2449 tur
1165 2418 1377 2457 adversarii,
1404 2420 1496 2462 quod
1518 2418 1686 2458 dicimus,
1714 2419 1780 2461 legi
1805 2431 1877 2452 non
1903 2432 2003 2464 posse
2021 2433 2075 2453 sa-

1090 2467 1227 2507 tisfieri,
1255 2480 1328 2501 non
1358 2468 1538 2502 iustificari
1564 2467 1726 2502 homines
1750 2482 1866 2503 coram
1891 2469 1966 2503 Deo
1994 2483 2075 2514 pro-

1089 2525 1166 2561 pter
1195 2519 1287 2551 bona
1330 2531 1455 2562 opera,
1498 2521 1558 2553 sed
1594 2521 1661 2553 fide
1702 2528 1845 2564 propter
1879 2519 2072 2556 Christum.

1088 2568 1227 2602 Deinde
1252 2570 1362 2612 magis
1383 2571 1485 2604 etiam
1515 2570 1688 2611 fremunt,
1714 2573 1856 2616 quando
1880 2573 1995 2606 cultus
2019 2585 2073 2606 re-

1087 2618 1374 2664 prehenduntur,
1403 2628 1442 2654 ut
1458 2620 1605 2663 Missae,
1628 2620 1864 2656 Monacbatus
1884 2630 1914 2656 et
1934 2624 2072 2660 similia.

1088 2670 1176 2705 Nam
1203 2669 1257 2704 his
1274 2671 1563 2707 ordinationibus
1585 2673 1745 2713 mutatis,
1778 2674 1918 2708 videtur
1940 2674 2071 2708 labefa-
