2415 2942
87 107 185 142 1293
391 105 493 143 XIII.

88 192 290 227 Transtulit
314 192 422 237 igitur
445 192 577 227 Paulus
603 194 750 227 verbum
771 192 939 227 usitatum
966 204 1081 228 sacer-

87 244 230 278 dotibus
253 244 296 277 ad
315 256 502 280 aerumnas
521 246 744 285 docentium,
783 256 871 289 quos
893 245 1080 288 praecipue

88 301 225 338 oportet
258 302 396 340 paratos
426 307 500 329 esse
533 297 577 329 ad
612 307 734 329 omnes
766 306 885 335 casus,
930 303 963 330 et
995 296 1080 329 scite

87 352 275 391 utramque
298 347 478 380 fortunam
504 353 596 381 recte
620 347 729 386 serre,
768 358 842 379 non
870 347 1080 380 insolescere

87 397 124 429 in
150 397 255 430 rebus
279 397 464 438 secundis,
510 409 575 431 nec
600 403 745 441 propter
766 398 930 430 adversas
954 410 974 431 a
1001 396 1078 430 Deo

85 447 244 482 deficere.
305 446 383 481 Hoc
408 448 519 482 robur
543 449 580 480 in
605 448 815 481 docentibus
840 449 1020 492 postulant
1046 455 1078 482 et

86 496 206 543 Moysi
232 498 345 542 dicta,
383 499 420 531 in
451 498 750 543 descriptionibus
784 499 942 533 tribuum
975 499 1078 533 Deut-

85 548 167 583 33.:
196 548 258 593 qui
282 549 371 583 dixit
393 550 482 594 patri
500 562 563 584 suo
582 556 614 583 et
634 550 738 584 matri
753 561 854 590 suae,
881 550 998 583 nescio
1017 562 1077 583 vos

85 606 148 635 etc.
200 598 249 632 Hi
283 600 488 634 custodiunt
524 600 706 646 eloquium
745 608 844 634 tuum
875 607 907 633 et
937 607 1075 645 pactum

85 658 185 684 tuum
203 657 267 684 etc.
321 651 378 685 Ad
399 652 480 685 talia
497 658 680 696 praecepta
698 652 861 695 congruit
877 651 1075 696 exemplum

86 700 187 735 Pauli
212 699 278 735 hoc
304 701 384 736 loco
409 703 641 747 propositum.

186 804 419 851 Posteaquam
444 812 561 840 autem
579 805 816 849 suspicionem
835 804 1003 839 avaritiae
1022 817 1074 838 re-

85 855 232 897 futavit,
267 857 396 889 deinde
421 863 560 897 narrat,
596 869 631 890 se
654 863 752 900 grato
777 856 897 890 animo
920 856 1077 900 accipere

85 917 233 947 munus,
269 913 303 940 et
326 907 447 942 laudat
480 914 631 942 veterem
663 920 785 941 eorum
818 907 1076 948 liberalitatem,

86 957 169 1003 quia
194 964 226 991 et
251 964 352 992 antea
377 966 540 1003 expertus
563 960 608 993 sit
631 971 753 993 eorum
778 958 1075 997 benevolentiam,

86 1010 130 1042 de
149 1020 216 1053 qua
237 1015 354 1043 tamen
372 1009 419 1044 ita
439 1010 616 1055 loquitur,
642 1017 681 1044 ut
696 1010 885 1054 significat,
915 1009 1075 1044 docenti-

85 1060 153 1093 bus
175 1060 370 1094 mercedem
394 1061 533 1101 deberi,
559 1062 649 1096 sicut
672 1064 708 1096 et
727 1061 813 1095 alibi
836 1060 952 1107 inquit
968 1059 1073 1094 Rom.

88 1108 163 1147 15.:
196 1110 372 1146 debitores
398 1111 483 1156 ipsis
510 1120 601 1149 sunt.
655 1111 706 1148 Ita
735 1110 792 1147 hic
817 1111 948 1158 inquit:
976 1111 1073 1146 nulla

548 105 584 142 5.
613 104 983 144 ARGUMENTUM
1010 105 1166 143 EPIST.
1195 103 1342 142 PAULI
1372 104 1439 141 AD
1465 103 1825 143 PHILIPPENSES.

2034 108 2130 143 1294

1131 191 1287 227 Ecclesia
1312 190 1402 226 mihi
1424 193 1697 228 communicavit
1721 193 1816 228 iuxta
1849 193 2021 228 rationem
2045 192 2128 228 Dati

1132 251 1165 278 et
1188 242 1352 288 Accepti,
1390 244 1460 277 nisi
1486 255 1547 277 vos
1571 244 1648 277 soli.
1718 243 1900 288 Significat
1928 245 2036 288 igitur
2062 258 2127 289 pro

1131 296 1210 328 data
1227 295 1389 329 doctrina
1409 295 1562 329 vicissim
1581 295 1716 328 dandas
1734 307 1806 329 esse
1824 298 2018 336 mercedes,
2036 296 2126 329 sicut

1131 345 1354 379 verissimum
1379 353 1439 380 est.
1507 346 1600 379 Cum
1623 353 1740 379 autem
1764 358 1874 380 venae
1897 347 1976 380 auri
1999 348 2036 380 in
2062 347 2126 380 illo

1130 396 1207 430 loco
1234 397 1385 438 suerint,
1436 403 1713 430 consentaneum
1740 404 1806 438 est,
1849 398 1980 431 multos
2005 397 2126 438 fuisse,

1129 448 1190 492 qui
1216 453 1249 480 et
1273 455 1373 481 antea
1402 448 1508 481 idolis
1530 448 1640 481 multa
1665 447 1894 490 dedicarunt,
1928 449 1976 482 ita
2005 456 2125 493 postea

1129 510 1209 531 cum
1232 498 1405 533 illuxisset
1432 499 1480 532 eis
1507 510 1586 531 vera
1606 500 1649 532 de
1668 497 1744 532 Deo
1770 505 1802 533 et
1825 500 1867 532 de
1885 498 2124 544 Redemptore

1129 549 1310 590 doctrina,
1345 549 1535 583 contulisse
1559 549 1696 594 aliquid
1721 550 1765 584 ad
1791 550 1988 584 iuvandum
2014 550 2123 584 mini-

1129 600 1273 634 sterium
1302 599 1502 645 Evangelii.

1230 684 1321 719 Usus
1339 693 1389 719 est
1406 685 1537 719 Paulus
1554 683 1612 718 hie
1633 685 1740 719 verbo
1761 683 1905 730 ἀπέχω,
1933 688 2028 731 quod
2053 688 2122 720 fuit

1129 736 1297 770 usitatum
1325 737 1362 769 in
1390 736 1649 776 contractibus,
1688 737 1750 769 ubi
1778 737 1954 770 fatebatur
1977 737 2025 776 is,
2060 738 2122 782 qui

1128 787 1288 821 debitum
1305 795 1501 831 acceperat,
1535 799 1569 820 se
1586 786 1775 831 recepisse,
1813 785 1957 832 ἀπέχω,
1991 788 2027 821 id
2054 795 2122 828 est,

1128 839 1241 882 recepi
1284 839 1504 883 persolutum
1545 838 1723 878 debitum,
1769 839 1865 871 unde
1902 846 1954 873 est
1987 850 2119 872 nomen

1127 885 1246 935 ἀποχή
1273 901 1337 934 pro
1364 889 1567 924 testimonio
1596 889 1730 933 accepti
1767 889 1889 925 debiti.

1227 974 1323 1009 Haec
1349 976 1385 1008 in
1411 975 1611 1019 argumenti
1638 974 1846 1009 recitatione
1872 975 1965 1016 dixi,
1993 981 2032 1009 ut
2056 987 2118 1020 po-

1126 1033 1198 1061 stea
1216 1026 1371 1071 insignes
1387 1026 1553 1061 materiae
1569 1025 1779 1069 diligentius
1796 1027 2042 1063 observantur.

1501 1111 1596 1157 Θεῷ
1632 1106 1756 1150 δόξα.
