2415 2942
115 116 191 154 553
525 115 608 151 XII.

121 201 404 244 misericordiae,
450 207 490 235 ut
523 199 692 235 horrendi
727 212 874 246 pavores
904 201 1112 241 excitentur,

121 261 155 286 et
172 265 294 286 rursus
310 253 347 286 iu
364 253 606 287 consolatione
631 253 791 286 incoetur
808 263 899 285 nova
919 258 952 284 et
968 258 1110 285 aeterna

121 303 258 338 iusticia
277 311 310 337 et
328 304 411 337 vita.

221 352 476 399 Adiungantur
491 365 574 397 ergo
601 354 644 387 ad
670 350 737 386 hoc
762 351 894 385 dictum
914 348 1045 385 Christi
1062 350 1110 383 si-

118 404 220 438 miles
251 406 464 443 sententiae,
507 416 596 449 quae
625 405 668 437 de
694 402 882 436 ministerii
914 401 1107 444 evangelici

119 456 270 489 efficacia
301 457 574 495 concionantur,
610 461 647 488 ut
670 452 775 488 Rom.
796 454 844 488 1.:
872 450 1107 495 Evangelium

118 513 170 540 est
186 507 341 551 potentia
358 506 423 540 Dei
441 508 482 540 ad
504 506 649 539 salutem
668 504 764 538 omni
784 503 960 544 credenti,
987 503 1023 536 id
1046 509 1106 541 est,

118 554 184 590 hac
202 570 286 591 voce
304 564 451 591 sonante
465 556 711 599 Evangelium,
739 566 819 587 vere
836 551 999 587 homines
1018 553 1106 586 fiunt

122 605 287 641 haeredes
307 609 397 643 vitae
420 615 598 647 aeternae,
630 607 689 650 qui
714 618 788 638 eam
807 617 928 638 vocem
945 604 1014 638 fide
1031 616 1106 637 am—

117 658 332 701 plectuntur.
385 658 593 694 Ridiculum
611 655 678 690 hoc
697 653 1033 702 videturbumanae
1051 666 1105 688 sa-

116 708 287 751 pientiae,
331 709 490 754 polliceri
526 708 633 742 vitam
666 714 863 747 aeternam,
903 713 963 740 aut
989 706 1105 739 dicere

114 757 269 794 humana
286 761 506 806 aliqua.voce
523 771 598 791 eam
617 759 653 791 in
671 756 816 791 homine
837 757 980 791 incoari.
1035 756 1104 791 Sed

115 808 329 854 Prophetae,
365 809 526 846 Christus
555 816 587 843 et
617 807 779 854 Apostoli
806 809 985 843 inculcant
1008 805 1103 841 hunc

113 860 300 895 articulum
321 862 434 902 toties,
458 868 496 895 ut
513 861 721 894 confirment
740 861 775 893 in
794 860 896 893 nobis
915 857 1006 892 hanc
1023 871 1103 892 sen—

112 911 270 948 tentiam.
325 912 374 946 lta
400 919 432 946 et
450 914 485 947 2.
502 910 666 946 Corinth.
685 912 718 945 3.
738 911 885 945 dicitur:
923 910 1020 944 Fecit
1038 921 1102 943 nos

110 960 258 994 idoneos
287 963 468 997 ministros
502 963 586 995 novi
610 962 829 1002 testamenti,
872 974 944 995 non
969 961 1101 1004 literae,

111 1013 169 1044 sed
188 1013 346 1055 spiritus:
377 1015 490 1047 Litera
512 1014 605 1046 enim
634 1013 782 1053 occidit,
818 1013 961 1056 spiritus
984 1018 1100 1045 autem

111 1062 275 1098 vivificat.
329 1064 441 1098 Totus
467 1065 526 1097 itte
554 1065 651 1098 locus
679 1065 754 1097 sine
777 1064 847 1097 ulla
873 1064 1100 1105 ambiguitate

109 1119 257 1147 testatur
274 1115 510 1148 ministerium
534 1115 774 1158 evangelicum
801 1126 872 1147 esse
895 1114 1034 1153 efficax,
1069 1120 1101 1146 et

109 1176 194 1197 voce
217 1164 403 1207 Evangelii
431 1167 611 1199 credentes
637 1166 710 1198 fieri
733 1163 899 1198 haeredes
924 1165 1015 1198 vitae
1042 1176 1100 1196 ae·-

108 1220 240 1250 ternae.
294 1215 499 1249 Meminerit
523 1216 602 1260 pius
619 1216 728 1250 lector
746 1223 778 1249 et
795 1214 879 1256 hoc,
907 1228 984 1248 cum
1012 1215 1100 1248 dici-

109 1272 185 1298 tur:
216 1265 370 1309 Spiritus
389 1274 529 1301 sanctus
553 1273 694 1310 arguet,
727 1266 899 1308 significat
922 1278 995 1298 non
1020 1272 1099 1299 tan-

109 1321 184 1348 tum
202 1328 238 1349 ea
256 1324 410 1360 peccata,
439 1330 528 1363 quae
543 1319 632 1350 ratio
649 1318 764 1360 arguit
787 1317 941 1350 accusari
967 1317 1003 1349 in
1032 1313 1099 1348 hoc

109 1366 327 1406 ministerio,
355 1369 413 1400 sed
442 1368 553 1401 multa
570 1380 694 1401 arcana
720 1368 829 1407 mala,
866 1379 955 1412 quac
980 1373 1098 1410 postea

107 1418 311 1451 recensebit.
366 1417 472 1452 Ratio
498 1431 570 1451 non
599 1419 731 1452 iudicat
758 1418 943 1463 caliginem
962 1418 1004 1450 de
1025 1417 1097 1450 Deo

108 1467 292 1501 nobiscum
312 1477 510 1503 nascentem
524 1496 532 1509 ,
561 1476 592 1503 et
610 1481 732 1514 pravas
752 1469 1000 1503 inclinationes
1018 1480 1097 1511 pec-

107 1524 180 1551 cata
201 1530 292 1560 esse,
320 1527 379 1554 aut
396 1520 653 1561 ignorationem
672 1518 825 1557 Christi,
854 1532 914 1553 seu
930 1520 1096 1552 incredu-

106 1567 237 1602 litatem
256 1577 434 1614 peccatum
454 1583 534 1604 esse.
576 1571 644 1605 Sed
663 1569 748 1604 haec
765 1571 854 1603 mala
875 1577 906 1604 et
923 1571 1096 1602 damnan-

107 1625 164 1652 tur
189 1632 272 1653 voce
301 1621 486 1655 ministerii
517 1623 730 1665 evangelici,
768 1628 800 1655 et
835 1634 897 1665 per
921 1621 1095 1665 Spiritum

106 1677 264 1703 sanctum
282 1678 470 1705 moventur
493 1674 614 1711 corda=
643 1680 681 1706 ut
698 1680 886 1715 agnoscant
903 1670 987 1704 haec
1007 1672 1096 1703 mala

107 1721 293 1764 displicere
315 1722 411 1763 Deo,
447 1730 479 1757 et
504 1731 732 1768 expavescant
756 1730 900 1768 propter
925 1723 1095 1755 iudicium

107 1769 186 1804 Dei.

129 1853 190 1888 De
205 1860 348 1902 peccalo
369 1854 533 1904 quidem,
562 1856 650 1905 quia
677 1869 749 1890 non
777 1854 926 1890 credunt
948 1856 985 1890 in
1004 1868 1067 1891 me.

206 1922 283 1957 Etsi
309 1925 425 1958 variae
447 1933 529 1958 sunt
554 1925 748 1958 multorum
773 1926 1094 1969 interpretationes,

106 1982 221 2008 tamen
239 1976 347 2009 simus
363 1976 541 2009 auditores
560 1983 591 2009 et
606 1976 771 2020 discipuli
790 1975 941 2017 Christi,
970 1989 1095 2022 sequa-

105 2038 185 2058 mur
208 2027 314 2059 verba
340 2039 429 2072 quae
458 2027 540 2060 satis
556 2028 739 2071 perspicua
762 2034 845 2061 sunt
868 2028 1037 2061 institutis
1057 2029 1093 2061 in

104 2076 277 2116 Ecclesia,
320 2090 383 2110 nec
416 2078 618 2121 peregrinas
653 2079 844 2111 sententias
875 2079 1092 2121 affingamus.

105 2125 181 2159 Hoc
198 2128 288 2160 clare
305 2134 339 2162 et
357 2128 563 2172 simpliciter
580 2129 679 2162 dicit:
708 2129 861 2173 Spiritus
880 2138 1019 2164 sauctus
1037 2143 1093 2163 ar—

103 2186 183 2220 guet
201 2176 266 2211 hoc
286 2186 462 2222 peccatum
482 2179 519 2212 in
536 2186 608 2212 toto
624 2191 749 2222 genere
766 2178 933 2221 humano,
961 2182 1093 2215 scilicet

104 2229 361 2272 ignorationem
381 2237 413 2264 et
429 2237 644 2264 contemtum
662 2231 724 2263 filii
743 2231 827 2269 Dei,
856 2234 950 2277 quod
976 2230 1092 2266 homi-

104 2291 165 2312 nes
189 2293 252 2313 nec
282 2288 417 2313 norunt
441 2282 710 2325 promissionem
739 2283 781 2314 de
805 2283 894 2321 filio,
930 2296 994 2316 nec
1018 2295 1092 2316 cre-

105 2332 212 2371 dunt,
254 2333 313 2365 sed
349 2329 514 2365 horribili
547 2336 667 2365 furore
691 2333 793 2366 obliti
835 2341 917 2367 sunt
951 2335 987 2366 iu
1018 2342 1090 2368 toto

104 2384 237 2414 mundo
262 2380 352 2415 hanc
380 2384 668 2426 promissionem,
704 2390 736 2417 et
760 2384 935 2418 finxerunt
960 2386 1042 2417 deos
1061 2392 1093 2419 et

104 2433 218 2466 cultus
237 2434 383 2466 immani
400 2435 543 2467 audacia
557 2462 564 2475 ,
593 2435 665 2467 imo
683 2434 774 2467 inter
795 2433 860 2468 hos
885 2436 945 2480 qui
970 2437 1091 2469 audie-

104 2490 187 2516 runt
215 2485 482 2527 promissionem
505 2497 565 2519 seu
588 2485 841 2529 Evangelium,
875 2493 914 2520 ut
940 2488 1092 2532 populus

105 2533 231 2568 lsrael:
272 2542 387 2569 tamen
422 2537 522 2580 pauci
546 2537 786 2570 assentiuntur
810 2544 841 2570 et
865 2539 1031 2578 credunt,
1059 2545 1092 2572 et

103 2585 215 2630 aliqui
233 2587 457 2621 assentientes
475 2588 703 2632 experiuntur
721 2600 818 2621 suam
835 2589 1091 2623 dubitationem

103 2643 135 2669 et
162 2637 412 2678 diffidentiam,
454 2637 520 2672 hoc
545 2639 659 2684 ipsum
687 2646 886 2683 peccatum,
922 2642 1017 2686 quod
1043 2648 1092 2675 est

101 2688 180 2720 fons
215 2688 374 2720 omnium
400 2689 550 2723 aliorum
586 2697 826 2734 peccatorum,
864 2697 896 2724 et
923 2704 992 2736 quo
1017 2704 1092 2726 ma-

154 2741 332 2774 Memxrn.
363 2741 464 2775 Orien.
505 2743 587 2774 Vot..
613 2743 690 2775 XV.

659 112 960 151 ENARRATIO
990 113 1040 150 IN
1063 110 1247 150 EVANG.
1274 109 1490 148 IOANNIS.
1542 110 1647 147 CAP.
1676 111 1777 150 xvt.

2094 122 2168 159 354

1165 205 1287 239 nente,
1328 210 1401 231 non
1440 197 1583 242 placent
1614 198 1710 233 ullae
1736 200 1883 236 virtutes
1906 201 2002 246 Deo,
2042 215 2164 251 arguet

1164 249 1319 292 Spiritus
1338 256 1489 283 sanctus.
1527 249 1621 284 Haec
1638 259 1688 285 est
1707 253 1824 287 nativa
1841 256 2025 296 sententia,
2055 270 2161 304 quam

1162 300 1317 342 gignunt
1333 301 1452 335 verba.

1265 366 1374 400 Multi
1390 367 1563 411 sapientes
1583 368 1785 411 disputant,
1819 373 1904 417 quid
1931 374 2156 411 sentiendum

1162 424 1213 451 est
1228 418 1270 450 de
1281 416 1448 457 Aristide,
1477 419 1519 450 de
1531 418 1708 462 Scipione,
1732 423 1774 454 de
1792 422 2003 467 Pomponio.
2030 434 2091 461 aut
2107 429 2155 460 si-

1163 468 1322 508 milibus,
1358 480 1402 501 an
1425 480 1496 501 non
1523 469 1730 512 placuerunt
1752 473 1836 505 tales
1854 475 1922 507 viri
1944 475 2038 518 Deo,
2073 491 2153 512 cum

1161 519 1394 562 pulcerrimae
1412 531 1534 552 eorum
1551 520 1697 554 virtutes
1717 535 1796 555 vere
1814 525 1906 557 dona
1916 525 1981 560 Dei
1996 529 2153 563 fuerint?

1161 568 1391 614 Respondeo:
1428 568 1539 603 Nobis
1557 582 1596 603 ex
1617 572 1724 605 verbo
1742 572 1806 606 Dei
1830 575 1873 607 de
1890 575 1972 620 ipsis
1989 578 2151 613 iudican-

1160 622 1245 653 dum
1263 628 1332 661 est,
1358 628 1536 665 peccatum
1555 629 1605 656 est
1626 634 1698 655 non
1717 634 1905 666 agnoscere
1922 625 2017 662 hunc
2034 630 2147 664 filium

1158 670 1225 704 Dei
1249 673 1497 712 mediatorem,
1535 684 1598 705 nec
1622 675 1763 707 credere
1786 678 1879 720 quod
1906 686 2049 722 propter
2069 692 2150 715 eum

1158 720 1254 756 Deus
1271 735 1335 756 nos
1362 722 1509 767 recipiat
1534 730 1566 756 et
1588 725 1768 766 exaudiat,
1797 733 1830 759 et
1855 727 1889 760 in
1918 730 2047 774 quibus
2065 728 2149 764 hae—

1158 780 1210 806 ret
1231 781 1428 816 peccatum,
1458 774 1493 806 in
1512 771 1565 807 his
1588 782 1731 809 manent
1748 777 1816 810 alia
1835 779 1945 813 multa
1965 777 2144 816 horrenda

1157 824 1259 860 mala.
1313 824 1405 868 Quia
1438 836 1510 857 non
1536 833 1681 869 possunt
1704 834 1854 862 statuere
1877 831 1919 863 de
1942 832 2149 866 remissione

1158 882 1397 918 peccatorum,
1425 876 1565 918 fugiunt
1582 876 1717 918 Deum,
1745 891 1817 911 non
1844 880 2027 921 invocant,
2052 896 2147 916 nun-

1157 938 1260 970 quam
1287 939 1366 959 vere
1388 928 1431 960 ab
1463 927 1537 970 ipso
1568 936 1749 970 expectant
1779 931 1967 973 auxilium,
1992 934 2148 969 fremunt

1156 978 1322 1010 adversus
1345 991 1444 1018 eum,
1473 977 1570 1022 quasi
1589 980 1780 1013 crudeliter
1798 990 1918 1016 oneret
1936 981 2024 1017 hanc
2042 992 2146 1019 natu-

1156 1040 1242 1063 ram.
1301 1027 1397 1061 Ilaec
1422 1029 1583 1061 confusio
1611 1030 1804 1063 multorum
1834 1033 2002 1068 vitiorum
2027 1037 2145 1080 sequi-

1154 1086 1227 1119 tur,
1255 1079 1316 1112 ubi
1336 1092 1408 1112 non
1427 1086 1477 1112 est
1492 1080 1623 1121 agnitio
1641 1078 1793 1122 Christi,
1821 1090 1853 1116 et
1873 1084 1931 1117 illa
1957 1097 2036 1119 vera
2061 1087 2145 1120 fides

1154 1127 1423 1171 apprehendens
1467 1130 1712 1164 remissionem
1746 1141 1968 1176 peccatorum
2002 1145 2145 1182 propter

1152 1178 1346 1216 Christum,

1254 1247 1430 1281 Recensui
1448 1245 1686 1281 Ethnicorum
1704 1251 1872 1295 exempla,
1901 1261 1940 1288 ut
1961 1255 2003 1287 ad
2023 1268 2086 1289 nos
2106 1268 2143 1290 ea

1152 1298 1385 1332 conferamus.
1435 1294 1574 1341 Singuli
1593 1311 1656 1332 nos
1673 1301 1833 1335 dolemus
1851 1316 1930 1337 cum
1950 1303 2143 1340 homicidio

1151 1356 1212 1383 aut
1228 1349 1403 1383 adulterio
1422 1349 1628 1393 polluimur.
1667 1350 1736 1384 Sed
1757 1365 1827 1385 non
1847 1355 2018 1395 dolemus,
2047 1360 2143 1402 quod

1152 1412 1224 1432 non
1242 1401 1339 1433 ardet
1360 1400 1486 1434 fiducia
1503 1397 1634 1434 Christi
1654 1401 1690 1434 in
1710 1404 1825 1438 corde.
1868 1405 1979 1451 Atqui
1999 1409 2045 1442 sic
2064 1421 2144 1441 sen-

1151 1451 1311 1484 tiendum
1332 1459 1423 1492 erat,
1449 1463 1522 1484 non
1545 1452 1661 1484 minus
1679 1461 1857 1496 peccatum
1883 1469 1955 1490 esse
1978 1471 2050 1491 non
2070 1472 2144 1494 cre—

1152 1503 1233 1535 dere
1267 1502 1303 1534 in
1335 1502 1446 1536 filium
1477 1501 1562 1541 Dei,
1607 1515 1713 1548 quam
1744 1505 1787 1538 sit
1820 1504 2052 1543 homicidium
2084 1518 2163 1545 aut-

1150 1553 1378 1588 adulterium.

1253 1620 1409 1663 Quaerat
1443 1627 1558 1653 autem
1589 1622 1737 1666 aliquis,
1784 1637 1828 1657 an
1859 1638 1931 1659 non
1967 1629 2143 1663 accusabit

1150 1670 1306 1716 Spiritus
1322 1678 1461 1704 sanctus
1479 1673 1582 1704 etiam
1600 1680 1731 1706 caetera
1752 1667 1910 1718 peccata,
1947 1686 2006 1712 aut
2030 1680 2141 1713 solam

1150 1723 1325 1756 accusabit
1348 1722 1655 1756 incredulitatem?
1707 1724 1839 1759 [Tsitata
1868 1730 2050 1771 responsio
2074 1738 2140 1765 est:

1150 1773 1300 1807 Fontem
1323 1785 1394 1806 esse
1411 1780 1632 1816 peccatorum
1654 1775 1957 1819 incredulitatem,
1984 1781 2063 1814 ideo
2082 1793 2140 1815 ac-

1150 1825 1329 1858 cusatione
1370 1821 1475 1857 huius
1516 1826 1645 1867 peccati
1689 1827 1956 1872 comprehendit
1994 1839 2139 1869 caetera.

1149 1875 1237 1908 Nam
1254 1876 1333 1908 ideo
1351 1881 1495 1907 manent
1520 1876 1618 1918 impii
1636 1877 1671 1908 in
1689 1881 1831 1911 caeteris
1853 1880 2020 1924 peccatis,
2056 1884 2138 1928 quia

1149 1938 1221 1959 non
1239 1927 1387 1959 redeunt
1409 1927 1449 1958 ad
1466 1924 1580 1958 Deum
1600 1927 1667 1971 fide
1684 1935 1716 1961 et
1733 1931 1912 1972 agnitione
1932 1930 2075 1974 Christi,
2104 1942 2138 1968 et

1148 1977 1283 2010 tamdiu
1300 1983 1417 2009 manet
1440 1984 1637 2020 peccatum,
1680 1980 1793 2013 donec
1817 1994 1888 2014 non
1919 1984 2074 2018 creditur
2098 1985 2136 2018 in

1147 2026 1347 2067 Christum,
1384 2028 1462 2060 ideo
1489 2039 1626 2061 necesse
1650 2038 1699 2063 est
1723 2032 1875 2074 primum
1903 2036 2056 2068 accusari
2080 2036 2136 2068 in-

1149 2077 1411 2116 credulitatem,
1439 2085 1471 2112 et
1489 2091 1566 2111 cum
1587 2081 1690 2113 corda
1711 2093 1852 2116 accensa
1870 2092 1951 2118 sunt
1968 2098 2047 2118 vera
2066 2086 2134 2120 fide

1147 2130 1184 2162 in
1202 2128 1402 2167 Christum,
1431 2137 1567 2172 peccata
1591 2131 1784 2174 tolluntur,
1813 2142 1844 2167 et
1876 2137 2044 2180 recipitur
2068 2135 2133 2170 ho-

1147 2193 1222 2221 mo,
1250 2180 1386 2214 etiamsi
1406 2187 1548 2213 manent
1573 2182 1741 2226 reliquiae
1765 2186 1905 2228 peccati.
1952 2186 2047 2220 -Non
2070 2200 2133 2222 au-

1146 2239 1215 2265 tem
1241 2232 1400 2277 sequitur
1424 2238 1564 2264 econtra
1588 2234 1695 2276 recipi
1721 2232 1918 2276 hominem,
1958 2238 1986 2270 si
2013 2239 2130 2274 adsint

1145 2283 1233 2316 aliae
1250 2283 1416 2322 virtutes,
1445 2289 1475 2315 et
1494 2283 1582 2315 desit
1598 2283 1690 2318 fides.
1728 2284 1821 2319 Haec
1838 2288 1962 2321 usitata
1985 2301 2131 2334 respon-

1145 2335 1196 2367 sio
1216 2331 1304 2366 mihi
1324 2346 1395 2367 nou
1413 2333 1592 2377 displicet,
1621 2337 1680 2367 sed
1702 2334 1788 2369 mihi
1815 2338 1955 2372 videtur
1976 2348 2054 2384 apte
2074 2353 2128 2374 re—

1146 2385 1330 2430 sponderi,
1359 2385 1387 2417 si
1413 2385 1571 2417 dicamus
1595 2382 1775 2419 Christum
1801 2390 2003 2423 concionari
2029 2393 2070 2424 de
2090 2404 2128 2425 eo

1145 2443 1295 2479 peccat0,
1316 2437 1411 2481 quod
1428 2435 1568 2479 proprie
1585 2435 1773 2471 damnatur
1792 2452 1873 2472 voce
1884 2439 2078 2484 Evangelii,
2097 2451 2129 2476 et

1146 2488 1182 2520 iu
1210 2485 1403 2530 Evangelio
1442 2486 1634 2526 revelatur,
1676 2495 1807 2522 caetera
1841 2492 1938 2534 prius
1965 2493 2128 2527 damnata

1145 2546 1227 2572 sunt
1245 2551 1328 2571 voce
1346 2538 1448 2580 legis,
1476 2543 1642 2569 ettamen
1660 2551 1783 2572 verum
1801 2548 1868 2583 est,
1893 2551 2055 2577 manente
2073 2545 2128 2577 in-

1145 2589 1369 2629 credulitate,
1398 2599 1539 2621 manere
1553 2594 1684 2622 caetera
1702 2599 1851 2634 peccata.
1904 2594 2131 2629 Illucescente

1146 2653 1228 2673 vcro
1246 2641 1427 2682 agnitione
1442 2637 1592 2680 Christi,
1620 2641 1698 2674 tolli
1723 2649 1755 2676 et
1776 2645 1971 2678 condonari
1998 2653 2130 2680 caetera

1147 2698 1298 2737 peccata.

1448 2741 1496 2776 23
