2415 2942
31 170 33 174 .
80 126 162 163 245
505 127 585 162 xu.

78 215 258 247 luctantur
278 224 357 246 curn
376 212 682 255 dubitationibus,
707 213 917 254 diffidentia,
945 221 977 248 et
995 214 1072 247 aliis

76 265 213 298 vitiosis
233 264 436 305 affectibus,
472 272 505 298 et
520 265 749 309 experiuntur
772 276 890 297 veram
919 276 992 297 esse
1009 277 1072 298 vo-

77 327 168 349 cem:
198 314 325 349 Venite
342 316 385 348 ad
402 328 455 348 me
471 328 611 356 omnes,
637 316 698 360 qui
723 315 889 348 laboratis
924 323 955 349 et
985 327 1071 348 one-

79 366 147 400 rati
165 366 245 400 estis
258 394 266 407 ‚
295 374 327 400 et
346 378 408 409 ego
426 366 579 400 reficiam
605 378 677 401 VOS.
732 366 835 399 Tales
853 366 934 410 quia
954 378 1068 410 perse-

78 424 202 451 verant
222 419 364 451 tandem
383 418 419 450 in
437 415 501 451 hac
519 417 738 458 obedientia,
767 423 847 450 sunt
869 417 980 452 electi.

180 468 387 503 Intueamur
412 480 492 511 ergo
515 475 584 502 tota
608 475 722 501 mente
749 468 967 501 voluntatem
989 467 1068 509 Dei,

79 520 211 564 inipso
237 521 345 553 verbo
371 519 438 552 Dei
462 531 677 562 expressam,
714 526 752 552 ut
777 531 855 551 cum
880 520 923 552 de
944 520 1067 552 remis·

80 571 180 604 sione
210 578 453 615 peccatorum,
504 570 704 614 quaerimus
741 570 959 603 voluntatem
993 570 1069 610 Dei,

80 634 144 655 nec
169 634 233 655 nos
258 622 351 665 ipsos
379 624 629 654 conturbemus
658 621 736 653 aliis
767 621 1069 664 disputationibus

79 673 249 705 decausis
273 671 464 705 electionis.
520 671 570 704 lta
596 672 762 714 intelligit
789 670 903 704 David
930 672 1068 705 miseri-

78 723 236 756 cordiam
252 722 316 756 Dei
335 723 509 763 vocantis,
544 729 576 756 et
601 723 795 763 moventis,
832 734 903 755 esse
928 735 1066 756 causam

78 775 277 815 electionis,
305 774 363 807 sed
381 780 499 807 tamen
515 774 623 822 accipi
641 781 804 818 oportere
828 774 983 807 oblatam
1000 774 1067 806 mi-

78 826 323 866 sericordiam,
373 832 405 858 et
434 825 573 858 vocanti
596 824 671 858 Deo
696 825 958 858 assentiendum
984 837 1067 861 esse.

77 874 146 909 Hic
167 877 235 909 iam
256 876 424 910 dulcescit
444 876 546 909 nobis
561 877 693 910 dictum
711 873 866 917 Christi,
894 889 973 910 cum
999 877 1067 909 im-

76 927 303 961 becillitatem
333 933 488 960 nostram
517 934 550 960 et
584 927 739 971 pericula
765 927 980 969 cogitamus,
1013 928 1066 960 vi-

77 979 202 1012 demus
223 990 446 1023 nequaquam
471 990 536 1011 nos
559 985 655 1012 tanta
681 979 872 1012 certamina
894 979 1066 1012 sustinere

77 1040 188 1074 posse.
251 1029 367 1062 Adam
391 1036 424 1063 et.
449 1027 525 1062 Eva
549 1042 622 1063 nou
648 1036 812 1074 poterant
835 1029 907 1063 suis
931 1030 1067 1063 viribus

76 1080 249 1114 sustinere
274 1080 453 1119 dolorem,
494 1093 535 1113 ex
564 1081 761 1125 spectaculo
786 1080 920 1124 primae
952 1081 1067 1114 caedis

76 1139 206 1167 ortum.
247 1131 363 1164 David
383 1144 605 1176 nequaquam
625 1138 760 1175 poterat
776 1131 948 1165 'sustinere
964 1144 1066 1165 suum

75 1183 253 1224 dolorem,
281 1195 320 1216 ex
339 1183 552 1215 conscientia
572 1183 623 1216 sui
649 1183 786 1216 sceleris
815 1190 847 1216 et
876 1183 972 1216 exilii
990 1196 1062 1216 ma-

78 1234 122 1266 lis
143 1240 278 1274 ortum,
324 1234 384 1266 sed
409 1231 466 1274 hi,
501 1234 584 1280 quia
619 1234 775 1267 sciebant
804 1234 959 1278 aliquam
996 1246 1067 1267 esse

78 1291 254 1318 aeternam
272 1283 485 1323 Ecclesiam,
523 1291 651 1317 norant
670 1297 744 1317 eam
763 1297 779 1317 a
797 1285 871 1318 Deo
896 1285 1068 1326 adiuvari,

78 1337 217 1379 erigunt
234 1335 342 1377 igitur
359 1347 412 1372 se,
432 1343 464 1368 et
482 1336 707 1369 adiuvantur.

182 1385 232 1420 lta
250 1399 314 1418 nos
331 1387 514 1419 confirmet
532 1384 616 1420 haec
632 1399 713 1420 vox:
750 1386 862 1420 Nemo
880 1387 993 1427 rapiet
1010 1398 1066 1419 eas

77 1438 119 1470 de
143 1449 250 1470 manu
275 1449 364 1470 mea.
433 1435 497 1470 Est
530 1439 702 1481 quaedam
737 1446 876 1471 aeterna
900 1437 1067 1478 Ecclesia,

78 1500 186 1533 quare
203 1488 383 1521 iuvabitur
399 1488 435 1520 in
459 1489 565 1522 tantis
588 1490 858 1530 certaminibus,
893 1490 964 1522 imo
989 1496 1067 1522 uta-

77 1552 156 1572 mur
172 1552 209 1572 ea
227 1546 393 1584 tanquam
418 1540 670 1583 promissione,
705 1541 856 1574 sciamus
882 1540 985 1573 nobis
1010 1538 1067 1574 hic

77 1591 114 1623 in
135 1598 186 1624 tot
203 1591 404 1633 ingentibus
420 1591 586 1634 periculis
605 1592 761 1634 promitti
782 1592 967 1631 auxilium,
994 1604 1065 1624 non

81 1643 326 1685 praevidemus
359 1653 479 1673 omnes
511 1642 645 1675 diaboli
682 1643 837 1677 insidias.
905 1641 1067 1676 Custodit

80 1692 187 1734 igitur
214 1704 277 1724 nos
304 1692 518 1724 dormientes
551 1691 664 1736 Deus,
699 1694 923 1738 implicamur
959 1694 1068 1727 inter-

81 1744 166 1775 dum
193 1743 362 1785 negotiis,
407 1755 495 1787 quae
531 1755 673 1784 prorsus
703 1745 959 1777 inextricabilia
989 1752 1070 1778 suut

81 1791 237 1826 humano
261 1794 426 1831 consilio,
474 1803 511 1826 ut
536 1795 652 1827 David
679 1796 842 1839 expulsus
870 1807 998 1838 regno,
1033 1803 1069 1829 ut

80 1846 232 1889 populus
252 1844 356 1878 lsra‘e'l
377 1845 502 1877 amissa
521 1857 618 1883 arca,
648 1853 679 1880 et
698 1853 815 1889 postea
843 1847 1014 1879 abductus
1034 1847 1069 1879 in

80 1896 337 1939 captivitatem,
367 1895 456 1935 imo,
486 1903 521 1929 ut
541 1895 654 1929 Adam
672 1909 734 1930 suo
759 1898 875 1940 lapsu,
910 1895 966 1930 hssc
992 1910 1070 1930 rur-

80 1959 137 1980 sus
157 1959 196 1979 ex
222 1947 345 1978 mediis
371 1947 492 1979 inseris
517 1959 736 1982 revocamur.
798 1947 967 1982 Amemus
991 1961 1070 1992 ergo

82 1996 148 2031 hoc
166 1998 298 2031 dictum
318 1995 469 2035 Christi,
499 2004 529 2031 et
545 1999 649 2031 nobis
674 1999 908 2039 inculcemus,
945 2007 982 2033 ut
1009 2012 1072 2033 nos

80 2050 122 2082 ad
141 2048 401 2082 invocationem
420 2049 562 2090 excitet,
589 2057 621 2083 et
639 2051 673 2082 in
692 2057 788 2083 tanta
820 2051 986 2084 varietate
1012 2063 1070 2095 pe-

82 2100 273 2134 riculorum
298 2100 515 2143 privatorum
541 2108 573 2134 et
597 2102 820 2145 publicorum
854 2102 1070 2135 consoletur:

81 2151 193 2186 Nemo
221 2151 333 2195 rapiet
357 2163 412 2183 eas
437 2152 478 2183 dc
504 2164 611 2185 manu
636 2165 722 2188 mea.
784 2152 942 2186 Defende
965 2154 1072 2195 igitur

81 2216 146 2236 nos
172 2200 329 2240 Christe,
361 2202 421 2246 qui
449 2203 608 2247 undique
632 2216 879 2248 oppugnamur
904 2205 947 2237 ab
972 2205 1071 2237 infir·
1098 2221 1100 2227 Α

83 2255 202 2287 mitate
220 2260 357 2294 nostra,
386 2266 403 2286 a
431 2254 593 2294 diabolo,
629 2256 735 2287 variis
762 2256 933 2288 scandalis
958 2263 988 2290 et
1013 2268 1071 2298 pe-

83 2305 214 2340 riculis.
268 2303 471 2348 Cogitemus
497 2313 529 2338 et
547 2306 589 2338 de
610 2306 759 2349 publicis
784 2307 947 2339 motibus.
1003 2306 1070 2340 Ubi

83 2368 246 2389 mansura
279 2363 328 2389 est
353 2354 528 2396 Ecclesia,
569 2358 629 2390 ubi
654 2365 757 2391 eruut
781 2358 837 2400 pia
863 2358 997 2399 studia,
1044 2359 1070 2390 si

84 2407 191 2440 Turci
216 2407 320 2440 latius
344 2408 614 2449 grassabuntur,
658 2409 684 2441 si
713 2420 808 2451 reges
841 2416 873 2442 et
898 2409 1072 2453 principes

83 2455 275 2491 Christiani
301 2458 473 2497 nominis,
515 2460 569 2491 vel
602 2460 779 2493 saevitiam
810 2472 969 2493 exercere
996 2473 1072 2504 per-

87 2515 182 2551 gent,
209 2510 264 2542 vel
284 2510 458 2543 intestinis
477 2510 577 2543 bellis
601 2511 776 2544 vastitates
803 2511 839 2543 in
866 2511 936 2544 suis
959 2512 1072 2554 regio-
1100 2517 1102 2546 i

87 2560 191 2592 nibus
207 2560 356 2594 facient?
411 2560 446 2594 Si
470 2563 583 2594 studia
604 2563 785 2596 literarum
816 2563 1074 2605 extinguentur,

83 2611 111 2643 si
129 2612 287 2644 doctores
311 2612 376 2656 ipsi
405 2613 549 2656 privatis
579 2620 612 2647 et
648 2613 845 2646 ambitiosis
872 2614 1074 2647 certamini-

84 2663 149 2696 bus
165 2662 405 2697 dilacerabuut
420 2663 603 2705 Ecclesias,
632 2671 664 2698 et
685 2665 910 2698 confusiones
928 2665 1073 2708 dogma-

85 2721 158 2747 tum
178 2714 328 2747 facient?
382 2714 420 2747 ln
441 2712 495 2747 bis
520 2716 727 2760 spectaculis
753 2716 963 2750 tristissimis
985 2717 1073 2750 refe—

638 124 939 163 ENARRATIO
969 127 1018 162 IN
1042 125 1224 164 EVANG.
1253 125 1466 165 IOANNlS.
1519 127 1623 164 CAP.
1653 129 1696 163 X.

1095 475 1098 482 '
1122 467 1402 510 imaginationes.

2040 135 2117 171 246

1126 224 1244 247 ramus
1271 214 1391 248 oculos
1414 222 1553 248 nostros
1578 216 1620 249 ad
1647 213 1709 249 has
1733 216 1998 259 promissiones:
2035 218 2115 253 Non

1125 266 1377 306 praevalebunt
1392 273 1513 310 portae
1529 267 1659 300 inferni
1680 269 1845 301 adversus
1869 280 1955 305 eam.
2011 269 2113 303 ltem:

1124 314 1235 347 Nemo
1255 317 1365 359 rapiet
1383 329 1438 350 eas
1456 319 1498 350 de
1514 330 1619 350 manu
1637 330 1710 351 mea
1723 345 1731 359 ,
1759 325 1822 353 etc.

1225 364 1320 399 Haec
1361 368 1403 400 de
1443 369 1744 411 disputationibus
1782 372 2112 414 praedestinationis

1123 417 1301 449 monuisse
1334 417 1414 450 satis
1451 420 1513 457 sit,
1568 431 1810 453 removeamus
1851 420 2114 467 philosophicas

1470 467 1643 502 Omnium
1678 468 1864 504 hominu-u
1897 474 2006 506 animi
2038 475 2112 508 siue

1123 518 1199 551 luce
1215 518 1374 559 coelesti,
1403 526 1462 553 aut
1481 520 1636 554 sentiunt
1656 533 1735 554 casu
1755 524 1872 555 onmia
1891 536 2010 564 ruere,
2038 526 2112 558 sine

1122 569 1378 612 gubernatione
1406 570 1547 609 divina,
1576 578 1614 604 ut
1641 572 2021 616 sentiebatEpicurus,
2056 574 2113 609 hic

1122 620 1222 653 suror
1238 622 1451 654 execrandus
1478 628 1547 662 est,
1583 629 1642 656 aut
1668 624 1825 658 sentiunt
1849 624 1962 658 Deum
1990 627 2111 668 alliga-

1123 677 1195 704 tum
1212 683 1283 704 esse
1301 672 1414 705 causis
1432 674 1613 711 secundis,
1644 686 1707 706 nec
1732 675 1834 707 aliter
1859 687 1977 719 agere,
2006 690 2111 721 quam

1122 729 1160 755 ut
1177 722 1257 754 illae
1272 734 1350 755 eum
1370 723 1531 766 rapiunt,
1560 732 1618 757 aut
1645 731 1735 758 certe
1758 737 1818 758 sua
1837 735 1978 760 aeterna
1998 729 2113 761 deter-

1123 773 1316 807 minatione
1335 786 1458 818 rapere
1478 775 1694 816 voluntates,
1721 783 1753 810 et
1771 784 1935 819 eventus,
1963 779 2036 811 sive
2054 792 2113 812 ve·-

1121 824 1246 867 limus,
1274 825 1346 857 sive
1365 825 1536 866 nolimus,
1571 827 1617 860 ita
1644 828 1765 860 cadere
1790 828 1883 861 iuxta
1907 830 2113 863 immutabi-

1121 876 1188 908 lem
1215 876 1559 912 determiuationem.
1626 877 1720 911 Haee
1747 885 1828 912 sunt
1853 879 1989 921 Stoica,
2024 894 2112 926 quae

1121 938 1194 959 non
1213 933 1295 960 suut
1312 925 1512 961 invehenda
1536 929 1573 961 in
1589 927 1782 962 Ecclesiam
1795 957 1804 971 ,
1833 937 1865 964 et
1881 932 1935 964 vel
1955 940 2113 966 contem-

1121 984 1195 1011 tum
1220 977 1303 1019 Dei,
1336 979 1389 1011 vel
1414 979 1554 1021 odium,
1596 981 1651 1013 vel
1677 981 1924 1024 negligentiam
1948 983 1985 1015 in
2011 984 2113 1017 nobis

1120 1029 1280 1072 gignunt.
1336 1028 1404 1063 Sed
1423 1042 1487 1063 nos
1505 1031 1688 1065 audiamus
1704 1045 1822 1065 vocem
1841 1034 1972 1067 aeterni
1993 1035 2113 1078 patris,

1122 1080 1182 1124 qui
1201 1080 1301 1125 inqui
1319 1081 1360 1113 de
1378 1081 1466 1114 filio:
1502 1081 1608 1115 Hunc
1638 1083 1767 1119 audite.
1829 1083 1948 1126 Quare
1974 1097 2112 1118 necesse

1121 1137 1172 1164 est
1189 1131 1303 1164 audiri
1321 1133 1466 1165 verbum
1485 1131 1569 1172 Dei,
1600 1141 1752 1166 metuere
1779 1135 1889 1168 minas
1903 1163 1911 1176 ‚
1940 1143 1972 1169 et
1993 1148 2111 1169 asseu-

1122 1182 1180 1215 tiri
1200 1182 1512 1229 promissionibus,
1547 1192 1578 1217 et
1602 1184 1706 1225 scire,
1742 1184 1837 1219 iuxta
1858 1184 1924 1219 hoc
1949 1188 2112 1220 verbum:

1123 1233 1233 1265 libere
1257 1232 1369 1266 Deum
1401 1246 1440 1266 ac
1464 1241 1558 1267 certo
1583 1236 1765 1268 nobiscum
1799 1248 1918 1280 agere,
1960 1246 1999 1271 ut
2033 1250 2112 1281 erga

1122 1295 1204 1316 suos
1230 1284 1360 1317 liberos
1389 1284 1457 1327 agit
1481 1286 1636 1329 sapiens,
1671 1287 1783 1320 iustus
1819 1298 1846 1320 et
1875 1290 2027 1321 clemens
2052 1302 2113 1333 pa-

1122 1335 1337 1370 terfamilias.
1392 1335 1587 1369 petendum
1607 1338 1713 1379 igitur
1733 1346 1761 1370 et
1782 1347 1873 1372 certo
1899 1342 2112 1384 sperandum

1123 1393 1172 1419 est
1189 1386 1358 1419 auxilium
1376 1384 1441 1418 Dei
1456 1414 1464 1427 ‚
1492 1388 1580 1421 sicut
1598 1387 1758 1422 Christus
1783 1391 1846 1423 ait:
1882 1390 1990 1424 Petite
2009 1398 2041 1424 et
2059 1404 2113 1424 ac-

1122 1436 1268 1481 cipietiS.
1333 1436 1435 1471 Item:
1481 1437 1623 1480 Quanto
1657 1441 1763 1483 magis
1797 1449 1892 1485 pater
1916 1450 2029 1475 vester
2054 1443 2114 1487 qui

1123 1488 1158 1520 in
1181 1488 1286 1521 coelis
1302 1495 1369 1529 est,
1400 1489 1495 1522 dabit
1515 1490 1686 1534 Spiritum
1703 1500 1860 1525 sanctum
1877 1495 2089 1537 petentibus.

1287 1571 1489 1608 Tollebant
1507 1574 1622 1621 igitur
1641 1576 1769 1610 ilerum
1788 1576 1942 1626 lapides.

1225 1640 1304 1674 Non
1331 1642 1436 1675 fuisse
1457 1643 1637 1686 ambiguas
1664 1646 1850 1679 conciones
1877 1645 2029 1688 Christi,
2063 1649 2114 1681 fa-

1124 1700 1244 1727 tentur
1268 1693 1342 1725 eius
1373 1695 1584 1735 adversarii,
1620 1697 1680 1740 qui
1705 1697 1909 1740 intelligunt
1931 1696 2112 1732 Christum

1125 1744 1344 1789 praedicare,
1388 1757 1422 1777 se
1448 1757 1518 1778 esse
1544 1744 1675 1784 Deum,
1718 1749 1806 1790 patri
1841 1750 2040 1793 aequalem,
2077 1757 2116 1783 ut

1126 1796 1247 1829 loanu.
1268 1795 1303 1830 5.
1323 1796 1462 1829 dicunt:
1488 1798 1678 1841 Aequalem
1696 1811 1729 1831 se,
1747 1800 1824 1832 Deo
1851 1801 1950 1840 facit,
1989 1808 2019 1834 et
2047 1799 2115 1841 hie,

1125 1860 1202 1879 cum
1220 1845 1324 1879 homo
1346 1847 1409 1885 sis,
1437 1848 1541 1880 facies
1568 1856 1598 1881 te
1618 1848 1741 1884 Deum.
1797 1850 1865 1883 Nec
1897 1853 2026 1884 mirum
2055 1860 2116 1891 est,

1127 1896 1351 1930 veliementer
1382 1898 1518 1931 animos
1546 1898 1649 1932 liuius
1675 1902 1795 1944 populi
1821 1900 2046 1936 abhorruisse
2072 1904 2115 1935 ab

1126 1947 1180 1982 his
1198 1949 1446 1990 concionibus,
1474 1951 1533 1994 qui
1559 1958 1630 1983 erat
1655 1963 1790 1985 summa
1816 1966 1895 1987 cura
1915 1955 1956 1986 ad
1983 1955 2115 1987 doctri—

1127 2012 1206 2033 nam
1231 2001 1273 2032 de
1300 2001 1434 2034 unitate
1458 2000 1523 2034 Dei
1555 2004 1778 2038 assuefactus.
1850 2004 2001 2038 Tollunt
2033 2017 2114 2048 ergo

1126 2051 1271 2094 lapides,
1297 2058 1337 2084 ut
1354 2052 1448 2086 velut
1467 2051 1712 2096 blasphemum
1735 2056 1898 2089 obruant.
1952 2055 2115 2090 Renovat

1127 2103 1233 2145 igitur
1252 2109 1446 2143 certamen,
1484 2105 1636 2146 primum
1664 2106 1827 2149 mitigans
1852 2108 2115 2141 contentionem

1127 2156 1169 2186 de
1187 2154 1349 2194 nomine,
1373 2155 1442 2187 imo
1462 2156 1633 2199 scriptura
1654 2156 1745 2190 Deos
1772 2159 1873 2190 etiam
1901 2159 1979 2190 illos
2005 2168 2116 2199 vocat,

1127 2205 1255 2250 quibus
1273 2206 1369 2237 verbi
1389 2204 1451 2238 Dei
1478 2207 1635 2240 custodia
1662 2209 1846 2252 praecipue
1871 2212 2114 2243 murm-mndata

1127 2263 1187 2289 est.
1234 2255 1426 2299 Curigitur
1449 2256 1702 2301 blasphemiam
1723 2272 1793 2292 esse
1811 2261 1956 2299 ducitis,
1988 2274 2115 2294 nomen

1126 2307 1191 2340 Dei
1225 2307 1325 2340 alteri
1363 2309 1496 2342 tribui?
1550 2310 1733 2350 Altogatur
1764 2318 1878 2343 autem
1912 2313 2044 2345 dictum
2078 2314 2113 2344 iu

1128 2358 1313 2393 Psal.82.:
1351 2357 1425 2401 Ego
1461 2360 1551 2399 dixi,
1599 2359 1656 2393 Dii
1682 2362 1778 2400 estis,
1823 2365 1914 2407 quod
1944 2363 2116 2407 significat

1127 2412 1289 2443 custodes
1316 2411 1413 2442 verbi
1436 2410 1519 2451 Dei,
1559 2419 1589 2444 et
1615 2423 1743 2454 organa
1769 2426 1914 2457 operum
1941 2413 2027 2456 Dei,
2057 2428 2117 2458 per

1129 2473 1217 2504 quae
1233 2460 1329 2494 Deus
1353 2462 1438 2504 regit
1467 2460 1637 2497 homines.
1693 2463 1827 2503 Moses,
1857 2465 2018 2505 Samuel,
2047 2465 2117 2498 Na-

1127 2510 1230 2552 than,
1258 2513 1397 2551 David,
1423 2521 1504 2546 sunt
1524 2515 1685 2547 custodes
1703 2517 1798 2548 verbi
1818 2516 1895 2554 Dei,
1926 2525 1956 2549 et
1979 2530 2039 2560 per
2058 2529 2118 2549 eos

1129 2564 1290 2596 miranda
1314 2576 1420 2608 opera
1448 2563 1542 2596 Deus
1567 2564 1661 2600 facit.
1715 2566 1819 2600 Tales
1845 2576 1941 2601 eraut
1971 2576 2001 2601 et
2021 2568 2119 2608 Saul,

1128 2622 1161 2648 et
1179 2615 1237 2647 alii
1256 2626 1351 2657 reges
1369 2627 1407 2647 ac
1427 2617 1642 2655 sacerdotes,
1672 2618 1807 2651 etiamsi
1834 2619 2049 2652 miscuerunt
2066 2620 2116 2652 os-

1129 2666 1205 2698 ficio
1224 2677 1302 2698 suas
1322 2666 1543 2710 tyrannides,
1578 2676 1615 2701 ut
1645 2669 1693 2701 ibi
1711 2669 1801 2703 Psal.
1827 2682 1883 2703 eos
1906 2678 2058 2710 accusat,
2087 2678 2119 2704 et

1129 2728 1260 2761 poenas
1279 2718 1443 2752 minatur.

1658 2769 1742 2802 16*
