2415 2942
271 105 345 142 955

275 193 386 226 nni-1
421 190 531 223 sciens
567 195 596 221 et
630 187 751 220 votens
779 187 867 229 rapit
894 186 1036 219 alterius
1062 186 1256 226 ciniiugem.

277 244 391 284 l‘mgu·
409 256 421 272 ι·
439 241 518 271 t.:ii.i
538 247 674 283 peccata
693 237 797 271 inuno
817 249 935 270 rursus
953 238 1079 269 amittit
1099 237 1257 280 gratiam,

276 293 410 335 Spiri'n
429 306 446 322 n
466 297 622 323 sanctuni
644 295 675 321 et
696 289 817 327 tidem,
846 295 878 320 et
898 289 932 321 sit
950 296 1026 321 actu
1046 300 1122 320 rens
1145 296 1253 320 aeter-

555 347 585 373 et
610 339 674 371 nisi
704 340 755 371 sm
784 339 964 371 coniversio
992 339 1061 371 ruit
1086 339 1121 370 in
1146 346 1253 370 aeter-

277 407 358 426 num
387 392 550 429 mitium,
585 391 671 422 sicut
699 389 782 423 Saul
808 391 1013 427 dannintnr,
1055 389 1113 433 qni
1145 401 1255 433 qnan-

276 456 380 487 qnun
418 444 590 483 placuerat
627 451 724 473 nutv-i
753 439 847 479 Dt‘o,
887 440 954 472 ruit
992 447 1105 471 tannen
1139 449 1256 472 ‹ontr-‘t

587 504 648 523 n‹·c
677 502 795 522 rursus
821 491 1039 523 convertitur
1062 491 1103 522 ad
1131 489 1255 523 Deum.

279 545 388 578 thuin}
420 554 538 575 rursus
564 542 781 575 convertitur
802 543 842 574 ad
863 540 995 581 Deum,
1023 547 1056 574 et
1078 541 1115 574 fu
1140 539 1259 573 haeres

278 357 296 375 ιι
324 356 339 375 ο
367 356 385 386 }’
403 354 516 380 urnae,

276 493 524 527 tons-icn'iani
536 520 542 531 ,

279 597 366 628 xime
387 602 557 626 fetui-nae.

380 645 423 677 tt}
449 645 574 686 giu-dn>
601 643 780 687 perspicue
804 643 1049 674 discernantur
1076 642 1110 673 in
1138 639 1257 674 Eccle-

277 697 343 731 sia,
373 706 402 728 et
427 697 470 728 >it
497 695 630 726 iilustre
657 694 844 725 discrimen
874 693 1000 735 peccati
1026 691 1201 734 regnantis
1228 700 1257 723 et

279 760 348 780 non
387 759 467 786 regn
484 747 571 778 =nt]-.
647 743 746 776 Huic
784 744 977 775 doctrinan·
1019 742 1261 786 complectitur

277 799 405 831 Palus
435 798 468 828 in
494 799 603 828 dictu:
634 794 748 827 'Milita
772 794 896 826 lionam
918 793 1079 824 militiam
1107 794 1260 825 retinens

278 850 378 881 tidem
398 855 426 880 et
447 848 574 879 lionam
589 844 850 878 conscientian).
888 843 984 880 Item,
1006 841 1230 876 1C‹›1·3ntb.6
1255 856 1261 875 τ

280 899 330 932 Ne
363 898 503 939 erretis,
547 903 771 935 scortatores»,
806 895 974 934 adulteri,
1011 895 1179 928 idolatrae
1208 907 1260 927 re-

279 962 385 993 gnum
408 948 469 980 Dei
495 960 565 979 non
591 947 830 989 possidebunt.

379 998 430 1032 Ex
457 997 510 1031 iiis
533 998 634 1029 ‹listis
652 1005 810 1029 sumatur
827 997 1014 1029 declaratio
1030 997 1066 1028 in
1086 993 1153 1029 hoc
1173 996 1260 1029 loco.

282 1051 317 1083 Si
351 1051 541 1083 secundum
576 1060 714 1080 curnem
747 1047 922 1086 vixeritis,
967 1047 1188 1086 moriemini,
1227 1047 1260 1079 id

281 1109 346 1135 est:
371 1100 406 1134 Si
435 1099 624 1133 admittetis
648 1099 751 1131 salsas
776 1099 962 1142 opiniones
981 1105 1012 1131 et
1034 1098 1262 1140 indulgebitis

280 1153 394 1195 pravis
420 1150 621 1188 asset-tibus,
649 1162 768 1182 rursus
793 1149 888 1181 eritis
919 1150 966 1180 rei
993 1157 1154 1181 aeternae
1181 1161 1264 1191 poe-

281 1217 300 1235 n
316 1216 363 1241 ie,
389 1201 554 1235 annito-tis
573 1201 717 1243 gratiam
739 1208 767 1232 et
786 1199 956 1243 Spiritum
973 1208 1140 1232 sanctum.
1170 1197 1264 1231 Ilaec

281 1261 417 1296 pwcata
438 1252 582 1284 nomino
600 1252 715 1295 lapsus
731 1258 850 1283 contra
877 1251 1125 1283 conscientiam
1153 1258 1185 1282 et
1211 1262 1264 1281 er-

283 1317 397 1337 rorem
416 1304 451 1335 in
470 1303 721 1340 fundamento,
746 1308 781 1333 nt
803 1314 880 1333 curn
899 1301 968 1344 pii,
997 1302 1055 1345 qui
1075 1308 1165 1333 recta
1185 1312 1264 1332 sen-

283 1362 419 1390 serant,
447 1353 708 1400 amplectuntur
732 1352 837 1395 impia
860 1352 1040 1392 dogmata,
1070 1363 1128 1382 sen
1150 1363 1266 1383 errore

282 1418 340 1439 seu
367 1405 529 1437 scientes:
565 1412 601 1435 nt
629 1402 749 1439 inniti„
783 1402 841 1446 qni
861 1409 959 1433 antea
979 1410 1068 1433 rorte
1085 1409 1263 1433 senserant

283 1456 432 1500 amplexi
451 1461 531 1487 sunt
553 1454 723 1486 Arianam
742 1453 967 1495 impietatem.
1011 1451 1062 1484 De
1079 1449 1133 1484 his
1151 1452 1265 1483 onini-

283 1509 348 1539 hus
368 1507 521 1538 dicitur:
552 1504 666 1536 Bolite.
687 1515 802 1535 errare
819 1528 826 1540 ‚
855 1509 1078 1541 scortatores,
1106 1502 1266 1539 adulteri,

283 1557 471 1596 idolatrae,
509 1553 726 1591 homicidae,
763 1566 834 1585 non
864 1553 1092 1597 possidebunt
1118 1564 1264 1594 regnum

280 1608 360 1642 Dei.

383 1657 436 1691 De
459 1656 568 1689 altero
590 1657 699 1699 gradu
725 1661 840 1687 antem
865 1654 1011 1686 dicitur:
1048 1653 1084 1686 Si
1114 1653 1267 1685 actiones

284 1709 396 1743 carnis
415 1708 539 1751 spiritu
558 1706 829 1745 mortificabitis,
849 1705 982 1738 vivetis.
1036 1703 1180 1737 Fatetur
1197 1715 1268 1736 esse

285 1763 319 1793 in
344 1759 471 1792 renatis
498 1759 651 1790 actiones
668 1757 800 1795 carnis,
828 1756 862 1788 id
882 1762 949 1793 est,
977 1755 1120 1787 affectus
1145 1767 1266 1787 carna-

283 1813 332 1844 les
348 1818 380 1844 et
397 1810 583 1852 opiniones
599 1821 668 1841 non
687 1814 916 1849 congruentes
939 1819 1016 1838 cnm
1035 1806 1168 1849 Spiritu
1188 1817 1265 1837 san-

284 1870 349 1895 cto.
402 1860 496 1893 Haec
517 1860 606 1892 mala
634 1859 731 1892 iubet
754 1858 956 1891 mortificari
982 1857 1127 1899 spiritu,
1154 1857 1188 1888 id
1209 1863 1268 1893 est,

287 1913 383 1945 iubet
406 1918 444 1943 ut
465 1910 577 1942 renati
601 1910 671 1942 sint
691 1909 814 1942 intenti
843 1916 877 1941 et
903 1908 1105 1951 vigilantes,
1139 1919 1183 1939 ne
1206 1908 1268 1939 ad—

285 1963 436 2007 probent
453 1961 554 1993 falsas
572 1960 767 2003 opiniones.
823 1957 927 1997 Item,
955 1959 1069 1997 iubet,
1102 1965 1139 1991 nt
1162 1970 1264 1999 repn-

285 2020 393 2056 gnent
418 2011 533 2056 pravis
563 2011 762 2048 affectibus,
806 2021 869 2042 nec
896 2017 998 2043 ruant
1031 2015 1150 2041 contra
1184 2020 1267 2041 con-

285 2063 478 2098 scientiam.

387 2113 584 2155 Diligenter
601 2117 714 2144 autem
733 2112 895 2143 observes
921 2111 1012 2154 quod
1041 2111 1106 2150 ait,
1134 2109 1267 2153 Spiritu

286 2164 546 2198 mortificandas
565 2175 636 2195 esse
657 2162 811 2194 actiones
834 2161 964 2194 carnis:
994 2162 1074 2205 qnia
1101 2172 1267 2202 magnum

288 2216 476 2249 discrimen
502 2220 552 2246 est
578 2214 669 2245 inter
695 2210 818 2255 ioseph
845 2218 877 2244 et
902 2212 1121 2254 Scipionem,
1156 2224 1268 2255 qnan-

289 2278 392 2311 quam
411 2273 558 2308 uterque
575 2264 688 2297 frenat
707 2263 966 2300 lovomotivam,
990 2274 1033 2294 ne
1049 2262 1151 2295 faciat
1168 2262 1267 2294 adul-

288 2316 425 2350 terium.
495 2314 568 2347 Etsi
603 2315 696 2346 enirn
729 2320 761 2346 et
786 2313 962 2355 Scipionis
994 2313 1127 2355 egregia
1160 2313 1269 2345 virtus

289 2375 356 2406 est,
380 2374 496 2399 tamen
516 2366 655 2399 estsine
672 2376 750 2397 vera
770 2364 949 2405 agnitione
975 2370 1005 2396 et
1031 2364 1104 2395 sine
1127 2363 1269 2395 invoca-

289 2419 385 2451 tione
404 2415 487 2455 Dei,
522 2423 554 2448 et
583 2428 654 2448 non
678 2415 828 2447 refertur
851 2415 892 2446 ad
922 2414 1067 2457 gloriam
1092 2413 1176 2452 Dei,
1210 2415 1267 2446 sed

288 2475 338 2501 cst
374 2473 508 2499 tantum
550 2466 780 2499 lucumotivae
822 2464 1003 2507 repressio.
1072 2463 1110 2496 In
1144 2461 1269 2506 Ioseph

287 2525 401 2552 autem
438 2517 528 2548 lucet
561 2516 691 2558 agnitio
728 2516 799 2548 veri
834 2515 922 2556 Dei,
963 2522 996 2548 et
1020 2515 1058 2548 fit
1086 2515 1271 2547 invocatio.

287 2567 455 2611 Agnoscit
481 2564 606 2610 Ioseph
630 2578 664 2598 se
691 2566 824 2609 piacere
847 2565 920 2599 Deo
952 2573 1095 2609 propter
1120 2566 1270 2609 promis—

289 2632 364 2653 sum
382 2617 594 2657 Dominum,
621 2623 653 2649 et
679 2617 827 2649 laetatur
856 2617 893 2648 in
916 2629 977 2655 eo,
1006 2623 1038 2650 et
1058 2617 1141 2659 petit
1167 2617 1210 2649 ab
1230 2628 1269 2648 eo

287 2669 574 2712 gubernationem
593 2694 600 2708 ,
637 2673 784 2711 praestat
811 2665 900 2700 hanc
925 2667 1160 2701 obedientium
1186 2666 1271 2707 Deo,

870 99 993 135 PfflL.
1024 99 1137 136 MEL.
1164 97 1371 135 SCRIPTA
1399 96 1696 134 EXEGETICA.

1297 2669 1301 2710 1

2215 100 2287 137 956

1309 192 1337 217 et
1363 185 1466 218 resert
1493 196 1564 218 eam
1588 185 1630 217 ad
1654 184 1800 227 gloriam
1821 184 1902 224 Dei,
1927 198 1999 218 non
2024 186 2099 220 vult
2123 187 2286 221 scandalo

1308 236 1463 269 alienare
1494 236 1690 268 voluntates
1720 233 1903 267 hominum
1928 249 1945 268 a
1971 237 2140 269 doctrina.
2208 238 2286 271 Non

1309 287 1415 327 igitur
1438 294 1571 320 tantum
1600 283 1656 318 hic
1687 286 1857 328 repressio
1881 286 1918 319 stt
1944 286 2194 329 locomotivae‚
2230 291 2289 322 sed

1309 338 1345 369 in
1373 345 1486 370 mente
1504 349 1582 369 vera
1602 337 1660 369 lux
1679 344 1746 376 est,
1773 343 1803 370 et
1823 336 1974 380 Spiritus
1993 345 2130 371 sanctus
2145 340 2288 372 adsimi-

1310 388 1358 421 lat
1375 400 1434 420 cor
1450 389 1554 420 verbo
1572 387 1637 419 Dei
1657 387 1784 420 lucenti
1802 387 1837 419 in
1855 394 1980 422 niente.

1412 438 1492 471 ideo
1530 437 1657 471 Paulus
1695 436 1750 470 hic
1792 438 1885 471 iubet
1923 437 2047 480 spiritu
2087 440 2290 474 mortificari

1311 489 1464 522 actiones
1487 489 1618 526 carnis,
1649 496 1678 520 ot
1707 488 1787 521 facit
1814 488 2027 521 mentionem
2053 489 2293 524 mortificatio—

1313 540 1386 579 nis,
1414 540 1493 584 qnia
1513 540 1547 572 in
1568 539 1626 572 illa
1645 539 1736 572 lucta
1757 539 1831 571 vnit
1854 551 1917 571 nos
1933 550 2118 580 agnoscere
2135 547 2288 573 nostram

1313 590 1566 630 infirmitatem,
1593 597 1625 623 et
1647 591 1765 623 dolere
1785 599 1926 634 propter
1950 587 2011 622 has
2035 592 2152 623 sordes
2172 598 2203 624 et
2226 591 2293 625 fide

1313 647 1426 683 petere
1443 641 1682 673 remissionem
1701 641 1803 673 etiam
1827 638 1950 673 itai-nm
1969 640 2138 674 sordium.

1414 690 1466 724 De
1485 690 1537 723 his
1557 692 1670 736 inquit
1688 691 1833 724 Paulus:
1864 691 1935 733 Qui
1954 691 2165 725 mortificant
2187 692 2294 724 actio-

1314 753 1374 774 nes
1392 742 1505 775 carnis
1521 742 1664 784 spiritu,
1694 742 1843 774 retinere
1861 754 1917 774 eos
1938 741 2063 779 vitam,
2092 741 2125 773 id
2149 748 2212 782 est,
2240 754 2294 775 re-

1314 793 1425 825 tinere
1443 794 1611 835 gratiam,
1639 792 1811 839 Spiritum
1839 799 2016 831 sanctuni,
2043 792 2146 824 fidem
2171 804 2295 825 conso—

1316 844 1443 876 lantem
1463 844 1581 882 corda,
1609 850 1639 875 ct
1657 855 1796 875 manere
1815 855 1872 874 eos
1891 840 2056 875 haeredes
2075 843 2166 875 vitae
2183 850 2294 877 aeter-

1316 907 1398 931 nae,
1426 894 1513 927 sicut
1529 905 1631 936 supra
1650 894 1753 926 dixit:
1793 892 1895 926 Nulla
1927 905 2020 926 nunc
2046 895 2296 927 condemnatio

1317 951 1372 978 est
1388 942 1461 982 his,
1489 945 1547 987 qui
1571 944 1607 976 in
1623 941 1764 977 Christo
1786 943 1862 976 lesu
1878 944 2070 979 ambulant.

1418 994 1605 1039 Utrunque
1630 996 1887 1037 agnoscendum
1913 1001 1982 1032 est,
2010 1001 2041 1027 et
2058 995 2152 1039 quod
2168 995 2237 1029 sint
2259 995 2296 1028 in

1318 1045 1446 1079 renatis
1465 1053 1620 1088 peccata,
1649 1052 1789 1088 propter
1805 1056 1893 1089 quae
1917 1057 1997 1077 vere
2015 1057 2239 1089 expavescere
2265 1054 2297 1079 et

1317 1097 1435 1129 dolere
1461 1097 1609 1136 debent,
1642 1103 1674 1128 et
1700 1107 1821 1128 rursus
1845 1096 2064 1138 agnoscenda
2087 1103 2137 1129 est
2162 1097 2296 1139 magni-

1318 1149 1404 1181 tudo
1433 1146 1695 1179 misericordiae
1719 1145 1809 1184 Dei,
1853 1147 1948 1190 quod
1972 1146 2095 1189 recipit
2119 1148 2298 1180 credentes

1318 1205 1459 1241 propter
1484 1197 1595 1230 filium
1621 1197 1745 1239 gratis,
1773 1204 1805 1230 et
1829 1197 1977 1229 affirmat
2002 1208 2036 1229 se
2063 1197 2171 1237 velle,
2200 1205 2238 1232 ut
2261 1198 2299 1230 in

1319 1249 1419 1281 uobis
1452 1248 1650 1281 obedientia
1684 1248 1869 1288 incutitur,
1911 1254 1943 1280 et
1969 1247 2104 1291 placere
2135 1260 2208 1281 eam
2231 1249 2297 1281 sibi

1318 1311 1518 1344 quanquam
1539 1299 1639 1331 valde
1655 1298 1815 1331 mutilam
1835 1305 1867 1331 et
1884 1297 2106 1340 languidam,
2133 1299 2163 1332 si
2182 1305 2300 1333 tamen

1317 1350 1428 1382 renati
1460 1355 1656 1392 repugnent
1678 1349 1813 1382 vitiosis
1844 1348 2044 1392 affectibus,
2088 1361 2126 1382 ac
2155 1350 2296 1383 doleant

1317 1412 1352 1433 se
1370 1398 1497 1432 habere
1516 1399 1600 1431 tales
1619 1401 1754 1437 sordes,
1777 1406 1810 1431 ct
1824 1399 1890 1431 fide
1909 1405 2028 1441 petant
2043 1400 2296 1434 remissionem.

1317 1450 1368 1483 De
1395 1447 1457 1482 hac
1481 1449 1680 1482 obedientia
1708 1449 1838 1481 dicitur
1853 1447 1968 1482 Roma
1989 1448 2065 1483 140:
2102 1448 2172 1491 Qui
2192 1450 2226 1482 in
2245 1448 2298 1483 his

1317 1501 1421 1533 servit
1441 1498 1601 1539 Christo,
1629 1500 1717 1532 bene
1743 1500 1852 1542 placet
1871 1498 1965 1537 Deo,
2000 1506 2033 1532 et
2057 1501 2223 1543 probatus
2247 1508 2297 1534 est

1318 1549 1533 1584 hominibus.
1561 1549 1608 1582 Ita
1627 1550 1823 1582 simulsunt
1834 1556 1866 1581 et
1883 1561 1962 1582 vera
1982 1546 2171 1589 humilitas,
2189 1562 2299 1593 agno·

1318 1613 1416 1634 scens
1434 1601 1611 1643 propriam
1633 1600 1888 1639 infirmitatem,
1919 1606 1953 1632 et
1980 1611 2060 1631 vere
2079 1600 2200 1633 dolens
2217 1613 2299 1643 pro—

1323 1659 1398 1694 pter
1422 1648 1485 1682 has
1511 1650 1678 1694 reliquias
1705 1649 1853 1693 peccati,
1880 1655 1912 1682 et
1939 1657 2079 1683 econtra
2104 1651 2297 1684 consolatio

1319 1715 1357 1734 ac
1374 1701 1503 1735 laetitia
1537 1701 1574 1733 in
1599 1699 1693 1740 Deo,
1729 1712 1817 1744 quae
1850 1706 1899 1732 est
1926 1700 2051 1732 fiducia
2079 1701 2301 1745 acquiescens

1321 1760 1461 1796 propter
1478 1752 1721 1785 mediatorem:
1750 1751 1844 1784 iuxta
1861 1750 2009 1783 dictum:
2039 1749 2216 1785 lustificati
2232 1752 2300 1785 fide

1321 1815 1436 1847 pacem
1455 1802 1637 1835 habemus.
1691 1801 1836 1846 Semper
1850 1808 1965 1834 autem
1982 1801 2026 1834 sit
2052 1801 2087 1834 in
2113 1809 2301 1847 conspectu

1320 1855 1508 1887 discrimen
1535 1854 1628 1886 inter
1659 1852 1784 1885 delicta
1819 1859 1940 1885 contra
1970 1853 2237 1895 conscientiam,
2268 1861 2302 1888 et

1322 1905 1446 1939 delicta
1463 1916 1536 1937 non
1553 1911 1674 1937 contra
1692 1902 1952 1938 conscientiam.

1355 1985 1434 2034 Qui
1449 1986 1582 2034 spiritu
1600 1984 1676 2020 Dei
1693 1983 1893 2024 ducuntur,
1921 1982 1965 2019 hi
1979 1985 2160 2032 suntfilii
2173 1986 2260 2026 Dei.

1424 2056 1538 2090 Antea
1564 2056 1680 2100 posuit
1704 2055 2000 2099 propositionem,
2031 2055 2217 2091 Debitores
2243 2070 2303 2093 su-

1323 2118 1421 2148 mus,
1449 2114 1480 2140 et
1499 2107 1709 2140 asseveravit
1732 2118 1858 2139 novam
1883 2107 2119 2140 obedientiam
2144 2120 2302 2142 necessa-

1322 2159 1409 2191 riam
1438 2169 1528 2198 esse,
1561 2164 1594 2190 et
1617 2158 1753 2190 addidit
1776 2163 1978 2200 argumenta
2002 2169 2022 2191 a
2045 2159 2168 2202 poenis
2192 2166 2225 2193 et
2245 2172 2302 2193 re-

1323 2209 1479 2242 tentione
1501 2209 1631 2251 gratiae
1662 2215 1695 2241 et
1720 2209 1810 2240 vitae
1834 2215 2003 2241 aeternae.
2081 2208 2183 2242 Nunc
2204 2210 2302 2243 addit

1323 2266 1567 2303 argumentum
1585 2271 1603 2291 a
1620 2270 1721 2292 causa
1737 2259 1906 2292 efficiente
1925 2265 1958 2291 et
1974 2270 1991 2291 a
2008 2259 2179 2302 possibili.

1477 2309 1602 2352 Qualis
1622 2316 1671 2342 est
1686 2310 1854 2349 efficiens,
1884 2309 1962 2342 talis
1977 2310 2020 2342 sit
2036 2309 2193 2343 effectus:

1478 2360 1519 2393 ln
1538 2373 1616 2393 vera
1633 2360 1861 2392 conversione
1876 2359 2011 2402 Spiritu
2026 2367 2145 2393 sancto
2161 2362 2303 2405 erigun—

1533 2419 1591 2445 tur
1609 2412 1711 2443 corda
1731 2422 1791 2454 per
1806 2411 1928 2442 fidem:

1476 2461 1556 2496 Sint
1594 2462 1701 2504 igitur
1740 2467 1855 2494 motus
1889 2467 2118 2503 congruentes
2151 2461 2301 2507 Spiritui

1526 2520 1656 2546 sancto-

1425 2562 1520 2597 Hae‘c
1545 2563 1703 2596 doctrina
1729 2561 1772 2594 de
1803 2561 1994 2595 donatione
2018 2561 2170 2606 Spiritus
2191 2565 2299 2598 sancti

1324 2626 1424 2658 saepe
1442 2615 1509 2647 iam
1529 2613 1673 2657 repetita
1689 2618 1754 2652 est,
1780 2618 1811 2644 et
1830 2623 1928 2655 saepe
1946 2613 2128 2656 cogitanda
2146 2621 2194 2648 est
2217 2627 2302 2647 con-

1327 2665 1509 2700 solationis
1532 2675 1651 2705 cansa,
1677 2669 1715 2696 ut
1737 2664 1946 2697 accendatur
1967 2664 2154 2700 invocatio.
2214 2663 2304 2699 Cum
