2415 2942
277 96 371 130 1283

865 96 991 134 PHIL.
1019 97 1134 134 MEL.
1160 98 1368 136 SCRIPTA
1395 101 1698 143 EXEGETICA.

2205 115 2300 153 1284

466 592 896 636 ARGt'MEx'rt'M
934 595 1272 637 EPtSTOLAE
1310 596 1489 639 PAULI
1529 597 1610 639 AD
1644 599 2094 650 PHILIPPENSES.

404 714 517 745 Beatus
541 715 723 746 Strobdz‘us
745 717 774 746 in
797 717 914 747 libello:
938 717 1004 747 von
1026 718 1220 748 Melanthous
1243 719 1439 751 Verdieusten
1464 732 1512 751 mn
1536 722 1581 751 die
1612 723 1681 754 heil.
1707 724 1820 756 Schrist

1851 727 2006 765 (Norimb.
2032 734 2060 759 et
2080 728 2141 759 Ali.
2166 726 2289 766 1773),

280 758 538 795 somniculoraxit,
564 758 741 797 Gcorgium
756 758 938 793 Maiorem,
962 760 1167 791 Melanthouis
1191 762 1369 801 discipulum
1393 764 1574 803 enarrationi
1599 776 1671 796 suae
1695 766 1852 805 Epistolae
1866 772 1904 800 ad
1920 771 2049 811 Philipp.
2072 771 2286 810 praeposuisse

277 798 519 837 Argumenmm
542 801 699 839 Epistolae
721 801 750 830 in
773 802 877 832 schola
902 802 997 833 Viteb.
1022 803 1164 833 dictatum
1188 814 1206 834 a
1225 804 1280 835 Ph.
1304 806 1508 836 Melanthum.
1552 807 1644 837 Liber
1667 809 1811 841 Maioris
1836 818 1881 842 est
1903 813 2083 852 inscriptus:

402 856 561 887 Euat-ratio
584 857 682 896 Epist.
704 858 790 888 Pauli
814 859 945 899 scriptae
969 862 1006 890 ad
1029 861 1251 900 Philippenses.
1294 863 1406 893 Autore
1431 864 1573 903 Georgia
1597 867 1740 900 Maiore.
1785 870 1897 903 Wireb.
1923 872 2015 904 1554.
2043 875 2075 904 8.

277 914 362 943 lllum
385 914 491 946 librum
514 917 614 945 videre
639 916 710 945 mihi
732 928 791 947 nou
816 919 957 958 contigit,
981 920 1033 948 sed
1057 926 1102 949 est
1125 930 1250 949 recusus
1274 920 1304 950 in
1329 919 1470 961 Georgii
1491 923 1636 953 Maioris
1660 927 1817 966 operibus,
1843 929 1881 960 T.
1905 930 1928 961 Ι.
1968 931 2079 962 Witeb.
2104 931 2197 963 1569.
2219 932 2288 962 Fol.

277 956 325 984 nbi
348 956 459 996 legitur
485 969 555 997 pag.
580 959 658 995 731,
694 961 770 989 uude
800 960 875 990 illud
904 968 1115 1002 argumentum
1137 963 1295 1001 descripsi.
1339 964 1372 994 Iu
1395 965 1535 1004 operibus
1558 967 1685 999 Maioris
1707 975 1809 1000 autem
1830 972 1904 1002 nihil
1926 973 2039 1013 legitur
2062 975 2098 1004 de
2121 984 2174 1013 eo,
2211 976 2287 1014 quod

274 999 451 1031 Melauihou
474 1007 683 1041 argumentum
704 1002 871 1034 dictaverit.

667 1252 1038 1293 ARGUMENTUM
1068 1254 1349 1292 EPISTOLAE
1385 1255 1477 1304 (AD
1510 1259 1896 1311 PHILIPPENSES).

272 1350 481 1421 Φιλίππω
529 1389 699 1432 oppidum
746 1392 811 1424 fuit
861 1393 965 1426 situm
1007 1394 1045 1426 in
1091 1394 1254 1426 extremis

272 1439 403 1471 finibus
419 1439 510 1471 inter
528 1438 715 1473 Thraciam
735 1449 768 1474 et
786 1442 1030 1476 Macedoniam
1043 1470 1051 1484 ‚
1082 1456 1153 1476 non
1174 1457 1253 1486 pro-

271 1490 327 1521 cul
351 1501 369 1521 a
393 1489 501 1522 fluvio
531 1491 714 1523 notissimo
737 1492 924 1536 Strymone
951 1494 988 1526 in
1012 1495 1129 1527 littore
1157 1495 1254 1528 sinus

271 1539 507 1584 Stry-monici,
535 1543 627 1584 quod
653 1549 766 1575 tamen
787 1542 1018 1577 Macedoniae
1043 1545 1252 1578 attributum

271 1598 332 1625 est.
363 1589 482 1623 Veteri
498 1591 733 1634 appellatione
751 1594 971 1627 nominatum
991 1602 1041 1629 est
1057 1593 1252 1641 Κρηνίὸης,

271 1641 371 1686 quasi
395 1641 490 1674 dicas
513 1642 696 1683 fontanae,
723 1645 783 1676 ubi
809 1657 917 1678 venae
943 1658 1068 1679 aureae
1090 1649 1176 1679 adeo
1200 1647 1253 1680 lo-

270 1692 424 1734 cupletes
454 1692 616 1733 fuerunt,
656 1702 694 1727 ut
727 1706 785 1727 rex
809 1694 1039 1730 Macedoniae
1065 1696 1252 1741 Philippus

269 1742 353 1774 inde
376 1743 454 1786 plus
477 1744 574 1775 mille
599 1744 758 1785 talentis,
803 1746 836 1778 id
867 1754 933 1787 est,
973 1749 1052 1792 plus
1083 1749 1252 1782 sexcentis

269 1793 429 1826 millibus
451 1801 701 1828 coronatorum
722 1797 912 1840 quotannis
930 1800 1111 1843 acceperit.

368 1875 467 1911 Olim
486 1878 585 1912 aiunt
601 1891 620 1912 a
637 1877 794 1913 Thassiis
816 1881 851 1914 id
875 1883 1046 1926 oppidum
1071 1886 1249 1919 conditum

268 1934 301 1962 et
326 1940 432 1961 venas
456 1929 643 1974 inquisitas
669 1942 760 1972 esse3
798 1944 879 1965 nam
907 1941 939 1966 et
967 1933 1107 1968 Thassii
1127 1937 1165 1970 in
1189 1949 1249 1972 sua

267 1980 382 2012 insula
398 1979 523 2013 uberes
542 1992 647 2014 venas
663 1982 739 2014 auri
758 1989 789 2016 et
808 1985 942 2026 argenti
961 1983 1173 2024 habuerunt.

367 2062 456 2098 Cum
472 2071 587 2098 autem
600 2064 807 2111 Philippus,
829 2067 1024 2104 Alexandri
1042 2080 1155 2115 pater,
1184 2088 1248 2118 op-

267 2115 388 2158 pidum
400 2113 588 2161 ][ρηνίδας
604 2119 791 2161 coepisset,
820 2127 917 2153 vetus
936 2134 1065 2156 nomen
1082 2125 1247 2165 abolevit,

266 2173 298 2199 et
328 2166 491 2208 deinceps
516 2167 714 2203 nominavit
746 2167 950 2215 Philippos,
989 2174 1052 2207 ubi
1083 2183 1116 2210 et
1148 2177 1246 2210 aurei

262 2213 439 2260 Philippei
459 2217 541 2252 facti
568 2226 660 2253 suut.

365 2300 461 2334 Haec
483 2302 526 2334 de
556 2310 705 2349 utraque
736 2306 972 2350 appellatione
1004 2310 1196 2346 recitantur
1224 2326 1242 2347 a

263 2349 424 2384 Diodoro
449 2351 568 2386 Siculo
594 2361 627 2387 et
650 2367 668 2387 a
693 2354 893 2400 Stephana,
930 2360 990 2403 qui
1008 2360 1090 2394 citat
1106 2361 1242 2398 Arche-

261 2401 452 2436 midornm.
504 2403 556 2436 Ac
585 2403 825 2447 Ptolemaeus,
866 2407 1086 2454 Stephanus,
1120 2412 1241 2450 Histo-

262 2451 314 2485 ria
339 2450 441 2484 Bruti
466 2459 497 2485 et
516 2452 679 2489 Narratio
704 2457 741 2490 in
762 2456 861 2492 Actis
884 2459 1097 2504 Apostolicis
1120 2477 1240 2499 recen-

261 2509 337 2536 sent
353 2503 444 2535 inter
458 2504 586 2546 oppida
603 2505 854 2549 Macedoniae,
882 2518 914 2545 et
931 2513 1072 2557 quidem
1089 2515 1126 2547 in
1142 2515 1240 2552 Actis

259 2553 390 2587 dicitur
404 2553 509 2586 fuisse
519 2552 678 2590 Romana
688 2557 845 2594 Colonia.
901 2561 955 2596 Ibi
973 2571 1005 2597 et
1021 2562 1124 2600 Bruti
1142 2579 1238 2603 exer-

260 2604 365 2639 citum
381 2603 615 2649 profligarunt
633 2606 812 2645 Antonius
827 2619 860 2646 et
876 2610 1057 2649 Octavius.

1404 1358 1507 1393 Nunc
1525 1374 1614 1406 quae
1637 1365 1682 1398 sit
1701 1367 1888 1409 appellatio
1913 1382 1985 1403 non
2004 1371 2166 1417 invenio,
2193 1375 2288 1423 Pyd-

1304 1420 1385 1441 nam
1416 1423 1497 1444 vero
1526 1413 1677 1447 vicinam
1703 1418 1890 1453 nominant
1913 1418 2092 1468 Χύτραν,
2128 1428 2172 1460 ab
2195 1429 2287 1470 ollis,

1304 1465 1342 1491 ut
1365 1461 1504 1503 opinor.
1559 1463 1655 1497 Talis
1679 1473 1727 1499 est
1753 1479 1869 1501 rerum
1900 1469 2134 1509 humanarum
2161 1478 2286 1512 incon-

1302 1511 1428 1543 stantia
1456 1519 1494 1545 ut
1517 1513 1554 1545 in
1578 1514 1649 1547 illis
1673 1516 1757 1559 ipsis
1782 1520 2002 1564 regionibus,
2036 1537 2124 1569 quae
2141 1528 2286 1565 fuerunt

1303 1561 1545 1595 ornatissimae
1571 1565 1740 1605 urbibus,
1770 1565 1954 1604 hominum
1973 1574 2169 1618 frequentia
2186 1587 2219 1613 et
2235 1580 2285 1613 ci-

1305 1610 1367 1642 vili
1394 1611 1578 1655 disciplina
1606 1621 1639 1648 et
1663 1617 1871 1661 aliquandiu
1898 1635 1976 1656 vera
1999 1622 2065 1658 Dei
2091 1629 2283 1673 agnitione,

1304 1672 1398 1694 nunc
1421 1674 1541 1696 rursus
1561 1665 1632 1699 sint
1655 1668 1863 1703 solitudines
1882 1680 1941 1706 aut
1958 1680 2094 1710 tanturn
2115 1680 2284 1715 barbaro-

1303 1723 1380 1743 rum
1404 1709 1588 1747 hominum
1613 1719 1751 1760 tuguria
1777 1727 1811 1754 et
1839 1724 1993 1766 stabula,
2035 1729 2116 1773 qnia
2141 1739 2286 1776 propter

1303 1763 1410 1796 multa
1428 1771 1459 1797 et
1478 1776 1601 1808 magna
1620 1764 1803 1803 hominum
1820 1773 1947 1807 scelera
1970 1785 2090 1819 gentes
2106 1781 2283 1826 dolentur,

1303 1819 1352 1854 et,
1380 1820 1418 1847 ut
1436 1827 1503 1848 vox
1518 1817 1638 1851 divina
1657 1820 1760 1862 dicit,
1793 1829 1884 1856 terra
1907 1825 2034 1861 feritur
2050 1830 2283 1872 anathemate.

1400 1889 1453 1923 Ne
1484 1891 1591 1935 igitur
1615 1893 1742 1929 similis
1769 1899 1910 1934 vastitas
1933 1902 1990 1937 fiat
2013 1905 2051 1939 in
2076 1905 2282 1955 Germania,

1301 1939 1410 1972 simus
1432 1941 1468 1974 in
1496 1955 1575 1975 vera
1606 1945 1764 1980 doctrina
1795 1950 1887 1983 firmi
1910 1960 1944 1987 et
1968 1954 2005 1987 in
2033 1957 2281 1998 inovocatione

1300 1997 1333 2023 et
1350 1990 1428 2024 aliis
1446 1993 1514 2036 piis
1538 1995 1662 2028 officiis
1678 1998 1906 2036 ardentiores.

1400 2058 1494 2094 Haec
1511 2062 1555 2094 de
1571 2064 1715 2098 nomine
1730 2066 1857 2102 dixisse
1871 2071 1955 2106 satis
1971 2081 2031 2109 est.

1296 2171 1357 2208 De
1389 2173 1575 2209 vocatione
1603 2174 1721 2212 Pauli
1748 2179 1786 2214 in
1816 2180 2104 2236 ffIacedoniam‚
2153 2201 2192 2231 ut
2224 2198 2282 2234 ibi

1574 2226 1616 2260 E
1617 2229 1826 2276 evangelium
1854 2233 2003 2276 doceret.

1397 2318 1586 2362 Quomodo
1602 2322 1733 2358 Paulus
1750 2325 1788 2359 in
1802 2324 1982 2375 Europam
2001 2346 2040 2368 ex
2053 2335 2193 2376 Troade
2209 2350 2278 2381 tra-

1295 2368 1433 2411 iecerit,
1462 2379 1495 2406 et
1511 2373 1664 2417 primum
1686 2380 1866 2414 accesserit
1882 2383 1926 2414 ad
1942 2384 2064 2420 urbem
2080 2387 2276 2442 Philippos,

1294 2419 1421 2463 legitur
1441 2422 1478 2455 in
1497 2423 1595 2458 Actis
1614 2437 1686 2469 cap.
1700 2428 1755 2463 16.
1782 2427 1939 2474 Angelus
1957 2445 2062 2472 noctu
2081 2444 2194 2485 specie
2210 2448 2277 2482 viri

1294 2469 1502 2506 Macedonis
1526 2485 1730 2520 conspectus
1755 2482 1891 2515 vocavit
1914 2483 2064 2522 Paulum
2088 2492 2126 2525 in
2154 2494 2275 2533 Mace-

1293 2521 1455 2562 doniam,
1473 2526 1534 2558 ubi
1552 2527 1705 2569 primum
1722 2535 1940 2573 agnoscenda
1957 2544 2006 2571 est
2021 2540 2190 2580 immensa
2207 2549 2272 2583 bo-

1292 2572 1384 2606 nitas
1411 2574 1499 2617 Dei,
1542 2578 1603 2622 qui
1634 2590 1694 2612 sua
1725 2581 1964 2620 misericordia
1989 2599 2133 2636 propter
2160 2597 2272 2634 filium

1290 2623 1422 2667 colligit
1445 2634 1621 2662 aeternam
1645 2628 1855 2675 Ecclesiam,
1885 2647 1957 2671 non
1980 2641 2092 2678 solum
2112 2657 2185 2681 non
2208 2647 2270 2686 ha-
