2415 2942
297 105 392 141 1081

421 190 684 238 Unusquisque
707 188 745 222 in
760 200 830 222 sua
851 191 964 221 mente
983 191 1096 220 certus
1114 186 1175 223 sil.

409 267 447 300 ld
475 273 543 303 est,
572 262 662 297 nihil
688 264 746 297 fiat
772 263 956 296 dubitante
978 263 1208 296 conscientia:
1245 261 1292 295 sit

308 326 423 353 autem
454 315 664 349 conscientia
691 314 892 348 confirmata
920 314 1025 346 verbo
1052 312 1128 348 Dei.
1196 311 1290 345 Ilaec

307 369 467 403 doctrina
497 366 596 398 valde
628 365 818 397 necessaria
845 370 916 403 est,
959 361 1058 395 Nihil
1089 363 1289 396 faciendum

307 430 379 453 esse
406 424 526 451 contra
550 415 821 453 conscientiam,
857 412 956 446 Nihil
981 414 1062 447 item
1089 414 1289 446 faciendum

308 480 380 502 esse
402 467 586 500 dubitante
612 464 834 498 conscientia.
886 463 930 497 Et
958 464 1048 497 infra
1069 464 1212 500 repetita
1242 470 1292 496 est

307 518 392 552 haec
417 517 592 550 doctrina:
621 514 740 549 Omne
765 515 859 560 quod
878 526 950 547 non
968 521 1017 547 est
1035 527 1074 547 ex
1099 515 1185 555 fide,
1212 525 1291 557 pec-

307 576 422 603 catum
445 574 506 602 est.

408 634 448 668 Id
465 635 596 667 dictum
609 632 768 676 Papistae
787 639 919 665 tantum
940 638 1104 665 enarrant
1128 631 1293 674 legaliter,

308 686 466 719 videlicet
485 712 492 723 ,
519 684 698 728 Quicquid
725 690 855 726 pugnat
879 694 955 715 cum
983 682 1077 725 lege,
1112 689 1291 726 peccatum

307 744 372 770 est:
400 737 493 781 qnod
519 742 607 767 recte
636 734 780 773 dicitnr,
814 733 871 764 sed
898 733 1056 764 nondum
1072 733 1185 765 reddit
1202 732 1293 765 inte-

309 798 405 829 gram
423 786 521 818 Pauli
543 784 763 818 sententiam.
799 782 878 815 Non
899 783 991 814 enim
1010 783 1093 815 satis
1112 790 1179 823 est,
1203 783 1291 815 sacta

309 849 387 870 cum
407 837 480 878 lege
500 845 708 877 congruere,
737 834 793 865 sed
815 839 951 875 oportet
972 833 1170 875 praelucere
1194 833 1292 876 agni·
1320 867 1321 879 χ

311 887 442 920 tionem
460 883 612 923 Christi,
640 890 672 916 et
691 890 798 917 totam
819 883 1056 916 obedientiam
1075 883 1146 926 regi
1166 883 1292 916 fiducia

309 937 372 970 filii
389 936 472 978 Dei,
502 936 567 975 ita,
596 941 633 967 ut
656 941 687 967 et
713 934 881 972 sciamus,
910 945 998 978 quae
1020 933 1106 966 facta
1127 934 1294 977 placeant,

310 994 342 1020 et
364 986 540 1030 quomodo
565 985 731 1028 placeant.

310 1036 469 1079 gruentia
489 1048 567 1069 cum
585 1036 676 1078 lege,
703 1046 780 1067 cum
800 1045 946 1077 persona
966 1034 1076 1076 placet
1101 1034 1188 1068 iusta
1217 1035 1294 1074 fide,

310 1087 416 1129 gratis
441 1094 583 1130 propter
610 1085 857 1122 mediatorem,
898 1091 930 1117 et
964 1084 1092 1117 deinde
1123 1085 1186 1118 scit
1211 1086 1294 1117 obe-

311 1138 479 1170 dientiam
506 1137 677 1168 incoatam
704 1135 854 1179 requiri,
896 1141 927 1168 et
954 1135 1090 1178 placere
1114 1147 1187 1168 eam
1213 1147 1293 1180 pro-

311 1194 388 1232 pter
405 1187 633 1220 mediatorem
650 1197 851 1230 quanquam
868 1184 935 1227 legi
955 1197 1026 1218 non
1045 1185 1217 1221 satisfacit.

414 1254 481 1288 Hic
505 1265 641 1287 necesse
664 1261 713 1287 est
737 1252 846 1286 taxari
870 1259 996 1286 tetrum
1017 1265 1170 1287 errorem
1189 1253 1295 1299 Papi-

312 1313 462 1345 starum‚
489 1306 549 1349 qni
568 1306 711 1343 docent,
736 1315 872 1346 semper
890 1303 1126 1336 dubitandum
1144 1316 1226 1344 esse,
1251 1318 1295 1337 an

313 1356 358 1389 sis
384 1356 646 1394 reconciliatus,
675 1360 706 1386 et
733 1351 822 1385 hanc
847 1353 1103 1386 dubitationem
1129 1367 1200 1387 non
1224 1367 1295 1388 esse

314 1413 507 1450 peccatum.
561 1403 653 1436 lInic
681 1402 789 1435 errori
815 1404 1067 1446 opponendum
1094 1411 1141 1437 est
1159 1402 1224 1436 hoc
1240 1406 1295 1436 di-

316 1463 408 1489 ctum
433 1454 551 1489 Pauli:
588 1451 706 1487 Omne
730 1453 825 1497 quod
855 1464 927 1485 non
954 1459 1003 1486 est
1034 1465 1073 1486 ex
1096 1454 1182 1495 fide,
1216 1466 1296 1498 pec-

313 1513 426 1540 catum
448 1512 509 1540 est.

415 1571 570 1605 Verbum
603 1569 919 1617 πληροφορεῒσθαι
956 1569 1126 1612 significat
1162 1578 1295 1604 certum

315 1634 403 1663 esse,
430 1630 468 1656 ut
487 1623 579 1666 apud
598 1621 783 1655 Isocratem
799 1618 1098 1666 πληροφορηθεὶς
1121 1619 1173 1665 ἔμ’
1193 1621 1297 1667 ἐξαρ-

315 1671 382 1707 νόν
405 1671 520 1715 εἶναι,
558 1673 593 1705 id
617 1679 686 1712 est,
721 1683 800 1704 cum
825 1677 938 1703 certus
960 1678 1047 1704 esset
1075 1683 1130 1704 me
1159 1683 1297 1713 negare.

315 1724 373 1757 Sic
393 1735 536 1767 prorsus
551 1735 633 1755 usus
651 1730 699 1756 est
717 1734 757 1755 eo
777 1721 884 1754 verbo
904 1721 1052 1762 Paulus,
1079 1720 1184 1755 Rom.
1200 1721 1235 1757 4.
1254 1724 1295 1756 de

315 1772 512 1806 Abraham:
541 1772 630 1807 Cum
661 1779 775 1806 certus
800 1778 905 1811 esset,
935 1771 1045 1804 Deum
1070 1784 1168 1815 posse
1194 1774 1297 1806 steri-

317 1824 381 1856 lem
402 1832 546 1858 matrem
562 1824 771 1856 foecundam
789 1823 910 1855 facere.
947 1821 992 1856 Et
1006 1821 1122 1855 Lucae
1139 1824 1250 1866 capite
1264 1825 1296 1860 1.

317 1881 346 1906 et
379 1873 494 1907 Colos,
520 1878 552 1909 2.
579 1871 811 1919 πλη()ο([ορία
838 1872 1010 1915 significat
1038 1873 1296 1916 certitudinem,
1320 1889 1322 1915 2
1349 1886 1427 1919 licet
1461 1887 1496 1919 in
1530 1884 1593 1919 hac
1628 1887 1709 1922 vita.

314 1925 412 1969 quasi
430 1925 541 1957 dicas:
571 1924 714 1957 Plenam
734 1923 983 1957 assensionem.

413 1990 482 2025 Sed
501 1992 591 2024 dicat
612 1990 753 2034 aliquis:
783 1988 948 2022 Gloriose
965 1990 1116 2030 iactatis,
1144 2002 1204 2024 vos
1220 1990 1295 2024 Deo
1321 2006 1322 2014 ¹

315 2041 466 2084 placere,
493 2053 571 2075 cum
596 2047 711 2074 tamen
734 2038 816 2073 haec
842 2040 1012 2073 naturalis
1033 2041 1142 2083 caligo
1161 2053 1296 2085 semper

314 2092 438 2125 sentiat
460 2092 699 2125 dubitationes
726 2097 758 2123 et
777 2090 1032 2122 dissidentiam?
1067 2090 1294 2134 Respondeo:

319 2141 449 2174 Verum
470 2150 529 2182 est,
548 2140 784 2175 dubitationes
803 2147 835 2173 et
851 2140 1080 2174 dissidentiam
1100 2139 1242 2174 haerere
1259 2142 1295 2175 in

317 2193 443 2225 animis
474 2190 655 2225 hominum
691 2191 727 2223 in
763 2189 825 2223 hac
856 2191 1104 2233 depravatione
1136 2198 1294 2225 naturae:

316 2243 372 2274 sed
407 2240 495 2275 hanc
525 2243 633 2286 ipsam
668 2242 713 2273 ob
742 2252 879 2273 causam
913 2239 1005 2273 Deus
1038 2241 1148 2275 edidit
1174 2254 1294 2275 vocem

316 2292 398 2334 legis
422 2300 454 2326 et
475 2292 668 2335 Evangelii,
736 2291 821 2323 Vult
848 2303 910 2323 nos
934 2292 976 2323 de
997 2298 1145 2336 utraque
1170 2304 1224 2331 re,
1253 2294 1296 2326 de

315 2342 363 2374 ira
381 2349 413 2375 et
430 2344 470 2375 de
486 2344 593 2385 gratia
611 2349 722 2376 certos
739 2353 819 2376 esse,
862 2340 944 2375 Vult
962 2348 1054 2375 certo
1074 2343 1165 2383 sciri,
1180 2341 1294 2376 Deum

316 2403 394 2424 vere
411 2399 443 2426 et
459 2391 678 2426 horribiliter
694 2394 928 2425 condemnare
947 2404 1018 2424 non
1041 2404 1228 2426 conversos
1249 2395 1292 2427 ad

316 2442 446 2481 filium,
473 2444 561 2477 sicut
578 2445 744 2487 scriptum
767 2450 817 2476 est
847 2440 920 2476 1011.
937 2442 988 2478 3.;
1042 2442 1114 2485 Qui
1129 2455 1201 2476 non
1218 2456 1292 2477 cre-

313 2492 364 2526 dit
381 2493 417 2524 in
436 2493 564 2531 filium,
592 2506 663 2527 non
682 2493 814 2527 videbit
832 2493 957 2533 vitam,
984 2494 1042 2526 sed
1062 2494 1110 2526 ira
1131 2494 1195 2527 Dei
1218 2507 1292 2527 ma-

312 2549 369 2575 net
386 2554 489 2586 super
506 2555 594 2577 eum.
648 2544 732 2576 vult
749 2555 868 2576 rursus
884 2543 986 2576 etiam
1006 2544 1174 2577 immensa
1189 2545 1291 2578 boni-

311 2599 380 2626 tate
406 2594 506 2626 nobis
532 2601 624 2627 certo
650 2601 770 2626 notam
795 2605 865 2626 esse
882 2595 1203 2630 reconciliationem
1224 2597 1289 2629 do-

312 2650 424 2676 natam
447 2650 587 2688 propter
602 2644 712 2677 filium
733 2644 964 2680 credentibus.

876 93 1002 131 PHlL.
1036 93 1152 131 MEL.
1190 93 1397 130 SCRIPTA
1433 92 1732 128 EXEGETICA.

1320 754 1321 760 ,
1346 728 1448 762 nobis
1472 730 1664 764 consolatio
1688 738 1778 764 certa
1799 731 1854 765 sit.

784 983 925 1016 Placent
955 990 1069 1016 autem
1095 984 1182 1017 facta
1206 996 1291 1017 con-
1320 1011 1321 1023 ,

2224 94 2322 130 1032

1440 175 1542 209 Hanc
1560 176 1668 220 ipsam
1687 177 1732 209 ob
1749 188 1885 210 causam
1904 178 1994 211 edita
2012 185 2062 212 est
2080 177 2263 222 promissio
2280 179 2323 210 de

1342 226 1433 264 filio,
1468 233 1501 260 et
1526 227 1568 259 de
1591 228 1698 269 gratia
1722 228 1838 260 statim
1873 228 1916 259 ab
1942 228 2063 267 initio,
2097 241 2174 261 cum
2204 228 2320 270 ignota

1343 284 1429 310 esset
1444 277 1608 310 omnibus
1626 278 1813 317 creaturis,
1839 277 1896 309 ido
1914 277 2028 321 inquit
2045 277 2234 311 Dominus:
2262 277 2321 312 Sic

1343 326 1438 360 Deus
1463 327 1586 361 dilexit
1611 329 1801 367 mundum,
1829 335 1865 360 ut
1887 327 1997 360 filium
2021 328 2240 370 unigenitum
2259 331 2321 361 de·

1345 377 1452 418 derit,
1478 385 1516 411 ut
1543 378 1658 410 omnis
1683 379 1742 422 qui
1771 378 1881 411 credit
1904 379 1940 410 in
1966 390 2068 418 eum,
2095 390 2165 410 non
2192 385 2320 422 pereat,

1345 430 1402 460 sed
1421 425 1548 462 habeat
1565 428 1672 462 vitam
1690 436 1879 463 aeternam.
1930 427 1975 462 Et
2001 426 2090 460 hanc
2116 428 2320 471 promissio·

1345 490 1425 511 nem
1449 478 1524 512 vult
1548 486 1666 512 notam
1692 490 1784 519 esse,
1820 485 1851 511 et
1876 485 1967 511 recte
2001 478 2167 520 intelligi,
2199 485 2232 512 et
2255 478 2323 511 fide

1344 527 1463 571 accipi.
1525 528 1703 571 Quorsum
1729 529 1821 561 enim
1845 529 2007 562 attineret
2029 529 2214 562 revelatam
2238 539 2322 567 esse,

1345 578 1372 611 si
1390 590 1462 611 non
1480 586 1567 612 esset
1582 580 1649 612 fide
1665 580 1877 624 accipienda.
1905 578 1964 613 Sic
1981 579 2085 622 igitur
2102 579 2216 624 inquit
2230 577 2323 611 Pau-

1345 629 1417 661 lus:
1446 627 1528 662 Ideo
1553 642 1592 661 ex
1613 630 1699 670 fide,
1726 630 1851 673 gratiS,
1878 635 1916 663 ut
1941 630 1985 663 sit
2008 630 2103 662 firma
2129 629 2324 674 promissio.

1346 679 1464 721 Quare
1489 679 1646 712 additum
1674 689 1722 714 est
1756 680 2019 720 iuramentum,
2052 679 2121 714 nisi
2146 680 2224 713 ideo
2242 706 2251 720 ‚
2285 686 2323 713 ut

1913 729 2004 763 Vivo
2030 741 2111 774 eg0‚
2139 730 2226 764 dicit
2248 728 2323 763 Do-

1346 780 1483 822 minus,
1510 780 1594 813 nolo
1622 788 1767 814 mortem
1793 781 2003 825 peccatoris,
2029 782 2090 814 sed
2115 788 2155 816 ut
2178 792 2324 815 conver-

1346 836 1439 862 tatur
1458 837 1491 864 et
1508 830 1612 864 vivat.
1666 831 1720 865 Sit
1748 832 1855 874 igitur
1880 831 1916 864 in
1942 831 2046 864 nobis
2064 831 2266 870 conversio,
2293 837 2326 864 et

1320 901 1321 907 1
1347 880 1413 913 fide
1433 879 1716 924 apprehendatur
1739 883 1888 925 gratuita
1914 882 2120 925 promissio,
2143 889 2182 916 ut
2201 893 2326 915 conso—

1346 931 1514 964 lationem
1532 938 1712 965 teneamus
1732 940 1852 966 contra
1869 932 2146 976 desperationem
2171 940 2204 966 et
2224 932 2326 965 dolo-

1348 992 1400 1013 res
1420 981 1624 1017 inferorum.
1680 981 1762 1015 Ideo
1787 983 1830 1015 de
1851 989 1996 1028 utraque
2021 995 2058 1015 re
2080 983 2209 1016 dicitur
2227 981 2327 1015 Mar-

1348 1031 1378 1064 ci
1399 1033 1450 1067 1.:
1481 1031 1583 1074 Agite
1600 1033 1871 1075 poenitentiam,
1894 1040 1926 1066 et
1942 1033 2071 1066 credite
2087 1032 2294 1076 Evangelio.

1450 1080 1661 1127 Quanquam
1682 1090 1796 1116 autem
1814 1081 1931 1117 haeret
1953 1083 2126 1121 dubitatio
2150 1084 2186 1116 in
2211 1082 2328 1116 omni-

1347 1133 1413 1165 bus
1455 1130 1659 1166 hominibus
1704 1135 1740 1166 in
1784 1132 1846 1167 hac
1882 1134 2130 1178 depravatione
2165 1140 2325 1167 naturae:

1348 1190 1465 1216 tamen
1495 1180 1577 1216 huic
1608 1185 1820 1218 dubitationi
1851 1191 1984 1217 mentes
2013 1196 2198 1218 conversae
2221 1196 2326 1227 repu-

1349 1240 1455 1275 gnent
1483 1240 1516 1266 et
1535 1242 1713 1277 opponant
1733 1248 1850 1267 vocem
1871 1234 2129 1278 promissionis,
2157 1242 2190 1268 et
2206 1246 2329 1267 accen-

1350 1285 1453 1317 datur
1481 1285 1558 1316 talis
1580 1286 1683 1322 fides,
1712 1298 1800 1330 quae
1826 1287 1960 1325 credat,
1996 1297 2067 1318 non
2093 1292 2227 1318 tantum
2252 1285 2330 1317 aliis

1350 1334 1425 1366 dari
1446 1335 1688 1367 remissionem
1709 1343 1949 1379 peccatorum,
1977 1337 2036 1368 sed
2059 1336 2123 1368 tibi
2151 1336 2217 1380 ipsi
2241 1347 2328 1379 quo—

1353 1396 1418 1428 que
1432 1411 1440 1423 ,
1468 1391 1501 1417 et
1519 1383 1581 1417 hac
1597 1385 1663 1417 fide
1679 1387 1820 1418 accedas
1838 1387 1878 1418 ad
1897 1385 2029 1424 Deum,
2055 1393 2087 1419 et
2111 1386 2271 1419 elucteris
2290 1397 2329 1417 ex

1351 1434 1590 1474 dubitatione,
1626 1443 1663 1469 ut
1689 1437 1798 1478 possis
1821 1436 1983 1468 invocare
2005 1434 2131 1469 Deum.
2194 1434 2246 1469 De
2268 1433 2331 1468 hac

1350 1484 1416 1515 fide
1439 1483 1592 1526 erigente
1617 1492 1648 1517 et
1672 1486 1873 1519 consolante
1899 1487 2002 1518 corde
2026 1486 2063 1518 in
2089 1486 2179 1518 veris
2196 1486 2327 1518 dolori-

1352 1534 1416 1566 bus
1452 1534 1610 1576 loquitur
1644 1534 1791 1573 Paulus,
1825 1548 1903 1568 curn
1940 1536 2014 1568 ait:
2049 1535 2226 1569 [ustificati
2262 1536 2329 1568 fide

1349 1595 1466 1626 pacem
1496 1581 1676 1616 habemus.
1752 1584 1858 1625 Item,
1893 1582 2018 1628 Ephes.
2042 1585 2091 1617 3.;
2128 1585 2194 1618 Ρ91·
2224 1598 2326 1631 quem

1349 1635 1517 1666 audemus
1534 1635 1695 1667 accedere
1714 1634 1750 1667 in
1772 1635 1896 1668 fiducia
1916 1647 1976 1679 per
1992 1635 2095 1668 fidem
2116 1636 2199 1670 eius.

1451 1683 1547 1717 Alibi
1564 1696 1665 1728 saepe
1682 1693 1879 1718 enarratum
1899 1693 1949 1718 est
1965 1685 2097 1718 dictum
2116 1685 2327 1729 Salomonis,

1350 1736 1441 1778 quod
1462 1735 1567 1777 impie
1591 1736 1699 1768 citant
1716 1733 1878 1768 monachi
1902 1737 1942 1768 ad
1966 1736 2238 1770 confirmandam
2264 1739 2329 1772 du-

1349 1784 1572 1819 bitationem:
1600 1785 1709 1819 Nemo
1728 1787 1809 1826 scit,
1835 1798 1878 1818 an
1896 1798 2013 1819 amore
2031 1787 2085 1819 vel
2103 1788 2184 1820 odio
2202 1789 2328 1831 dignus

1349 1836 1409 1876 sit,
1437 1836 1517 1881 quia
1544 1837 1643 1870 iustis
1661 1844 1692 1870 et
1711 1837 1847 1870 iniustis
1873 1837 2000 1869 similia
2023 1837 2204 1878 accidunt,
2232 1840 2328 1872 vide-

1789 1886 1826 1919 Id
1855 1887 1987 1920 dictum
2017 1888 2223 1931 simpliciter
2260 1887 2324 1923 hoc

1349 1937 1443 1977 vult,
1470 1938 1512 1970 de
1532 1937 1710 1970 voluntate
1727 1936 1793 1971 Dei
1812 1938 2039 1970 iudicandum
2065 1949 2136 1970 esse
2159 1950 2197 1971 ex
2219 1941 2324 1973 verbo

1350 1988 1478 2030 ipsius,
1505 1999 1577 2020 non
1597 1999 1636 2020 ex
1653 1989 1755 2021 rebus
1776 1988 1937 2021 secundis
1954 1995 2011 2021 aut
2032 1989 2185 2021 adversis
2208 1989 2244 2022 in
2262 1988 2325 2023 hac

1350 2038 1433 2073 vita.
1484 2036 1608 2071 Achab
1628 2050 1700 2071 non
1726 2039 1896 2072 existimet
1918 2050 1953 2072 se
1970 2037 2044 2071 Deo
2066 2039 2218 2082 placere,
2244 2041 2325 2084 quia

1350 2086 1454 2121 habet
1476 2088 1606 2121 ssorens
1638 2100 1803 2131 regnum,
1837 2097 1869 2122 et
1898 2096 1946 2122 est
1970 2089 2097 2122 victor:
2127 2102 2189 2123 nec
2211 2089 2323 2124 David

1349 2139 1520 2172 existimet
1538 2151 1573 2172 se
1589 2139 1760 2172 abiectum
1781 2151 1851 2172 esse
1876 2152 1893 2172 a
1913 2139 2004 2177 Deo,
2032 2140 2112 2184 quia
2136 2147 2184 2173 est
2206 2141 2327 2184 pulsus

1349 2201 1476 2234 regno,
1501 2190 1559 2221 sed
1578 2197 1724 2234 uterque
1741 2202 1779 2222 ex
1799 2191 1904 2223 verbo
1922 2189 1985 2222 Dei
2009 2190 2155 2223 iudicet:
2185 2202 2325 2234 prorsus

1349 2240 1455 2282 igitur
1488 2241 1647 2282 congruit
1681 2240 1882 2274 Salomonis
1921 2241 2090 2274 sententia
2127 2242 2324 2282 nobiscum,

1348 2291 1428 2334 quia
1445 2291 1586 2324 deducit
1606 2303 1668 2324 nos
1687 2292 1728 2324 ad
1748 2292 1892 2324 verbum
1909 2290 1986 2323 Dei.

1346 2371 1518 2419 Regnum
1535 2368 1612 2403 Dei
1628 2383 1699 2404 non
1718 2379 1768 2404 est
1785 2383 1863 2405 esca
1881 2376 1911 2404 el
1928 2376 2053 2417 potus,
2078 2370 2146 2405 sed
2164 2372 2326 2415 iusticia,

1343 2422 1524 2470 gaudium
1547 2426 1577 2454 el
1598 2434 1679 2467 pas:
1703 2422 1741 2455 in
1756 2421 1900 2467 Spiritu
1916 2427 2050 2458 sancio,
2105 2421 2154 2456 In
2173 2420 2233 2457 his
2250 2437 2324 2458 ser-

1382 2475 1478 2509 viens
1501 2470 1670 2513 Christo,
1701 2472 1819 2520 placet
1844 2472 1946 2511 Deo,
1979 2477 2009 2505 et
2029 2472 2209 2519 probatus
2235 2480 2286 2510 est

1719 2521 1944 2556 hominibus.

1445 2592 1676 2627 Usitatissima
1698 2589 1890 2636 hypocrisis
1913 2597 1982 2630 est,
2015 2591 2058 2623 de
2089 2602 2157 2636 qua
2182 2593 2323 2625 concio-

1341 2651 1445 2678 natur
1470 2643 1662 2682 Dominus,
1698 2640 1824 2677 Matth.
1849 2641 1909 2677 23.
1945 2641 2126 2686 inquiens:
2166 2641 2237 2676 Vae
2261 2655 2322 2677 vo.
