<?xml version="1.0" encoding="UTF-8"?>
<!DOCTYPE html PUBLIC "-//W3C//DTD XHTML 1.0 Transitional//EN"
    "http://www.w3.org/TR/xhtml1/DTD/xhtml1-transitional.dtd">
<html xmlns="http://www.w3.org/1999/xhtml" xml:lang="en" lang="en">
 <head>
  <title>
</title>
<meta http-equiv="Content-Type" content="text/html;charset=utf-8" />
  <meta name='ocr-system' content='tesseract 3.04.00' />
  <meta name='ocr-capabilities' content='ocr_page ocr_carea ocr_par ocr_line ocrx_word'/>
</head>
<body>
  <div class='ocr_page' id='page_1' title='image "./operaquaesupersu15melauoft_0021.png"; bbox 0 0 2415 2942; ppageno 0'>
   <div class='ocr_carea' id='block_1_1' title="bbox 105 132 597 172">
    <p class='ocr_par' dir='ltr' id='par_1_1' title="bbox 105 132 597 172">
     <span class='ocr_line' id='line_1_1' title="bbox 105 132 597 172; baseline -0.006 -1"><span class='ocrx_word' id='word_1_1' title='bbox 105 134 154 172; x_wconf 73' lang='lat'>25</span> <span class='ocrx_word' id='word_1_2' title='bbox 516 132 597 168; x_wconf 84' lang='grc' dir='ltr'>ΧΠ.</span> 
     </span>
    </p>
   </div>
   <div class='ocr_carea' id='block_1_2' title="bbox 106 218 452 264">
    <p class='ocr_par' dir='ltr' id='par_1_2' title="bbox 106 218 452 264">
     <span class='ocr_line' id='line_1_2' title="bbox 106 218 452 264; baseline -0.003 -11"><span class='ocrx_word' id='word_1_3' title='bbox 106 226 225 264; x_wconf 79' lang='lat' dir='ltr'>postea</span> <span class='ocrx_word' id='word_1_4' title='bbox 241 218 452 252; x_wconf 80' lang='lat' dir='ltr'><strong>refellemus.</strong></span> 
     </span>
    </p>
   </div>
   <div class='ocr_carea' id='block_1_3' title="bbox 106 316 1094 464">
    <p class='ocr_par' dir='ltr' id='par_1_3' title="bbox 106 316 1094 464">
     <span class='ocr_line' id='line_1_3' title="bbox 106 316 1092 365; baseline -0.008 -10"><span class='ocrx_word' id='word_1_5' title='bbox 106 331 162 355; x_wconf 86' lang='lat' dir='ltr'>tor</span> <span class='ocrx_word' id='word_1_6' title='bbox 185 321 282 365; x_wconf 88' lang='lat' dir='ltr'>pios,</span> <span class='ocrx_word' id='word_1_7' title='bbox 318 327 356 354; x_wconf 91' lang='lat' dir='ltr'>ut</span> <span class='ocrx_word' id='word_1_8' title='bbox 387 321 560 354; x_wconf 73' lang='lat' dir='ltr'>retineant</span> <span class='ocrx_word' id='word_1_9' title='bbox 587 317 732 362; x_wconf 79' lang='lat' dir='ltr'>phrasin</span> <span class='ocrx_word' id='word_1_10' title='bbox 761 324 936 354; x_wconf 81' lang='lat' dir='ltr'>veterum,</span> <span class='ocrx_word' id='word_1_11' title='bbox 966 316 1025 360; x_wconf 86' lang='lat' dir='ltr'>qui</span> <span class='ocrx_word' id='word_1_12' title='bbox 1045 316 1092 347; x_wconf 89' lang='lat' dir='ltr'>sic</span> 
     </span>
     <span class='ocr_line' id='line_1_4' title="bbox 106 364 1094 406; baseline -0.008 0"><span class='ocrx_word' id='word_1_13' title='bbox 106 372 213 406; x_wconf 90' lang='lat' dir='ltr'>locuti</span> <span class='ocrx_word' id='word_1_14' title='bbox 248 379 350 405; x_wconf 87' lang='lat' dir='ltr'>sunt:</span> <span class='ocrx_word' id='word_1_15' title='bbox 394 371 550 404; x_wconf 70' lang='lat' dir='ltr'>Verbum</span> <span class='ocrx_word' id='word_1_16' title='bbox 586 369 748 402; x_wconf 85' lang='lat' dir='ltr'>assumsit</span> <span class='ocrx_word' id='word_1_17' title='bbox 769 374 930 400; x_wconf 74' lang='lat' dir='ltr'>naturam</span> <span class='ocrx_word' id='word_1_18' title='bbox 966 364 1094 400; x_wconf 89' lang='lat' dir='ltr'>huma-</span> 
     </span>
     <span class='ocr_line' id='line_1_5' title="bbox 107 416 1092 464; baseline -0.007 -8"><span class='ocrx_word' id='word_1_19' title='bbox 107 435 187 456; x_wconf 85' lang='lat' dir='ltr'>nam</span> <span class='ocrx_word' id='word_1_20' title='bbox 203 447 210 460; x_wconf 91' lang='lat'>,</span> <span class='ocrx_word' id='word_1_21' title='bbox 240 424 286 456; x_wconf 86' lang='lat' dir='ltr'>ita</span> <span class='ocrx_word' id='word_1_22' title='bbox 306 429 344 456; x_wconf 89' lang='lat' dir='ltr'>ut</span> <span class='ocrx_word' id='word_1_23' title='bbox 363 423 406 455; x_wconf 81' lang='lat' dir='ltr'>sit</span> <span class='ocrx_word' id='word_1_24' title='bbox 422 434 490 455; x_wconf 89' lang='lat' dir='ltr'>una</span> <span class='ocrx_word' id='word_1_25' title='bbox 516 432 664 464; x_wconf 87' lang='lat' dir='ltr'>persona</span> <span class='ocrx_word' id='word_1_26' title='bbox 682 418 777 452; x_wconf 90' lang='lat' dir='ltr'>Iesus</span> <span class='ocrx_word' id='word_1_27' title='bbox 793 416 966 453; x_wconf 86' lang='lat' dir='ltr'>Christus.</span> <span class='ocrx_word' id='word_1_28' title='bbox 1022 416 1092 449; x_wconf 87' lang='lat' dir='ltr'>Nec</span> 
     </span>
    </p>
   </div>
   <div class='ocr_carea' id='block_1_4' title="bbox 106 468 1122 517">
    <p class='ocr_par' dir='ltr' id='par_1_4' title="bbox 106 468 1122 517">
     <span class='ocr_line' id='line_1_6' title="bbox 106 468 1122 517; baseline -0.008 -10"><span class='ocrx_word' id='word_1_29' title='bbox 106 474 368 517; x_wconf 79' lang='lat' dir='ltr'>imaginandum</span> <span class='ocrx_word' id='word_1_30' title='bbox 387 479 434 505; x_wconf 88' lang='lat' dir='ltr'>est</span> <span class='ocrx_word' id='word_1_31' title='bbox 451 470 640 504; x_wconf 80' lang='lat' dir='ltr'>humanam</span> <span class='ocrx_word' id='word_1_32' title='bbox 657 477 818 503; x_wconf 89' lang='lat' dir='ltr'>naturam</span> <span class='ocrx_word' id='word_1_33' title='bbox 839 476 975 503; x_wconf 88' lang='lat' dir='ltr'>tantum</span> <span class='ocrx_word' id='word_1_34' title='bbox 989 468 1094 501; x_wconf 90' lang='lat' dir='ltr'>fuisse</span> <span class='ocrx_word' id='word_1_35' title='bbox 1120 474 1122 499; x_wconf 72' lang='grc' dir='ltr'><em>ῖ</em></span> 
     </span>
    </p>
   </div>
   <div class='ocr_carea' id='block_1_5' title="bbox 103 518 1103 2754">
    <p class='ocr_par' dir='ltr' id='par_1_5' title="bbox 103 518 1098 1226">
     <span class='ocr_line' id='line_1_7' title="bbox 107 518 1094 569; baseline -0.008 -10"><span class='ocrx_word' id='word_1_36' title='bbox 107 525 298 569; x_wconf 76' lang='lat' dir='ltr'>hospitium</span> <span class='ocrx_word' id='word_1_37' title='bbox 322 523 462 556; x_wconf 87' lang='lat' dir='ltr'>divinae</span> <span class='ocrx_word' id='word_1_38' title='bbox 488 529 644 556; x_wconf 86' lang='lat' dir='ltr'>naturae.</span> <span class='ocrx_word' id='word_1_39' title='bbox 699 520 798 554; x_wconf 83' lang='lat' dir='ltr'>Sicut</span> <span class='ocrx_word' id='word_1_40' title='bbox 827 518 961 553; x_wconf 85' lang='lat' dir='ltr'>habitat</span> <span class='ocrx_word' id='word_1_41' title='bbox 979 519 1094 562; x_wconf 84' lang='lat' dir='ltr'>Spiri-</span> 
     </span>
     <span class='ocr_line' id='line_1_8' title="bbox 107 569 1092 612; baseline -0.007 -3"><span class='ocrx_word' id='word_1_42' title='bbox 107 584 162 610; x_wconf 85' lang='lat' dir='ltr'>tus</span> <span class='ocrx_word' id='word_1_43' title='bbox 179 582 318 608; x_wconf 83' lang='lat' dir='ltr'>sanctus</span> <span class='ocrx_word' id='word_1_44' title='bbox 335 573 371 604; x_wconf 88' lang='lat' dir='ltr'>in</span> <span class='ocrx_word' id='word_1_45' title='bbox 396 573 546 612; x_wconf 83' lang='lat' dir='ltr'>renatis,</span> <span class='ocrx_word' id='word_1_46' title='bbox 575 580 606 605; x_wconf 89' lang='lat' dir='ltr'>et</span> <span class='ocrx_word' id='word_1_47' title='bbox 623 578 671 604; x_wconf 84' lang='lat' dir='ltr'>est</span> <span class='ocrx_word' id='word_1_48' title='bbox 697 572 733 604; x_wconf 91' lang='lat' dir='ltr'>in</span> <span class='ocrx_word' id='word_1_49' title='bbox 765 572 813 603; x_wconf 86' lang='lat' dir='ltr'>cis</span> <span class='ocrx_word' id='word_1_50' title='bbox 840 571 968 604; x_wconf 82' lang='lat' dir='ltr'>efficax.</span> <span class='ocrx_word' id='word_1_51' title='bbox 1024 569 1092 603; x_wconf 84' lang='lat' dir='ltr'>Sed</span> 
     </span>
     <span class='ocr_line' id='line_1_9' title="bbox 105 620 1095 659; baseline -0.004 -2"><span class='ocrx_word' id='word_1_52' title='bbox 105 629 195 659; x_wconf 85' lang='lat' dir='ltr'>duae</span> <span class='ocrx_word' id='word_1_53' title='bbox 214 631 358 657; x_wconf 85' lang='lat' dir='ltr'>naturae</span> <span class='ocrx_word' id='word_1_54' title='bbox 370 624 489 656; x_wconf 73' lang='lat' dir='ltr'>divina</span> <span class='ocrx_word' id='word_1_55' title='bbox 508 630 540 655; x_wconf 87' lang='lat' dir='ltr'>et</span> <span class='ocrx_word' id='word_1_56' title='bbox 556 621 710 656; x_wconf 82' lang='lat' dir='ltr'>humana</span> <span class='ocrx_word' id='word_1_57' title='bbox 727 629 809 655; x_wconf 91' lang='lat' dir='ltr'>sunt</span> <span class='ocrx_word' id='word_1_58' title='bbox 824 622 943 655; x_wconf 82' lang='lat' dir='ltr'>unitae</span> <span class='ocrx_word' id='word_1_59' title='bbox 961 620 1095 653; x_wconf 89' lang='lat' dir='ltr'>unione</span> 
     </span>
     <span class='ocr_line' id='line_1_10' title="bbox 104 670 1094 722; baseline -0.006 -13"><span class='ocrx_word' id='word_1_60' title='bbox 104 674 339 722; x_wconf 74' lang='lat' dir='ltr'>hypostatica,</span> <span class='ocrx_word' id='word_1_61' title='bbox 366 681 405 707; x_wconf 88' lang='lat' dir='ltr'>ut</span> <span class='ocrx_word' id='word_1_62' title='bbox 432 681 565 707; x_wconf 79' lang='lat' dir='ltr'>veteres</span> <span class='ocrx_word' id='word_1_63' title='bbox 592 673 702 707; x_wconf 88' lang='lat' dir='ltr'>locuti</span> <span class='ocrx_word' id='word_1_64' title='bbox 728 680 828 713; x_wconf 87' lang='lat' dir='ltr'>sunt,</span> <span class='ocrx_word' id='word_1_65' title='bbox 856 670 923 705; x_wconf 88' lang='lat' dir='ltr'>hoc</span> <span class='ocrx_word' id='word_1_66' title='bbox 951 678 1019 711; x_wconf 86' lang='lat' dir='ltr'>est,</span> <span class='ocrx_word' id='word_1_67' title='bbox 1046 672 1094 704; x_wconf 85' lang='lat' dir='ltr'>ita</span> 
     </span>
     <span class='ocr_line' id='line_1_11' title="bbox 103 721 1094 769; baseline -0.006 -9"><span class='ocrx_word' id='word_1_68' title='bbox 103 733 145 760; x_wconf 85' lang='lat' dir='ltr'>ut</span> <span class='ocrx_word' id='word_1_69' title='bbox 167 738 237 759; x_wconf 90' lang='lat' dir='ltr'>una</span> <span class='ocrx_word' id='word_1_70' title='bbox 262 726 306 759; x_wconf 85' lang='lat' dir='ltr'>sit</span> <span class='ocrx_word' id='word_1_71' title='bbox 334 737 493 769; x_wconf 83' lang='lat' dir='ltr'>persona.</span> <span class='ocrx_word' id='word_1_72' title='bbox 548 724 630 758; x_wconf 88' lang='lat' dir='ltr'>Ideo</span> <span class='ocrx_word' id='word_1_73' title='bbox 654 722 880 766; x_wconf 82' lang='lat' dir='ltr'>Evangelista</span> <span class='ocrx_word' id='word_1_74' title='bbox 908 721 965 755; x_wconf 91' lang='lat' dir='ltr'>hic</span> <span class='ocrx_word' id='word_1_75' title='bbox 993 722 1094 755; x_wconf 88' lang='lat' dir='ltr'>dicit:</span> 
     </span>
     <span class='ocr_line' id='line_1_12' title="bbox 105 772 1094 820; baseline -0.003 -12"><span class='ocrx_word' id='word_1_76' title='bbox 105 776 264 810; x_wconf 80' lang='lat' dir='ltr'>Verbum</span> <span class='ocrx_word' id='word_1_77' title='bbox 299 788 379 809; x_wconf 84' lang='lat' dir='ltr'>caro</span> <span class='ocrx_word' id='word_1_78' title='bbox 403 777 533 809; x_wconf 85' lang='lat' dir='ltr'>sactum</span> <span class='ocrx_word' id='word_1_79' title='bbox 559 782 627 815; x_wconf 89' lang='lat' dir='ltr'>est,</span> <span class='ocrx_word' id='word_1_80' title='bbox 667 776 765 820; x_wconf 87' lang='lat' dir='ltr'>quasi</span> <span class='ocrx_word' id='word_1_81' title='bbox 791 775 901 807; x_wconf 84' lang='lat' dir='ltr'>dicat:</span> <span class='ocrx_word' id='word_1_82' title='bbox 936 772 1094 806; x_wconf 77' lang='lat' dir='ltr'>Verbum</span> 
     </span>
     <span class='ocr_line' id='line_1_13' title="bbox 105 824 1096 869; baseline -0.004 -9"><span class='ocrx_word' id='word_1_83' title='bbox 105 840 177 861; x_wconf 89' lang='lat' dir='ltr'>non</span> <span class='ocrx_word' id='word_1_84' title='bbox 204 834 339 862; x_wconf 82' lang='lat' dir='ltr'>tantum</span> <span class='ocrx_word' id='word_1_85' title='bbox 364 827 568 860; x_wconf 88' lang='lat' dir='ltr'>adiunctum</span> <span class='ocrx_word' id='word_1_86' title='bbox 586 833 654 869; x_wconf 89' lang='lat' dir='ltr'>est,</span> <span class='ocrx_word' id='word_1_87' title='bbox 688 833 727 859; x_wconf 91' lang='lat' dir='ltr'>ut</span> <span class='ocrx_word' id='word_1_88' title='bbox 741 837 856 859; x_wconf 89' lang='lat' dir='ltr'>comes</span> <span class='ocrx_word' id='word_1_89' title='bbox 880 824 1096 868; x_wconf 86' lang='lat' dir='ltr'>separabilis,</span> 
     </span>
     <span class='ocr_line' id='line_1_14' title="bbox 105 873 1096 917; baseline -0.005 -5"><span class='ocrx_word' id='word_1_90' title='bbox 105 880 162 912; x_wconf 79' lang='lat' dir='ltr'>sed</span> <span class='ocrx_word' id='word_1_91' title='bbox 181 879 311 911; x_wconf 85' lang='lat' dir='ltr'>factum</span> <span class='ocrx_word' id='word_1_92' title='bbox 338 885 388 911; x_wconf 83' lang='lat' dir='ltr'>est</span> <span class='ocrx_word' id='word_1_93' title='bbox 410 875 537 917; x_wconf 87' lang='lat' dir='ltr'>homo,</span> <span class='ocrx_word' id='word_1_94' title='bbox 571 878 692 910; x_wconf 89' lang='lat' dir='ltr'>lucens</span> <span class='ocrx_word' id='word_1_95' title='bbox 716 877 754 909; x_wconf 89' lang='lat' dir='ltr'>in</span> <span class='ocrx_word' id='word_1_96' title='bbox 785 883 856 910; x_wconf 86' lang='lat' dir='ltr'>tota</span> <span class='ocrx_word' id='word_1_97' title='bbox 880 883 1004 909; x_wconf 87' lang='lat' dir='ltr'>natura</span> <span class='ocrx_word' id='word_1_98' title='bbox 1028 873 1096 908; x_wconf 89' lang='grc'><strong>1111-</strong></span> 
     </span>
     <span class='ocr_line' id='line_1_15' title="bbox 105 927 1094 973; baseline -0.002 -13"><span class='ocrx_word' id='word_1_99' title='bbox 105 941 231 969; x_wconf 86' lang='lat' dir='ltr'>mana,</span> <span class='ocrx_word' id='word_1_100' title='bbox 259 941 348 973; x_wconf 82' lang='lat' dir='ltr'>quae</span> <span class='ocrx_word' id='word_1_101' title='bbox 366 935 415 961; x_wconf 89' lang='lat' dir='ltr'>est</span> <span class='ocrx_word' id='word_1_102' title='bbox 434 929 465 960; x_wconf 88' lang='lat' dir='ltr'>ei</span> <span class='ocrx_word' id='word_1_103' title='bbox 482 928 599 967; x_wconf 87' lang='lat' dir='ltr'>uuita,</span> <span class='ocrx_word' id='word_1_104' title='bbox 628 928 674 961; x_wconf 87' lang='lat' dir='ltr'>ita</span> <span class='ocrx_word' id='word_1_105' title='bbox 702 934 741 961; x_wconf 90' lang='lat' dir='ltr'>ut</span> <span class='ocrx_word' id='word_1_106' title='bbox 766 927 810 959; x_wconf 93' lang='lat' dir='ltr'>sit</span> <span class='ocrx_word' id='word_1_107' title='bbox 837 938 907 960; x_wconf 84' lang='lat' dir='ltr'>una</span> <span class='ocrx_word' id='word_1_108' title='bbox 935 938 1094 970; x_wconf 87' lang='lat' dir='ltr'>persona.</span> 
     </span>
     <span class='ocr_line' id='line_1_16' title="bbox 107 977 1096 1017; baseline -0.004 -4"><span class='ocrx_word' id='word_1_109' title='bbox 107 979 274 1013; x_wconf 83' lang='lat' dir='ltr'>Arbitror</span> <span class='ocrx_word' id='word_1_110' title='bbox 306 986 337 1012; x_wconf 90' lang='lat' dir='ltr'>et</span> <span class='ocrx_word' id='word_1_111' title='bbox 361 978 512 1012; x_wconf 89' lang='lat' dir='ltr'>Paulum</span> <span class='ocrx_word' id='word_1_112' title='bbox 541 978 692 1011; x_wconf 83' lang='lat' dir='ltr'>voluisse</span> <span class='ocrx_word' id='word_1_113' title='bbox 720 978 813 1011; x_wconf 90' lang='lat' dir='ltr'>idem</span> <span class='ocrx_word' id='word_1_114' title='bbox 841 977 972 1017; x_wconf 83' lang='lat' dir='ltr'>dicere,</span> <span class='ocrx_word' id='word_1_115' title='bbox 1017 989 1096 1009; x_wconf 90' lang='lat' dir='ltr'>cum</span> 
     </span>
     <span class='ocr_line' id='line_1_17' title="bbox 106 1025 1098 1073; baseline -0.004 -9"><span class='ocrx_word' id='word_1_116' title='bbox 106 1031 169 1064; x_wconf 83' lang='lat' dir='ltr'>ait:</span> <span class='ocrx_word' id='word_1_117' title='bbox 205 1030 246 1063; x_wconf 89' lang='lat' dir='ltr'>ln</span> <span class='ocrx_word' id='word_1_118' title='bbox 265 1028 406 1064; x_wconf 75' lang='lat' dir='ltr'>Christo</span> <span class='ocrx_word' id='word_1_119' title='bbox 425 1029 687 1073; x_wconf 83' lang='lat' dir='ltr'>plenitudinem</span> <span class='ocrx_word' id='word_1_120' title='bbox 713 1028 911 1062; x_wconf 90' lang='lat' dir='ltr'>divinitatis</span> <span class='ocrx_word' id='word_1_121' title='bbox 939 1025 1098 1061; x_wconf 87' lang='lat' dir='ltr'>habitare</span> 
     </span>
     <span class='ocr_line' id='line_1_18' title="bbox 107 1081 787 1125; baseline 0 -12"><span class='ocrx_word' id='word_1_122' title='bbox 107 1081 353 1125; x_wconf 73' lang='lat' dir='ltr'>corporaliter,</span> <span class='ocrx_word' id='word_1_123' title='bbox 387 1082 422 1113; x_wconf 87' lang='lat' dir='ltr'>id</span> <span class='ocrx_word' id='word_1_124' title='bbox 447 1088 518 1121; x_wconf 83' lang='lat' dir='ltr'>est,</span> <span class='ocrx_word' id='word_1_125' title='bbox 546 1081 787 1123; x_wconf 73' lang='lat' dir='ltr'>personaliter.</span> 
     </span>
     <span class='ocr_line' id='line_1_19' title="bbox 107 1130 1098 1175; baseline -0.004 -10"><span class='ocrx_word' id='word_1_126' title='bbox 107 1132 231 1166; x_wconf 85' lang='lat' dir='ltr'>usitate</span> <span class='ocrx_word' id='word_1_127' title='bbox 247 1133 396 1165; x_wconf 83' lang='lat' dir='ltr'>dicimus</span> <span class='ocrx_word' id='word_1_128' title='bbox 421 1143 626 1175; x_wconf 76' lang='lat' dir='ltr'>personam,</span> <span class='ocrx_word' id='word_1_129' title='bbox 653 1131 699 1164; x_wconf 88' lang='lat' dir='ltr'>ita</span> <span class='ocrx_word' id='word_1_130' title='bbox 719 1130 846 1164; x_wconf 89' lang='lat' dir='ltr'>Graeci</span> <span class='ocrx_word' id='word_1_131' title='bbox 874 1130 1098 1163; x_wconf 82' lang='lat' dir='ltr'>usitatissime</span> 
     </span>
     <span class='ocr_line' id='line_1_20' title="bbox 108 1179 457 1226; baseline -0.003 -11"><span class='ocrx_word' id='word_1_132' title='bbox 108 1184 272 1216; x_wconf 80' lang='lat' dir='ltr'>dixerunt</span> <span class='ocrx_word' id='word_1_133' title='bbox 291 1179 457 1226; x_wconf 77' lang='grc' dir='ltr'>σώματα.</span> 
     </span>
    </p>

    <p class='ocr_par' dir='ltr' id='par_1_6' title="bbox 105 1230 1099 1622">
     <span class='ocr_line' id='line_1_21' title="bbox 206 1230 1097 1267; baseline -0.007 0"><span class='ocrx_word' id='word_1_134' title='bbox 206 1233 371 1267; x_wconf 87' lang='lat' dir='ltr'>Secundo</span> <span class='ocrx_word' id='word_1_135' title='bbox 392 1245 471 1266; x_wconf 92' lang='lat' dir='ltr'>cum</span> <span class='ocrx_word' id='word_1_136' title='bbox 495 1232 640 1265; x_wconf 88' lang='lat' dir='ltr'>dicitur:</span> <span class='ocrx_word' id='word_1_137' title='bbox 677 1230 835 1264; x_wconf 78' lang='lat' dir='ltr'>Verbum</span> <span class='ocrx_word' id='word_1_138' title='bbox 861 1243 940 1263; x_wconf 85' lang='lat' dir='ltr'>caro</span> <span class='ocrx_word' id='word_1_139' title='bbox 968 1231 1097 1262; x_wconf 77' lang='lat' dir='ltr'>sactum</span> 
     </span>
     <span class='ocr_line' id='line_1_22' title="bbox 107 1280 1097 1326; baseline -0.005 -9"><span class='ocrx_word' id='word_1_140' title='bbox 107 1290 168 1317; x_wconf 71' lang='lat' dir='ltr'>est.</span> <span class='ocrx_word' id='word_1_141' title='bbox 229 1283 310 1317; x_wconf 84' lang='lat' dir='ltr'>Non</span> <span class='ocrx_word' id='word_1_142' title='bbox 342 1284 514 1326; x_wconf 80' lang='lat' dir='ltr'>cogitetur</span> <span class='ocrx_word' id='word_1_143' title='bbox 544 1282 790 1315; x_wconf 80' lang='lat' dir='ltr'>transmutatio</span> <span class='ocrx_word' id='word_1_144' title='bbox 825 1293 884 1313; x_wconf 85' lang='lat' dir='ltr'>seu</span> <span class='ocrx_word' id='word_1_145' title='bbox 915 1280 1097 1313; x_wconf 88' lang='lat' dir='ltr'>conversio</span> 
     </span>
     <span class='ocr_line' id='line_1_23' title="bbox 106 1330 1098 1375; baseline -0.004 -8"><span class='ocrx_word' id='word_1_146' title='bbox 106 1334 205 1367; x_wconf 86' lang='lat' dir='ltr'>verbi</span> <span class='ocrx_word' id='word_1_147' title='bbox 227 1335 263 1366; x_wconf 91' lang='lat' dir='ltr'>in</span> <span class='ocrx_word' id='word_1_148' title='bbox 281 1341 442 1367; x_wconf 87' lang='lat' dir='ltr'>naturam</span> <span class='ocrx_word' id='word_1_149' title='bbox 468 1331 659 1366; x_wconf 85' lang='lat' dir='ltr'>humanam</span> <span class='ocrx_word' id='word_1_150' title='bbox 673 1357 681 1369; x_wconf 92' lang='lat'>‚</span> <span class='ocrx_word' id='word_1_151' title='bbox 709 1340 747 1365; x_wconf 84' lang='lat' dir='ltr'>ut</span> <span class='ocrx_word' id='word_1_152' title='bbox 765 1344 843 1365; x_wconf 91' lang='lat' dir='ltr'>cum</span> <span class='ocrx_word' id='word_1_153' title='bbox 862 1331 966 1364; x_wconf 87' lang='lat' dir='ltr'>dicis:</span> <span class='ocrx_word' id='word_1_154' title='bbox 996 1330 1098 1375; x_wconf 87' lang='lat' dir='ltr'>Aqua</span> 
     </span>
     <span class='ocr_line' id='line_1_24' title="bbox 107 1381 1099 1425; baseline -0.001 -10"><span class='ocrx_word' id='word_1_155' title='bbox 107 1392 157 1418; x_wconf 68' lang='grc' dir='ltr'>νεῖ</span> <span class='ocrx_word' id='word_1_156' title='bbox 177 1385 266 1419; x_wconf 82' lang='lat' dir='ltr'>facta</span> <span class='ocrx_word' id='word_1_157' title='bbox 284 1386 420 1419; x_wconf 80' lang='lat' dir='ltr'>vinum.</span> <span class='ocrx_word' id='word_1_158' title='bbox 473 1381 562 1417; x_wconf 89' lang='lat' dir='ltr'>Cera</span> <span class='ocrx_word' id='word_1_159' title='bbox 590 1390 640 1417; x_wconf 88' lang='lat' dir='ltr'>est</span> <span class='ocrx_word' id='word_1_160' title='bbox 661 1383 750 1416; x_wconf 84' lang='lat' dir='ltr'>facta</span> <span class='ocrx_word' id='word_1_161' title='bbox 777 1383 879 1425; x_wconf 84' lang='lat' dir='ltr'>ignis.</span> <span class='ocrx_word' id='word_1_162' title='bbox 934 1381 1023 1415; x_wconf 82' lang='lat' dir='ltr'>Nam</span> <span class='ocrx_word' id='word_1_163' title='bbox 1041 1395 1099 1415; x_wconf 90' lang='lat' dir='ltr'>su-</span> 
     </span>
     <span class='ocr_line' id='line_1_25' title="bbox 108 1433 1099 1482; baseline -0.003 -14"><span class='ocrx_word' id='word_1_164' title='bbox 108 1447 169 1479; x_wconf 88' lang='lat' dir='ltr'>pra</span> <span class='ocrx_word' id='word_1_165' title='bbox 199 1436 333 1469; x_wconf 85' lang='lat' dir='ltr'>dictum</span> <span class='ocrx_word' id='word_1_166' title='bbox 368 1442 419 1468; x_wconf 90' lang='lat' dir='ltr'>est</span> <span class='ocrx_word' id='word_1_167' title='bbox 454 1434 566 1482; x_wconf 73' lang='grc' dir='ltr'><em>λόγον</em></span> <span class='ocrx_word' id='word_1_168' title='bbox 603 1445 676 1467; x_wconf 82' lang='grc' dir='ltr'><strong>θεεθ</strong></span> <span class='ocrx_word' id='word_1_169' title='bbox 708 1446 894 1478; x_wconf 79' lang='lat' dir='ltr'>personam</span> <span class='ocrx_word' id='word_1_170' title='bbox 930 1433 1099 1466; x_wconf 86' lang='lat' dir='ltr'>divinam.</span> 
     </span>
     <span class='ocr_line' id='line_1_26' title="bbox 105 1484 1099 1530; baseline -0.002 -11"><span class='ocrx_word' id='word_1_171' title='bbox 105 1486 187 1520; x_wconf 89' lang='lat' dir='ltr'>Non</span> <span class='ocrx_word' id='word_1_172' title='bbox 205 1486 312 1530; x_wconf 87' lang='lat' dir='ltr'>igitur</span> <span class='ocrx_word' id='word_1_173' title='bbox 329 1485 547 1528; x_wconf 80' lang='lat' dir='ltr'>extinguitur</span> <span class='ocrx_word' id='word_1_174' title='bbox 570 1497 685 1530; x_wconf 88' lang='lat' dir='ltr'>neque</span> <span class='ocrx_word' id='word_1_175' title='bbox 702 1485 921 1518; x_wconf 87' lang='lat' dir='ltr'>convertitur</span> <span class='ocrx_word' id='word_1_176' title='bbox 938 1484 975 1517; x_wconf 90' lang='lat' dir='ltr'>in</span> <span class='ocrx_word' id='word_1_177' title='bbox 994 1485 1099 1517; x_wconf 87' lang='lat' dir='ltr'>aliam</span> 
     </span>
     <span class='ocr_line' id='line_1_27' title="bbox 106 1534 1099 1577; baseline -0.002 -7"><span class='ocrx_word' id='word_1_178' title='bbox 106 1550 198 1577; x_wconf 87' lang='lat' dir='ltr'>rem,</span> <span class='ocrx_word' id='word_1_179' title='bbox 233 1538 290 1571; x_wconf 87' lang='lat' dir='ltr'>sed</span> <span class='ocrx_word' id='word_1_180' title='bbox 321 1543 473 1571; x_wconf 86' lang='lat' dir='ltr'>assumta</span> <span class='ocrx_word' id='word_1_181' title='bbox 501 1534 656 1569; x_wconf 87' lang='lat' dir='ltr'>humana</span> <span class='ocrx_word' id='word_1_182' title='bbox 676 1543 802 1570; x_wconf 87' lang='lat' dir='ltr'>natura</span> <span class='ocrx_word' id='word_1_183' title='bbox 829 1544 966 1574; x_wconf 85' lang='lat' dir='ltr'>manet,</span> <span class='ocrx_word' id='word_1_184' title='bbox 1003 1542 1035 1569; x_wconf 90' lang='lat' dir='ltr'>et</span> <span class='ocrx_word' id='word_1_185' title='bbox 1063 1536 1099 1568; x_wconf 90' lang='lat' dir='ltr'>iu</span> 
     </span>
     <span class='ocr_line' id='line_1_28' title="bbox 106 1589 268 1622; baseline 0.012 -3"><span class='ocrx_word' id='word_1_186' title='bbox 106 1600 143 1621; x_wconf 74' lang='lat' dir='ltr'>ea</span> <span class='ocrx_word' id='word_1_187' title='bbox 166 1589 268 1622; x_wconf 86' lang='lat' dir='ltr'>lucet.</span> 
     </span>
    </p>

    <p class='ocr_par' dir='ltr' id='par_1_7' title="bbox 107 1638 1103 2754">
     <span class='ocr_line' id='line_1_29' title="bbox 208 1638 1101 1682; baseline -0.002 -10"><span class='ocrx_word' id='word_1_188' title='bbox 208 1639 332 1672; x_wconf 86' lang='lat' dir='ltr'>Tertio</span> <span class='ocrx_word' id='word_1_189' title='bbox 361 1651 440 1672; x_wconf 82' lang='lat' dir='ltr'>caro</span> <span class='ocrx_word' id='word_1_190' title='bbox 465 1638 684 1681; x_wconf 77' lang='lat' dir='ltr'>intelligatur</span> <span class='ocrx_word' id='word_1_191' title='bbox 709 1651 781 1671; x_wconf 88' lang='lat' dir='ltr'>non</span> <span class='ocrx_word' id='word_1_192' title='bbox 801 1645 937 1672; x_wconf 88' lang='lat' dir='ltr'>tantum</span> <span class='ocrx_word' id='word_1_193' title='bbox 963 1650 1101 1682; x_wconf 85' lang='lat' dir='ltr'>corpus,</span> 
     </span>
     <span class='ocr_line' id='line_1_30' title="bbox 107 1686 1102 1736; baseline 0 -14"><span class='ocrx_word' id='word_1_194' title='bbox 107 1690 166 1722; x_wconf 87' lang='lat' dir='ltr'>sed</span> <span class='ocrx_word' id='word_1_195' title='bbox 193 1696 286 1723; x_wconf 84' lang='lat' dir='ltr'>totus</span> <span class='ocrx_word' id='word_1_196' title='bbox 312 1688 430 1724; x_wconf 83' lang='lat' dir='ltr'>homo.</span> <span class='ocrx_word' id='word_1_197' title='bbox 491 1689 580 1722; x_wconf 82' lang='lat' dir='ltr'>Nam</span> <span class='ocrx_word' id='word_1_198' title='bbox 605 1686 712 1736; x_wconf 74' lang='grc' dir='ltr'><em>λόγος</em></span> <span class='ocrx_word' id='word_1_199' title='bbox 738 1689 902 1722; x_wconf 85' lang='lat' dir='ltr'>assumsit</span> <span class='ocrx_word' id='word_1_200' title='bbox 925 1701 1052 1733; x_wconf 87' lang='lat' dir='ltr'>corpus</span> <span class='ocrx_word' id='word_1_201' title='bbox 1069 1696 1102 1722; x_wconf 76' lang='lat' dir='ltr'>ct</span> 
     </span>
     <span class='ocr_line' id='line_1_31' title="bbox 108 1738 1100 1781; baseline 0.001 -9"><span class='ocrx_word' id='word_1_202' title='bbox 108 1740 262 1773; x_wconf 87' lang='lat' dir='ltr'>animam</span> <span class='ocrx_word' id='word_1_203' title='bbox 286 1738 490 1772; x_wconf 87' lang='lat' dir='ltr'>humanam.</span> <span class='ocrx_word' id='word_1_204' title='bbox 552 1739 622 1772; x_wconf 87' lang='lat' dir='ltr'>Sed</span> <span class='ocrx_word' id='word_1_205' title='bbox 645 1752 707 1773; x_wconf 90' lang='lat' dir='ltr'>cur</span> <span class='ocrx_word' id='word_1_206' title='bbox 731 1741 858 1773; x_wconf 89' lang='lat' dir='ltr'>maluit</span> <span class='ocrx_word' id='word_1_207' title='bbox 874 1739 1100 1781; x_wconf 79' lang='lat' dir='ltr'>Evangelista</span> 
     </span>
     <span class='ocr_line' id='line_1_32' title="bbox 110 1787 1103 1837; baseline 0.001 -14"><span class='ocrx_word' id='word_1_208' title='bbox 110 1791 160 1824; x_wconf 89' lang='lat' dir='ltr'>uti</span> <span class='ocrx_word' id='word_1_209' title='bbox 183 1790 420 1834; x_wconf 87' lang='lat' dir='ltr'>appellatione</span> <span class='ocrx_word' id='word_1_210' title='bbox 454 1790 595 1822; x_wconf 76' lang='lat' dir='ltr'>carnis?</span> <span class='ocrx_word' id='word_1_211' title='bbox 647 1789 720 1823; x_wconf 90' lang='lat' dir='ltr'>Cur</span> <span class='ocrx_word' id='word_1_212' title='bbox 745 1802 818 1823; x_wconf 91' lang='lat' dir='ltr'>non</span> <span class='ocrx_word' id='word_1_213' title='bbox 849 1791 955 1829; x_wconf 87' lang='lat' dir='ltr'>dixit,</span> <span class='ocrx_word' id='word_1_214' title='bbox 996 1787 1103 1837; x_wconf 70' lang='grc' dir='ltr'><em>λόγος</em></span> 
     </span>
     <span class='ocr_line' id='line_1_33' title="bbox 109 1837 1103 1874; baseline 0.001 -2"><span class='ocrx_word' id='word_1_215' title='bbox 109 1841 219 1873; x_wconf 89' lang='lat' dir='ltr'>factus</span> <span class='ocrx_word' id='word_1_216' title='bbox 235 1847 285 1873; x_wconf 88' lang='lat' dir='ltr'>est</span> <span class='ocrx_word' id='word_1_217' title='bbox 303 1837 409 1872; x_wconf 91' lang='lat' dir='ltr'>homo</span> <span class='ocrx_word' id='word_1_218' title='bbox 422 1839 438 1871; x_wconf 69' lang='grc' dir='ltr'>ἶ)</span> <span class='ocrx_word' id='word_1_219' title='bbox 487 1838 563 1872; x_wconf 87' lang='grc' dir='ltr'><strong>Ε1εἰ</strong></span> <span class='ocrx_word' id='word_1_220' title='bbox 589 1837 656 1871; x_wconf 86' lang='lat' dir='ltr'>hoe</span> <span class='ocrx_word' id='word_1_221' title='bbox 674 1840 803 1873; x_wconf 89' lang='lat' dir='ltr'>voluit:</span> <span class='ocrx_word' id='word_1_222' title='bbox 832 1838 922 1872; x_wconf 80' lang='lat' dir='ltr'>Nam</span> <span class='ocrx_word' id='word_1_223' title='bbox 939 1837 1103 1874; x_wconf 87' lang='lat' dir='ltr'>Christus</span> 
     </span>
     <span class='ocr_line' id='line_1_34' title="bbox 109 1886 1103 1934; baseline 0 -11"><span class='ocrx_word' id='word_1_224' title='bbox 109 1902 189 1923; x_wconf 73' lang='lat' dir='ltr'>vere</span> <span class='ocrx_word' id='word_1_225' title='bbox 211 1890 315 1923; x_wconf 89' lang='lat' dir='ltr'>etiam</span> <span class='ocrx_word' id='word_1_226' title='bbox 341 1896 390 1922; x_wconf 88' lang='lat' dir='ltr'>est</span> <span class='ocrx_word' id='word_1_227' title='bbox 414 1887 539 1929; x_wconf 88' lang='lat' dir='ltr'>homo,</span> <span class='ocrx_word' id='word_1_228' title='bbox 574 1886 707 1922; x_wconf 67' lang='lat' dir='ltr'>hahens</span> <span class='ocrx_word' id='word_1_229' title='bbox 723 1901 856 1934; x_wconf 24' lang='lat' dir='ltr'>,corpus</span> <span class='ocrx_word' id='word_1_230' title='bbox 882 1897 913 1923; x_wconf 89' lang='lat' dir='ltr'>et</span> <span class='ocrx_word' id='word_1_231' title='bbox 937 1891 1103 1931; x_wconf 85' lang='lat' dir='ltr'>animam,</span> 
     </span>
     <span class='ocr_line' id='line_1_35' title="bbox 109 1939 1102 1985; baseline 0.001 -11"><span class='ocrx_word' id='word_1_232' title='bbox 109 1948 147 1975; x_wconf 87' lang='lat' dir='ltr'>ut</span> <span class='ocrx_word' id='word_1_233' title='bbox 165 1941 232 1974; x_wconf 86' lang='lat' dir='ltr'>alia</span> <span class='ocrx_word' id='word_1_234' title='bbox 258 1940 368 1973; x_wconf 87' lang='lat' dir='ltr'>multa</span> <span class='ocrx_word' id='word_1_235' title='bbox 391 1940 591 1973; x_wconf 86' lang='lat' dir='ltr'>testimonia</span> <span class='ocrx_word' id='word_1_236' title='bbox 616 1947 809 1981; x_wconf 83' lang='lat' dir='ltr'>testantur,</span> <span class='ocrx_word' id='word_1_237' title='bbox 846 1947 962 1974; x_wconf 88' lang='lat' dir='ltr'>tamen</span> <span class='ocrx_word' id='word_1_238' title='bbox 982 1939 1102 1985; x_wconf 88' lang='lat' dir='ltr'>phrasi</span> 
     </span>
     <span class='ocr_line' id='line_1_36' title="bbox 110 1988 1102 2036; baseline 0.001 -12"><span class='ocrx_word' id='word_1_239' title='bbox 110 1992 302 2036; x_wconf 75' lang='lat' dir='ltr'>scripturae</span> <span class='ocrx_word' id='word_1_240' title='bbox 319 2003 381 2034; x_wconf 92' lang='lat' dir='ltr'>pro</span> <span class='ocrx_word' id='word_1_241' title='bbox 406 1988 552 2024; x_wconf 89' lang='lat' dir='ltr'>homine</span> <span class='ocrx_word' id='word_1_242' title='bbox 571 1990 659 2024; x_wconf 83' lang='lat' dir='ltr'>dixit</span> <span class='ocrx_word' id='word_1_243' title='bbox 683 2003 843 2030; x_wconf 84' lang='lat' dir='ltr'>carnem,</span> <span class='ocrx_word' id='word_1_244' title='bbox 873 1999 908 2024; x_wconf 86' lang='lat' dir='ltr'>ut</span> <span class='ocrx_word' id='word_1_245' title='bbox 929 1992 1102 2035; x_wconf 81' lang='lat' dir='ltr'>significa-</span> 
     </span>
     <span class='ocr_line' id='line_1_37' title="bbox 109 2042 1100 2078; baseline 0.001 -3"><span class='ocrx_word' id='word_1_246' title='bbox 109 2049 160 2076; x_wconf 88' lang='lat' dir='ltr'>ret</span> <span class='ocrx_word' id='word_1_247' title='bbox 186 2042 464 2076; x_wconf 86' lang='lat' dir='ltr'>imbecillitatem</span> <span class='ocrx_word' id='word_1_248' title='bbox 491 2049 524 2075; x_wconf 88' lang='lat' dir='ltr'>et</span> <span class='ocrx_word' id='word_1_249' title='bbox 549 2042 812 2078; x_wconf 85' lang='lat' dir='ltr'>mortalitatem.</span> <span class='ocrx_word' id='word_1_250' title='bbox 876 2042 976 2075; x_wconf 82' lang='lat' dir='ltr'>Talis</span> <span class='ocrx_word' id='word_1_251' title='bbox 1007 2044 1100 2076; x_wconf 82' lang='lat' dir='ltr'>enim</span> 
     </span>
     <span class='ocr_line' id='line_1_38' title="bbox 110 2094 1100 2139; baseline 0 -12"><span class='ocrx_word' id='word_1_252' title='bbox 110 2101 234 2128; x_wconf 85' lang='lat' dir='ltr'>natura</span> <span class='ocrx_word' id='word_1_253' title='bbox 254 2100 406 2127; x_wconf 83' lang='lat' dir='ltr'>assumta</span> <span class='ocrx_word' id='word_1_254' title='bbox 425 2100 494 2134; x_wconf 88' lang='lat' dir='ltr'>est,</span> <span class='ocrx_word' id='word_1_255' title='bbox 522 2105 611 2138; x_wconf 87' lang='lat' dir='ltr'>quae</span> <span class='ocrx_word' id='word_1_256' title='bbox 630 2101 679 2127; x_wconf 91' lang='lat' dir='ltr'>est</span> <span class='ocrx_word' id='word_1_257' title='bbox 700 2094 879 2133; x_wconf 74' lang='lat' dir='ltr'>mortalis,</span> <span class='ocrx_word' id='word_1_258' title='bbox 908 2101 937 2127; x_wconf 92' lang='lat' dir='ltr'>et</span> <span class='ocrx_word' id='word_1_259' title='bbox 957 2094 1100 2139; x_wconf 87' lang='lat' dir='ltr'>quidem</span> 
     </span>
     <span class='ocr_line' id='line_1_39' title="bbox 109 2142 1102 2180; baseline 0.001 -2"><span class='ocrx_word' id='word_1_260' title='bbox 109 2146 263 2180; x_wconf 89' lang='lat' dir='ltr'>subiecta</span> <span class='ocrx_word' id='word_1_261' title='bbox 295 2142 494 2178; x_wconf 88' lang='lat' dir='ltr'>horrendae</span> <span class='ocrx_word' id='word_1_262' title='bbox 520 2144 591 2177; x_wconf 90' lang='lat' dir='ltr'>irae</span> <span class='ocrx_word' id='word_1_263' title='bbox 619 2151 652 2179; x_wconf 84' lang='lat' dir='ltr'>et</span> <span class='ocrx_word' id='word_1_264' title='bbox 676 2145 809 2178; x_wconf 89' lang='lat' dir='ltr'>iudicio</span> <span class='ocrx_word' id='word_1_265' title='bbox 839 2143 904 2177; x_wconf 89' lang='lat' dir='ltr'>Dei</span> <span class='ocrx_word' id='word_1_266' title='bbox 935 2147 1102 2179; x_wconf 85' lang='lat' dir='ltr'>adversus</span> 
     </span>
     <span class='ocr_line' id='line_1_40' title="bbox 108 2193 1102 2241; baseline -0.001 -11"><span class='ocrx_word' id='word_1_267' title='bbox 108 2202 288 2241; x_wconf 87' lang='lat' dir='ltr'>peceatum</span> <span class='ocrx_word' id='word_1_268' title='bbox 305 2193 452 2229; x_wconf 88' lang='lat' dir='ltr'>humani</span> <span class='ocrx_word' id='word_1_269' title='bbox 470 2195 618 2238; x_wconf 81' lang='lat' dir='ltr'>generis.</span> <span class='ocrx_word' id='word_1_270' title='bbox 673 2194 789 2238; x_wconf 89' lang='lat' dir='ltr'>Quam</span> <span class='ocrx_word' id='word_1_271' title='bbox 820 2196 909 2228; x_wconf 87' lang='lat' dir='ltr'>iram</span> <span class='ocrx_word' id='word_1_272' title='bbox 935 2194 1018 2229; x_wconf 83' lang='lat' dir='ltr'>haec</span> <span class='ocrx_word' id='word_1_273' title='bbox 1035 2197 1102 2229; x_wconf 85' lang='lat' dir='ltr'>im—</span> 
     </span>
     <span class='ocr_line' id='line_1_41' title="bbox 108 2244 1103 2281; baseline 0 0"><span class='ocrx_word' id='word_1_274' title='bbox 108 2247 244 2281; x_wconf 89' lang='lat' dir='ltr'>becillis</span> <span class='ocrx_word' id='word_1_275' title='bbox 260 2253 292 2280; x_wconf 89' lang='lat' dir='ltr'>et</span> <span class='ocrx_word' id='word_1_276' title='bbox 309 2246 467 2280; x_wconf 89' lang='lat' dir='ltr'>mortalis</span> <span class='ocrx_word' id='word_1_277' title='bbox 483 2258 563 2280; x_wconf 88' lang='lat' dir='ltr'>caro</span> <span class='ocrx_word' id='word_1_278' title='bbox 582 2246 620 2279; x_wconf 92' lang='lat' dir='ltr'>in</span> <span class='ocrx_word' id='word_1_279' title='bbox 631 2244 773 2281; x_wconf 86' lang='lat' dir='ltr'>Christo</span> <span class='ocrx_word' id='word_1_280' title='bbox 792 2247 971 2280; x_wconf 87' lang='lat' dir='ltr'>sustinuit.</span> <span class='ocrx_word' id='word_1_281' title='bbox 1000 2246 1103 2281; x_wconf 88' lang='lat' dir='ltr'>Hanc</span> 
     </span>
     <span class='ocr_line' id='line_1_42' title="bbox 109 2296 1103 2343; baseline 0 -11"><span class='ocrx_word' id='word_1_282' title='bbox 109 2298 383 2332; x_wconf 88' lang='lat' dir='ltr'>inenarrabilem</span> <span class='ocrx_word' id='word_1_283' title='bbox 408 2296 695 2331; x_wconf 81' lang='lat' dir='ltr'>humiliationem</span> <span class='ocrx_word' id='word_1_284' title='bbox 714 2298 923 2341; x_wconf 80' lang='lat' dir='ltr'>significavit</span> <span class='ocrx_word' id='word_1_285' title='bbox 940 2297 1103 2343; x_wconf 84' lang='lat' dir='ltr'>Evange-</span> 
     </span>
     <span class='ocr_line' id='line_1_43' title="bbox 109 2348 1101 2394; baseline -0.001 -10"><span class='ocrx_word' id='word_1_286' title='bbox 109 2351 187 2384; x_wconf 84' lang='lat' dir='ltr'>lista</span> <span class='ocrx_word' id='word_1_287' title='bbox 202 2349 437 2394; x_wconf 89' lang='lat' dir='ltr'>appellatione</span> <span class='ocrx_word' id='word_1_288' title='bbox 462 2349 598 2389; x_wconf 79' lang='lat' dir='ltr'>carnis,</span> <span class='ocrx_word' id='word_1_289' title='bbox 625 2355 665 2382; x_wconf 87' lang='lat' dir='ltr'>ut</span> <span class='ocrx_word' id='word_1_290' title='bbox 688 2348 810 2383; x_wconf 89' lang='lat' dir='ltr'>Esaias</span> <span class='ocrx_word' id='word_1_291' title='bbox 837 2349 974 2394; x_wconf 88' lang='lat' dir='ltr'>inquit:</span> <span class='ocrx_word' id='word_1_292' title='bbox 1008 2349 1101 2392; x_wconf 88' lang='lat' dir='ltr'>Quia</span> 
     </span>
     <span class='ocr_line' id='line_1_44' title="bbox 109 2401 1102 2447; baseline -0.001 -12"><span class='ocrx_word' id='word_1_293' title='bbox 109 2408 215 2447; x_wconf 79' lang='lat' dir='ltr'>ponet</span> <span class='ocrx_word' id='word_1_294' title='bbox 231 2401 385 2434; x_wconf 88' lang='lat' dir='ltr'>animam</span> <span class='ocrx_word' id='word_1_295' title='bbox 410 2412 507 2433; x_wconf 84' lang='lat' dir='ltr'>suam</span> <span class='ocrx_word' id='word_1_296' title='bbox 534 2407 731 2444; x_wconf 86' lang='lat' dir='ltr'>peccatum,</span> <span class='ocrx_word' id='word_1_297' title='bbox 756 2402 793 2433; x_wconf 86' lang='lat' dir='ltr'>id</span> <span class='ocrx_word' id='word_1_298' title='bbox 814 2407 883 2441; x_wconf 89' lang='lat' dir='ltr'>est,</span> <span class='ocrx_word' id='word_1_299' title='bbox 912 2401 1102 2444; x_wconf 78' lang='lat' dir='ltr'>piaculum,</span> 
     </span>
     <span class='ocr_line' id='line_1_45' title="bbox 109 2450 1101 2496; baseline -0.002 -9"><span class='ocrx_word' id='word_1_300' title='bbox 109 2466 169 2487; x_wconf 87' lang='lat' dir='ltr'>seu</span> <span class='ocrx_word' id='word_1_301' title='bbox 198 2450 348 2486; x_wconf 88' lang='lat' dir='ltr'>hostiam</span> <span class='ocrx_word' id='word_1_302' title='bbox 375 2464 438 2496; x_wconf 89' lang='lat' dir='ltr'>pro</span> <span class='ocrx_word' id='word_1_303' title='bbox 465 2459 623 2495; x_wconf 79' lang='lat' dir='ltr'>peccato,</span> <span class='ocrx_word' id='word_1_304' title='bbox 661 2452 796 2486; x_wconf 88' lang='lat' dir='ltr'>videbit</span> <span class='ocrx_word' id='word_1_305' title='bbox 819 2463 936 2485; x_wconf 89' lang='lat' dir='ltr'>semen</span> <span class='ocrx_word' id='word_1_306' title='bbox 959 2452 1101 2496; x_wconf 84' lang='lat' dir='ltr'>longae-</span> 
     </span>
     <span class='ocr_line' id='line_1_46' title="bbox 111 2501 1101 2547; baseline 0 -11"><span class='ocrx_word' id='word_1_307' title='bbox 111 2516 204 2538; x_wconf 86' lang='lat' dir='ltr'>vum.</span> <span class='ocrx_word' id='word_1_308' title='bbox 256 2501 303 2537; x_wconf 91' lang='lat' dir='ltr'>Et</span> <span class='ocrx_word' id='word_1_309' title='bbox 325 2504 369 2536; x_wconf 89' lang='lat' dir='ltr'>ad</span> <span class='ocrx_word' id='word_1_310' title='bbox 394 2502 475 2537; x_wconf 85' lang='lat' dir='ltr'>Gal.</span> <span class='ocrx_word' id='word_1_311' title='bbox 497 2503 546 2536; x_wconf 82' lang='lat'>3.:</span> <span class='ocrx_word' id='word_1_312' title='bbox 582 2503 714 2536; x_wconf 80' lang='lat' dir='ltr'>Factus</span> <span class='ocrx_word' id='word_1_313' title='bbox 738 2515 800 2547; x_wconf 88' lang='lat' dir='ltr'>pro</span> <span class='ocrx_word' id='word_1_314' title='bbox 826 2503 930 2536; x_wconf 92' lang='lat' dir='ltr'>nobis</span> <span class='ocrx_word' id='word_1_315' title='bbox 953 2504 1101 2536; x_wconf 89' lang='lat' dir='ltr'>maledi-</span> 
     </span>
     <span class='ocr_line' id='line_1_47' title="bbox 111 2553 1102 2593; baseline 0.001 -5"><span class='ocrx_word' id='word_1_316' title='bbox 111 2562 223 2593; x_wconf 83' lang='lat' dir='ltr'>ctum,</span> <span class='ocrx_word' id='word_1_317' title='bbox 253 2561 293 2588; x_wconf 87' lang='lat' dir='ltr'>ut</span> <span class='ocrx_word' id='word_1_318' title='bbox 316 2566 381 2588; x_wconf 90' lang='lat' dir='ltr'>nos</span> <span class='ocrx_word' id='word_1_319' title='bbox 398 2567 417 2587; x_wconf 90' lang='lat' dir='ltr'>a</span> <span class='ocrx_word' id='word_1_320' title='bbox 434 2554 682 2588; x_wconf 85' lang='lat' dir='ltr'>maledictione</span> <span class='ocrx_word' id='word_1_321' title='bbox 699 2555 897 2587; x_wconf 85' lang='lat' dir='ltr'>redimeret.</span> <span class='ocrx_word' id='word_1_322' title='bbox 949 2553 1022 2588; x_wconf 89' lang='lat' dir='ltr'>Nec</span> <span class='ocrx_word' id='word_1_323' title='bbox 1044 2568 1102 2589; x_wconf 94' lang='lat' dir='ltr'>co-</span> 
     </span>
     <span class='ocr_line' id='line_1_48' title="bbox 110 2604 1102 2650; baseline -0.001 -11"><span class='ocrx_word' id='word_1_324' title='bbox 110 2606 295 2650; x_wconf 87' lang='lat' dir='ltr'>gitandum</span> <span class='ocrx_word' id='word_1_325' title='bbox 329 2612 376 2639; x_wconf 89' lang='lat' dir='ltr'>est</span> <span class='ocrx_word' id='word_1_326' title='bbox 404 2604 495 2639; x_wconf 90' lang='lat' dir='ltr'>hanc</span> <span class='ocrx_word' id='word_1_327' title='bbox 525 2617 596 2639; x_wconf 88' lang='lat' dir='ltr'>esse</span> <span class='ocrx_word' id='word_1_328' title='bbox 627 2605 902 2650; x_wconf 81' lang='lat' dir='ltr'>appellationem</span> <span class='ocrx_word' id='word_1_329' title='bbox 931 2606 982 2638; x_wconf 92' lang='lat' dir='ltr'>rei</span> <span class='ocrx_word' id='word_1_330' title='bbox 1005 2606 1102 2639; x_wconf 87' lang='lat' dir='ltr'>levis.</span> 
     </span>
     <span class='ocr_line' id='line_1_49' title="bbox 109 2656 1102 2701; baseline 0.001 -10"><span class='ocrx_word' id='word_1_331' title='bbox 109 2657 275 2691; x_wconf 87' lang='lat' dir='ltr'>Humana</span> <span class='ocrx_word' id='word_1_332' title='bbox 305 2657 395 2691; x_wconf 86' lang='lat' dir='ltr'>ratio</span> <span class='ocrx_word' id='word_1_333' title='bbox 427 2670 500 2691; x_wconf 89' lang='lat' dir='ltr'>non</span> <span class='ocrx_word' id='word_1_334' title='bbox 531 2657 700 2700; x_wconf 85' lang='lat' dir='ltr'>intelligit</span> <span class='ocrx_word' id='word_1_335' title='bbox 726 2656 1006 2701; x_wconf 84' lang='lat' dir='ltr'>magnitudinem</span> <span class='ocrx_word' id='word_1_336' title='bbox 1031 2658 1102 2692; x_wconf 86' lang='lat' dir='ltr'>irae</span> 
     </span>
     <span class='ocr_line' id='line_1_50' title="bbox 110 2707 1102 2754; baseline 0 -11"><span class='ocrx_word' id='word_1_337' title='bbox 110 2708 175 2743; x_wconf 89' lang='lat' dir='ltr'>Dei</span> <span class='ocrx_word' id='word_1_338' title='bbox 198 2708 364 2742; x_wconf 88' lang='lat' dir='ltr'>adversus</span> <span class='ocrx_word' id='word_1_339' title='bbox 392 2715 584 2753; x_wconf 86' lang='lat' dir='ltr'>peccatum.</span> <span class='ocrx_word' id='word_1_340' title='bbox 646 2707 730 2742; x_wconf 91' lang='lat' dir='ltr'>Ideo</span> <span class='ocrx_word' id='word_1_341' title='bbox 761 2721 823 2742; x_wconf 87' lang='lat' dir='ltr'>nec</span> <span class='ocrx_word' id='word_1_342' title='bbox 851 2708 934 2754; x_wconf 86' lang='lat' dir='ltr'>quid</span> <span class='ocrx_word' id='word_1_343' title='bbox 961 2708 1004 2742; x_wconf 88' lang='lat' dir='ltr'>sit</span> <span class='ocrx_word' id='word_1_344' title='bbox 1031 2721 1102 2743; x_wconf 90' lang='lat' dir='ltr'>esse</span> 
     </span>
    </p>
   </div>
   <div class='ocr_carea' id='block_1_6' title="bbox 660 123 1699 166">
    <p class='ocr_par' dir='ltr' id='par_1_8' title="bbox 660 123 1699 166">
     <span class='ocr_line' id='line_1_51' title="bbox 660 123 1699 166; baseline -0.006 0"><span class='ocrx_word' id='word_1_345' title='bbox 660 128 956 166; x_wconf 81' lang='lat' dir='ltr'>ENARRATIO</span> <span class='ocrx_word' id='word_1_346' title='bbox 986 128 1036 163; x_wconf 81' lang='grc' dir='ltr'>ΙΝ</span> <span class='ocrx_word' id='word_1_347' title='bbox 1066 127 1246 164; x_wconf 75' lang='lat' dir='ltr'>EVANG.</span> <span class='ocrx_word' id='word_1_348' title='bbox 1276 125 1489 162; x_wconf 83' lang='lat' dir='ltr'>IOANNIS.</span> <span class='ocrx_word' id='word_1_349' title='bbox 1542 123 1645 161; x_wconf 77' lang='lat' dir='ltr'>CAP.</span> <span class='ocrx_word' id='word_1_350' title='bbox 1674 125 1699 160; x_wconf 88' lang='lat'>1.</span> 
     </span>
    </p>
   </div>
   <div class='ocr_carea' id='block_1_7' title="bbox 105 215 1119 317">
    <p class='ocr_par' dir='ltr' id='par_1_9' title="bbox 105 215 1119 317">
     <span class='ocr_line' id='line_1_52' title="bbox 506 215 1119 259; baseline -0.008 -8"><span class='ocrx_word' id='word_1_351' title='bbox 506 217 610 252; x_wconf 90' lang='lat' dir='ltr'>Prius</span> <span class='ocrx_word' id='word_1_352' title='bbox 636 217 729 251; x_wconf 92' lang='lat' dir='ltr'>enim</span> <span class='ocrx_word' id='word_1_353' title='bbox 746 215 941 259; x_wconf 88' lang='lat' dir='ltr'>simplicem</span> <span class='ocrx_word' id='word_1_354' title='bbox 961 222 992 249; x_wconf 88' lang='lat' dir='ltr'>et</span> <span class='ocrx_word' id='word_1_355' title='bbox 1014 226 1092 257; x_wconf 88' lang='lat' dir='ltr'>per—</span> <span class='ocrx_word' id='word_1_356' title='bbox 1116 218 1119 241; x_wconf 69' lang='lat' dir='ltr'>t</span> 
     </span>
     <span class='ocr_line' id='line_1_53' title="bbox 105 263 1119 317; baseline -0.008 -13"><span class='ocrx_word' id='word_1_357' title='bbox 105 277 247 317; x_wconf 81' lang='lat' dir='ltr'>petuam</span> <span class='ocrx_word' id='word_1_358' title='bbox 272 268 449 303; x_wconf 86' lang='lat' dir='ltr'>Ecclesiae</span> <span class='ocrx_word' id='word_1_359' title='bbox 477 269 683 302; x_wconf 88' lang='lat' dir='ltr'>sententiam</span> <span class='ocrx_word' id='word_1_360' title='bbox 707 267 882 306; x_wconf 79' lang='lat' dir='ltr'>recitabo,</span> <span class='ocrx_word' id='word_1_361' title='bbox 911 273 943 299; x_wconf 92' lang='lat' dir='ltr'>et</span> <span class='ocrx_word' id='word_1_362' title='bbox 961 263 1092 298; x_wconf 86' lang='lat' dir='ltr'>adhor-</span> <span class='ocrx_word' id='word_1_363' title='bbox 1118 309 1119 312; x_wconf 13' lang='grc' dir='ltr'><strong>Ἰ</strong></span> 
     </span>
    </p>
   </div>
   <div class='ocr_carea' id='block_1_8' title="bbox 842 1078 1126 1111">
    <p class='ocr_par' dir='ltr' id='par_1_10' title="bbox 842 1078 1126 1111">
     <span class='ocr_line' id='line_1_54' title="bbox 842 1078 1126 1111; baseline -0.004 0"><span class='ocrx_word' id='word_1_364' title='bbox 842 1078 928 1111; x_wconf 84' lang='lat' dir='ltr'>Nam</span> <span class='ocrx_word' id='word_1_365' title='bbox 947 1086 983 1111; x_wconf 88' lang='lat' dir='ltr'>ut</span> <span class='ocrx_word' id='word_1_366' title='bbox 1003 1091 1098 1111; x_wconf 90' lang='lat' dir='ltr'>nunc</span> <span class='ocrx_word' id='word_1_367' title='bbox 1124 1094 1126 1105; x_wconf 84' lang='lat'><em>=</em></span> 
     </span>
    </p>
   </div>
   <div class='ocr_carea' id='block_1_9' title="bbox 1119 244 1128 1267">
    <p class='ocr_par' dir='ltr' id='par_1_11' title="bbox 1119 244 1128 1267">
     <span class='ocr_line' id='line_1_55' title="bbox 1119 244 1128 1267; baseline 0 0"><span class='ocrx_word' id='word_1_368' title='bbox 1119 244 1128 1267; x_wconf 95' lang='lat' dir='ltr'> </span> 
     </span>
    </p>
   </div>
   <div class='ocr_carea' id='block_1_10' title="bbox 2084 124 2131 158">
    <p class='ocr_par' dir='ltr' id='par_1_12' title="bbox 2084 124 2131 158">
     <span class='ocr_line' id='line_1_56' title="bbox 2084 124 2131 158; baseline -0.021 0"><span class='ocrx_word' id='word_1_369' title='bbox 2084 124 2131 158; x_wconf 74' lang='lat'>26</span> 
     </span>
    </p>
   </div>
   <div class='ocr_carea' id='block_1_11' title="bbox 1144 206 2153 2752">
    <p class='ocr_par' dir='ltr' id='par_1_13' title="bbox 1144 206 2133 359">
     <span class='ocr_line' id='line_1_57' title="bbox 1144 206 2132 252; baseline -0.005 -6"><span class='ocrx_word' id='word_1_370' title='bbox 1144 214 1316 247; x_wconf 86' lang='lat' dir='ltr'>abiectum</span> <span class='ocrx_word' id='word_1_371' title='bbox 1339 220 1371 247; x_wconf 87' lang='lat' dir='ltr'>et</span> <span class='ocrx_word' id='word_1_372' title='bbox 1395 212 1620 246; x_wconf 86' lang='lat' dir='ltr'>maledictum</span> <span class='ocrx_word' id='word_1_373' title='bbox 1639 224 1655 244; x_wconf 86' lang='lat' dir='ltr'>a</span> <span class='ocrx_word' id='word_1_374' title='bbox 1674 209 1767 251; x_wconf 86' lang='lat' dir='ltr'>Deo,</span> <span class='ocrx_word' id='word_1_375' title='bbox 1796 209 1973 252; x_wconf 83' lang='lat' dir='ltr'>intelligit.</span> <span class='ocrx_word' id='word_1_376' title='bbox 2026 206 2132 242; x_wconf 86' lang='lat' dir='ltr'>Chri-</span> 
     </span>
     <span class='ocr_line' id='line_1_58' title="bbox 1145 259 2133 299; baseline -0.005 -2"><span class='ocrx_word' id='word_1_377' title='bbox 1145 272 1217 297; x_wconf 86' lang='lat' dir='ltr'>stus</span> <span class='ocrx_word' id='word_1_378' title='bbox 1235 272 1349 298; x_wconf 79' lang='lat' dir='ltr'>autem</span> <span class='ocrx_word' id='word_1_379' title='bbox 1368 264 1540 297; x_wconf 78' lang='lat' dir='ltr'>intellexit</span> <span class='ocrx_word' id='word_1_380' title='bbox 1558 271 1591 297; x_wconf 89' lang='lat' dir='ltr'>et</span> <span class='ocrx_word' id='word_1_381' title='bbox 1608 262 1761 296; x_wconf 87' lang='lat' dir='ltr'>sentiens</span> <span class='ocrx_word' id='word_1_382' title='bbox 1780 259 1870 294; x_wconf 88' lang='lat' dir='ltr'>hauc</span> <span class='ocrx_word' id='word_1_383' title='bbox 1883 267 2016 294; x_wconf 82' lang='lat' dir='ltr'>tantam</span> <span class='ocrx_word' id='word_1_384' title='bbox 2034 260 2133 299; x_wconf 80' lang='lat' dir='ltr'>iram,</span> 
     </span>
     <span class='ocr_line' id='line_1_59' title="bbox 1147 315 1621 359; baseline 0.004 -12"><span class='ocrx_word' id='word_1_385' title='bbox 1147 327 1208 359; x_wconf 87' lang='lat' dir='ltr'>pro</span> <span class='ocrx_word' id='word_1_386' title='bbox 1228 315 1332 347; x_wconf 82' lang='lat' dir='ltr'>uobis</span> <span class='ocrx_word' id='word_1_387' title='bbox 1350 327 1424 346; x_wconf 84' lang='lat' dir='ltr'>eam</span> <span class='ocrx_word' id='word_1_388' title='bbox 1443 315 1621 349; x_wconf 87' lang='lat' dir='ltr'>sustinuit.</span> 
     </span>
    </p>

    <p class='ocr_par' dir='ltr' id='par_1_14' title="bbox 1146 361 2151 2027">
     <span class='ocr_line' id='line_1_60' title="bbox 1249 361 2135 407; baseline -0.005 -10"><span class='ocrx_word' id='word_1_389' title='bbox 1249 364 1344 397; x_wconf 87' lang='lat' dir='ltr'>Idem</span> <span class='ocrx_word' id='word_1_390' title='bbox 1364 365 1462 397; x_wconf 85' lang='lat' dir='ltr'>docet</span> <span class='ocrx_word' id='word_1_391' title='bbox 1480 364 1611 398; x_wconf 82' lang='lat' dir='ltr'>Paulus</span> <span class='ocrx_word' id='word_1_392' title='bbox 1631 364 1672 396; x_wconf 89' lang='lat' dir='ltr'>ad</span> <span class='ocrx_word' id='word_1_393' title='bbox 1690 361 1821 407; x_wconf 82' lang='lat' dir='ltr'>Philip.</span> <span class='ocrx_word' id='word_1_394' title='bbox 1836 363 1887 395; x_wconf 63' lang='lat'>2:</span> <span class='ocrx_word' id='word_1_395' title='bbox 1916 361 1993 394; x_wconf 84' lang='lat' dir='ltr'>Hoc</span> <span class='ocrx_word' id='word_1_396' title='bbox 2011 361 2135 394; x_wconf 90' lang='lat' dir='ltr'>sentite</span> 
     </span>
     <span class='ocr_line' id='line_1_61' title="bbox 1146 412 2136 459; baseline -0.005 -10"><span class='ocrx_word' id='word_1_397' title='bbox 1146 417 1238 449; x_wconf 87' lang='lat' dir='ltr'>inter</span> <span class='ocrx_word' id='word_1_398' title='bbox 1256 426 1337 456; x_wconf 72' lang='lat' dir='ltr'>VOS,</span> <span class='ocrx_word' id='word_1_399' title='bbox 1366 416 1460 459; x_wconf 89' lang='lat' dir='ltr'>quod</span> <span class='ocrx_word' id='word_1_400' title='bbox 1480 422 1512 448; x_wconf 88' lang='lat' dir='ltr'>et</span> <span class='ocrx_word' id='word_1_401' title='bbox 1531 416 1566 447; x_wconf 92' lang='lat' dir='ltr'>in</span> <span class='ocrx_word' id='word_1_402' title='bbox 1585 412 1726 447; x_wconf 92' lang='lat' dir='ltr'>Christo</span> <span class='ocrx_word' id='word_1_403' title='bbox 1749 413 1844 451; x_wconf 83' lang='lat' dir='ltr'>lesu,</span> <span class='ocrx_word' id='word_1_404' title='bbox 1872 413 1933 458; x_wconf 88' lang='lat' dir='ltr'>qui</span> <span class='ocrx_word' id='word_1_405' title='bbox 1951 424 2030 445; x_wconf 88' lang='lat' dir='ltr'>curn</span> <span class='ocrx_word' id='word_1_406' title='bbox 2047 416 2136 445; x_wconf 81' lang='lat' dir='ltr'>esset</span> 
     </span>
     <span class='ocr_line' id='line_1_62' title="bbox 1147 463 2136 508; baseline -0.005 -8"><span class='ocrx_word' id='word_1_407' title='bbox 1147 468 1183 500; x_wconf 90' lang='lat' dir='ltr'>in</span> <span class='ocrx_word' id='word_1_408' title='bbox 1204 467 1315 499; x_wconf 87' lang='lat' dir='ltr'>forma</span> <span class='ocrx_word' id='word_1_409' title='bbox 1332 465 1417 506; x_wconf 85' lang='lat' dir='ltr'>Dei,</span> <span class='ocrx_word' id='word_1_410' title='bbox 1448 477 1520 498; x_wconf 92' lang='lat' dir='ltr'>non</span> <span class='ocrx_word' id='word_1_411' title='bbox 1537 466 1696 507; x_wconf 87' lang='lat' dir='ltr'>rapinam</span> <span class='ocrx_word' id='word_1_412' title='bbox 1716 465 1816 497; x_wconf 86' lang='lat' dir='ltr'>duxit</span> <span class='ocrx_word' id='word_1_413' title='bbox 1833 475 1867 496; x_wconf 88' lang='lat' dir='ltr'>se</span> <span class='ocrx_word' id='word_1_414' title='bbox 1884 475 2034 508; x_wconf 86' lang='lat' dir='ltr'>aequare</span> <span class='ocrx_word' id='word_1_415' title='bbox 2050 463 2136 499; x_wconf 86' lang='lat' dir='ltr'>Deo,</span> 
     </span>
     <span class='ocr_line' id='line_1_63' title="bbox 1146 513 2138 561; baseline -0.006 -10"><span class='ocrx_word' id='word_1_416' title='bbox 1146 519 1204 551; x_wconf 89' lang='lat' dir='ltr'>sed</span> <span class='ocrx_word' id='word_1_417' title='bbox 1233 518 1385 561; x_wconf 86' lang='lat' dir='ltr'>seipsum</span> <span class='ocrx_word' id='word_1_418' title='bbox 1409 516 1623 554; x_wconf 79' lang='lat' dir='ltr'>exinanivit,</span> <span class='ocrx_word' id='word_1_419' title='bbox 1665 515 1816 547; x_wconf 82' lang='lat' dir='ltr'>formam</span> <span class='ocrx_word' id='word_1_420' title='bbox 1841 514 1930 546; x_wconf 76' lang='lat' dir='ltr'>servi</span> <span class='ocrx_word' id='word_1_421' title='bbox 1951 513 2138 557; x_wconf 85' lang='lat' dir='ltr'>accipiens,</span> 
     </span>
     <span class='ocr_line' id='line_1_64' title="bbox 1147 563 2138 603; baseline -0.006 -2"><span class='ocrx_word' id='word_1_422' title='bbox 1147 570 1183 602; x_wconf 92' lang='lat' dir='ltr'>in</span> <span class='ocrx_word' id='word_1_423' title='bbox 1202 568 1436 601; x_wconf 88' lang='lat' dir='ltr'>similitudine</span> <span class='ocrx_word' id='word_1_424' title='bbox 1459 565 1645 600; x_wconf 84' lang='lat' dir='ltr'>hominum</span> <span class='ocrx_word' id='word_1_425' title='bbox 1664 566 1792 603; x_wconf 86' lang='lat' dir='ltr'>sactus,</span> <span class='ocrx_word' id='word_1_426' title='bbox 1818 572 1850 598; x_wconf 92' lang='lat' dir='ltr'>et</span> <span class='ocrx_word' id='word_1_427' title='bbox 1869 563 1993 597; x_wconf 85' lang='lat' dir='ltr'>habitu</span> <span class='ocrx_word' id='word_1_428' title='bbox 2012 565 2138 596; x_wconf 76' lang='lat' dir='ltr'>inven-</span> 
     </span>
     <span class='ocr_line' id='line_1_65' title="bbox 1148 615 2140 660; baseline -0.007 -7"><span class='ocrx_word' id='word_1_429' title='bbox 1148 628 1203 654; x_wconf 89' lang='lat' dir='ltr'>tus</span> <span class='ocrx_word' id='word_1_430' title='bbox 1222 625 1261 653; x_wconf 86' lang='lat' dir='ltr'>ut</span> <span class='ocrx_word' id='word_1_431' title='bbox 1280 617 1398 659; x_wconf 87' lang='lat' dir='ltr'>homo,</span> <span class='ocrx_word' id='word_1_432' title='bbox 1424 615 1627 651; x_wconf 80' lang='lat' dir='ltr'>humiliavit</span> <span class='ocrx_word' id='word_1_433' title='bbox 1644 617 1815 660; x_wconf 87' lang='lat' dir='ltr'>seipsum,</span> <span class='ocrx_word' id='word_1_434' title='bbox 1844 615 1954 648; x_wconf 87' lang='lat' dir='ltr'>factus</span> <span class='ocrx_word' id='word_1_435' title='bbox 1973 615 2140 647; x_wconf 85' lang='lat' dir='ltr'>obediens</span> 
     </span>
     <span class='ocr_line' id='line_1_66' title="bbox 1148 663 2140 715; baseline -0.008 -11"><span class='ocrx_word' id='word_1_436' title='bbox 1148 682 1259 715; x_wconf 87' lang='lat' dir='ltr'>usque</span> <span class='ocrx_word' id='word_1_437' title='bbox 1285 671 1326 703; x_wconf 89' lang='lat' dir='ltr'>ad</span> <span class='ocrx_word' id='word_1_438' title='bbox 1352 676 1520 709; x_wconf 88' lang='lat' dir='ltr'>mortem,</span> <span class='ocrx_word' id='word_1_439' title='bbox 1560 675 1709 702; x_wconf 87' lang='lat' dir='ltr'>mortem</span> <span class='ocrx_word' id='word_1_440' title='bbox 1735 673 1850 700; x_wconf 86' lang='lat' dir='ltr'>autem</span> <span class='ocrx_word' id='word_1_441' title='bbox 1880 666 2003 700; x_wconf 87' lang='lat' dir='ltr'>crucis.</span> <span class='ocrx_word' id='word_1_442' title='bbox 2065 663 2140 697; x_wconf 84' lang='lat' dir='ltr'>Etsi</span> 
     </span>
     <span class='ocr_line' id='line_1_67' title="bbox 1149 716 2140 764; baseline -0.007 -10"><span class='ocrx_word' id='word_1_443' title='bbox 1149 722 1209 755; x_wconf 90' lang='lat' dir='ltr'>alii</span> <span class='ocrx_word' id='word_1_444' title='bbox 1226 721 1312 754; x_wconf 88' lang='lat' dir='ltr'>alias</span> <span class='ocrx_word' id='word_1_445' title='bbox 1338 719 1644 764; x_wconf 82' lang='lat' dir='ltr'>interpretationes</span> <span class='ocrx_word' id='word_1_446' title='bbox 1669 719 1827 757; x_wconf 87' lang='lat' dir='ltr'>addunt,</span> <span class='ocrx_word' id='word_1_447' title='bbox 1854 723 1972 749; x_wconf 88' lang='lat' dir='ltr'>tamen</span> <span class='ocrx_word' id='word_1_448' title='bbox 2003 716 2140 759; x_wconf 86' lang='lat' dir='ltr'>simpli—</span> 
     </span>
     <span class='ocr_line' id='line_1_68' title="bbox 1149 766 2142 806; baseline -0.007 -1"><span class='ocrx_word' id='word_1_449' title='bbox 1149 772 1287 806; x_wconf 87' lang='lat' dir='ltr'>cissima</span> <span class='ocrx_word' id='word_1_450' title='bbox 1322 778 1371 804; x_wconf 88' lang='lat' dir='ltr'>est</span> <span class='ocrx_word' id='word_1_451' title='bbox 1395 771 1432 803; x_wconf 91' lang='lat' dir='ltr'>in</span> <span class='ocrx_word' id='word_1_452' title='bbox 1460 783 1500 803; x_wconf 93' lang='lat' dir='ltr'>eo</span> <span class='ocrx_word' id='word_1_453' title='bbox 1523 769 1626 803; x_wconf 87' lang='lat' dir='ltr'>Pauli</span> <span class='ocrx_word' id='word_1_454' title='bbox 1653 770 1729 802; x_wconf 91' lang='lat' dir='ltr'>loco</span> <span class='ocrx_word' id='word_1_455' title='bbox 1763 768 1947 802; x_wconf 85' lang='lat' dir='ltr'>sententia.</span> <span class='ocrx_word' id='word_1_456' title='bbox 2016 766 2142 799; x_wconf 83' lang='lat' dir='ltr'>Forma</span> 
     </span>
     <span class='ocr_line' id='line_1_69' title="bbox 1149 817 2143 867; baseline -0.007 -11"><span class='ocrx_word' id='word_1_457' title='bbox 1149 823 1320 867; x_wconf 82' lang='lat' dir='ltr'>significat</span> <span class='ocrx_word' id='word_1_458' title='bbox 1345 829 1495 866; x_wconf 87' lang='lat' dir='ltr'>utroque</span> <span class='ocrx_word' id='word_1_459' title='bbox 1523 821 1600 854; x_wconf 89' lang='lat' dir='ltr'>loco</span> <span class='ocrx_word' id='word_1_460' title='bbox 1626 820 1907 854; x_wconf 87' lang='lat' dir='ltr'>similitudinem.</span> <span class='ocrx_word' id='word_1_461' title='bbox 1968 817 2039 861; x_wconf 86' lang='lat' dir='ltr'>Qui</span> <span class='ocrx_word' id='word_1_462' title='bbox 2065 830 2143 850; x_wconf 88' lang='lat' dir='ltr'>cum</span> 
     </span>
     <span class='ocr_line' id='line_1_70' title="bbox 1150 868 2143 912; baseline -0.007 -5"><span class='ocrx_word' id='word_1_463' title='bbox 1150 881 1237 908; x_wconf 89' lang='lat' dir='ltr'>esset</span> <span class='ocrx_word' id='word_1_464' title='bbox 1255 875 1292 907; x_wconf 91' lang='lat' dir='ltr'>in</span> <span class='ocrx_word' id='word_1_465' title='bbox 1313 874 1425 906; x_wconf 87' lang='lat' dir='ltr'>forma</span> <span class='ocrx_word' id='word_1_466' title='bbox 1441 872 1527 911; x_wconf 70' lang='lat' dir='ltr'>Dei,</span> <span class='ocrx_word' id='word_1_467' title='bbox 1556 872 1592 905; x_wconf 87' lang='lat' dir='ltr'>id</span> <span class='ocrx_word' id='word_1_468' title='bbox 1618 879 1687 912; x_wconf 84' lang='lat' dir='ltr'>est,</span> <span class='ocrx_word' id='word_1_469' title='bbox 1714 878 1801 904; x_wconf 87' lang='lat' dir='ltr'>esset</span> <span class='ocrx_word' id='word_1_470' title='bbox 1820 869 1946 903; x_wconf 74' lang='lat' dir='ltr'>similis</span> <span class='ocrx_word' id='word_1_471' title='bbox 1967 868 2062 909; x_wconf 89' lang='lat' dir='ltr'>Deo,</span> <span class='ocrx_word' id='word_1_472' title='bbox 2091 881 2143 900; x_wconf 84' lang='lat' dir='ltr'>sa-</span> 
     </span>
     <span class='ocr_line' id='line_1_71' title="bbox 1152 919 2144 970; baseline -0.008 -12"><span class='ocrx_word' id='word_1_473' title='bbox 1152 926 1269 970; x_wconf 87' lang='lat' dir='ltr'>piens,</span> <span class='ocrx_word' id='word_1_474' title='bbox 1303 925 1433 964; x_wconf 78' lang='lat' dir='ltr'>iustus,</span> <span class='ocrx_word' id='word_1_475' title='bbox 1468 924 1585 963; x_wconf 84' lang='lat' dir='ltr'>fortis,</span> <span class='ocrx_word' id='word_1_476' title='bbox 1619 923 1780 966; x_wconf 79' lang='lat' dir='ltr'>superior</span> <span class='ocrx_word' id='word_1_477' title='bbox 1806 928 1937 961; x_wconf 89' lang='lat' dir='ltr'>morte,</span> <span class='ocrx_word' id='word_1_478' title='bbox 1972 919 2144 954; x_wconf 54' lang='grc'><strong>111110111-</strong></span> 
     </span>
     <span class='ocr_line' id='line_1_72' title="bbox 1152 972 2145 1022; baseline -0.008 -12"><span class='ocrx_word' id='word_1_479' title='bbox 1152 984 1222 1017; x_wconf 85' lang='lat' dir='ltr'>tae,</span> <span class='ocrx_word' id='word_1_480' title='bbox 1257 976 1411 1022; x_wconf 76' lang='lat' dir='ltr'>denique</span> <span class='ocrx_word' id='word_1_481' title='bbox 1434 975 1591 1007; x_wconf 77' lang='lat' dir='ltr'>divinam</span> <span class='ocrx_word' id='word_1_482' title='bbox 1619 972 1753 1007; x_wconf 88' lang='lat' dir='ltr'>habens</span> <span class='ocrx_word' id='word_1_483' title='bbox 1779 972 1990 1016; x_wconf 87' lang='lat' dir='ltr'>potentiam,</span> <span class='ocrx_word' id='word_1_484' title='bbox 2027 979 2145 1004; x_wconf 87' lang='lat' dir='ltr'>tamen</span> 
     </span>
     <span class='ocr_line' id='line_1_73' title="bbox 1152 1022 2146 1070; baseline -0.007 -10"><span class='ocrx_word' id='word_1_485' title='bbox 1152 1039 1225 1060; x_wconf 88' lang='lat' dir='ltr'>non</span> <span class='ocrx_word' id='word_1_486' title='bbox 1248 1026 1424 1069; x_wconf 72' lang='lat' dir='ltr'>arrogavit</span> <span class='ocrx_word' id='word_1_487' title='bbox 1444 1026 1511 1058; x_wconf 80' lang='lat' dir='ltr'>sibi</span> <span class='ocrx_word' id='word_1_488' title='bbox 1536 1025 1783 1070; x_wconf 86' lang='lat' dir='ltr'>aequalitatem</span> <span class='ocrx_word' id='word_1_489' title='bbox 1803 1022 1889 1063; x_wconf 84' lang='lat' dir='ltr'>Dei,</span> <span class='ocrx_word' id='word_1_490' title='bbox 1915 1023 1951 1054; x_wconf 91' lang='lat' dir='ltr'>id</span> <span class='ocrx_word' id='word_1_491' title='bbox 1977 1029 2046 1062; x_wconf 91' lang='lat' dir='ltr'>est,</span> <span class='ocrx_word' id='word_1_492' title='bbox 2074 1034 2146 1054; x_wconf 89' lang='lat' dir='ltr'>non</span> 
     </span>
     <span class='ocr_line' id='line_1_74' title="bbox 1152 1073 2146 1122; baseline -0.007 -12"><span class='ocrx_word' id='word_1_493' title='bbox 1152 1079 1255 1122; x_wconf 82' lang='lat' dir='ltr'>gessit</span> <span class='ocrx_word' id='word_1_494' title='bbox 1278 1090 1312 1110; x_wconf 84' lang='lat' dir='ltr'>se</span> <span class='ocrx_word' id='word_1_495' title='bbox 1337 1085 1504 1122; x_wconf 84' lang='lat' dir='ltr'>tanquam</span> <span class='ocrx_word' id='word_1_496' title='bbox 1528 1076 1709 1119; x_wconf 84' lang='lat' dir='ltr'>aequalem</span> <span class='ocrx_word' id='word_1_497' title='bbox 1737 1073 1831 1111; x_wconf 88' lang='lat' dir='ltr'>Deo,</span> <span class='ocrx_word' id='word_1_498' title='bbox 1872 1079 1909 1105; x_wconf 85' lang='lat' dir='ltr'>ut</span> <span class='ocrx_word' id='word_1_499' title='bbox 1934 1084 2005 1104; x_wconf 89' lang='grc'><strong>11011</strong></span> <span class='ocrx_word' id='word_1_500' title='bbox 2032 1079 2146 1115; x_wconf 86' lang='lat' dir='ltr'>posset</span> 
     </span>
     <span class='ocr_line' id='line_1_75' title="bbox 1154 1122 2146 1172; baseline -0.008 -10"><span class='ocrx_word' id='word_1_501' title='bbox 1154 1129 1226 1172; x_wconf 84' lang='lat' dir='ltr'>pati</span> <span class='ocrx_word' id='word_1_502' title='bbox 1242 1137 1272 1161; x_wconf 83' lang='lat' dir='ltr'>et</span> <span class='ocrx_word' id='word_1_503' title='bbox 1294 1128 1396 1166; x_wconf 81' lang='grc'><strong>111011,</strong></span> <span class='ocrx_word' id='word_1_504' title='bbox 1424 1128 1481 1159; x_wconf 84' lang='lat' dir='ltr'>sed</span> <span class='ocrx_word' id='word_1_505' title='bbox 1498 1127 1651 1168; x_wconf 80' lang='lat' dir='ltr'>seipsum</span> <span class='ocrx_word' id='word_1_506' title='bbox 1670 1123 1883 1162; x_wconf 76' lang='lat' dir='ltr'>exinanivit,</span> <span class='ocrx_word' id='word_1_507' title='bbox 1913 1122 1947 1154; x_wconf 85' lang='lat' dir='ltr'>id</span> <span class='ocrx_word' id='word_1_508' title='bbox 1965 1131 2026 1162; x_wconf 84' lang='lat' dir='ltr'>est,</span> <span class='ocrx_word' id='word_1_509' title='bbox 2053 1124 2146 1155; x_wconf 72' lang='lat' dir='ltr'>exuit</span> 
     </span>
     <span class='ocr_line' id='line_1_76' title="bbox 1154 1174 2147 1217; baseline -0.006 -6"><span class='ocrx_word' id='word_1_510' title='bbox 1154 1181 1250 1211; x_wconf 90' lang='lat' dir='ltr'>illam</span> <span class='ocrx_word' id='word_1_511' title='bbox 1279 1177 1344 1210; x_wconf 89' lang='lat' dir='ltr'>Dei</span> <span class='ocrx_word' id='word_1_512' title='bbox 1371 1176 1664 1213; x_wconf 80' lang='lat' dir='ltr'>similitudinem,</span> <span class='ocrx_word' id='word_1_513' title='bbox 1699 1186 1771 1206; x_wconf 89' lang='grc'><strong>11011</strong></span> <span class='ocrx_word' id='word_1_514' title='bbox 1803 1185 1902 1217; x_wconf 87' lang='lat' dir='ltr'>posse</span> <span class='ocrx_word' id='word_1_515' title='bbox 1937 1174 2030 1217; x_wconf 82' lang='lat' dir='ltr'>pati,</span> <span class='ocrx_word' id='word_1_516' title='bbox 2075 1186 2147 1205; x_wconf 87' lang='grc'><strong>11011</strong></span> 
     </span>
     <span class='ocr_line' id='line_1_77' title="bbox 1153 1222 2147 1273; baseline -0.005 -12"><span class='ocrx_word' id='word_1_517' title='bbox 1153 1240 1253 1273; x_wconf 89' lang='lat' dir='ltr'>posse</span> <span class='ocrx_word' id='word_1_518' title='bbox 1270 1227 1380 1265; x_wconf 82' lang='lat' dir='ltr'>mori,</span> <span class='ocrx_word' id='word_1_519' title='bbox 1404 1222 1441 1259; x_wconf 44' lang='lat' dir='ltr'>&#39;et</span> <span class='ocrx_word' id='word_1_520' title='bbox 1458 1226 1569 1259; x_wconf 89' lang='lat' dir='ltr'>factus</span> <span class='ocrx_word' id='word_1_521' title='bbox 1587 1233 1635 1259; x_wconf 88' lang='lat' dir='ltr'>est</span> <span class='ocrx_word' id='word_1_522' title='bbox 1653 1225 1779 1258; x_wconf 84' lang='lat' dir='ltr'>similis</span> <span class='ocrx_word' id='word_1_523' title='bbox 1795 1222 2003 1267; x_wconf 87' lang='lat' dir='ltr'>hominum,</span> <span class='ocrx_word' id='word_1_524' title='bbox 2032 1225 2065 1257; x_wconf 92' lang='lat' dir='ltr'>id</span> <span class='ocrx_word' id='word_1_525' title='bbox 2087 1231 2147 1261; x_wconf 84' lang='lat' dir='ltr'>est,</span> 
     </span>
     <span class='ocr_line' id='line_1_78' title="bbox 1153 1273 2147 1317; baseline -0.004 -6"><span class='ocrx_word' id='word_1_526' title='bbox 1153 1289 1234 1313; x_wconf 81' lang='lat' dir='ltr'>vere</span> <span class='ocrx_word' id='word_1_527' title='bbox 1252 1276 1360 1312; x_wconf 90' lang='lat' dir='ltr'>homo</span> <span class='ocrx_word' id='word_1_528' title='bbox 1382 1277 1562 1317; x_wconf 81' lang='lat' dir='ltr'>mortalis,</span> <span class='ocrx_word' id='word_1_529' title='bbox 1591 1283 1623 1310; x_wconf 82' lang='lat' dir='ltr'>ct</span> <span class='ocrx_word' id='word_1_530' title='bbox 1643 1274 1765 1309; x_wconf 86' lang='lat' dir='ltr'>babitu</span> <span class='ocrx_word' id='word_1_531' title='bbox 1790 1276 1955 1308; x_wconf 84' lang='lat' dir='ltr'>inventus</span> <span class='ocrx_word' id='word_1_532' title='bbox 1974 1273 2147 1308; x_wconf 71' lang='lat' dir='ltr'>utboni-1.</span> 
     </span>
     <span class='ocr_line' id='line_1_79' title="bbox 1154 1326 2148 1370; baseline -0.006 -7"><span class='ocrx_word' id='word_1_533' title='bbox 1154 1331 1189 1363; x_wconf 88' lang='lat' dir='ltr'>id</span> <span class='ocrx_word' id='word_1_534' title='bbox 1211 1337 1279 1369; x_wconf 88' lang='lat' dir='ltr'>est,</span> <span class='ocrx_word' id='word_1_535' title='bbox 1313 1329 1497 1363; x_wconf 82' lang='lat' dir='ltr'>affectibus</span> <span class='ocrx_word' id='word_1_536' title='bbox 1519 1328 1742 1362; x_wconf 87' lang='lat' dir='ltr'>naturalibus</span> <span class='ocrx_word' id='word_1_537' title='bbox 1767 1327 1933 1360; x_wconf 91' lang='lat' dir='ltr'>omuibus</span> <span class='ocrx_word' id='word_1_538' title='bbox 1956 1326 2148 1370; x_wconf 64' lang='lat' dir='ltr'>praedium,</span> 
     </span>
     <span class='ocr_line' id='line_1_80' title="bbox 1154 1377 2150 1423; baseline -0.005 -9"><span class='ocrx_word' id='word_1_539' title='bbox 1154 1381 1298 1421; x_wconf 86' lang='lat' dir='ltr'>esuriit,</span> <span class='ocrx_word' id='word_1_540' title='bbox 1332 1380 1436 1423; x_wconf 86' lang='lat' dir='ltr'>sitiit,</span> <span class='ocrx_word' id='word_1_541' title='bbox 1473 1379 1682 1422; x_wconf 83' lang='lat' dir='ltr'>defatigatus</span> <span class='ocrx_word' id='word_1_542' title='bbox 1708 1386 1775 1419; x_wconf 90' lang='lat' dir='ltr'>est,</span> <span class='ocrx_word' id='word_1_543' title='bbox 1807 1378 1950 1418; x_wconf 83' lang='lat' dir='ltr'>metuit,</span> <span class='ocrx_word' id='word_1_544' title='bbox 1984 1377 2150 1421; x_wconf 79' lang='lat' dir='ltr'>speravit,</span> 
     </span>
     <span class='ocr_line' id='line_1_81' title="bbox 1155 1428 2149 1476; baseline -0.005 -10"><span class='ocrx_word' id='word_1_545' title='bbox 1155 1432 1288 1473; x_wconf 90' lang='lat' dir='ltr'>doluit,</span> <span class='ocrx_word' id='word_1_546' title='bbox 1314 1432 1462 1465; x_wconf 88' lang='lat' dir='ltr'>laetatus</span> <span class='ocrx_word' id='word_1_547' title='bbox 1480 1437 1546 1471; x_wconf 83' lang='lat' dir='ltr'>est,</span> <span class='ocrx_word' id='word_1_548' title='bbox 1574 1430 1799 1476; x_wconf 76' lang='lat' dir='ltr'>lacrymavit,</span> <span class='ocrx_word' id='word_1_549' title='bbox 1824 1429 1932 1462; x_wconf 85' lang='lat' dir='ltr'>iratus</span> <span class='ocrx_word' id='word_1_550' title='bbox 1949 1436 2011 1470; x_wconf 84' lang='lat' dir='ltr'>est,</span> <span class='ocrx_word' id='word_1_551' title='bbox 2040 1428 2149 1461; x_wconf 86' lang='lat' dir='ltr'>sensit</span> 
     </span>
     <span class='ocr_line' id='line_1_82' title="bbox 1155 1478 2149 1523; baseline -0.006 -6"><span class='ocrx_word' id='word_1_552' title='bbox 1155 1491 1287 1518; x_wconf 89' lang='lat' dir='ltr'>tantam</span> <span class='ocrx_word' id='word_1_553' title='bbox 1305 1482 1541 1520; x_wconf 86' lang='lat' dir='ltr'>moesticiam,</span> <span class='ocrx_word' id='word_1_554' title='bbox 1567 1488 1604 1515; x_wconf 91' lang='lat' dir='ltr'>ut</span> <span class='ocrx_word' id='word_1_555' title='bbox 1625 1482 1766 1514; x_wconf 84' lang='lat' dir='ltr'>sudaret</span> <span class='ocrx_word' id='word_1_556' title='bbox 1790 1481 2007 1523; x_wconf 86' lang='lat' dir='ltr'>sanguinem.</span> <span class='ocrx_word' id='word_1_557' title='bbox 2059 1478 2149 1513; x_wconf 88' lang='lat' dir='ltr'>Cum</span> 
     </span>
     <span class='ocr_line' id='line_1_83' title="bbox 1156 1529 2149 1576; baseline -0.005 -8"><span class='ocrx_word' id='word_1_558' title='bbox 1156 1535 1248 1568; x_wconf 88' lang='lat' dir='ltr'>enim</span> <span class='ocrx_word' id='word_1_559' title='bbox 1269 1541 1357 1567; x_wconf 90' lang='lat' dir='ltr'>esset</span> <span class='ocrx_word' id='word_1_560' title='bbox 1372 1534 1513 1566; x_wconf 78' lang='lat' dir='ltr'>victima</span> <span class='ocrx_word' id='word_1_561' title='bbox 1539 1545 1602 1576; x_wconf 91' lang='lat' dir='ltr'>pro</span> <span class='ocrx_word' id='word_1_562' title='bbox 1629 1544 1754 1575; x_wconf 84' lang='lat' dir='ltr'>genere</span> <span class='ocrx_word' id='word_1_563' title='bbox 1782 1529 1957 1572; x_wconf 87' lang='lat' dir='ltr'>humano,</span> <span class='ocrx_word' id='word_1_564' title='bbox 1986 1537 2149 1574; x_wconf 87' lang='lat' dir='ltr'>expertus</span> 
     </span>
     <span class='ocr_line' id='line_1_84' title="bbox 1155 1582 2150 1626; baseline -0.006 -6"><span class='ocrx_word' id='word_1_565' title='bbox 1155 1594 1205 1621; x_wconf 89' lang='lat' dir='ltr'>est</span> <span class='ocrx_word' id='word_1_566' title='bbox 1223 1597 1364 1619; x_wconf 88' lang='lat' dir='ltr'>sensum</span> <span class='ocrx_word' id='word_1_567' title='bbox 1382 1585 1454 1618; x_wconf 86' lang='lat' dir='ltr'>irae</span> <span class='ocrx_word' id='word_1_568' title='bbox 1471 1583 1538 1617; x_wconf 89' lang='lat' dir='ltr'>Dei</span> <span class='ocrx_word' id='word_1_569' title='bbox 1561 1585 1727 1617; x_wconf 74' lang='lat' dir='ltr'>adversus</span> <span class='ocrx_word' id='word_1_570' title='bbox 1753 1589 1932 1626; x_wconf 87' lang='lat' dir='ltr'>peccatum</span> <span class='ocrx_word' id='word_1_571' title='bbox 1957 1582 1994 1614; x_wconf 89' lang='lat' dir='ltr'>in</span> <span class='ocrx_word' id='word_1_572' title='bbox 2023 1593 2150 1624; x_wconf 87' lang='lat' dir='ltr'>genere</span> 
     </span>
     <span class='ocr_line' id='line_1_85' title="bbox 1155 1632 2150 1670; baseline -0.006 0"><span class='ocrx_word' id='word_1_573' title='bbox 1155 1636 1325 1670; x_wconf 89' lang='lat' dir='ltr'>humano.</span> <span class='ocrx_word' id='word_1_574' title='bbox 1377 1634 1473 1668; x_wconf 89' lang='lat' dir='ltr'>Haec</span> <span class='ocrx_word' id='word_1_575' title='bbox 1489 1635 1617 1668; x_wconf 87' lang='lat' dir='ltr'>deinde</span> <span class='ocrx_word' id='word_1_576' title='bbox 1634 1635 1869 1668; x_wconf 82' lang='lat' dir='ltr'>declarantur.</span> <span class='ocrx_word' id='word_1_577' title='bbox 1916 1632 2044 1666; x_wconf 85' lang='lat' dir='ltr'>Factus</span> <span class='ocrx_word' id='word_1_578' title='bbox 2065 1633 2150 1665; x_wconf 88' lang='lat' dir='ltr'>obe-</span> 
     </span>
     <span class='ocr_line' id='line_1_86' title="bbox 1157 1684 2150 1731; baseline -0.004 -10"><span class='ocrx_word' id='word_1_579' title='bbox 1157 1689 1257 1721; x_wconf 88' lang='lat' dir='ltr'>diens</span> <span class='ocrx_word' id='word_1_580' title='bbox 1288 1698 1399 1731; x_wconf 84' lang='lat' dir='ltr'>usque</span> <span class='ocrx_word' id='word_1_581' title='bbox 1425 1687 1468 1718; x_wconf 88' lang='lat' dir='ltr'>ad</span> <span class='ocrx_word' id='word_1_582' title='bbox 1495 1693 1662 1725; x_wconf 89' lang='lat' dir='ltr'>mortem,</span> <span class='ocrx_word' id='word_1_583' title='bbox 1699 1691 1846 1717; x_wconf 86' lang='lat' dir='ltr'>mortem</span> <span class='ocrx_word' id='word_1_584' title='bbox 1879 1691 1995 1717; x_wconf 88' lang='lat' dir='ltr'>autem</span> <span class='ocrx_word' id='word_1_585' title='bbox 2026 1684 2150 1717; x_wconf 84' lang='lat' dir='ltr'>crucis.</span> 
     </span>
     <span class='ocr_line' id='line_1_87' title="bbox 1157 1735 2150 1784; baseline -0.004 -12"><span class='ocrx_word' id='word_1_586' title='bbox 1157 1738 1279 1784; x_wconf 84' lang='lat' dir='ltr'>Itaque</span> <span class='ocrx_word' id='word_1_587' title='bbox 1295 1744 1334 1771; x_wconf 89' lang='lat' dir='ltr'>ut</span> <span class='ocrx_word' id='word_1_588' title='bbox 1353 1735 1578 1779; x_wconf 77' lang='lat' dir='ltr'>Evangelista</span> <span class='ocrx_word' id='word_1_589' title='bbox 1601 1748 1685 1770; x_wconf 86' lang='lat' dir='ltr'>usus</span> <span class='ocrx_word' id='word_1_590' title='bbox 1710 1743 1759 1769; x_wconf 90' lang='lat' dir='ltr'>est</span> <span class='ocrx_word' id='word_1_591' title='bbox 1786 1735 1932 1767; x_wconf 89' lang='lat' dir='ltr'>nomine</span> <span class='ocrx_word' id='word_1_592' title='bbox 1956 1735 2089 1772; x_wconf 85' lang='lat' dir='ltr'>carnis,</span> <span class='ocrx_word' id='word_1_593' title='bbox 2119 1742 2150 1768; x_wconf 85' lang='lat' dir='ltr'>et</span> 
     </span>
     <span class='ocr_line' id='line_1_88' title="bbox 1156 1786 2150 1829; baseline -0.005 -5"><span class='ocrx_word' id='word_1_594' title='bbox 1156 1798 1318 1824; x_wconf 81' lang='lat' dir='ltr'>naturam</span> <span class='ocrx_word' id='word_1_595' title='bbox 1338 1786 1546 1827; x_wconf 83' lang='lat' dir='ltr'>humanam,</span> <span class='ocrx_word' id='word_1_596' title='bbox 1575 1794 1607 1820; x_wconf 90' lang='lat' dir='ltr'>et</span> <span class='ocrx_word' id='word_1_597' title='bbox 1632 1786 1909 1820; x_wconf 85' lang='lat' dir='ltr'>imbecillitatem</span> <span class='ocrx_word' id='word_1_598' title='bbox 1938 1786 2150 1829; x_wconf 85' lang='lat' dir='ltr'>significans.</span> 
     </span>
     <span class='ocr_line' id='line_1_89' title="bbox 1158 1836 2148 1880; baseline -0.004 -7"><span class='ocrx_word' id='word_1_599' title='bbox 1158 1841 1207 1874; x_wconf 88' lang='lat' dir='ltr'>lta</span> <span class='ocrx_word' id='word_1_600' title='bbox 1228 1840 1358 1873; x_wconf 87' lang='lat' dir='ltr'>Paulus</span> <span class='ocrx_word' id='word_1_601' title='bbox 1377 1846 1409 1872; x_wconf 92' lang='lat' dir='ltr'>et</span> <span class='ocrx_word' id='word_1_602' title='bbox 1425 1836 1618 1872; x_wconf 81' lang='lat' dir='ltr'>humanam</span> <span class='ocrx_word' id='word_1_603' title='bbox 1642 1845 1805 1871; x_wconf 83' lang='lat' dir='ltr'>naturam</span> <span class='ocrx_word' id='word_1_604' title='bbox 1830 1837 2091 1880; x_wconf 75' lang='lat' dir='ltr'>complectitur,</span> <span class='ocrx_word' id='word_1_605' title='bbox 2119 1846 2148 1869; x_wconf 82' lang='lat' dir='ltr'>et</span> 
     </span>
     <span class='ocr_line' id='line_1_90' title="bbox 1157 1888 2150 1929; baseline -0.006 -5"><span class='ocrx_word' id='word_1_606' title='bbox 1157 1891 1323 1924; x_wconf 88' lang='lat' dir='ltr'>describit</span> <span class='ocrx_word' id='word_1_607' title='bbox 1352 1890 1648 1929; x_wconf 84' lang='lat' dir='ltr'>imbecillitatem,</span> <span class='ocrx_word' id='word_1_608' title='bbox 1697 1902 1775 1922; x_wconf 90' lang='lat' dir='ltr'>cum</span> <span class='ocrx_word' id='word_1_609' title='bbox 1808 1889 1970 1920; x_wconf 86' lang='lat' dir='ltr'>nominat</span> <span class='ocrx_word' id='word_1_610' title='bbox 2000 1888 2150 1920; x_wconf 87' lang='lat' dir='ltr'>sormam</span> 
     </span>
     <span class='ocr_line' id='line_1_91' title="bbox 1158 1939 2151 1986; baseline -0.006 -11"><span class='ocrx_word' id='word_1_611' title='bbox 1158 1942 1269 1982; x_wconf 84' lang='lat' dir='ltr'>servi,</span> <span class='ocrx_word' id='word_1_612' title='bbox 1297 1941 1480 1986; x_wconf 86' lang='lat' dir='ltr'>etinquit:</span> <span class='ocrx_word' id='word_1_613' title='bbox 1511 1940 1656 1981; x_wconf 81' lang='lat' dir='ltr'>Habitu,</span> <span class='ocrx_word' id='word_1_614' title='bbox 1684 1941 1718 1973; x_wconf 90' lang='lat' dir='ltr'>id</span> <span class='ocrx_word' id='word_1_615' title='bbox 1737 1947 1799 1980; x_wconf 82' lang='lat' dir='ltr'>est,</span> <span class='ocrx_word' id='word_1_616' title='bbox 1827 1939 2151 1972; x_wconf 76' lang='lat' dir='ltr'>affectibusinven-</span> 
     </span>
     <span class='ocr_line' id='line_1_92' title="bbox 1157 1990 1404 2027; baseline -0.012 0"><span class='ocrx_word' id='word_1_617' title='bbox 1157 2001 1213 2027; x_wconf 88' lang='lat' dir='ltr'>tus</span> <span class='ocrx_word' id='word_1_618' title='bbox 1231 2000 1268 2026; x_wconf 91' lang='lat' dir='ltr'>ut</span> <span class='ocrx_word' id='word_1_619' title='bbox 1285 1990 1404 2025; x_wconf 86' lang='lat' dir='ltr'>homo.</span> 
     </span>
    </p>

    <p class='ocr_par' dir='ltr' id='par_1_15' title="bbox 1155 2037 2153 2752">
     <span class='ocr_line' id='line_1_93' title="bbox 1260 2037 2151 2077; baseline -0.006 -1"><span class='ocrx_word' id='word_1_620' title='bbox 1260 2042 1447 2077; x_wconf 86' lang='lat' dir='ltr'>Caeterum</span> <span class='ocrx_word' id='word_1_621' title='bbox 1469 2049 1502 2075; x_wconf 82' lang='lat' dir='ltr'>et</span> <span class='ocrx_word' id='word_1_622' title='bbox 1519 2039 1585 2076; x_wconf 86' lang='lat' dir='ltr'>hoc</span> <span class='ocrx_word' id='word_1_623' title='bbox 1603 2042 1793 2074; x_wconf 89' lang='lat' dir='ltr'>dicendum</span> <span class='ocrx_word' id='word_1_624' title='bbox 1811 2047 1874 2074; x_wconf 85' lang='lat' dir='ltr'>est.-</span> <span class='ocrx_word' id='word_1_625' title='bbox 1903 2040 1978 2072; x_wconf 67' lang='lat' dir='ltr'>Etsi</span> <span class='ocrx_word' id='word_1_626' title='bbox 1998 2040 2035 2072; x_wconf 91' lang='lat' dir='ltr'>in</span> <span class='ocrx_word' id='word_1_627' title='bbox 2045 2037 2151 2073; x_wconf 81' lang='lat' dir='ltr'>Chri-</span> 
     </span>
     <span class='ocr_line' id='line_1_94' title="bbox 1157 2087 2150 2130; baseline -0.007 0"><span class='ocrx_word' id='word_1_628' title='bbox 1157 2102 1209 2130; x_wconf 86' lang='lat' dir='ltr'>sto</span> <span class='ocrx_word' id='word_1_629' title='bbox 1233 2093 1386 2128; x_wconf 84' lang='lat' dir='ltr'>humana</span> <span class='ocrx_word' id='word_1_630' title='bbox 1414 2099 1540 2126; x_wconf 87' lang='lat' dir='ltr'>natura</span> <span class='ocrx_word' id='word_1_631' title='bbox 1574 2093 1750 2130; x_wconf 82' lang='lat' dir='ltr'>mortalis,</span> <span class='ocrx_word' id='word_1_632' title='bbox 1793 2104 1872 2124; x_wconf 86' lang='lat' dir='ltr'>vere</span> <span class='ocrx_word' id='word_1_633' title='bbox 1902 2091 1970 2124; x_wconf 84' lang='lat' dir='ltr'>suit</span> <span class='ocrx_word' id='word_1_634' title='bbox 1995 2087 2150 2123; x_wconf 86' lang='lat' dir='ltr'>humana</span> 
     </span>
     <span class='ocr_line' id='line_1_95' title="bbox 1157 2142 2151 2187; baseline -0.008 -7"><span class='ocrx_word' id='word_1_635' title='bbox 1157 2154 1303 2186; x_wconf 88' lang='lat' dir='ltr'>natura,</span> <span class='ocrx_word' id='word_1_636' title='bbox 1346 2153 1464 2179; x_wconf 89' lang='lat' dir='ltr'>tamen</span> <span class='ocrx_word' id='word_1_637' title='bbox 1488 2144 1556 2177; x_wconf 86' lang='lat' dir='ltr'>suit</span> <span class='ocrx_word' id='word_1_638' title='bbox 1587 2144 1660 2176; x_wconf 86' lang='lat' dir='ltr'>sine</span> <span class='ocrx_word' id='word_1_639' title='bbox 1687 2150 1845 2187; x_wconf 84' lang='lat' dir='ltr'>peccato,</span> <span class='ocrx_word' id='word_1_640' title='bbox 1882 2143 2026 2175; x_wconf 88' lang='lat' dir='ltr'>fuerunt</span> <span class='ocrx_word' id='word_1_641' title='bbox 2050 2142 2087 2174; x_wconf 90' lang='lat' dir='ltr'>in</span> <span class='ocrx_word' id='word_1_642' title='bbox 2111 2155 2151 2174; x_wconf 85' lang='lat' dir='ltr'>en</span> 
     </span>
     <span class='ocr_line' id='line_1_96' title="bbox 1157 2192 2151 2241; baseline -0.005 -11"><span class='ocrx_word' id='word_1_643' title='bbox 1157 2209 1279 2231; x_wconf 89' lang='lat' dir='ltr'>omnes</span> <span class='ocrx_word' id='word_1_644' title='bbox 1295 2196 1529 2241; x_wconf 87' lang='lat' dir='ltr'>appetitiones</span> <span class='ocrx_word' id='word_1_645' title='bbox 1551 2196 1751 2234; x_wconf 82' lang='lat' dir='ltr'>ordinatae,</span> <span class='ocrx_word' id='word_1_646' title='bbox 1777 2193 1896 2238; x_wconf 84' lang='lat' dir='ltr'>quales</span> <span class='ocrx_word' id='word_1_647' title='bbox 1913 2192 2008 2226; x_wconf 90' lang='lat' dir='ltr'>Deus</span> <span class='ocrx_word' id='word_1_648' title='bbox 2028 2194 2151 2225; x_wconf 88' lang='lat' dir='ltr'>condi—</span> 
     </span>
     <span class='ocr_line' id='line_1_97' title="bbox 1157 2244 2153 2292; baseline -0.006 -10"><span class='ocrx_word' id='word_1_649' title='bbox 1157 2249 1228 2290; x_wconf 91' lang='lat' dir='ltr'>dit,</span> <span class='ocrx_word' id='word_1_650' title='bbox 1256 2248 1323 2282; x_wconf 85' lang='lat' dir='ltr'>fuit</span> <span class='ocrx_word' id='word_1_651' title='bbox 1348 2246 1518 2292; x_wconf 87' lang='lat' dir='ltr'>appetitio</span> <span class='ocrx_word' id='word_1_652' title='bbox 1536 2246 1622 2286; x_wconf 89' lang='lat' dir='ltr'>cibi,</span> <span class='ocrx_word' id='word_1_653' title='bbox 1651 2253 1773 2290; x_wconf 79' lang='lat' dir='ltr'>potUS,</span> <span class='ocrx_word' id='word_1_654' title='bbox 1801 2244 2023 2287; x_wconf 80' lang='lat' dir='ltr'>defatigatio,</span> <span class='ocrx_word' id='word_1_655' title='bbox 2050 2245 2153 2277; x_wconf 88' lang='lat' dir='ltr'>dolor</span> 
     </span>
     <span class='ocr_line' id='line_1_98' title="bbox 1157 2295 2151 2345; baseline -0.007 -12"><span class='ocrx_word' id='word_1_656' title='bbox 1157 2300 1334 2345; x_wconf 82' lang='lat' dir='ltr'>corporis,</span> <span class='ocrx_word' id='word_1_657' title='bbox 1360 2305 1490 2338; x_wconf 83' lang='lat' dir='ltr'>metus,</span> <span class='ocrx_word' id='word_1_658' title='bbox 1518 2309 1613 2341; x_wconf 86' lang='lat' dir='ltr'>spes,</span> <span class='ocrx_word' id='word_1_659' title='bbox 1637 2295 1798 2335; x_wconf 84' lang='lat' dir='ltr'>tristitia,</span> <span class='ocrx_word' id='word_1_660' title='bbox 1827 2295 1979 2335; x_wconf 81' lang='lat' dir='ltr'>laetitia,</span> <span class='ocrx_word' id='word_1_661' title='bbox 2008 2295 2070 2332; x_wconf 79' lang='lat' dir='ltr'>ira,</span> <span class='ocrx_word' id='word_1_662' title='bbox 2098 2308 2151 2327; x_wconf 85' lang='lat' dir='ltr'>ze-</span> 
     </span>
     <span class='ocr_line' id='line_1_99' title="bbox 1160 2346 2152 2392; baseline -0.006 -8"><span class='ocrx_word' id='word_1_663' title='bbox 1160 2352 1231 2392; x_wconf 90' lang='lat' dir='ltr'>lus,</span> <span class='ocrx_word' id='word_1_664' title='bbox 1260 2351 1317 2384; x_wconf 89' lang='lat' dir='ltr'>sed</span> <span class='ocrx_word' id='word_1_665' title='bbox 1337 2348 1421 2382; x_wconf 88' lang='lat' dir='ltr'>haec</span> <span class='ocrx_word' id='word_1_666' title='bbox 1437 2350 1581 2382; x_wconf 88' lang='lat' dir='ltr'>fuerunt</span> <span class='ocrx_word' id='word_1_667' title='bbox 1605 2348 1766 2380; x_wconf 88' lang='lat' dir='ltr'>ordinata</span> <span class='ocrx_word' id='word_1_668' title='bbox 1784 2352 1816 2379; x_wconf 89' lang='lat' dir='ltr'>et</span> <span class='ocrx_word' id='word_1_669' title='bbox 1834 2346 1908 2379; x_wconf 88' lang='lat' dir='ltr'>sine</span> <span class='ocrx_word' id='word_1_670' title='bbox 1928 2353 2085 2390; x_wconf 72' lang='lat' dir='ltr'>peccam,</span> <span class='ocrx_word' id='word_1_671' title='bbox 2113 2353 2152 2379; x_wconf 89' lang='lat' dir='ltr'>ut</span> 
     </span>
     <span class='ocr_line' id='line_1_100' title="bbox 1156 2396 2152 2442; baseline -0.007 -6"><span class='ocrx_word' id='word_1_672' title='bbox 1156 2404 1189 2436; x_wconf 74' lang='lat'>2.</span> <span class='ocrx_word' id='word_1_673' title='bbox 1207 2399 1369 2437; x_wconf 87' lang='lat' dir='ltr'>Corinth.</span> <span class='ocrx_word' id='word_1_674' title='bbox 1389 2401 1423 2436; x_wconf 89' lang='lat'>5.</span> <span class='ocrx_word' id='word_1_675' title='bbox 1446 2400 1591 2433; x_wconf 86' lang='lat' dir='ltr'>dicitur:</span> <span class='ocrx_word' id='word_1_676' title='bbox 1621 2396 1714 2432; x_wconf 86' lang='lat' dir='ltr'>Eum</span> <span class='ocrx_word' id='word_1_677' title='bbox 1741 2398 1802 2442; x_wconf 89' lang='lat' dir='ltr'>qui</span> <span class='ocrx_word' id='word_1_678' title='bbox 1821 2409 1894 2430; x_wconf 89' lang='lat' dir='ltr'>non</span> <span class='ocrx_word' id='word_1_679' title='bbox 1910 2397 2011 2430; x_wconf 88' lang='lat' dir='ltr'>novit</span> <span class='ocrx_word' id='word_1_680' title='bbox 2028 2408 2152 2441; x_wconf 80' lang='lat' dir='ltr'>pecca-</span> 
     </span>
     <span class='ocr_line' id='line_1_101' title="bbox 1156 2449 2151 2498; baseline -0.008 -11"><span class='ocrx_word' id='word_1_681' title='bbox 1156 2461 1250 2492; x_wconf 88' lang='lat' dir='ltr'>tum,</span> <span class='ocrx_word' id='word_1_682' title='bbox 1279 2465 1343 2498; x_wconf 86' lang='lat' dir='ltr'>pro</span> <span class='ocrx_word' id='word_1_683' title='bbox 1361 2451 1465 2485; x_wconf 87' lang='lat' dir='ltr'>nohis</span> <span class='ocrx_word' id='word_1_684' title='bbox 1492 2457 1667 2494; x_wconf 75' lang='lat' dir='ltr'>peccatum</span> <span class='ocrx_word' id='word_1_685' title='bbox 1693 2449 1795 2489; x_wconf 80' lang='lat' dir='ltr'>fecit,</span> <span class='ocrx_word' id='word_1_686' title='bbox 1830 2456 1867 2482; x_wconf 87' lang='lat' dir='ltr'>ut</span> <span class='ocrx_word' id='word_1_687' title='bbox 1896 2460 1961 2482; x_wconf 87' lang='lat' dir='ltr'>nos</span> <span class='ocrx_word' id='word_1_688' title='bbox 1988 2449 2151 2481; x_wconf 81' lang='lat' dir='ltr'>fieremus</span> 
     </span>
     <span class='ocr_line' id='line_1_102' title="bbox 1156 2497 2151 2538; baseline -0.009 0"><span class='ocrx_word' id='word_1_689' title='bbox 1156 2504 1293 2538; x_wconf 88' lang='lat' dir='ltr'>iusticia</span> <span class='ocrx_word' id='word_1_690' title='bbox 1311 2503 1377 2537; x_wconf 89' lang='lat' dir='ltr'>Dei</span> <span class='ocrx_word' id='word_1_691' title='bbox 1396 2503 1432 2535; x_wconf 91' lang='lat' dir='ltr'>in</span> <span class='ocrx_word' id='word_1_692' title='bbox 1449 2514 1501 2536; x_wconf 89' lang='lat' dir='ltr'>eo.</span> <span class='ocrx_word' id='word_1_693' title='bbox 1555 2499 1600 2534; x_wconf 81' lang='lat' dir='ltr'>Et</span> <span class='ocrx_word' id='word_1_694' title='bbox 1619 2502 1660 2533; x_wconf 90' lang='lat' dir='ltr'>ad</span> <span class='ocrx_word' id='word_1_695' title='bbox 1681 2499 1839 2533; x_wconf 78' lang='lat' dir='ltr'>Ebraeos</span> <span class='ocrx_word' id='word_1_696' title='bbox 1860 2498 1911 2535; x_wconf 82' lang='lat'>4.:</span> <span class='ocrx_word' id='word_1_697' title='bbox 1944 2498 2024 2532; x_wconf 88' lang='lat' dir='ltr'>Non</span> <span class='ocrx_word' id='word_1_698' title='bbox 2043 2497 2151 2531; x_wconf 84' lang='lat' dir='ltr'>habe-</span> 
     </span>
     <span class='ocr_line' id='line_1_103' title="bbox 1157 2550 2151 2600; baseline -0.008 -11"><span class='ocrx_word' id='word_1_699' title='bbox 1157 2568 1234 2589; x_wconf 88' lang='lat' dir='ltr'>mus</span> <span class='ocrx_word' id='word_1_700' title='bbox 1251 2553 1454 2600; x_wconf 84' lang='lat' dir='ltr'>pontificem</span> <span class='ocrx_word' id='word_1_701' title='bbox 1474 2552 1535 2597; x_wconf 88' lang='lat' dir='ltr'>qui</span> <span class='ocrx_word' id='word_1_702' title='bbox 1555 2564 1626 2585; x_wconf 91' lang='grc'><strong>11011</strong></span> <span class='ocrx_word' id='word_1_703' title='bbox 1653 2552 1758 2596; x_wconf 74' lang='lat' dir='ltr'>possit</span> <span class='ocrx_word' id='word_1_704' title='bbox 1781 2551 1931 2595; x_wconf 86' lang='lat' dir='ltr'>compati</span> <span class='ocrx_word' id='word_1_705' title='bbox 1962 2550 2151 2583; x_wconf 76' lang='lat' dir='ltr'>infirmita—</span> 
     </span>
     <span class='ocr_line' id='line_1_104' title="bbox 1156 2601 2153 2647; baseline -0.008 -6"><span class='ocrx_word' id='word_1_706' title='bbox 1156 2608 1250 2641; x_wconf 86' lang='lat' dir='ltr'>tibus</span> <span class='ocrx_word' id='word_1_707' title='bbox 1274 2606 1423 2644; x_wconf 83' lang='lat' dir='ltr'>nostris,</span> <span class='ocrx_word' id='word_1_708' title='bbox 1457 2611 1629 2638; x_wconf 83' lang='lat' dir='ltr'>tentatum</span> <span class='ocrx_word' id='word_1_709' title='bbox 1657 2610 1773 2636; x_wconf 83' lang='lat' dir='ltr'>autem</span> <span class='ocrx_word' id='word_1_710' title='bbox 1798 2614 1860 2647; x_wconf 91' lang='lat' dir='ltr'>per</span> <span class='ocrx_word' id='word_1_711' title='bbox 1886 2601 2004 2635; x_wconf 84' lang='lat' dir='ltr'>omnia</span> <span class='ocrx_word' id='word_1_712' title='bbox 2028 2613 2153 2635; x_wconf 88' lang='lat' dir='ltr'>secun-</span> 
     </span>
     <span class='ocr_line' id='line_1_105' title="bbox 1155 2651 2151 2698; baseline -0.008 -6"><span class='ocrx_word' id='word_1_713' title='bbox 1155 2661 1240 2692; x_wconf 89' lang='lat' dir='ltr'>dum</span> <span class='ocrx_word' id='word_1_714' title='bbox 1259 2655 1528 2690; x_wconf 86' lang='lat' dir='ltr'>similitudinem</span> <span class='ocrx_word' id='word_1_715' title='bbox 1554 2661 1711 2688; x_wconf 87' lang='lat' dir='ltr'>nostram</span> <span class='ocrx_word' id='word_1_716' title='bbox 1736 2654 1810 2687; x_wconf 84' lang='lat' dir='ltr'>sine</span> <span class='ocrx_word' id='word_1_717' title='bbox 1835 2660 1985 2698; x_wconf 82' lang='lat' dir='ltr'>peccato.</span> <span class='ocrx_word' id='word_1_718' title='bbox 2040 2651 2151 2685; x_wconf 45' lang='lat' dir='ltr'>Acce„</span> 
     </span>
     <span class='ocr_line' id='line_1_106' title="bbox 1156 2705 1757 2752; baseline -0.007 -8"><span class='ocrx_word' id='word_1_719' title='bbox 1156 2712 1282 2744; x_wconf 86' lang='lat' dir='ltr'>damus</span> <span class='ocrx_word' id='word_1_720' title='bbox 1300 2708 1408 2752; x_wconf 83' lang='lat' dir='ltr'>igitur</span> <span class='ocrx_word' id='word_1_721' title='bbox 1423 2719 1501 2740; x_wconf 90' lang='lat' dir='ltr'>cum</span> <span class='ocrx_word' id='word_1_722' title='bbox 1520 2705 1646 2740; x_wconf 79' lang='lat' dir='ltr'>fiducia</span> <span class='ocrx_word' id='word_1_723' title='bbox 1659 2731 1668 2744; x_wconf 85' lang='lat'>,</span> <span class='ocrx_word' id='word_1_724' title='bbox 1697 2712 1757 2740; x_wconf 83' lang='lat' dir='ltr'>etc.</span> 
     </span>
    </p>
   </div>
  </div>
 </body>
</html>
