<?xml version="1.0" encoding="UTF-8"?>
<!DOCTYPE html PUBLIC "-//W3C//DTD XHTML 1.0 Transitional//EN"
    "http://www.w3.org/TR/xhtml1/DTD/xhtml1-transitional.dtd">
<html xmlns="http://www.w3.org/1999/xhtml" xml:lang="en" lang="en">
 <head>
  <title>
</title>
<meta http-equiv="Content-Type" content="text/html;charset=utf-8" />
  <meta name='ocr-system' content='tesseract 3.04.00' />
  <meta name='ocr-capabilities' content='ocr_page ocr_carea ocr_par ocr_line ocrx_word'/>
</head>
<body>
  <div class='ocr_page' id='page_1' title='image "./operaquaesupersu15melauoft/operaquaesupersu15melauoft_0672.png"; bbox 0 0 2415 2942; ppageno 0'>
   <div class='ocr_carea' id='block_1_1' title="bbox 231 101 323 136">
    <p class='ocr_par' dir='ltr' id='par_1_1' title="bbox 231 101 323 136">
     <span class='ocr_line' id='line_1_1' title="bbox 231 101 323 136; baseline -0.011 0"><span class='ocrx_word' id='word_1_1' title='bbox 231 101 323 136; x_wconf 69' lang='lat'>1327</span> 
     </span>
    </p>
   </div>
   <div class='ocr_carea' id='block_1_2' title="bbox 824 84 1660 124">
    <p class='ocr_par' dir='ltr' id='par_1_2' title="bbox 824 84 1660 124">
     <span class='ocr_line' id='line_1_2' title="bbox 824 84 1660 124; baseline -0.002 -2"><span class='ocrx_word' id='word_1_2' title='bbox 824 87 950 124; x_wconf 75' lang='lat' dir='ltr'>PlllL.</span> <span class='ocrx_word' id='word_1_3' title='bbox 978 85 1094 122; x_wconf 77' lang='lat' dir='ltr'>MEL.</span> <span class='ocrx_word' id='word_1_4' title='bbox 1121 85 1329 122; x_wconf 69' lang='lat' dir='ltr'>SCRH‘TA</span> <span class='ocrx_word' id='word_1_5' title='bbox 1358 84 1660 121; x_wconf 74' lang='lat' dir='ltr'>ExEGE&#39;rtcA.</span> 
     </span>
    </p>
   </div>
   <div class='ocr_carea' id='block_1_3' title="bbox 2169 85 2263 121">
    <p class='ocr_par' dir='ltr' id='par_1_3' title="bbox 2169 85 2263 121">
     <span class='ocr_line' id='line_1_3' title="bbox 2169 85 2263 121; baseline 0.011 -3"><span class='ocrx_word' id='word_1_6' title='bbox 2169 85 2263 121; x_wconf 76' lang='lat'>1328</span> 
     </span>
    </p>
   </div>
   <div class='ocr_carea' id='block_1_4' title="bbox 227 172 2268 230">
    <p class='ocr_par' dir='ltr' id='par_1_4' title="bbox 227 172 2268 230">
     <span class='ocr_line' id='line_1_4' title="bbox 227 172 2268 230; baseline -0.013 -8"><span class='ocrx_word' id='word_1_7' title='bbox 227 190 347 230; x_wconf 69' lang='lat' dir='ltr'>gibus,</span> <span class='ocrx_word' id='word_1_8' title='bbox 389 186 463 219; x_wconf 84' lang='lat' dir='ltr'>sine</span> <span class='ocrx_word' id='word_1_9' title='bbox 502 178 709 223; x_wconf 78' lang='lat' dir='ltr'>disciplina,</span> <span class='ocrx_word' id='word_1_10' title='bbox 750 175 825 209; x_wconf 89' lang='lat' dir='ltr'>sine</span> <span class='ocrx_word' id='word_1_11' title='bbox 860 174 1042 216; x_wconf 82' lang='lat' dir='ltr'>doctrina,</span> <span class='ocrx_word' id='word_1_12' title='bbox 1077 179 1222 219; x_wconf 80' lang='lat' dir='ltr'>propter</span> <span class='ocrx_word' id='word_1_13' title='bbox 1273 173 1473 207; x_wconf 77' lang='lat' dir='ltr'>occasiones</span> <span class='ocrx_word' id='word_1_14' title='bbox 1497 172 1678 217; x_wconf 85' lang='lat' dir='ltr'>lapsuum,</span> <span class='ocrx_word' id='word_1_15' title='bbox 1713 180 1744 206; x_wconf 82' lang='lat' dir='ltr'>et</span> <span class='ocrx_word' id='word_1_16' title='bbox 1769 180 1989 207; x_wconf 59' lang='lat' dir='ltr'>coerceamus</span> <span class='ocrx_word' id='word_1_17' title='bbox 2014 178 2130 206; x_wconf 52' lang='lat' dir='ltr'>nostra</span> <span class='ocrx_word' id='word_1_18' title='bbox 2159 183 2268 204; x_wconf 61' lang='lat' dir='ltr'>mem.</span> 
     </span>
    </p>
   </div>
   <div class='ocr_carea' id='block_1_5' title="bbox 230 228 770 278">
    <p class='ocr_par' dir='ltr' id='par_1_5' title="bbox 230 228 770 278">
     <span class='ocr_line' id='line_1_5' title="bbox 230 228 770 278; baseline -0.02 -5"><span class='ocrx_word' id='word_1_19' title='bbox 230 240 342 278; x_wconf 87' lang='lat' dir='ltr'>idola,</span> <span class='ocrx_word' id='word_1_20' title='bbox 371 235 527 269; x_wconf 79' lang='lat' dir='ltr'>haereses</span> <span class='ocrx_word' id='word_1_21' title='bbox 543 238 576 264; x_wconf 86' lang='lat' dir='ltr'>et</span> <span class='ocrx_word' id='word_1_22' title='bbox 592 228 770 262; x_wconf 75' lang='lat' dir='ltr'>libidines,</span> 
     </span>
    </p>
   </div>
   <div class='ocr_carea' id='block_1_6' title="bbox 233 290 1233 806">
    <p class='ocr_par' dir='ltr' id='par_1_6' title="bbox 233 290 1233 806">
     <span class='ocr_line' id='line_1_6' title="bbox 332 290 1223 342; baseline -0.018 -5"><span class='ocrx_word' id='word_1_23' title='bbox 332 304 473 338; x_wconf 86' lang='lat' dir='ltr'>Horum</span> <span class='ocrx_word' id='word_1_24' title='bbox 507 297 789 333; x_wconf 85' lang='lat' dir='ltr'>tristissimorum</span> <span class='ocrx_word' id='word_1_25' title='bbox 819 293 1062 342; x_wconf 85' lang='lat' dir='ltr'>exemplorum</span> <span class='ocrx_word' id='word_1_26' title='bbox 1091 290 1223 334; x_wconf 80' lang='lat' dir='ltr'>cogita-</span> 
     </span>
     <span class='ocr_line' id='line_1_7' title="bbox 233 341 1226 392; baseline -0.018 -1"><span class='ocrx_word' id='word_1_27' title='bbox 233 359 329 392; x_wconf 88' lang='lat' dir='ltr'>tione</span> <span class='ocrx_word' id='word_1_28' title='bbox 355 365 420 387; x_wconf 91' lang='lat' dir='ltr'>nos</span> <span class='ocrx_word' id='word_1_29' title='bbox 443 350 690 388; x_wconf 79' lang='lat' dir='ltr'>exuscitemus,</span> <span class='ocrx_word' id='word_1_30' title='bbox 727 353 765 379; x_wconf 86' lang='lat' dir='ltr'>ut</span> <span class='ocrx_word' id='word_1_31' title='bbox 789 345 896 378; x_wconf 91' lang='lat' dir='ltr'>simus</span> <span class='ocrx_word' id='word_1_32' title='bbox 921 343 1163 388; x_wconf 73' lang='lat' dir='ltr'>vigilantiores</span> <span class='ocrx_word' id='word_1_33' title='bbox 1188 341 1226 373; x_wconf 89' lang='lat' dir='ltr'>in</span> 
     </span>
     <span class='ocr_line' id='line_1_8' title="bbox 235 392 1228 441; baseline -0.018 0"><span class='ocrx_word' id='word_1_34' title='bbox 235 408 363 441; x_wconf 85' lang='lat' dir='ltr'>tuenda</span> <span class='ocrx_word' id='word_1_35' title='bbox 384 416 464 437; x_wconf 89' lang='lat' dir='ltr'>vera</span> <span class='ocrx_word' id='word_1_36' title='bbox 481 401 641 435; x_wconf 87' lang='lat' dir='ltr'>doctrina</span> <span class='ocrx_word' id='word_1_37' title='bbox 656 426 665 440; x_wconf 91' lang='lat'>‚</span> <span class='ocrx_word' id='word_1_38' title='bbox 694 398 730 431; x_wconf 93' lang='lat' dir='ltr'>in</span> <span class='ocrx_word' id='word_1_39' title='bbox 750 409 828 429; x_wconf 82' lang='lat' dir='ltr'>vera</span> <span class='ocrx_word' id='word_1_40' title='bbox 847 395 1089 434; x_wconf 84' lang='lat' dir='ltr'>invocatione,</span> <span class='ocrx_word' id='word_1_41' title='bbox 1116 400 1148 426; x_wconf 80' lang='lat' dir='ltr'>et</span> <span class='ocrx_word' id='word_1_42' title='bbox 1173 392 1228 424; x_wconf 90' lang='lat' dir='ltr'>vi-</span> 
     </span>
     <span class='ocr_line' id='line_1_9' title="bbox 235 443 1226 500; baseline -0.017 -8"><span class='ocrx_word' id='word_1_43' title='bbox 235 458 352 493; x_wconf 87' lang='lat' dir='ltr'>tandis</span> <span class='ocrx_word' id='word_1_44' title='bbox 385 450 663 500; x_wconf 72' lang='lat' dir='ltr'>inquinamentis</span> <span class='ocrx_word' id='word_1_45' title='bbox 686 448 891 482; x_wconf 81' lang='lat' dir='ltr'>libidinum.</span> <span class='ocrx_word' id='word_1_46' title='bbox 954 443 1226 488; x_wconf 85' lang='lat' dir='ltr'>Circumspicia-</span> 
     </span>
     <span class='ocr_line' id='line_1_10' title="bbox 236 498 1229 551; baseline -0.017 -8"><span class='ocrx_word' id='word_1_47' title='bbox 236 521 313 543; x_wconf 82' lang='lat' dir='ltr'>mus</span> <span class='ocrx_word' id='word_1_48' title='bbox 331 508 434 541; x_wconf 87' lang='lat' dir='ltr'>etiam</span> <span class='ocrx_word' id='word_1_49' title='bbox 453 503 677 550; x_wconf 86' lang='lat' dir='ltr'>quotidianas</span> <span class='ocrx_word' id='word_1_50' title='bbox 694 510 838 544; x_wconf 87' lang='lat' dir='ltr'>poenas:</span> <span class='ocrx_word' id='word_1_51' title='bbox 868 498 1000 530; x_wconf 81' lang='lat' dir='ltr'>multae</span> <span class='ocrx_word' id='word_1_52' title='bbox 1027 506 1173 539; x_wconf 81' lang='lat' dir='ltr'>magnae</span> <span class='ocrx_word' id='word_1_53' title='bbox 1198 500 1229 551; x_wconf 79' lang='lat' dir='ltr'>et</span> 
     </span>
     <span class='ocr_line' id='line_1_11' title="bbox 236 546 1229 605; baseline -0.018 -12"><span class='ocrx_word' id='word_1_54' title='bbox 236 571 365 605; x_wconf 85' lang='lat' dir='ltr'>parvae</span> <span class='ocrx_word' id='word_1_55' title='bbox 383 556 537 591; x_wconf 82' lang='lat' dir='ltr'>familiae</span> <span class='ocrx_word' id='word_1_56' title='bbox 557 552 715 598; x_wconf 87' lang='lat' dir='ltr'>quotidie</span> <span class='ocrx_word' id='word_1_57' title='bbox 743 556 949 584; x_wconf 86' lang='lat' dir='ltr'>evertuntur</span> <span class='ocrx_word' id='word_1_58' title='bbox 978 554 1121 591; x_wconf 83' lang='lat' dir='ltr'>propter</span> <span class='ocrx_word' id='word_1_59' title='bbox 1149 546 1229 578; x_wconf 82' lang='lat' dir='ltr'>libi-</span> 
     </span>
     <span class='ocr_line' id='line_1_12' title="bbox 238 596 1229 645; baseline -0.017 -1"><span class='ocrx_word' id='word_1_60' title='bbox 238 613 362 644; x_wconf 82' lang='lat' dir='ltr'>dinum</span> <span class='ocrx_word' id='word_1_61' title='bbox 393 605 628 641; x_wconf 86' lang='lat' dir='ltr'>confusiones.</span> <span class='ocrx_word' id='word_1_62' title='bbox 690 601 810 645; x_wconf 85' lang='lat' dir='ltr'>Quare</span> <span class='ocrx_word' id='word_1_63' title='bbox 837 600 1027 633; x_wconf 85' lang='lat' dir='ltr'>castitatem</span> <span class='ocrx_word' id='word_1_64' title='bbox 1058 599 1112 640; x_wconf 86' lang='lat' dir='ltr'>pie</span> <span class='ocrx_word' id='word_1_65' title='bbox 1140 596 1229 629; x_wconf 87' lang='lat' dir='ltr'>tueri</span> 
     </span>
     <span class='ocr_line' id='line_1_13' title="bbox 239 647 1232 699; baseline -0.021 -3"><span class='ocrx_word' id='word_1_66' title='bbox 239 663 459 699; x_wconf 85' lang='lat' dir='ltr'>studeamus,</span> <span class='ocrx_word' id='word_1_67' title='bbox 490 664 563 690; x_wconf 88' lang='lat' dir='ltr'>tum</span> <span class='ocrx_word' id='word_1_68' title='bbox 582 656 617 688; x_wconf 89' lang='lat' dir='ltr'>in</span> <span class='ocrx_word' id='word_1_69' title='bbox 635 653 819 695; x_wconf 82' lang='lat' dir='ltr'>coniugio,</span> <span class='ocrx_word' id='word_1_70' title='bbox 849 659 921 684; x_wconf 84' lang='lat' dir='ltr'>tum</span> <span class='ocrx_word' id='word_1_71' title='bbox 942 650 977 682; x_wconf 92' lang='lat' dir='ltr'>in</span> <span class='ocrx_word' id='word_1_72' title='bbox 998 649 1067 682; x_wconf 83' lang='lat' dir='ltr'>vita</span> <span class='ocrx_word' id='word_1_73' title='bbox 1088 647 1232 681; x_wconf 64' lang='lat' dir='ltr'>coelibe.</span> 
     </span>
     <span class='ocr_line' id='line_1_14' title="bbox 240 702 970 754; baseline -0.021 -7"><span class='ocrx_word' id='word_1_74' title='bbox 240 713 303 747; x_wconf 87' lang='lat' dir='ltr'>Est</span> <span class='ocrx_word' id='word_1_75' title='bbox 321 712 424 745; x_wconf 87' lang='lat' dir='ltr'>etiam</span> <span class='ocrx_word' id='word_1_76' title='bbox 446 708 617 754; x_wconf 81' lang='lat' dir='ltr'>quaedam</span> <span class='ocrx_word' id='word_1_77' title='bbox 644 704 766 739; x_wconf 78' lang='lat' dir='ltr'>aetatis</span> <span class='ocrx_word' id='word_1_78' title='bbox 788 702 970 740; x_wconf 82' lang='lat' dir='ltr'>teneritas,</span> 
     </span>
     <span class='ocr_line' id='line_1_15' title="bbox 239 750 1233 806; baseline -0.018 -9"><span class='ocrx_word' id='word_1_79' title='bbox 239 764 340 798; x_wconf 76' lang='lat' dir='ltr'>facile</span> <span class='ocrx_word' id='word_1_80' title='bbox 356 769 467 806; x_wconf 87' lang='lat' dir='ltr'>potest</span> <span class='ocrx_word' id='word_1_81' title='bbox 486 759 635 792; x_wconf 87' lang='lat' dir='ltr'>retinere</span> <span class='ocrx_word' id='word_1_82' title='bbox 659 755 865 800; x_wconf 82' lang='lat' dir='ltr'>puritatem,</span> <span class='ocrx_word' id='word_1_83' title='bbox 901 752 927 784; x_wconf 89' lang='lat' dir='ltr'>si</span> <span class='ocrx_word' id='word_1_84' title='bbox 954 752 1037 785; x_wconf 80' lang='lat' dir='ltr'>vitet</span> <span class='ocrx_word' id='word_1_85' title='bbox 1060 750 1150 783; x_wconf 85' lang='lat' dir='ltr'>mala</span> <span class='ocrx_word' id='word_1_86' title='bbox 1178 760 1233 780; x_wconf 90' lang='lat' dir='ltr'>so-</span> 
     </span>
    </p>
   </div>
   <div class='ocr_carea' id='block_1_7' title="bbox 240 784 1888 848">
    <p class='ocr_par' dir='ltr' id='par_1_7' title="bbox 240 784 1888 848">
     <span class='ocr_line' id='line_1_16' title="bbox 240 784 1888 848; baseline -0.019 0"><span class='ocrx_word' id='word_1_87' title='bbox 240 814 361 848; x_wconf 84' lang='lat' dir='ltr'>dalitia</span> <span class='ocrx_word' id='word_1_88' title='bbox 382 819 415 845; x_wconf 86' lang='lat' dir='ltr'>et</span> <span class='ocrx_word' id='word_1_89' title='bbox 432 809 685 846; x_wconf 84' lang='lat' dir='ltr'>helluationes,</span> <span class='ocrx_word' id='word_1_90' title='bbox 713 813 746 839; x_wconf 91' lang='lat' dir='ltr'>et</span> <span class='ocrx_word' id='word_1_91' title='bbox 763 806 804 837; x_wconf 88' lang='lat' dir='ltr'>ad</span> <span class='ocrx_word' id='word_1_92' title='bbox 824 803 1047 836; x_wconf 81' lang='lat' dir='ltr'>sobrietatem</span> <span class='ocrx_word' id='word_1_93' title='bbox 1067 814 1103 833; x_wconf 83' lang='lat' dir='ltr'>ac</span> <span class='ocrx_word' id='word_1_94' title='bbox 1123 801 1162 832; x_wconf 89' lang='lat' dir='ltr'>ad</span> <span class='ocrx_word' id='word_1_95' title='bbox 1184 800 1234 831; x_wconf 84' lang='lat' dir='ltr'>la-</span> <span class='ocrx_word' id='word_1_96' title='bbox 1259 801 1261 841; x_wconf 70' lang='grc' dir='ltr'><strong>ξ</strong></span> <span class='ocrx_word' id='word_1_97' title='bbox 1284 785 1392 827; x_wconf 62' lang='grc' dir='ltr'><strong>(ῘΙΧῖἶ,</strong></span> <span class='ocrx_word' id='word_1_98' title='bbox 1430 784 1558 826; x_wconf 53' lang='lat' dir='ltr'>Legem</span> <span class='ocrx_word' id='word_1_99' title='bbox 1587 792 1777 830; x_wconf 60' lang='lat' dir='ltr'>tyrannum</span> <span class='ocrx_word' id='word_1_100' title='bbox 1805 796 1888 817; x_wconf 83' lang='lat' dir='ltr'>esse.</span> 
     </span>
    </p>
   </div>
   <div class='ocr_carea' id='block_1_8' title="bbox 240 850 1234 956">
    <p class='ocr_par' dir='ltr' id='par_1_8' title="bbox 240 850 1234 956">
     <span class='ocr_line' id='line_1_17' title="bbox 240 850 1234 900; baseline -0.016 -2"><span class='ocrx_word' id='word_1_101' title='bbox 240 868 344 899; x_wconf 81' lang='lat' dir='ltr'>bores</span> <span class='ocrx_word' id='word_1_102' title='bbox 375 861 540 896; x_wconf 79' lang='lat' dir='ltr'>honestos</span> <span class='ocrx_word' id='word_1_103' title='bbox 574 860 737 900; x_wconf 81' lang='lat' dir='ltr'>adiungat</span> <span class='ocrx_word' id='word_1_104' title='bbox 765 854 1012 895; x_wconf 69' lang='lat' dir='ltr'>cogitationem</span> <span class='ocrx_word' id='word_1_105' title='bbox 1035 854 1077 885; x_wconf 90' lang='lat' dir='ltr'>de</span> <span class='ocrx_word' id='word_1_106' title='bbox 1102 850 1234 884; x_wconf 81' lang='lat' dir='ltr'>iudicio</span> 
     </span>
     <span class='ocr_line' id='line_1_18' title="bbox 240 907 949 956; baseline -0.02 -7"><span class='ocrx_word' id='word_1_107' title='bbox 240 917 327 956; x_wconf 85' lang='lat' dir='ltr'>Dei,</span> <span class='ocrx_word' id='word_1_108' title='bbox 356 921 389 948; x_wconf 87' lang='lat' dir='ltr'>et</span> <span class='ocrx_word' id='word_1_109' title='bbox 413 915 455 945; x_wconf 89' lang='lat' dir='ltr'>de</span> <span class='ocrx_word' id='word_1_110' title='bbox 473 911 613 956; x_wconf 83' lang='lat' dir='ltr'>poenis,</span> <span class='ocrx_word' id='word_1_111' title='bbox 640 916 670 941; x_wconf 82' lang='lat' dir='ltr'>et</span> <span class='ocrx_word' id='word_1_112' title='bbox 697 907 949 952; x_wconf 81' lang='lat' dir='ltr'>precationem,</span> 
     </span>
    </p>
   </div>
   <div class='ocr_carea' id='block_1_9' title="bbox 1274 222 2273 674">
    <p class='ocr_par' dir='ltr' id='par_1_9' title="bbox 1274 222 2267 313">
     <span class='ocr_line' id='line_1_19' title="bbox 1274 222 2267 268; baseline -0.004 -9"><span class='ocrx_word' id='word_1_113' title='bbox 1274 226 1351 265; x_wconf 82' lang='lat' dir='ltr'>bra,</span> <span class='ocrx_word' id='word_1_114' title='bbox 1377 224 1465 257; x_wconf 86' lang='lat' dir='ltr'>sicut</span> <span class='ocrx_word' id='word_1_115' title='bbox 1484 223 1617 256; x_wconf 89' lang='lat' dir='ltr'>Paulus</span> <span class='ocrx_word' id='word_1_116' title='bbox 1638 223 1753 268; x_wconf 83' lang='lat' dir='ltr'>inquit</span> <span class='ocrx_word' id='word_1_117' title='bbox 1774 222 1903 267; x_wconf 83' lang='lat' dir='ltr'>Ephes.</span> <span class='ocrx_word' id='word_1_118' title='bbox 1921 224 1972 259; x_wconf 86' lang='lat'>5.:</span> <span class='ocrx_word' id='word_1_119' title='bbox 2003 223 2192 257; x_wconf 75' lang='lat' dir='ltr'>Ambulate</span> <span class='ocrx_word' id='word_1_120' title='bbox 2210 235 2267 255; x_wconf 86' lang='lat' dir='ltr'>ac-</span> 
     </span>
     <span class='ocr_line' id='line_1_20' title="bbox 1278 275 1690 313; baseline 0 -4"><span class='ocrx_word' id='word_1_121' title='bbox 1278 282 1396 309; x_wconf 85' lang='lat' dir='ltr'>curate</span> <span class='ocrx_word' id='word_1_122' title='bbox 1410 302 1418 313; x_wconf 87' lang='lat'>,</span> <span class='ocrx_word' id='word_1_123' title='bbox 1444 287 1516 307; x_wconf 85' lang='lat' dir='ltr'>non</span> <span class='ocrx_word' id='word_1_124' title='bbox 1535 281 1574 308; x_wconf 86' lang='lat' dir='ltr'>ut</span> <span class='ocrx_word' id='word_1_125' title='bbox 1589 275 1690 309; x_wconf 80' lang='lat' dir='ltr'>fatui.</span> 
     </span>
    </p>

    <p class='ocr_par' dir='ltr' id='par_1_10' title="bbox 1277 324 2273 674">
     <span class='ocr_line' id='line_1_21' title="bbox 1380 324 2267 368; baseline -0.003 -8"><span class='ocrx_word' id='word_1_126' title='bbox 1380 325 1475 360; x_wconf 83' lang='lat' dir='ltr'>Utile</span> <span class='ocrx_word' id='word_1_127' title='bbox 1493 333 1543 359; x_wconf 87' lang='lat' dir='ltr'>est</span> <span class='ocrx_word' id='word_1_128' title='bbox 1558 332 1650 359; x_wconf 84' lang='lat' dir='ltr'>recte</span> <span class='ocrx_word' id='word_1_129' title='bbox 1673 325 1869 368; x_wconf 84' lang='lat' dir='ltr'>intelligere</span> <span class='ocrx_word' id='word_1_130' title='bbox 1891 324 2142 368; x_wconf 68' lang='lat' dir='ltr'>appellationes</span> <span class='ocrx_word' id='word_1_131' title='bbox 2158 328 2267 357; x_wconf 86' lang='lat' dir='ltr'>virtu-</span> 
     </span>
     <span class='ocr_line' id='line_1_22' title="bbox 1277 376 2269 418; baseline -0.004 -7"><span class='ocrx_word' id='word_1_132' title='bbox 1277 385 1371 418; x_wconf 87' lang='lat' dir='ltr'>tum,</span> <span class='ocrx_word' id='word_1_133' title='bbox 1410 383 1442 410; x_wconf 91' lang='lat' dir='ltr'>et</span> <span class='ocrx_word' id='word_1_134' title='bbox 1468 377 1510 410; x_wconf 88' lang='lat' dir='ltr'>de</span> <span class='ocrx_word' id='word_1_135' title='bbox 1536 388 1655 410; x_wconf 88' lang='lat' dir='ltr'>earum</span> <span class='ocrx_word' id='word_1_136' title='bbox 1682 377 1856 413; x_wconf 78' lang='lat' dir='ltr'>fontibus,</span> <span class='ocrx_word' id='word_1_137' title='bbox 1892 376 2016 408; x_wconf 76' lang='lat' dir='ltr'>officiis</span> <span class='ocrx_word' id='word_1_138' title='bbox 2044 383 2075 408; x_wconf 88' lang='lat' dir='ltr'>et</span> <span class='ocrx_word' id='word_1_139' title='bbox 2100 376 2269 418; x_wconf 71' lang='lat' dir='ltr'>dignitate</span> 
     </span>
     <span class='ocr_line' id='line_1_23' title="bbox 1279 425 2267 472; baseline -0.002 -11"><span class='ocrx_word' id='word_1_140' title='bbox 1279 440 1380 472; x_wconf 87' lang='lat' dir='ltr'>saepe</span> <span class='ocrx_word' id='word_1_141' title='bbox 1398 427 1561 470; x_wconf 80' lang='lat' dir='ltr'>cogitare.</span> <span class='ocrx_word' id='word_1_142' title='bbox 1616 426 1655 460; x_wconf 93' lang='lat' dir='ltr'>In</span> <span class='ocrx_word' id='word_1_143' title='bbox 1682 425 1746 460; x_wconf 76' lang='lat' dir='ltr'>hac</span> <span class='ocrx_word' id='word_1_144' title='bbox 1773 427 2013 460; x_wconf 70' lang='lat' dir='ltr'>imbecillitate.</span> <span class='ocrx_word' id='word_1_145' title='bbox 2031 433 2175 459; x_wconf 88' lang='lat' dir='ltr'>naturae</span> <span class='ocrx_word' id='word_1_146' title='bbox 2196 437 2267 459; x_wconf 91' lang='lat' dir='ltr'>non</span> 
     </span>
     <span class='ocr_line' id='line_1_24' title="bbox 1280 477 2271 524; baseline -0.002 -13"><span class='ocrx_word' id='word_1_147' title='bbox 1280 479 1451 519; x_wconf 80' lang='lat' dir='ltr'>videmus,</span> <span class='ocrx_word' id='word_1_148' title='bbox 1478 485 1629 524; x_wconf 84' lang='lat' dir='ltr'>quantae</span> <span class='ocrx_word' id='word_1_149' title='bbox 1653 491 1706 512; x_wconf 82' lang='lat' dir='ltr'>res</span> <span class='ocrx_word' id='word_1_150' title='bbox 1730 479 1797 510; x_wconf 89' lang='lat' dir='ltr'>sint</span> <span class='ocrx_word' id='word_1_151' title='bbox 1815 478 2004 518; x_wconf 73' lang='lat' dir='ltr'>sapientia,</span> <span class='ocrx_word' id='word_1_152' title='bbox 2030 478 2175 515; x_wconf 82' lang='lat' dir='ltr'>veritas,</span> <span class='ocrx_word' id='word_1_153' title='bbox 2199 477 2271 510; x_wconf 80' lang='lat' dir='ltr'>vir-</span> 
     </span>
     <span class='ocr_line' id='line_1_25' title="bbox 1281 525 2271 573; baseline -0.002 -10"><span class='ocrx_word' id='word_1_154' title='bbox 1281 538 1346 565; x_wconf 85' lang='lat' dir='ltr'>tus.</span> <span class='ocrx_word' id='word_1_155' title='bbox 1400 529 1469 562; x_wconf 74' lang='lat' dir='ltr'>Nec</span> <span class='ocrx_word' id='word_1_156' title='bbox 1486 536 1626 563; x_wconf 79' lang='lat' dir='ltr'>econtra</span> <span class='ocrx_word' id='word_1_157' title='bbox 1645 531 1727 563; x_wconf 79' lang='lat' dir='ltr'>satis</span> <span class='ocrx_word' id='word_1_158' title='bbox 1745 530 1939 564; x_wconf 76' lang='lat' dir='ltr'>cernimus,</span> <span class='ocrx_word' id='word_1_159' title='bbox 1967 541 2071 573; x_wconf 84' lang='lat' dir='ltr'>quam</span> <span class='ocrx_word' id='word_1_160' title='bbox 2093 525 2271 561; x_wconf 75' lang='lat' dir='ltr'>horrenda</span> 
     </span>
     <span class='ocr_line' id='line_1_26' title="bbox 1282 579 2270 621; baseline -0.002 -7"><span class='ocrx_word' id='word_1_161' title='bbox 1282 581 1371 614; x_wconf 81' lang='lat' dir='ltr'>mala</span> <span class='ocrx_word' id='word_1_162' title='bbox 1397 582 1465 612; x_wconf 86' lang='lat' dir='ltr'>sint</span> <span class='ocrx_word' id='word_1_163' title='bbox 1494 581 1737 621; x_wconf 81' lang='lat' dir='ltr'>mendacium,</span> <span class='ocrx_word' id='word_1_164' title='bbox 1765 580 1879 612; x_wconf 78' lang='lat' dir='ltr'>cultus</span> <span class='ocrx_word' id='word_1_165' title='bbox 1901 579 2100 617; x_wconf 80' lang='lat' dir='ltr'>idolorum,</span> <span class='ocrx_word' id='word_1_166' title='bbox 2130 579 2270 612; x_wconf 86' lang='lat' dir='ltr'>iniusti-</span> 
     </span>
     <span class='ocr_line' id='line_1_27' title="bbox 1283 630 2273 674; baseline 0 -11"><span class='ocrx_word' id='word_1_167' title='bbox 1283 633 1332 666; x_wconf 73' lang='lat' dir='ltr'>ci·</span> <span class='ocrx_word' id='word_1_168' title='bbox 1346 659 1354 671; x_wconf 89' lang='lat'>,</span> <span class='ocrx_word' id='word_1_169' title='bbox 1384 631 1492 674; x_wconf 81' lang='lat' dir='ltr'>pollui</span> <span class='ocrx_word' id='word_1_170' title='bbox 1512 632 1732 666; x_wconf 75' lang='lat' dir='ltr'>libidinibns.</span> <span class='ocrx_word' id='word_1_171' title='bbox 1788 631 1968 664; x_wconf 73' lang='lat' dir='ltr'>Praeterea</span> <span class='ocrx_word' id='word_1_172' title='bbox 1986 637 2046 663; x_wconf 82' lang='lat' dir='ltr'>aut</span> <span class='ocrx_word' id='word_1_173' title='bbox 2069 630 2197 672; x_wconf 81' lang='lat' dir='ltr'>frigide</span> <span class='ocrx_word' id='word_1_174' title='bbox 2214 642 2273 663; x_wconf 88' lang='lat' dir='ltr'>co-</span> 
     </span>
    </p>
   </div>
   <div class='ocr_carea' id='block_1_10' title="bbox 1006 681 2275 744">
    <p class='ocr_par' dir='ltr' id='par_1_11' title="bbox 1006 681 2275 744">
     <span class='ocr_line' id='line_1_28' title="bbox 1006 681 2275 744; baseline -0.004 -25"><span class='ocrx_word' id='word_1_175' title='bbox 1006 712 1094 744; x_wconf 60' lang='lat' dir='ltr'>quffl,</span> <span class='ocrx_word' id='word_1_176' title='bbox 1118 696 1233 730; x_wconf 59' lang='lat' dir='ltr'>adhuc</span> <span class='ocrx_word' id='word_1_177' title='bbox 1257 709 1260 732; x_wconf 78' lang='lat' dir='ltr'>l</span> <span class='ocrx_word' id='word_1_178' title='bbox 1283 684 1432 724; x_wconf 72' lang='lat' dir='ltr'>gitaious</span> <span class='ocrx_word' id='word_1_179' title='bbox 1450 685 1492 714; x_wconf 81' lang='lat' dir='ltr'>de</span> <span class='ocrx_word' id='word_1_180' title='bbox 1512 683 1620 725; x_wconf 79' lang='lat' dir='ltr'>Lege,</span> <span class='ocrx_word' id='word_1_181' title='bbox 1648 690 1706 716; x_wconf 86' lang='lat' dir='ltr'>aut</span> <span class='ocrx_word' id='word_1_182' title='bbox 1737 682 1964 724; x_wconf 76' lang='lat' dir='ltr'>indignamur</span> <span class='ocrx_word' id='word_1_183' title='bbox 1982 693 2043 713; x_wconf 90' lang='lat' dir='ltr'>nos</span> <span class='ocrx_word' id='word_1_184' title='bbox 2063 681 2159 725; x_wconf 86' lang='lat' dir='ltr'>quasi</span> <span class='ocrx_word' id='word_1_185' title='bbox 2179 681 2275 714; x_wconf 86' lang='lat' dir='ltr'>iniu-</span> 
     </span>
    </p>
   </div>
   <div class='ocr_carea' id='block_1_11' title="bbox 1258 730 2276 789">
    <p class='ocr_par' dir='ltr' id='par_1_12' title="bbox 1258 730 2276 789">
     <span class='ocr_line' id='line_1_29' title="bbox 1258 730 2276 789; baseline -0.001 -23"><span class='ocrx_word' id='word_1_186' title='bbox 1258 733 1261 789; x_wconf 45' lang='grc' dir='ltr'><em>Α</em></span> <span class='ocrx_word' id='word_1_187' title='bbox 1283 741 1333 766; x_wconf 91' lang='lat' dir='ltr'>ste</span> <span class='ocrx_word' id='word_1_188' title='bbox 1354 734 1388 765; x_wconf 88' lang='lat' dir='ltr'>in</span> <span class='ocrx_word' id='word_1_189' title='bbox 1409 732 1502 766; x_wconf 89' lang='lat' dir='ltr'>bunc</span> <span class='ocrx_word' id='word_1_190' title='bbox 1521 746 1691 766; x_wconf 76' lang='lat' dir='ltr'>carcerem</span> <span class='ocrx_word' id='word_1_191' title='bbox 1718 733 1874 766; x_wconf 79' lang='lat' dir='ltr'>inclusos</span> <span class='ocrx_word' id='word_1_192' title='bbox 1898 744 1987 772; x_wconf 85' lang='lat' dir='ltr'>esse,</span> <span class='ocrx_word' id='word_1_193' title='bbox 2018 732 2106 765; x_wconf 88' lang='lat' dir='ltr'>sicut</span> <span class='ocrx_word' id='word_1_194' title='bbox 2125 730 2276 775; x_wconf 78' lang='lat' dir='ltr'>Gorgias</span> 
     </span>
    </p>
   </div>
   <div class='ocr_carea' id='block_1_12' title="bbox 1259 872 1262 903">
    <p class='ocr_par' dir='ltr' id='par_1_13' title="bbox 1259 872 1262 903">
     <span class='ocr_line' id='line_1_30' title="bbox 1259 872 1262 888; baseline 0 0"><span class='ocrx_word' id='word_1_195' title='bbox 1259 872 1262 888; x_wconf 80' lang='lat' dir='ltr'>l</span> 
     </span>
     <span class='ocr_line' id='line_1_31' title="bbox 1260 890 1262 903; baseline 0 0"><span class='ocrx_word' id='word_1_196' title='bbox 1260 890 1262 903; x_wconf 96' lang='grc' dir='ltr'>Ι</span> 
     </span>
    </p>
   </div>
   <div class='ocr_carea' id='block_1_13' title="bbox 1260 904 1263 953">
    <p class='ocr_par' dir='ltr' id='par_1_14' title="bbox 1260 904 1263 953">
     <span class='ocr_line' id='line_1_32' title="bbox 1260 904 1263 953; baseline 0 0"><span class='ocrx_word' id='word_1_197' title='bbox 1260 904 1263 953; x_wconf 90' lang='grc' dir='ltr'>Ι</span> 
     </span>
    </p>
   </div>
   <div class='ocr_carea' id='block_1_14' title="bbox 343 970 1263 1017">
    <p class='ocr_par' dir='ltr' id='par_1_15' title="bbox 343 970 1263 1017">
     <span class='ocr_line' id='line_1_33' title="bbox 343 970 1263 1017; baseline -0.016 -2"><span class='ocrx_word' id='word_1_198' title='bbox 343 981 423 1017; x_wconf 75' lang='lat' dir='ltr'>Dixi</span> <span class='ocrx_word' id='word_1_199' title='bbox 465 986 580 1012; x_wconf 89' lang='lat' dir='ltr'>autem</span> <span class='ocrx_word' id='word_1_200' title='bbox 622 977 688 1009; x_wconf 90' lang='lat' dir='ltr'>iam</span> <span class='ocrx_word' id='word_1_201' title='bbox 729 973 772 1007; x_wconf 87' lang='lat' dir='ltr'>de</span> <span class='ocrx_word' id='word_1_202' title='bbox 811 973 934 1016; x_wconf 87' lang='lat' dir='ltr'>poenis</span> <span class='ocrx_word' id='word_1_203' title='bbox 980 970 1263 1015; x_wconf 74' lang='lat' dir='ltr'>corporalibus.³</span> 
     </span>
    </p>
   </div>
   <div class='ocr_carea' id='block_1_15' title="bbox 246 1022 2280 1084">
    <p class='ocr_par' dir='ltr' id='par_1_16' title="bbox 246 1022 2280 1084">
     <span class='ocr_line' id='line_1_34' title="bbox 246 1022 2280 1084; baseline -0 -19"><span class='ocrx_word' id='word_1_204' title='bbox 246 1036 351 1077; x_wconf 81' lang='lat' dir='ltr'>Apud</span> <span class='ocrx_word' id='word_1_205' title='bbox 382 1032 531 1065; x_wconf 86' lang='lat' dir='ltr'>Paulum</span> <span class='ocrx_word' id='word_1_206' title='bbox 564 1025 694 1071; x_wconf 71' lang='lat' dir='ltr'>preS.</span> <span class='ocrx_word' id='word_1_207' title='bbox 721 1026 754 1059; x_wconf 82' lang='lat'>4.</span> <span class='ocrx_word' id='word_1_208' title='bbox 784 1025 818 1057; x_wconf 84' lang='lat' dir='ltr'>fit</span> <span class='ocrx_word' id='word_1_209' title='bbox 853 1023 986 1056; x_wconf 84' lang='lat' dir='ltr'>mentio</span> <span class='ocrx_word' id='word_1_210' title='bbox 1022 1022 1133 1054; x_wconf 91' lang='lat' dir='ltr'>multo</span> <span class='ocrx_word' id='word_1_211' title='bbox 1159 1032 1236 1063; x_wconf 56' lang='lat' dir='ltr'>gfff*-</span> <span class='ocrx_word' id='word_1_212' title='bbox 1262 1026 1264 1064; x_wconf 49' lang='grc' dir='ltr'><strong>ᾖ</strong></span> <span class='ocrx_word' id='word_1_213' title='bbox 1287 1052 1357 1084; x_wconf 83' lang='lat' dir='ltr'>qno</span> <span class='ocrx_word' id='word_1_214' title='bbox 1387 1040 1491 1072; x_wconf 82' lang='lat' dir='ltr'>modo</span> <span class='ocrx_word' id='word_1_215' title='bbox 1516 1050 1746 1082; x_wconf 86' lang='lat' dir='ltr'>agnoscamus</span> <span class='ocrx_word' id='word_1_216' title='bbox 1771 1045 1804 1070; x_wconf 85' lang='lat' dir='ltr'>et</span> <span class='ocrx_word' id='word_1_217' title='bbox 1828 1038 2071 1081; x_wconf 77' lang='lat' dir='ltr'>deploremus,</span> <span class='ocrx_word' id='word_1_218' title='bbox 2105 1044 2137 1070; x_wconf 89' lang='lat' dir='ltr'>et</span> <span class='ocrx_word' id='word_1_219' title='bbox 2156 1038 2280 1070; x_wconf 82' lang='lat' dir='ltr'>consu-</span> 
     </span>
    </p>
   </div>
   <div class='ocr_carea' id='block_1_16' title="bbox 673 1072 1264 1109">
    <p class='ocr_par' dir='ltr' id='par_1_17' title="bbox 673 1072 1264 1109">
     <span class='ocr_line' id='line_1_35' title="bbox 673 1072 1264 1109; baseline -0.01 0"><span class='ocrx_word' id='word_1_220' title='bbox 673 1076 834 1109; x_wconf 67' lang='lat' dir='ltr'>videlicet</span> <span class='ocrx_word' id='word_1_221' title='bbox 871 1073 1046 1107; x_wconf 79' lang='lat' dir='ltr'>coecitatis</span> <span class='ocrx_word' id='word_1_222' title='bbox 1071 1079 1102 1105; x_wconf 89' lang='lat' dir='ltr'>et</span> <span class='ocrx_word' id='word_1_223' title='bbox 1132 1072 1236 1104; x_wconf 91' lang='lat' dir='ltr'>indo-</span> <span class='ocrx_word' id='word_1_224' title='bbox 1262 1094 1264 1106; x_wconf 32' lang='lat' dir='ltr'>,t</span> 
     </span>
    </p>
   </div>
   <div class='ocr_carea' id='block_1_17' title="bbox 243 1088 625 1126">
    <p class='ocr_par' dir='ltr' id='par_1_18' title="bbox 243 1088 625 1126">
     <span class='ocr_line' id='line_1_36' title="bbox 243 1088 625 1126; baseline -0.024 -7"><span class='ocrx_word' id='word_1_225' title='bbox 243 1088 382 1118; x_wconf 87' lang='lat' dir='ltr'>viorum</span> <span class='ocrx_word' id='word_1_226' title='bbox 410 1093 625 1126; x_wconf 84' lang='lat' dir='ltr'>poenarum,</span> 
     </span>
    </p>
   </div>
   <div class='ocr_carea' id='block_1_18' title="bbox 245 1123 1264 1175">
    <p class='ocr_par' dir='ltr' id='par_1_19' title="bbox 245 1123 1264 1175">
     <span class='ocr_line' id='line_1_37' title="bbox 245 1123 1264 1175; baseline -0.017 -5"><span class='ocrx_word' id='word_1_227' title='bbox 245 1136 393 1175; x_wconf 56' lang='lat' dir='ltr'>lamiae,</span> <span class='ocrx_word' id='word_1_228' title='bbox 419 1140 456 1167; x_wconf 92' lang='lat' dir='ltr'>ut</span> <span class='ocrx_word' id='word_1_229' title='bbox 473 1143 551 1165; x_wconf 92' lang='lat' dir='ltr'>cum</span> <span class='ocrx_word' id='word_1_230' title='bbox 569 1127 764 1163; x_wconf 73' lang='lat' dir='ltr'>Ptolomaei</span> <span class='ocrx_word' id='word_1_231' title='bbox 789 1127 952 1167; x_wconf 85' lang='lat' dir='ltr'>polluunt</span> <span class='ocrx_word' id='word_1_232' title='bbox 973 1136 1007 1156; x_wconf 88' lang='lat' dir='ltr'>se</span> <span class='ocrx_word' id='word_1_233' title='bbox 1028 1123 1134 1156; x_wconf 85' lang='lat' dir='ltr'>variis</span> <span class='ocrx_word' id='word_1_234' title='bbox 1158 1135 1235 1155; x_wconf 87' lang='lat' dir='ltr'>mo·</span> <span class='ocrx_word' id='word_1_235' title='bbox 1262 1136 1264 1150; x_wconf 65' lang='lat'><strong><em>;</em></strong></span> 
     </span>
    </p>
   </div>
   <div class='ocr_carea' id='block_1_19' title="bbox 245 1174 1240 1691">
    <p class='ocr_par' dir='ltr' id='par_1_20' title="bbox 245 1174 1240 1691">
     <span class='ocr_line' id='line_1_38' title="bbox 245 1174 1235 1229; baseline -0.015 -9"><span class='ocrx_word' id='word_1_236' title='bbox 245 1189 317 1225; x_wconf 82' lang='lat' dir='ltr'>dis,</span> <span class='ocrx_word' id='word_1_237' title='bbox 345 1193 462 1229; x_wconf 86' lang='lat' dir='ltr'>postea</span> <span class='ocrx_word' id='word_1_238' title='bbox 481 1189 587 1215; x_wconf 88' lang='lat' dir='ltr'>ruunt</span> <span class='ocrx_word' id='word_1_239' title='bbox 605 1179 694 1212; x_wconf 75' lang='lat' dir='ltr'>coeci</span> <span class='ocrx_word' id='word_1_240' title='bbox 717 1179 751 1210; x_wconf 89' lang='lat' dir='ltr'>in</span> <span class='ocrx_word' id='word_1_241' title='bbox 773 1177 961 1210; x_wconf 79' lang='lat' dir='ltr'>domestica</span> <span class='ocrx_word' id='word_1_242' title='bbox 980 1174 1175 1212; x_wconf 78' lang='lat' dir='ltr'>latrocinia,</span> <span class='ocrx_word' id='word_1_243' title='bbox 1203 1180 1235 1206; x_wconf 86' lang='lat' dir='ltr'>et</span> 
     </span>
     <span class='ocr_line' id='line_1_39' title="bbox 246 1227 1237 1279; baseline -0.015 -8"><span class='ocrx_word' id='word_1_244' title='bbox 246 1239 311 1272; x_wconf 88' lang='lat' dir='ltr'>sibi</span> <span class='ocrx_word' id='word_1_245' title='bbox 345 1236 428 1279; x_wconf 89' lang='lat' dir='ltr'>ipsis</span> <span class='ocrx_word' id='word_1_246' title='bbox 461 1233 563 1266; x_wconf 82' lang='lat' dir='ltr'>exitia</span> <span class='ocrx_word' id='word_1_247' title='bbox 595 1236 791 1264; x_wconf 80' lang='lat' dir='ltr'>accersunt:</span> <span class='ocrx_word' id='word_1_248' title='bbox 830 1235 860 1260; x_wconf 86' lang='lat' dir='ltr'>et</span> <span class='ocrx_word' id='word_1_249' title='bbox 884 1235 965 1260; x_wconf 88' lang='lat' dir='ltr'>sunt</span> <span class='ocrx_word' id='word_1_250' title='bbox 991 1227 1025 1258; x_wconf 94' lang='lat' dir='ltr'>in</span> <span class='ocrx_word' id='word_1_251' title='bbox 1049 1231 1237 1268; x_wconf 88' lang='lat' dir='ltr'>conspectu</span> 
     </span>
     <span class='ocr_line' id='line_1_40' title="bbox 247 1273 1238 1331; baseline -0.015 -10"><span class='ocrx_word' id='word_1_252' title='bbox 247 1288 402 1331; x_wconf 75' lang='lat' dir='ltr'>exempla</span> <span class='ocrx_word' id='word_1_253' title='bbox 427 1285 651 1328; x_wconf 70' lang='lat' dir='ltr'>pontificum,</span> <span class='ocrx_word' id='word_1_254' title='bbox 687 1279 959 1313; x_wconf 75' lang='lat' dir='ltr'>sacrificulorum</span> <span class='ocrx_word' id='word_1_255' title='bbox 989 1284 1019 1310; x_wconf 86' lang='lat' dir='ltr'>et</span> <span class='ocrx_word' id='word_1_256' title='bbox 1044 1273 1238 1308; x_wconf 81' lang='lat' dir='ltr'>monacho-</span> 
     </span>
     <span class='ocr_line' id='line_1_41' title="bbox 246 1326 1238 1377; baseline -0.015 -5"><span class='ocrx_word' id='word_1_257' title='bbox 246 1352 345 1377; x_wconf 82' lang='lat' dir='ltr'>rum,</span> <span class='ocrx_word' id='word_1_258' title='bbox 373 1338 420 1370; x_wconf 86' lang='lat' dir='ltr'>ibi</span> <span class='ocrx_word' id='word_1_259' title='bbox 439 1335 670 1368; x_wconf 75' lang='lat' dir='ltr'>dominantur</span> <span class='ocrx_word' id='word_1_260' title='bbox 693 1330 777 1363; x_wconf 86' lang='lat' dir='ltr'>haec</span> <span class='ocrx_word' id='word_1_261' title='bbox 795 1331 864 1361; x_wconf 87' lang='lat' dir='ltr'>duo</span> <span class='ocrx_word' id='word_1_262' title='bbox 888 1329 975 1361; x_wconf 86' lang='lat' dir='ltr'>mala</span> <span class='ocrx_word' id='word_1_263' title='bbox 991 1355 998 1365; x_wconf 79' lang='lat'>,</span> <span class='ocrx_word' id='word_1_264' title='bbox 1022 1326 1180 1360; x_wconf 82' lang='lat' dir='ltr'>Coecitas</span> <span class='ocrx_word' id='word_1_265' title='bbox 1206 1333 1238 1359; x_wconf 87' lang='lat' dir='ltr'>et</span> 
     </span>
     <span class='ocr_line' id='line_1_42' title="bbox 252 1377 1236 1424; baseline -0.014 -2"><span class='ocrx_word' id='word_1_266' title='bbox 252 1388 462 1424; x_wconf 58' lang='lat' dir='ltr'>lue-olentia.</span> <span class='ocrx_word' id='word_1_267' title='bbox 517 1383 666 1418; x_wconf 80' lang='lat' dir='ltr'>Plurimi</span> <span class='ocrx_word' id='word_1_268' title='bbox 691 1388 773 1413; x_wconf 83' lang='lat' dir='ltr'>sunt</span> <span class='ocrx_word' id='word_1_269' title='bbox 798 1381 910 1423; x_wconf 74' lang='lat' dir='ltr'>palam</span> <span class='ocrx_word' id='word_1_270' title='bbox 935 1377 1111 1422; x_wconf 67' lang='lat' dir='ltr'>Epicurei.</span> <span class='ocrx_word' id='word_1_271' title='bbox 1166 1377 1236 1409; x_wconf 76' lang='lat' dir='ltr'>Alii</span> 
     </span>
     <span class='ocr_line' id='line_1_43' title="bbox 246 1428 1239 1487; baseline -0.015 -14"><span class='ocrx_word' id='word_1_272' title='bbox 246 1442 346 1487; x_wconf 80' lang='lat' dir='ltr'>pauci</span> <span class='ocrx_word' id='word_1_273' title='bbox 367 1436 595 1479; x_wconf 81' lang='lat' dir='ltr'>superstitiosi</span> <span class='ocrx_word' id='word_1_274' title='bbox 612 1441 642 1466; x_wconf 71' lang='lat' dir='ltr'>et</span> <span class='ocrx_word' id='word_1_275' title='bbox 664 1432 770 1465; x_wconf 76' lang='lat' dir='ltr'>sascin</span> <span class='ocrx_word' id='word_1_276' title='bbox 785 1432 819 1463; x_wconf 68' lang='lat' dir='ltr'>‚ti</span> <span class='ocrx_word' id='word_1_277' title='bbox 840 1430 933 1463; x_wconf 74' lang='lat' dir='ltr'>salsis</span> <span class='ocrx_word' id='word_1_278' title='bbox 953 1428 1239 1473; x_wconf 76' lang='lat' dir='ltr'>persuasionibus</span> 
     </span>
     <span class='ocr_line' id='line_1_44' title="bbox 248 1479 1239 1525; baseline -0.016 -1"><span class='ocrx_word' id='word_1_279' title='bbox 248 1493 364 1525; x_wconf 78' lang='lat' dir='ltr'>delere</span> <span class='ocrx_word' id='word_1_280' title='bbox 399 1489 578 1520; x_wconf 72' lang='lat' dir='ltr'>veritatem</span> <span class='ocrx_word' id='word_1_281' title='bbox 613 1490 805 1521; x_wconf 77' lang='lat' dir='ltr'>conantur,</span> <span class='ocrx_word' id='word_1_282' title='bbox 842 1481 969 1512; x_wconf 76' lang='lat' dir='ltr'>deiude</span> <span class='ocrx_word' id='word_1_283' title='bbox 1003 1479 1136 1517; x_wconf 81' lang='lat' dir='ltr'>securi,</span> <span class='ocrx_word' id='word_1_284' title='bbox 1165 1480 1239 1510; x_wconf 77' lang='lat' dir='ltr'>sine</span> 
     </span>
     <span class='ocr_line' id='line_1_45' title="bbox 247 1529 1240 1585; baseline -0.015 -10"><span class='ocrx_word' id='word_1_285' title='bbox 247 1544 320 1575; x_wconf 84' lang='lat' dir='ltr'>ullo</span> <span class='ocrx_word' id='word_1_286' title='bbox 341 1538 576 1585; x_wconf 55' lang='lat' dir='ltr'>poenitentiae</span> <span class='ocrx_word' id='word_1_287' title='bbox 598 1535 726 1577; x_wconf 71' lang='lat' dir='ltr'>gemitu</span> <span class='ocrx_word' id='word_1_288' title='bbox 754 1534 788 1564; x_wconf 92' lang='lat' dir='ltr'>in</span> <span class='ocrx_word' id='word_1_289' title='bbox 815 1531 950 1574; x_wconf 80' lang='lat' dir='ltr'>magnis</span> <span class='ocrx_word' id='word_1_290' title='bbox 977 1530 1165 1563; x_wconf 76' lang='lat' dir='ltr'>sceleribus</span> <span class='ocrx_word' id='word_1_291' title='bbox 1189 1529 1240 1560; x_wconf 66' lang='lat' dir='ltr'>xi-</span> 
     </span>
     <span class='ocr_line' id='line_1_46' title="bbox 248 1582 1239 1633; baseline -0.014 -8"><span class='ocrx_word' id='word_1_292' title='bbox 248 1604 346 1633; x_wconf 81' lang='lat' dir='ltr'>vnut‚</span> <span class='ocrx_word' id='word_1_293' title='bbox 373 1599 402 1623; x_wconf 83' lang='lat' dir='ltr'>et</span> <span class='ocrx_word' id='word_1_294' title='bbox 423 1588 609 1623; x_wconf 62' lang='lat' dir='ltr'>Sibaritiso</span> <span class='ocrx_word' id='word_1_295' title='bbox 624 1597 719 1617; x_wconf 89' lang='lat' dir='ltr'>more</span> <span class='ocrx_word' id='word_1_296' title='bbox 738 1583 856 1615; x_wconf 85' lang='lat' dir='ltr'>omnia</span> <span class='ocrx_word' id='word_1_297' title='bbox 875 1582 1095 1624; x_wconf 67' lang='lat' dir='ltr'>voluptatum</span> <span class='ocrx_word' id='word_1_298' title='bbox 1114 1592 1239 1622; x_wconf 65' lang='lat' dir='ltr'>gen-Ta</span> 
     </span>
     <span class='ocr_line' id='line_1_47' title="bbox 249 1632 1137 1691; baseline -0.017 -14"><span class='ocrx_word' id='word_1_299' title='bbox 249 1649 442 1691; x_wconf 86' lang='lat' dir='ltr'>quaerunt,</span> <span class='ocrx_word' id='word_1_300' title='bbox 470 1641 581 1672; x_wconf 85' lang='lat' dir='ltr'>donec</span> <span class='ocrx_word' id='word_1_301' title='bbox 598 1643 704 1669; x_wconf 88' lang='lat' dir='ltr'>ruunt</span> <span class='ocrx_word' id='word_1_302' title='bbox 728 1635 762 1666; x_wconf 82' lang='lat' dir='ltr'>iu</span> <span class='ocrx_word' id='word_1_303' title='bbox 781 1642 960 1666; x_wconf 72' lang='lat' dir='ltr'>aeternum</span> <span class='ocrx_word' id='word_1_304' title='bbox 982 1632 1137 1664; x_wconf 67' lang='lat' dir='ltr'>exitium.</span> 
     </span>
    </p>
   </div>
   <div class='ocr_carea' id='block_1_20' title="bbox 350 1697 1269 1746">
    <p class='ocr_par' dir='ltr' id='par_1_21' title="bbox 350 1697 1269 1746">
     <span class='ocr_line' id='line_1_48' title="bbox 350 1697 1269 1746; baseline -0.013 -7"><span class='ocrx_word' id='word_1_305' title='bbox 350 1708 422 1742; x_wconf 88' lang='lat' dir='ltr'>Has</span> <span class='ocrx_word' id='word_1_306' title='bbox 440 1706 608 1739; x_wconf 83' lang='lat' dir='ltr'>maximas</span> <span class='ocrx_word' id='word_1_307' title='bbox 630 1713 776 1746; x_wconf 80' lang='lat' dir='ltr'>poenas,</span> <span class='ocrx_word' id='word_1_308' title='bbox 803 1699 1005 1732; x_wconf 79' lang='lat' dir='ltr'>coecitatem</span> <span class='ocrx_word' id='word_1_309' title='bbox 1026 1705 1056 1730; x_wconf 85' lang='lat' dir='ltr'>et</span> <span class='ocrx_word' id='word_1_310' title='bbox 1078 1697 1242 1729; x_wconf 86' lang='lat' dir='ltr'>indolen-</span> <span class='ocrx_word' id='word_1_311' title='bbox 1268 1699 1269 1703; x_wconf 75' lang='grc'>’</span> 
     </span>
    </p>
   </div>
   <div class='ocr_carea' id='block_1_21' title="bbox 250 1749 1244 1850">
    <p class='ocr_par' dir='ltr' id='par_1_22' title="bbox 250 1749 1244 1850">
     <span class='ocr_line' id='line_1_49' title="bbox 250 1749 1242 1800; baseline -0.016 -5"><span class='ocrx_word' id='word_1_312' title='bbox 250 1764 351 1800; x_wconf 79' lang='lat' dir='ltr'>tiam,</span> <span class='ocrx_word' id='word_1_313' title='bbox 379 1758 628 1792; x_wconf 71' lang='lat' dir='ltr'>formidantes,</span> <span class='ocrx_word' id='word_1_314' title='bbox 657 1752 787 1784; x_wconf 58' lang='lat' dir='ltr'>maiore</span> <span class='ocrx_word' id='word_1_315' title='bbox 811 1763 893 1783; x_wconf 83' lang='lat' dir='ltr'>cura</span> <span class='ocrx_word' id='word_1_316' title='bbox 918 1757 1080 1782; x_wconf 75' lang='lat' dir='ltr'>tueamur</span> <span class='ocrx_word' id='word_1_317' title='bbox 1106 1749 1242 1781; x_wconf 74' lang='lat' dir='ltr'>rastita-</span> 
     </span>
     <span class='ocr_line' id='line_1_50' title="bbox 250 1799 1244 1850; baseline -0.017 -4"><span class='ocrx_word' id='word_1_318' title='bbox 250 1823 340 1850; x_wconf 76' lang='lat' dir='ltr'>tem,</span> <span class='ocrx_word' id='word_1_319' title='bbox 369 1817 402 1843; x_wconf 88' lang='lat' dir='ltr'>et</span> <span class='ocrx_word' id='word_1_320' title='bbox 420 1809 528 1841; x_wconf 78' lang='lat' dir='ltr'>filium</span> <span class='ocrx_word' id='word_1_321' title='bbox 548 1805 611 1838; x_wconf 82' lang='lat' dir='ltr'>Dei</span> <span class='ocrx_word' id='word_1_322' title='bbox 629 1815 787 1839; x_wconf 76' lang='lat' dir='ltr'>oremus,</span> <span class='ocrx_word' id='word_1_323' title='bbox 825 1808 860 1833; x_wconf 92' lang='lat' dir='ltr'>ut</span> <span class='ocrx_word' id='word_1_324' title='bbox 890 1813 968 1833; x_wconf 82' lang='lat' dir='ltr'>cum</span> <span class='ocrx_word' id='word_1_325' title='bbox 994 1800 1067 1842; x_wconf 79' lang='lat' dir='ltr'>ipse</span> <span class='ocrx_word' id='word_1_326' title='bbox 1094 1799 1244 1831; x_wconf 81' lang='lat' dir='ltr'>maxime</span> 
     </span>
    </p>
   </div>
   <div class='ocr_carea' id='block_1_22' title="bbox 251 1850 1272 1899">
    <p class='ocr_par' dir='ltr' id='par_1_23' title="bbox 251 1850 1272 1899">
     <span class='ocr_line' id='line_1_51' title="bbox 251 1850 1272 1899; baseline -0.019 -1"><span class='ocrx_word' id='word_1_327' title='bbox 251 1864 444 1898; x_wconf 74' lang='lat' dir='ltr'>castitatem</span> <span class='ocrx_word' id='word_1_328' title='bbox 463 1865 552 1891; x_wconf 83' lang='lat' dir='ltr'>amet</span> <span class='ocrx_word' id='word_1_329' title='bbox 574 1863 715 1899; x_wconf 87' lang='lat' dir='ltr'>propter</span> <span class='ocrx_word' id='word_1_330' title='bbox 731 1865 828 1886; x_wconf 87' lang='lat' dir='ltr'>suam</span> <span class='ocrx_word' id='word_1_331' title='bbox 854 1853 1022 1893; x_wconf 69' lang='lat' dir='ltr'>gloriam,</span> <span class='ocrx_word' id='word_1_332' title='bbox 1053 1862 1116 1882; x_wconf 85' lang='lat' dir='ltr'>nos</span> <span class='ocrx_word' id='word_1_333' title='bbox 1142 1850 1244 1882; x_wconf 84' lang='lat' dir='ltr'>adiu-</span> <span class='ocrx_word' id='word_1_334' title='bbox 1270 1861 1272 1885; x_wconf 55' lang='lat'>¹,</span> 
     </span>
    </p>
   </div>
   <div class='ocr_carea' id='block_1_23' title="bbox 250 1902 1251 2715">
    <p class='ocr_par' dir='ltr' id='par_1_24' title="bbox 250 1902 1251 2715">
     <span class='ocr_line' id='line_1_52' title="bbox 250 1902 1243 1956; baseline -0.017 -7"><span class='ocrx_word' id='word_1_335' title='bbox 250 1922 325 1956; x_wconf 68' lang='lat' dir='ltr'>vet,</span> <span class='ocrx_word' id='word_1_336' title='bbox 352 1924 396 1946; x_wconf 87' lang='lat' dir='ltr'>ne</span> <span class='ocrx_word' id='word_1_337' title='bbox 417 1909 717 1944; x_wconf 78' lang='lat' dir='ltr'>contaminemur,</span> <span class='ocrx_word' id='word_1_338' title='bbox 745 1916 783 1936; x_wconf 88' lang='lat' dir='ltr'>ac</span> <span class='ocrx_word' id='word_1_339' title='bbox 806 1915 849 1935; x_wconf 88' lang='lat' dir='ltr'>ne.</span> <span class='ocrx_word' id='word_1_340' title='bbox 867 1902 1008 1935; x_wconf 75' lang='lat' dir='ltr'>diabolo</span> <span class='ocrx_word' id='word_1_341' title='bbox 1029 1902 1243 1944; x_wconf 77' lang='lat' dir='ltr'>voluptatem</span> 
     </span>
     <span class='ocr_line' id='line_1_53' title="bbox 251 1950 1245 2006; baseline -0.016 -6"><span class='ocrx_word' id='word_1_342' title='bbox 251 1965 363 2000; x_wconf 84' lang='lat' dir='ltr'>nostri</span> <span class='ocrx_word' id='word_1_343' title='bbox 379 1964 497 2006; x_wconf 88' lang='lat' dir='ltr'>lapsus</span> <span class='ocrx_word' id='word_1_344' title='bbox 514 1958 713 2003; x_wconf 83' lang='lat' dir='ltr'>praebeant,</span> <span class='ocrx_word' id='word_1_345' title='bbox 734 1955 791 1998; x_wconf 80' lang='lat' dir='ltr'>qui</span> <span class='ocrx_word' id='word_1_346' title='bbox 814 1954 1024 1996; x_wconf 72' lang='lat' dir='ltr'>multiplices</span> <span class='ocrx_word' id='word_1_347' title='bbox 1046 1950 1245 1996; x_wconf 81' lang='lat' dir='ltr'>triumphos</span> 
     </span>
     <span class='ocr_line' id='line_1_54' title="bbox 252 2004 1247 2058; baseline -0.017 -8"><span class='ocrx_word' id='word_1_348' title='bbox 252 2018 341 2058; x_wconf 70' lang='lat' dir='ltr'>agit,</span> <span class='ocrx_word' id='word_1_349' title='bbox 375 2025 453 2047; x_wconf 87' lang='lat' dir='ltr'>cum</span> <span class='ocrx_word' id='word_1_350' title='bbox 478 2009 544 2044; x_wconf 85' lang='lat' dir='ltr'>boc</span> <span class='ocrx_word' id='word_1_351' title='bbox 570 2009 675 2040; x_wconf 87' lang='lat' dir='ltr'>modo</span> <span class='ocrx_word' id='word_1_352' title='bbox 700 2007 835 2050; x_wconf 85' lang='lat' dir='ltr'>aliquos</span> <span class='ocrx_word' id='word_1_353' title='bbox 862 2004 1003 2040; x_wconf 78' lang='lat' dir='ltr'>evertit,</span> <span class='ocrx_word' id='word_1_354' title='bbox 1040 2011 1069 2035; x_wconf 77' lang='lat' dir='ltr'>et</span> <span class='ocrx_word' id='word_1_355' title='bbox 1098 2004 1247 2036; x_wconf 71' lang='lat' dir='ltr'>laetatur</span> 
     </span>
     <span class='ocr_line' id='line_1_55' title="bbox 253 2054 1245 2107; baseline -0.02 -6"><span class='ocrx_word' id='word_1_356' title='bbox 253 2069 335 2101; x_wconf 85' lang='lat' dir='ltr'>odio</span> <span class='ocrx_word' id='word_1_357' title='bbox 358 2064 443 2104; x_wconf 88' lang='lat' dir='ltr'>Dei,</span> <span class='ocrx_word' id='word_1_358' title='bbox 479 2061 573 2107; x_wconf 89' lang='lat' dir='ltr'>quod</span> <span class='ocrx_word' id='word_1_359' title='bbox 597 2059 682 2091; x_wconf 80' lang='lat' dir='ltr'>flant</span> <span class='ocrx_word' id='word_1_360' title='bbox 715 2069 840 2101; x_wconf 84' lang='lat' dir='ltr'>opera,</span> <span class='ocrx_word' id='word_1_361' title='bbox 876 2068 964 2100; x_wconf 83' lang='lat' dir='ltr'>quae</span> <span class='ocrx_word' id='word_1_362' title='bbox 990 2056 1090 2087; x_wconf 74' lang='lat' dir='ltr'>valde</span> <span class='ocrx_word' id='word_1_363' title='bbox 1121 2054 1245 2094; x_wconf 77' lang='lat' dir='ltr'>displi-</span> 
     </span>
     <span class='ocr_line' id='line_1_56' title="bbox 254 2104 1246 2154; baseline -0.016 -2"><span class='ocrx_word' id='word_1_364' title='bbox 254 2125 355 2151; x_wconf 82' lang='lat' dir='ltr'>ceant</span> <span class='ocrx_word' id='word_1_365' title='bbox 377 2116 463 2149; x_wconf 87' lang='lat' dir='ltr'>Deo.</span> <span class='ocrx_word' id='word_1_366' title='bbox 499 2112 605 2150; x_wconf 80' lang='lat' dir='ltr'>Item,</span> <span class='ocrx_word' id='word_1_367' title='bbox 632 2109 725 2154; x_wconf 89' lang='lat' dir='ltr'>quod</span> <span class='ocrx_word' id='word_1_368' title='bbox 755 2108 925 2140; x_wconf 83' lang='lat' dir='ltr'>deformet</span> <span class='ocrx_word' id='word_1_369' title='bbox 952 2113 1144 2138; x_wconf 85' lang='lat' dir='ltr'>creaturam</span> <span class='ocrx_word' id='word_1_370' title='bbox 1170 2104 1246 2141; x_wconf 77' lang='lat' dir='ltr'>Dei,</span> 
     </span>
     <span class='ocr_line' id='line_1_57' title="bbox 254 2157 1245 2202; baseline -0.017 1"><span class='ocrx_word' id='word_1_371' title='bbox 254 2177 285 2202; x_wconf 90' lang='lat' dir='ltr'>et</span> <span class='ocrx_word' id='word_1_372' title='bbox 318 2168 437 2201; x_wconf 88' lang='lat' dir='ltr'>turbet</span> <span class='ocrx_word' id='word_1_373' title='bbox 477 2163 637 2196; x_wconf 85' lang='lat' dir='ltr'>ordinem</span> <span class='ocrx_word' id='word_1_374' title='bbox 675 2159 849 2192; x_wconf 83' lang='lat' dir='ltr'>divinitus</span> <span class='ocrx_word' id='word_1_375' title='bbox 890 2157 1112 2199; x_wconf 83' lang='lat' dir='ltr'>institutum,</span> <span class='ocrx_word' id='word_1_376' title='bbox 1153 2157 1245 2200; x_wconf 84' lang='lat' dir='ltr'>quod</span> 
     </span>
     <span class='ocr_line' id='line_1_58' title="bbox 255 2207 1246 2253; baseline -0.016 0"><span class='ocrx_word' id='word_1_377' title='bbox 255 2219 376 2253; x_wconf 81' lang='lat' dir='ltr'>avellit</span> <span class='ocrx_word' id='word_1_378' title='bbox 406 2215 586 2249; x_wconf 83' lang='lat' dir='ltr'>bominem</span> <span class='ocrx_word' id='word_1_379' title='bbox 613 2223 630 2243; x_wconf 89' lang='lat' dir='ltr'>a</span> <span class='ocrx_word' id='word_1_380' title='bbox 655 2210 750 2250; x_wconf 86' lang='lat' dir='ltr'>Deo,</span> <span class='ocrx_word' id='word_1_381' title='bbox 794 2217 826 2242; x_wconf 91' lang='lat' dir='ltr'>et</span> <span class='ocrx_word' id='word_1_382' title='bbox 859 2208 1037 2240; x_wconf 80' lang='lat' dir='ltr'>contristat</span> <span class='ocrx_word' id='word_1_383' title='bbox 1073 2207 1246 2250; x_wconf 78' lang='lat' dir='ltr'>Spiritum</span> 
     </span>
     <span class='ocr_line' id='line_1_59' title="bbox 256 2257 1248 2310; baseline -0.015 -6"><span class='ocrx_word' id='word_1_384' title='bbox 256 2277 435 2304; x_wconf 76' lang='lat' dir='ltr'>sanctum,</span> <span class='ocrx_word' id='word_1_385' title='bbox 470 2265 564 2310; x_wconf 81' lang='lat' dir='ltr'>quod</span> <span class='ocrx_word' id='word_1_386' title='bbox 600 2262 742 2306; x_wconf 80' lang='lat' dir='ltr'>praebet</span> <span class='ocrx_word' id='word_1_387' title='bbox 775 2260 991 2293; x_wconf 75' lang='lat' dir='ltr'>occasionem</span> <span class='ocrx_word' id='word_1_388' title='bbox 1024 2258 1102 2290; x_wconf 84' lang='lat' dir='ltr'>aliis</span> <span class='ocrx_word' id='word_1_389' title='bbox 1128 2257 1248 2290; x_wconf 86' lang='lat' dir='ltr'>multis</span> 
     </span>
     <span class='ocr_line' id='line_1_60' title="bbox 255 2309 1248 2354; baseline -0.013 -1"><span class='ocrx_word' id='word_1_390' title='bbox 255 2321 358 2354; x_wconf 83' lang='lat' dir='ltr'>malis</span> <span class='ocrx_word' id='word_1_391' title='bbox 375 2316 561 2351; x_wconf 87' lang='lat' dir='ltr'>secuturis:</span> <span class='ocrx_word' id='word_1_392' title='bbox 588 2325 668 2346; x_wconf 89' lang='lat' dir='ltr'>nam</span> <span class='ocrx_word' id='word_1_393' title='bbox 692 2311 854 2344; x_wconf 87' lang='lat' dir='ltr'>diabolus</span> <span class='ocrx_word' id='word_1_394' title='bbox 877 2310 1015 2351; x_wconf 77' lang='lat' dir='ltr'>longam</span> <span class='ocrx_word' id='word_1_395' title='bbox 1033 2309 1136 2341; x_wconf 75' lang='lat' dir='ltr'>telam</span> <span class='ocrx_word' id='word_1_396' title='bbox 1155 2309 1248 2341; x_wconf 74' lang='lat' dir='ltr'>texit.</span> 
     </span>
     <span class='ocr_line' id='line_1_61' title="bbox 256 2360 1249 2411; baseline -0.014 -6"><span class='ocrx_word' id='word_1_397' title='bbox 256 2371 460 2408; x_wconf 81' lang='lat' dir='ltr'>Postremo,</span> <span class='ocrx_word' id='word_1_398' title='bbox 496 2366 580 2411; x_wconf 85' lang='lat' dir='ltr'>quid</span> <span class='ocrx_word' id='word_1_399' title='bbox 608 2370 657 2396; x_wconf 83' lang='lat' dir='ltr'>est</span> <span class='ocrx_word' id='word_1_400' title='bbox 681 2363 814 2396; x_wconf 87' lang='lat' dir='ltr'>tristius</span> <span class='ocrx_word' id='word_1_401' title='bbox 839 2374 942 2406; x_wconf 72' lang='lat' dir='ltr'>qnam</span> <span class='ocrx_word' id='word_1_402' title='bbox 975 2360 1019 2392; x_wconf 87' lang='lat' dir='ltr'>ita</span> <span class='ocrx_word' id='word_1_403' title='bbox 1050 2361 1184 2399; x_wconf 80' lang='lat' dir='ltr'>vivere,</span> <span class='ocrx_word' id='word_1_404' title='bbox 1212 2366 1249 2391; x_wconf 86' lang='lat' dir='ltr'>ut</span> 
     </span>
     <span class='ocr_line' id='line_1_62' title="bbox 258 2411 1248 2457; baseline -0.016 -2"><span class='ocrx_word' id='word_1_405' title='bbox 258 2430 352 2455; x_wconf 80' lang='lat' dir='ltr'>certo</span> <span class='ocrx_word' id='word_1_406' title='bbox 376 2421 462 2452; x_wconf 81' lang='lat' dir='ltr'>scias</span> <span class='ocrx_word' id='word_1_407' title='bbox 478 2419 594 2451; x_wconf 85' lang='lat' dir='ltr'>Deum</span> <span class='ocrx_word' id='word_1_408' title='bbox 621 2415 686 2448; x_wconf 88' lang='lat' dir='ltr'>tibi</span> <span class='ocrx_word' id='word_1_409' title='bbox 713 2412 835 2452; x_wconf 82' lang='lat' dir='ltr'>irasci,</span> <span class='ocrx_word' id='word_1_410' title='bbox 873 2424 934 2444; x_wconf 86' lang='lat' dir='ltr'>nec</span> <span class='ocrx_word' id='word_1_411' title='bbox 966 2411 1075 2457; x_wconf 72' lang='lat' dir='ltr'>possis</span> <span class='ocrx_word' id='word_1_412' title='bbox 1100 2412 1141 2443; x_wconf 83' lang='lat' dir='ltr'>ad</span> <span class='ocrx_word' id='word_1_413' title='bbox 1170 2422 1248 2442; x_wconf 88' lang='lat' dir='ltr'>enm</span> 
     </span>
     <span class='ocr_line' id='line_1_63' title="bbox 258 2461 1251 2507; baseline -0.014 -1"><span class='ocrx_word' id='word_1_414' title='bbox 258 2473 418 2506; x_wconf 73' lang='lat' dir='ltr'>accedere</span> <span class='ocrx_word' id='word_1_415' title='bbox 439 2468 682 2505; x_wconf 81' lang='lat' dir='ltr'>invocatione,</span> <span class='ocrx_word' id='word_1_416' title='bbox 712 2471 771 2497; x_wconf 83' lang='lat' dir='ltr'>aut</span> <span class='ocrx_word' id='word_1_417' title='bbox 795 2470 909 2507; x_wconf 79' lang='lat' dir='ltr'>petere</span> <span class='ocrx_word' id='word_1_418' title='bbox 934 2463 976 2494; x_wconf 80' lang='lat' dir='ltr'>ab</span> <span class='ocrx_word' id='word_1_419' title='bbox 1002 2474 1041 2492; x_wconf 75' lang='lat' dir='ltr'>eo</span> <span class='ocrx_word' id='word_1_420' title='bbox 1069 2461 1251 2501; x_wconf 80' lang='lat' dir='ltr'>auxilium,</span> 
     </span>
     <span class='ocr_line' id='line_1_64' title="bbox 259 2513 1250 2557; baseline -0.014 -1"><span class='ocrx_word' id='word_1_421' title='bbox 259 2532 318 2557; x_wconf 85' lang='lat' dir='ltr'>aut</span> <span class='ocrx_word' id='word_1_422' title='bbox 337 2520 576 2555; x_wconf 79' lang='lat' dir='ltr'>defensionem</span> <span class='ocrx_word' id='word_1_423' title='bbox 599 2517 670 2548; x_wconf 89' lang='lat' dir='ltr'>ulla</span> <span class='ocrx_word' id='word_1_424' title='bbox 690 2516 726 2547; x_wconf 89' lang='lat' dir='ltr'>iu</span> <span class='ocrx_word' id='word_1_425' title='bbox 746 2527 794 2549; x_wconf 87' lang='lat' dir='ltr'>re.</span> <span class='ocrx_word' id='word_1_426' title='bbox 848 2513 922 2546; x_wconf 77' lang='lat' dir='ltr'>Ilae</span> <span class='ocrx_word' id='word_1_427' title='bbox 950 2519 1065 2544; x_wconf 80' lang='lat' dir='ltr'>tantae</span> <span class='ocrx_word' id='word_1_428' title='bbox 1092 2513 1250 2544; x_wconf 77' lang='lat' dir='ltr'>miseriae</span> 
     </span>
     <span class='ocr_line' id='line_1_65' title="bbox 259 2563 1249 2616; baseline -0.013 -10"><span class='ocrx_word' id='word_1_429' title='bbox 259 2585 358 2616; x_wconf 76' lang='lat' dir='ltr'>saepe</span> <span class='ocrx_word' id='word_1_430' title='bbox 394 2572 614 2612; x_wconf 85' lang='lat' dir='ltr'>multumque</span> <span class='ocrx_word' id='word_1_431' title='bbox 647 2566 852 2607; x_wconf 76' lang='lat' dir='ltr'>cogitandae</span> <span class='ocrx_word' id='word_1_432' title='bbox 883 2570 984 2603; x_wconf 81' lang='lat' dir='ltr'>sunt,</span> <span class='ocrx_word' id='word_1_433' title='bbox 1027 2570 1056 2595; x_wconf 85' lang='lat' dir='ltr'>et</span> <span class='ocrx_word' id='word_1_434' title='bbox 1092 2563 1249 2605; x_wconf 81' lang='lat' dir='ltr'>exempla</span> 
     </span>
     <span class='ocr_line' id='line_1_66' title="bbox 259 2615 1248 2662; baseline -0.013 -5"><span class='ocrx_word' id='word_1_435' title='bbox 259 2632 397 2662; x_wconf 61' lang='lat' dir='ltr'>nostra,</span> <span class='ocrx_word' id='word_1_436' title='bbox 419 2629 449 2654; x_wconf 81' lang='lat' dir='ltr'>et</span> <span class='ocrx_word' id='word_1_437' title='bbox 471 2620 582 2652; x_wconf 65' lang='lat' dir='ltr'>alima</span> <span class='ocrx_word' id='word_1_438' title='bbox 612 2617 801 2656; x_wconf 81' lang='lat' dir='ltr'>intuenda,</span> <span class='ocrx_word' id='word_1_439' title='bbox 846 2622 883 2647; x_wconf 88' lang='lat' dir='ltr'>ut</span> <span class='ocrx_word' id='word_1_440' title='bbox 911 2627 974 2647; x_wconf 88' lang='lat' dir='ltr'>nos</span> <span class='ocrx_word' id='word_1_441' title='bbox 1001 2615 1041 2646; x_wconf 85' lang='lat' dir='ltr'>ad</span> <span class='ocrx_word' id='word_1_442' title='bbox 1069 2615 1248 2657; x_wconf 81' lang='lat' dir='ltr'>poeniten-</span> 
     </span>
     <span class='ocr_line' id='line_1_67' title="bbox 258 2665 1250 2715; baseline -0.012 -9"><span class='ocrx_word' id='word_1_443' title='bbox 258 2677 341 2708; x_wconf 59' lang='lat' dir='ltr'>tiam</span> <span class='ocrx_word' id='word_1_444' title='bbox 369 2682 402 2708; x_wconf 84' lang='lat' dir='ltr'>et</span> <span class='ocrx_word' id='word_1_445' title='bbox 428 2673 468 2706; x_wconf 78' lang='lat' dir='ltr'>ad</span> <span class='ocrx_word' id='word_1_446' title='bbox 497 2668 730 2715; x_wconf 69' lang='lat' dir='ltr'>precationem</span> <span class='ocrx_word' id='word_1_447' title='bbox 759 2667 1009 2707; x_wconf 78' lang='lat' dir='ltr'>exuscitewus‚</span> <span class='ocrx_word' id='word_1_448' title='bbox 1044 2672 1077 2698; x_wconf 90' lang='lat' dir='ltr'>et</span> <span class='ocrx_word' id='word_1_449' title='bbox 1101 2665 1250 2697; x_wconf 74' lang='lat' dir='ltr'>vitemus</span> 
     </span>
    </p>
   </div>
   <div class='ocr_carea' id='block_1_24' title="bbox 1285 782 2279 1022">
    <p class='ocr_par' dir='ltr' id='par_1_25' title="bbox 1285 782 2279 1022">
     <span class='ocr_line' id='line_1_68' title="bbox 1950 782 2273 816; baseline 0.003 -1"><span class='ocrx_word' id='word_1_450' title='bbox 1950 782 2051 816; x_wconf 88' lang='lat' dir='ltr'>Hanc</span> <span class='ocrx_word' id='word_1_451' title='bbox 2084 783 2121 815; x_wconf 90' lang='lat' dir='ltr'>in</span> <span class='ocrx_word' id='word_1_452' title='bbox 2155 789 2273 816; x_wconf 83' lang='lat' dir='ltr'>nostra</span> 
     </span>
     <span class='ocr_line' id='line_1_69' title="bbox 1285 833 2276 877; baseline -0.001 -9"><span class='ocrx_word' id='word_1_453' title='bbox 1285 843 1410 868; x_wconf 83' lang='lat' dir='ltr'>natura</span> <span class='ocrx_word' id='word_1_454' title='bbox 1455 835 1639 877; x_wconf 76' lang='lat' dir='ltr'>caliginem</span> <span class='ocrx_word' id='word_1_455' title='bbox 1674 842 1706 868; x_wconf 90' lang='lat' dir='ltr'>et</span> <span class='ocrx_word' id='word_1_456' title='bbox 1733 834 1989 867; x_wconf 84' lang='lat' dir='ltr'>contumaciam</span> <span class='ocrx_word' id='word_1_457' title='bbox 2023 833 2173 867; x_wconf 87' lang='lat' dir='ltr'>sciamus</span> <span class='ocrx_word' id='word_1_458' title='bbox 2203 845 2276 867; x_wconf 84' lang='lat' dir='ltr'>esse</span> 
     </span>
     <span class='ocr_line' id='line_1_70' title="bbox 1285 884 2277 929; baseline -0.001 -11"><span class='ocrx_word' id='word_1_459' title='bbox 1285 898 1409 929; x_wconf 87' lang='lat' dir='ltr'>magna</span> <span class='ocrx_word' id='word_1_460' title='bbox 1431 893 1461 918; x_wconf 88' lang='lat' dir='ltr'>et</span> <span class='ocrx_word' id='word_1_461' title='bbox 1487 886 1598 919; x_wconf 85' lang='lat' dir='ltr'>tristia</span> <span class='ocrx_word' id='word_1_462' title='bbox 1627 887 1773 918; x_wconf 82' lang='lat' dir='ltr'>vulnera</span> <span class='ocrx_word' id='word_1_463' title='bbox 1794 893 1826 919; x_wconf 89' lang='lat' dir='ltr'>et</span> <span class='ocrx_word' id='word_1_464' title='bbox 1845 884 2023 918; x_wconf 81' lang='lat' dir='ltr'>horrenda</span> <span class='ocrx_word' id='word_1_465' title='bbox 2049 891 2205 927; x_wconf 84' lang='lat' dir='ltr'>peccata,</span> <span class='ocrx_word' id='word_1_466' title='bbox 2233 886 2277 917; x_wconf 77' lang='lat' dir='ltr'>de</span> 
     </span>
     <span class='ocr_line' id='line_1_71' title="bbox 1287 936 2277 983; baseline -0.001 -14"><span class='ocrx_word' id='word_1_467' title='bbox 1287 938 1415 983; x_wconf 88' lang='lat' dir='ltr'>quibus</span> <span class='ocrx_word' id='word_1_468' title='bbox 1432 937 1580 975; x_wconf 80' lang='lat' dir='ltr'>dicitur,</span> <span class='ocrx_word' id='word_1_469' title='bbox 1610 936 1713 971; x_wconf 80' lang='lat' dir='ltr'>Rom.</span> <span class='ocrx_word' id='word_1_470' title='bbox 1738 937 1789 971; x_wconf 84' lang='lat'>8.:</span> <span class='ocrx_word' id='word_1_471' title='bbox 1826 937 1956 970; x_wconf 83' lang='lat' dir='ltr'>Sensus</span> <span class='ocrx_word' id='word_1_472' title='bbox 1984 936 2099 968; x_wconf 83' lang='lat' dir='ltr'>carnis</span> <span class='ocrx_word' id='word_1_473' title='bbox 2122 936 2277 968; x_wconf 87' lang='lat' dir='ltr'>inimici-</span> 
     </span>
     <span class='ocr_line' id='line_1_72' title="bbox 1286 986 2279 1022; baseline -0.003 -1"><span class='ocrx_word' id='word_1_474' title='bbox 1286 990 1334 1022; x_wconf 85' lang='lat' dir='ltr'>tia</span> <span class='ocrx_word' id='word_1_475' title='bbox 1353 995 1403 1021; x_wconf 79' lang='lat' dir='ltr'>est</span> <span class='ocrx_word' id='word_1_476' title='bbox 1427 989 1591 1020; x_wconf 77' lang='lat' dir='ltr'>adversus</span> <span class='ocrx_word' id='word_1_477' title='bbox 1607 986 1732 1021; x_wconf 85' lang='lat' dir='ltr'>Deum.</span> <span class='ocrx_word' id='word_1_478' title='bbox 1792 986 1871 1019; x_wconf 87' lang='lat' dir='ltr'>ldeo</span> <span class='ocrx_word' id='word_1_479' title='bbox 1895 987 2037 1019; x_wconf 84' lang='lat' dir='ltr'>morbos</span> <span class='ocrx_word' id='word_1_480' title='bbox 2060 993 2196 1019; x_wconf 87' lang='lat' dir='ltr'>nostros</span> <span class='ocrx_word' id='word_1_481' title='bbox 2213 987 2279 1019; x_wconf 85' lang='lat' dir='ltr'>ali-</span> 
     </span>
    </p>
   </div>
   <div class='ocr_carea' id='block_1_25' title="bbox 1287 1087 2293 2710">
    <p class='ocr_par' dir='ltr' id='par_1_26' title="bbox 1287 1087 2282 1530">
     <span class='ocr_line' id='line_1_73' title="bbox 1288 1087 2280 1133; baseline -0.002 -10"><span class='ocrx_word' id='word_1_482' title='bbox 1288 1091 1422 1133; x_wconf 79' lang='lat' dir='ltr'>giamus</span> <span class='ocrx_word' id='word_1_483' title='bbox 1446 1091 1486 1122; x_wconf 85' lang='lat' dir='ltr'>ad</span> <span class='ocrx_word' id='word_1_484' title='bbox 1515 1090 1743 1123; x_wconf 84' lang='lat' dir='ltr'>mediatorem</span> <span class='ocrx_word' id='word_1_485' title='bbox 1769 1089 1879 1121; x_wconf 80' lang='lat' dir='ltr'>filium</span> <span class='ocrx_word' id='word_1_486' title='bbox 1907 1088 1992 1131; x_wconf 81' lang='lat' dir='ltr'>Dei,</span> <span class='ocrx_word' id='word_1_487' title='bbox 2027 1089 2068 1120; x_wconf 90' lang='lat' dir='ltr'>ad</span> <span class='ocrx_word' id='word_1_488' title='bbox 2090 1087 2280 1122; x_wconf 87' lang='lat' dir='ltr'>Samarita—</span> 
     </span>
     <span class='ocr_line' id='line_1_74' title="bbox 1287 1137 2279 1183; baseline -0.002 -9"><span class='ocrx_word' id='word_1_489' title='bbox 1287 1154 1373 1174; x_wconf 89' lang='lat' dir='ltr'>num</span> <span class='ocrx_word' id='word_1_490' title='bbox 1394 1148 1565 1179; x_wconf 87' lang='lat' dir='ltr'>nostrum,</span> <span class='ocrx_word' id='word_1_491' title='bbox 1583 1147 1614 1173; x_wconf 84' lang='lat' dir='ltr'>et</span> <span class='ocrx_word' id='word_1_492' title='bbox 1632 1141 1675 1173; x_wconf 86' lang='lat' dir='ltr'>ab</span> <span class='ocrx_word' id='word_1_493' title='bbox 1693 1153 1732 1173; x_wconf 89' lang='lat' dir='ltr'>eo</span> <span class='ocrx_word' id='word_1_494' title='bbox 1750 1149 1907 1183; x_wconf 86' lang='lat' dir='ltr'>petamus</span> <span class='ocrx_word' id='word_1_495' title='bbox 1927 1139 2107 1173; x_wconf 81' lang='lat' dir='ltr'>auxilium.</span> <span class='ocrx_word' id='word_1_496' title='bbox 2137 1137 2181 1172; x_wconf 85' lang='lat' dir='ltr'>Et</span> <span class='ocrx_word' id='word_1_497' title='bbox 2199 1151 2279 1172; x_wconf 90' lang='lat' dir='ltr'>cum</span> 
     </span>
     <span class='ocr_line' id='line_1_75' title="bbox 1288 1190 2280 1235; baseline -0.002 -10"><span class='ocrx_word' id='word_1_498' title='bbox 1288 1194 1330 1225; x_wconf 88' lang='lat' dir='ltr'>de</span> <span class='ocrx_word' id='word_1_499' title='bbox 1349 1192 1540 1225; x_wconf 79' lang='lat' dir='ltr'>virtutibus</span> <span class='ocrx_word' id='word_1_500' title='bbox 1558 1192 1769 1235; x_wconf 83' lang='lat' dir='ltr'>cogitamus,</span> <span class='ocrx_word' id='word_1_501' title='bbox 1797 1190 1909 1223; x_wconf 72' lang='lat' dir='ltr'>Deum</span> <span class='ocrx_word' id='word_1_502' title='bbox 1929 1190 2043 1234; x_wconf 89' lang='lat' dir='ltr'>ipsum</span> <span class='ocrx_word' id='word_1_503' title='bbox 2068 1190 2280 1230; x_wconf 84' lang='lat' dir='ltr'>intueamur,</span> 
     </span>
     <span class='ocr_line' id='line_1_76' title="bbox 1291 1241 2281 1284; baseline -0.002 -8"><span class='ocrx_word' id='word_1_504' title='bbox 1291 1251 1324 1277; x_wconf 88' lang='lat' dir='ltr'>et</span> <span class='ocrx_word' id='word_1_505' title='bbox 1342 1243 1492 1276; x_wconf 89' lang='lat' dir='ltr'>sciamus</span> <span class='ocrx_word' id='word_1_506' title='bbox 1509 1244 1611 1276; x_wconf 88' lang='lat' dir='ltr'>talem</span> <span class='ocrx_word' id='word_1_507' title='bbox 1629 1255 1721 1281; x_wconf 79' lang='lat' dir='ltr'>esse,</span> <span class='ocrx_word' id='word_1_508' title='bbox 1747 1243 1939 1284; x_wconf 85' lang='lat' dir='ltr'>fulgentem</span> <span class='ocrx_word' id='word_1_509' title='bbox 1959 1253 2038 1274; x_wconf 86' lang='lat' dir='ltr'>vera</span> <span class='ocrx_word' id='word_1_510' title='bbox 2055 1248 2089 1274; x_wconf 92' lang='lat' dir='ltr'>et</span> <span class='ocrx_word' id='word_1_511' title='bbox 2108 1241 2281 1274; x_wconf 79' lang='lat' dir='ltr'>immensa</span> 
     </span>
     <span class='ocr_line' id='line_1_77' title="bbox 1290 1292 2282 1337; baseline -0.001 -10"><span class='ocrx_word' id='word_1_512' title='bbox 1290 1295 1385 1333; x_wconf 78' lang='lat' dir='ltr'>luce,</span> <span class='ocrx_word' id='word_1_513' title='bbox 1415 1294 1603 1337; x_wconf 77' lang='lat' dir='ltr'>sapientia,</span> <span class='ocrx_word' id='word_1_514' title='bbox 1638 1294 1815 1333; x_wconf 78' lang='lat' dir='ltr'>bonitate,</span> <span class='ocrx_word' id='word_1_515' title='bbox 1852 1292 2099 1332; x_wconf 86' lang='lat' dir='ltr'>beneficentia,</span> <span class='ocrx_word' id='word_1_516' title='bbox 2127 1292 2282 1333; x_wconf 87' lang='lat' dir='ltr'>veritate,</span> 
     </span>
     <span class='ocr_line' id='line_1_78' title="bbox 1288 1338 2281 1387; baseline -0.002 -9"><span class='ocrx_word' id='word_1_517' title='bbox 1288 1346 1500 1378; x_wconf 77' lang='lat' dir='ltr'>rectitudine</span> <span class='ocrx_word' id='word_1_518' title='bbox 1527 1352 1556 1376; x_wconf 82' lang='lat' dir='ltr'>et</span> <span class='ocrx_word' id='word_1_519' title='bbox 1585 1345 1754 1387; x_wconf 85' lang='lat' dir='ltr'>puritate,</span> <span class='ocrx_word' id='word_1_520' title='bbox 1795 1350 1827 1377; x_wconf 84' lang='lat' dir='ltr'>et</span> <span class='ocrx_word' id='word_1_521' title='bbox 1855 1344 1945 1376; x_wconf 88' lang='lat' dir='ltr'>velle</span> <span class='ocrx_word' id='word_1_522' title='bbox 1969 1355 2033 1376; x_wconf 90' lang='lat' dir='ltr'>nos</span> <span class='ocrx_word' id='word_1_523' title='bbox 2058 1338 2124 1376; x_wconf 86' lang='lat' dir='ltr'>sibi</span> <span class='ocrx_word' id='word_1_524' title='bbox 2149 1343 2281 1376; x_wconf 89' lang='lat' dir='ltr'>similes</span> 
     </span>
     <span class='ocr_line' id='line_1_79' title="bbox 1292 1394 2281 1438; baseline 0 -10"><span class='ocrx_word' id='word_1_525' title='bbox 1292 1408 1381 1428; x_wconf 86' lang='lat' dir='ltr'>esse:</span> <span class='ocrx_word' id='word_1_526' title='bbox 1415 1396 1460 1428; x_wconf 83' lang='lat' dir='ltr'>ita</span> <span class='ocrx_word' id='word_1_527' title='bbox 1488 1396 1613 1427; x_wconf 88' lang='lat' dir='ltr'>melius</span> <span class='ocrx_word' id='word_1_528' title='bbox 1641 1394 1857 1427; x_wconf 88' lang='lat' dir='ltr'>considerari</span> <span class='ocrx_word' id='word_1_529' title='bbox 1886 1401 2009 1426; x_wconf 85' lang='lat' dir='ltr'>natura</span> <span class='ocrx_word' id='word_1_530' title='bbox 2030 1401 2061 1427; x_wconf 86' lang='lat' dir='ltr'>et</span> <span class='ocrx_word' id='word_1_531' title='bbox 2081 1395 2281 1438; x_wconf 89' lang='lat' dir='ltr'>pulcritudo</span> 
     </span>
     <span class='ocr_line' id='line_1_80' title="bbox 1291 1444 2280 1490; baseline -0.001 -12"><span class='ocrx_word' id='word_1_532' title='bbox 1291 1448 1461 1479; x_wconf 70' lang='lat' dir='ltr'>virtutum</span> <span class='ocrx_word' id='word_1_533' title='bbox 1483 1453 1610 1490; x_wconf 88' lang='lat' dir='ltr'>potest,</span> <span class='ocrx_word' id='word_1_534' title='bbox 1633 1458 1712 1479; x_wconf 91' lang='lat' dir='ltr'>cum</span> <span class='ocrx_word' id='word_1_535' title='bbox 1738 1445 1835 1490; x_wconf 80' lang='lat' dir='ltr'>quasi</span> <span class='ocrx_word' id='word_1_536' title='bbox 1861 1445 1897 1477; x_wconf 88' lang='lat' dir='ltr'>in</span> <span class='ocrx_word' id='word_1_537' title='bbox 1920 1445 1994 1489; x_wconf 86' lang='lat' dir='ltr'>ipso</span> <span class='ocrx_word' id='word_1_538' title='bbox 2012 1444 2084 1477; x_wconf 86' lang='lat' dir='ltr'>Deo</span> <span class='ocrx_word' id='word_1_539' title='bbox 2111 1458 2164 1477; x_wconf 82' lang='lat' dir='ltr'>eas</span> <span class='ocrx_word' id='word_1_540' title='bbox 2190 1445 2280 1488; x_wconf 56' lang='lat' dir='ltr'>aspi»-</span> 
     </span>
     <span class='ocr_line' id='line_1_81' title="bbox 1293 1509 1414 1530; baseline -0.008 0"><span class='ocrx_word' id='word_1_541' title='bbox 1293 1509 1414 1530; x_wconf 81' lang='lat' dir='ltr'>cimus.</span> 
     </span>
    </p>

    <p class='ocr_par' dir='ltr' id='par_1_27' title="bbox 1295 1547 2290 2152">
     <span class='ocr_line' id='line_1_82' title="bbox 1394 1547 2284 1591; baseline -0.001 -12"><span class='ocrx_word' id='word_1_542' title='bbox 1394 1547 1467 1579; x_wconf 63' lang='lat' dir='ltr'>Etsi</span> <span class='ocrx_word' id='word_1_543' title='bbox 1488 1548 1579 1578; x_wconf 87' lang='lat' dir='ltr'>enim</span> <span class='ocrx_word' id='word_1_544' title='bbox 1600 1547 1653 1578; x_wconf 82' lang='lat' dir='ltr'>lex</span> <span class='ocrx_word' id='word_1_545' title='bbox 1672 1553 1722 1579; x_wconf 87' lang='lat' dir='ltr'>est</span> <span class='ocrx_word' id='word_1_546' title='bbox 1739 1547 1921 1586; x_wconf 64' lang='lat' dir='ltr'>doctrina,</span> <span class='ocrx_word' id='word_1_547' title='bbox 1949 1558 2036 1591; x_wconf 81' lang='lat' dir='ltr'>quae</span> <span class='ocrx_word' id='word_1_548' title='bbox 2062 1553 2181 1579; x_wconf 83' lang='lat' dir='ltr'>narrat</span> <span class='ocrx_word' id='word_1_549' title='bbox 2197 1558 2284 1590; x_wconf 81' lang='lat' dir='ltr'>qua—</span> 
     </span>
     <span class='ocr_line' id='line_1_83' title="bbox 1295 1596 2285 1639; baseline -0.001 -9"><span class='ocrx_word' id='word_1_550' title='bbox 1295 1599 1336 1630; x_wconf 87' lang='lat' dir='ltr'>lis</span> <span class='ocrx_word' id='word_1_551' title='bbox 1361 1598 1405 1630; x_wconf 76' lang='lat' dir='ltr'>sit</span> <span class='ocrx_word' id='word_1_552' title='bbox 1422 1596 1534 1637; x_wconf 76' lang='lat' dir='ltr'>Deus,</span> <span class='ocrx_word' id='word_1_553' title='bbox 1562 1604 1676 1629; x_wconf 73' lang='lat' dir='ltr'>tamen</span> <span class='ocrx_word' id='word_1_554' title='bbox 1699 1598 1741 1628; x_wconf 83' lang='lat' dir='ltr'>de</span> <span class='ocrx_word' id='word_1_555' title='bbox 1766 1597 1955 1630; x_wconf 81' lang='lat' dir='ltr'>virtutibus</span> <span class='ocrx_word' id='word_1_556' title='bbox 1982 1597 2164 1639; x_wconf 85' lang='lat' dir='ltr'>angustius</span> <span class='ocrx_word' id='word_1_557' title='bbox 2191 1598 2285 1639; x_wconf 80' lang='lat' dir='ltr'>cogi-</span> 
     </span>
     <span class='ocr_line' id='line_1_84' title="bbox 1296 1648 2286 1692; baseline -0.001 -11"><span class='ocrx_word' id='word_1_558' title='bbox 1296 1657 1409 1681; x_wconf 67' lang='lat' dir='ltr'>tamus</span> <span class='ocrx_word' id='word_1_559' title='bbox 1435 1648 1610 1680; x_wconf 84' lang='lat' dir='ltr'>intuentes</span> <span class='ocrx_word' id='word_1_560' title='bbox 1634 1648 1764 1689; x_wconf 81' lang='lat' dir='ltr'>legem,</span> <span class='ocrx_word' id='word_1_561' title='bbox 1792 1661 1809 1680; x_wconf 91' lang='lat' dir='ltr'>a</span> <span class='ocrx_word' id='word_1_562' title='bbox 1829 1660 1894 1692; x_wconf 80' lang='lat' dir='ltr'>qua</span> <span class='ocrx_word' id='word_1_563' title='bbox 1915 1648 2008 1680; x_wconf 75' lang='lat' dir='ltr'>velut</span> <span class='ocrx_word' id='word_1_564' title='bbox 2028 1661 2044 1679; x_wconf 87' lang='lat' dir='ltr'>a</span> <span class='ocrx_word' id='word_1_565' title='bbox 2063 1660 2199 1680; x_wconf 81' lang='lat' dir='ltr'>carcere</span> <span class='ocrx_word' id='word_1_566' title='bbox 2223 1649 2286 1680; x_wconf 74' lang='lat' dir='ltr'>ab·</span> 
     </span>
     <span class='ocr_line' id='line_1_85' title="bbox 1298 1698 2288 1738; baseline 0.002 -8"><span class='ocrx_word' id='word_1_567' title='bbox 1298 1698 1495 1732; x_wconf 70' lang='lat' dir='ltr'>horremus.</span> <span class='ocrx_word' id='word_1_568' title='bbox 1533 1698 1638 1731; x_wconf 83' lang='lat' dir='ltr'>Ames</span> <span class='ocrx_word' id='word_1_569' title='bbox 1657 1698 1828 1731; x_wconf 76' lang='lat' dir='ltr'>iusticiam</span> <span class='ocrx_word' id='word_1_570' title='bbox 1850 1699 1885 1730; x_wconf 89' lang='lat' dir='ltr'>iu</span> <span class='ocrx_word' id='word_1_571' title='bbox 1907 1711 1978 1730; x_wconf 88' lang='lat' dir='ltr'>non</span> <span class='ocrx_word' id='word_1_572' title='bbox 2004 1699 2182 1731; x_wconf 71' lang='lat' dir='ltr'>laedendis</span> <span class='ocrx_word' id='word_1_573' title='bbox 2199 1699 2288 1738; x_wconf 84' lang='lat' dir='ltr'>aliis,</span> 
     </span>
     <span class='ocr_line' id='line_1_86' title="bbox 1296 1749 2285 1794; baseline 0.002 -13"><span class='ocrx_word' id='word_1_574' title='bbox 1296 1751 1376 1792; x_wconf 66' lang='lat' dir='ltr'>quia</span> <span class='ocrx_word' id='word_1_575' title='bbox 1396 1749 1583 1781; x_wconf 72' lang='lat' dir='ltr'>Deustalis</span> <span class='ocrx_word' id='word_1_576' title='bbox 1610 1758 1678 1787; x_wconf 72' lang='lat' dir='ltr'>est,</span> <span class='ocrx_word' id='word_1_577' title='bbox 1714 1749 1875 1782; x_wconf 71' lang='lat' dir='ltr'>xidelicet</span> <span class='ocrx_word' id='word_1_578' title='bbox 1900 1749 2073 1783; x_wconf 81' lang='lat' dir='ltr'>beneficus</span> <span class='ocrx_word' id='word_1_579' title='bbox 2102 1756 2134 1783; x_wconf 87' lang='lat' dir='ltr'>et</span> <span class='ocrx_word' id='word_1_580' title='bbox 2159 1762 2285 1794; x_wconf 85' lang='lat' dir='ltr'>aequa-</span> 
     </span>
     <span class='ocr_line' id='line_1_87' title="bbox 1297 1799 2285 1842; baseline 0.002 -9"><span class='ocrx_word' id='word_1_581' title='bbox 1297 1802 1357 1837; x_wconf 74' lang='lat' dir='ltr'>lis,</span> <span class='ocrx_word' id='word_1_582' title='bbox 1383 1808 1412 1833; x_wconf 87' lang='lat' dir='ltr'>el</span> <span class='ocrx_word' id='word_1_583' title='bbox 1433 1801 1502 1832; x_wconf 82' lang='lat' dir='ltr'>vuit</span> <span class='ocrx_word' id='word_1_584' title='bbox 1535 1813 1598 1833; x_wconf 87' lang='lat' dir='ltr'>nos</span> <span class='ocrx_word' id='word_1_585' title='bbox 1621 1800 1686 1832; x_wconf 85' lang='lat' dir='ltr'>sibi</span> <span class='ocrx_word' id='word_1_586' title='bbox 1713 1800 1842 1831; x_wconf 76' lang='lat' dir='ltr'>similes</span> <span class='ocrx_word' id='word_1_587' title='bbox 1870 1813 1963 1840; x_wconf 75' lang='lat' dir='ltr'>csse,</span> <span class='ocrx_word' id='word_1_588' title='bbox 2000 1808 2029 1833; x_wconf 88' lang='lat' dir='ltr'>et</span> <span class='ocrx_word' id='word_1_589' title='bbox 2057 1801 2167 1842; x_wconf 77' lang='lat' dir='ltr'>cogita</span> <span class='ocrx_word' id='word_1_590' title='bbox 2196 1799 2285 1835; x_wconf 83' lang='lat' dir='ltr'>banc</span> 
     </span>
     <span class='ocr_line' id='line_1_88' title="bbox 1297 1850 2287 1895; baseline 0.003 -12"><span class='ocrx_word' id='word_1_591' title='bbox 1297 1853 1460 1884; x_wconf 73' lang='lat' dir='ltr'>xirlutem</span> <span class='ocrx_word' id='word_1_592' title='bbox 1488 1851 1568 1883; x_wconf 85' lang='lat' dir='ltr'>ideo</span> <span class='ocrx_word' id='word_1_593' title='bbox 1595 1864 1667 1884; x_wconf 81' lang='lat' dir='ltr'>rem</span> <span class='ocrx_word' id='word_1_594' title='bbox 1691 1863 1761 1883; x_wconf 86' lang='lat' dir='ltr'>esse</span> <span class='ocrx_word' id='word_1_595' title='bbox 1786 1852 2053 1893; x_wconf 77' lang='lat' dir='ltr'>pulcerrimam,</span> <span class='ocrx_word' id='word_1_596' title='bbox 2084 1852 2165 1895; x_wconf 83' lang='lat' dir='ltr'>quia</span> <span class='ocrx_word' id='word_1_597' title='bbox 2193 1850 2287 1886; x_wconf 85' lang='lat' dir='ltr'>Deus</span> 
     </span>
     <span class='ocr_line' id='line_1_89' title="bbox 1297 1902 2290 1947; baseline 0.003 -12"><span class='ocrx_word' id='word_1_598' title='bbox 1297 1903 1376 1936; x_wconf 90' lang='lat' dir='ltr'>talis</span> <span class='ocrx_word' id='word_1_599' title='bbox 1392 1911 1452 1937; x_wconf 84' lang='lat' dir='ltr'>est.</span> <span class='ocrx_word' id='word_1_600' title='bbox 1509 1902 1557 1935; x_wconf 81' lang='lat' dir='ltr'>lta</span> <span class='ocrx_word' id='word_1_601' title='bbox 1579 1914 1670 1934; x_wconf 90' lang='lat' dir='ltr'>ames</span> <span class='ocrx_word' id='word_1_602' title='bbox 1693 1902 1892 1943; x_wconf 77' lang='lat' dir='ltr'>veritatem,</span> <span class='ocrx_word' id='word_1_603' title='bbox 1920 1903 2000 1947; x_wconf 80' lang='lat' dir='ltr'>quia</span> <span class='ocrx_word' id='word_1_604' title='bbox 2020 1902 2113 1936; x_wconf 88' lang='lat' dir='ltr'>Deus</span> <span class='ocrx_word' id='word_1_605' title='bbox 2134 1903 2211 1935; x_wconf 82' lang='lat' dir='ltr'>talis</span> <span class='ocrx_word' id='word_1_606' title='bbox 2229 1911 2290 1944; x_wconf 87' lang='lat' dir='ltr'>est,</span> 
     </span>
     <span class='ocr_line' id='line_1_90' title="bbox 1297 1953 2288 1995; baseline 0.002 -9"><span class='ocrx_word' id='word_1_607' title='bbox 1297 1961 1330 1987; x_wconf 88' lang='lat' dir='ltr'>et</span> <span class='ocrx_word' id='word_1_608' title='bbox 1350 1954 1422 1986; x_wconf 81' lang='lat' dir='ltr'>vult</span> <span class='ocrx_word' id='word_1_609' title='bbox 1441 1965 1505 1985; x_wconf 89' lang='lat' dir='ltr'>nos</span> <span class='ocrx_word' id='word_1_610' title='bbox 1523 1954 1588 1986; x_wconf 87' lang='lat' dir='ltr'>sibi</span> <span class='ocrx_word' id='word_1_611' title='bbox 1616 1953 1749 1986; x_wconf 83' lang='lat' dir='ltr'>similes</span> <span class='ocrx_word' id='word_1_612' title='bbox 1775 1964 1858 1987; x_wconf 81' lang='lat' dir='ltr'>esse,</span> <span class='ocrx_word' id='word_1_613' title='bbox 1912 1953 2014 1987; x_wconf 76' lang='lat' dir='ltr'>Hanc</span> <span class='ocrx_word' id='word_1_614' title='bbox 2041 1953 2288 1995; x_wconf 84' lang='lat' dir='ltr'>cogitationem</span> 
     </span>
     <span class='ocr_line' id='line_1_91' title="bbox 1298 2004 2289 2043; baseline 0.002 -6"><span class='ocrx_word' id='word_1_615' title='bbox 1298 2013 1329 2037; x_wconf 87' lang='lat' dir='ltr'>et</span> <span class='ocrx_word' id='word_1_616' title='bbox 1350 2006 1390 2037; x_wconf 89' lang='lat' dir='ltr'>ad</span> <span class='ocrx_word' id='word_1_617' title='bbox 1410 2012 1560 2037; x_wconf 70' lang='lat' dir='ltr'>caeteras</span> <span class='ocrx_word' id='word_1_618' title='bbox 1576 2005 1720 2036; x_wconf 89' lang='lat' dir='ltr'>virtutes</span> <span class='ocrx_word' id='word_1_619' title='bbox 1736 2004 1934 2043; x_wconf 79' lang='lat' dir='ltr'>transferas,</span> <span class='ocrx_word' id='word_1_620' title='bbox 1960 2011 1991 2036; x_wconf 86' lang='lat' dir='ltr'>et</span> <span class='ocrx_word' id='word_1_621' title='bbox 2010 2005 2178 2036; x_wconf 75' lang='lat' dir='ltr'>vocabula</span> <span class='ocrx_word' id='word_1_622' title='bbox 2199 2013 2289 2039; x_wconf 85' lang='lat' dir='ltr'>recte</span> 
     </span>
     <span class='ocr_line' id='line_1_92' title="bbox 1299 2054 2289 2091; baseline 0.004 -4"><span class='ocrx_word' id='word_1_623' title='bbox 1299 2063 1519 2088; x_wconf 82' lang='lat' dir='ltr'>enarrentur.</span> <span class='ocrx_word' id='word_1_624' title='bbox 1578 2054 1772 2088; x_wconf 79' lang='lat' dir='ltr'>Sumantur</span> <span class='ocrx_word' id='word_1_625' title='bbox 1802 2061 1917 2087; x_wconf 78' lang='lat' dir='ltr'>autem</span> <span class='ocrx_word' id='word_1_626' title='bbox 1952 2056 2232 2090; x_wconf 80' lang='lat' dir='ltr'>enumerationes</span> <span class='ocrx_word' id='word_1_627' title='bbox 2256 2064 2289 2091; x_wconf 80' lang='lat' dir='ltr'>et</span> 
     </span>
     <span class='ocr_line' id='line_1_93' title="bbox 1299 2104 2189 2152; baseline -0.001 -12"><span class='ocrx_word' id='word_1_628' title='bbox 1299 2106 1552 2148; x_wconf 66' lang='lat' dir='ltr'>descriptiones</span> <span class='ocrx_word' id='word_1_629' title='bbox 1573 2118 1613 2138; x_wconf 88' lang='lat' dir='ltr'>ex</span> <span class='ocrx_word' id='word_1_630' title='bbox 1630 2104 1825 2148; x_wconf 80' lang='lat' dir='ltr'>Decalogu,</span> <span class='ocrx_word' id='word_1_631' title='bbox 1853 2114 1890 2138; x_wconf 92' lang='lat' dir='ltr'>ut</span> <span class='ocrx_word' id='word_1_632' title='bbox 1912 2118 2012 2152; x_wconf 80' lang='lat' dir='ltr'>saepe</span> <span class='ocrx_word' id='word_1_633' title='bbox 2029 2106 2189 2140; x_wconf 78' lang='lat' dir='ltr'>dicimus.</span> 
     </span>
    </p>

    <p class='ocr_par' dir='ltr' id='par_1_28' title="bbox 1300 2153 2293 2710">
     <span class='ocr_line' id='line_1_94' title="bbox 1403 2153 2290 2202; baseline 0.003 -14"><span class='ocrx_word' id='word_1_634' title='bbox 1403 2156 1625 2190; x_wconf 71' lang='lat' dir='ltr'>Vocabulum</span> <span class='ocrx_word' id='word_1_635' title='bbox 1661 2153 1885 2202; x_wconf 62' lang='grc' dir='ltr'><em>σωφροσύνη</em></span> <span class='ocrx_word' id='word_1_636' title='bbox 1916 2155 1981 2189; x_wconf 91' lang='lat' dir='ltr'>boc</span> <span class='ocrx_word' id='word_1_637' title='bbox 2018 2157 2095 2190; x_wconf 91' lang='lat' dir='ltr'>loco</span> <span class='ocrx_word' id='word_1_638' title='bbox 2129 2166 2165 2190; x_wconf 83' lang='lat' dir='ltr'>ut</span> <span class='ocrx_word' id='word_1_639' title='bbox 2190 2170 2290 2202; x_wconf 83' lang='lat' dir='ltr'>saepe</span> 
     </span>
     <span class='ocr_line' id='line_1_95' title="bbox 1300 2208 2289 2250; baseline 0.001 -9"><span class='ocrx_word' id='word_1_640' title='bbox 1300 2208 1385 2241; x_wconf 81' lang='lat' dir='ltr'>alias</span> <span class='ocrx_word' id='word_1_641' title='bbox 1431 2208 1599 2249; x_wconf 76' lang='lat' dir='ltr'>significat</span> <span class='ocrx_word' id='word_1_642' title='bbox 1635 2214 1667 2240; x_wconf 90' lang='lat' dir='ltr'>et</span> <span class='ocrx_word' id='word_1_643' title='bbox 1706 2208 1969 2250; x_wconf 75' lang='lat' dir='ltr'>temperantiam</span> <span class='ocrx_word' id='word_1_644' title='bbox 2001 2215 2034 2241; x_wconf 88' lang='lat' dir='ltr'>et</span> <span class='ocrx_word' id='word_1_645' title='bbox 2070 2209 2289 2243; x_wconf 84' lang='lat' dir='ltr'>modestiam.</span> 
     </span>
     <span class='ocr_line' id='line_1_96' title="bbox 1300 2259 2290 2302; baseline 0.002 -11"><span class='ocrx_word' id='word_1_646' title='bbox 1300 2259 1446 2302; x_wconf 81' lang='lat' dir='ltr'>Proprie</span> <span class='ocrx_word' id='word_1_647' title='bbox 1463 2267 1579 2292; x_wconf 86' lang='lat' dir='ltr'>autem</span> <span class='ocrx_word' id='word_1_648' title='bbox 1599 2259 1828 2302; x_wconf 73' lang='lat' dir='ltr'>temperantia</span> <span class='ocrx_word' id='word_1_649' title='bbox 1848 2259 2053 2291; x_wconf 87' lang='lat' dir='ltr'>nominatur</span> <span class='ocrx_word' id='word_1_650' title='bbox 2076 2260 2290 2293; x_wconf 86' lang='lat' dir='ltr'>convenien-</span> 
     </span>
     <span class='ocr_line' id='line_1_97' title="bbox 1301 2308 2291 2354; baseline 0.002 -12"><span class='ocrx_word' id='word_1_651' title='bbox 1301 2311 1347 2343; x_wconf 80' lang='lat' dir='ltr'>tia</span> <span class='ocrx_word' id='word_1_652' title='bbox 1366 2310 1401 2342; x_wconf 88' lang='lat' dir='ltr'>in</span> <span class='ocrx_word' id='word_1_653' title='bbox 1419 2310 1496 2343; x_wconf 91' lang='lat' dir='ltr'>cibo</span> <span class='ocrx_word' id='word_1_654' title='bbox 1514 2318 1546 2343; x_wconf 90' lang='lat' dir='ltr'>et</span> <span class='ocrx_word' id='word_1_655' title='bbox 1565 2317 1660 2353; x_wconf 80' lang='lat' dir='ltr'>potu.</span> <span class='ocrx_word' id='word_1_656' title='bbox 1713 2308 1809 2342; x_wconf 89' lang='lat' dir='ltr'>Haec</span> <span class='ocrx_word' id='word_1_657' title='bbox 1826 2310 1937 2343; x_wconf 88' lang='lat' dir='ltr'>virtus</span> <span class='ocrx_word' id='word_1_658' title='bbox 1955 2321 2015 2354; x_wconf 90' lang='lat' dir='ltr'>per</span> <span class='ocrx_word' id='word_1_659' title='bbox 2037 2321 2109 2342; x_wconf 88' lang='lat' dir='ltr'>sese</span> <span class='ocrx_word' id='word_1_660' title='bbox 2133 2322 2291 2344; x_wconf 85' lang='lat' dir='ltr'>necessa-</span> 
     </span>
     <span class='ocr_line' id='line_1_98' title="bbox 1301 2359 2290 2404; baseline 0.001 -10"><span class='ocrx_word' id='word_1_661' title='bbox 1301 2362 1351 2394; x_wconf 89' lang='lat' dir='ltr'>ria</span> <span class='ocrx_word' id='word_1_662' title='bbox 1378 2368 1447 2400; x_wconf 88' lang='lat' dir='ltr'>est,</span> <span class='ocrx_word' id='word_1_663' title='bbox 1471 2361 1551 2404; x_wconf 79' lang='lat' dir='ltr'>quia</span> <span class='ocrx_word' id='word_1_664' title='bbox 1573 2361 1656 2393; x_wconf 73' lang='lat' dir='ltr'>vitia</span> <span class='ocrx_word' id='word_1_665' title='bbox 1682 2360 1857 2393; x_wconf 76' lang='lat' dir='ltr'>contraria</span> <span class='ocrx_word' id='word_1_666' title='bbox 1882 2359 2020 2404; x_wconf 85' lang='lat' dir='ltr'>corpori</span> <span class='ocrx_word' id='word_1_667' title='bbox 2049 2361 2192 2393; x_wconf 78' lang='lat' dir='ltr'>exitiosa</span> <span class='ocrx_word' id='word_1_668' title='bbox 2219 2374 2290 2395; x_wconf 82' lang='lat' dir='ltr'>esse</span> 
     </span>
     <span class='ocr_line' id='line_1_99' title="bbox 1302 2410 2290 2456; baseline 0.003 -13"><span class='ocrx_word' id='word_1_669' title='bbox 1302 2424 1362 2456; x_wconf 77' lang='lat' dir='ltr'>per</span> <span class='ocrx_word' id='word_1_670' title='bbox 1381 2424 1452 2444; x_wconf 85' lang='lat' dir='ltr'>sese</span> <span class='ocrx_word' id='word_1_671' title='bbox 1470 2412 1692 2444; x_wconf 68' lang='lat' dir='ltr'>manifestum</span> <span class='ocrx_word' id='word_1_672' title='bbox 1712 2420 1773 2450; x_wconf 80' lang='lat' dir='ltr'>est,</span> <span class='ocrx_word' id='word_1_673' title='bbox 1802 2419 1838 2444; x_wconf 90' lang='lat' dir='ltr'>ut</span> <span class='ocrx_word' id='word_1_674' title='bbox 1856 2412 1995 2447; x_wconf 82' lang='lat' dir='ltr'>dicitur,</span> <span class='ocrx_word' id='word_1_675' title='bbox 2020 2410 2142 2444; x_wconf 79' lang='lat' dir='ltr'>Plures</span> <span class='ocrx_word' id='word_1_676' title='bbox 2160 2413 2290 2446; x_wconf 86' lang='lat' dir='ltr'>intem-</span> 
     </span>
     <span class='ocr_line' id='line_1_100' title="bbox 1304 2460 2289 2506; baseline 0.003 -12"><span class='ocrx_word' id='word_1_677' title='bbox 1304 2463 1461 2506; x_wconf 84' lang='lat' dir='ltr'>perantia</span> <span class='ocrx_word' id='word_1_678' title='bbox 1481 2475 1582 2506; x_wconf 85' lang='lat' dir='ltr'>quam</span> <span class='ocrx_word' id='word_1_679' title='bbox 1602 2463 1719 2502; x_wconf 66' lang='lat' dir='ltr'>gladio</span> <span class='ocrx_word' id='word_1_680' title='bbox 1741 2463 1868 2505; x_wconf 82' lang='lat' dir='ltr'>perire:</span> <span class='ocrx_word' id='word_1_681' title='bbox 1897 2460 1939 2495; x_wconf 75' lang='lat' dir='ltr'>Et</span> <span class='ocrx_word' id='word_1_682' title='bbox 1961 2462 2078 2494; x_wconf 82' lang='lat' dir='ltr'>nutrix</span> <span class='ocrx_word' id='word_1_683' title='bbox 2096 2470 2143 2496; x_wconf 78' lang='lat' dir='ltr'>est</span> <span class='ocrx_word' id='word_1_684' title='bbox 2163 2463 2289 2497; x_wconf 79' lang='lat' dir='ltr'>multa-</span> 
     </span>
     <span class='ocr_line' id='line_1_101' title="bbox 1304 2513 2291 2555; baseline 0.001 -9"><span class='ocrx_word' id='word_1_685' title='bbox 1304 2526 1380 2546; x_wconf 88' lang='lat' dir='ltr'>rum</span> <span class='ocrx_word' id='word_1_686' title='bbox 1399 2514 1547 2545; x_wconf 74' lang='lat' dir='ltr'>aliarum</span> <span class='ocrx_word' id='word_1_687' title='bbox 1569 2514 1761 2555; x_wconf 53' lang='lat' dir='ltr'>drinium,</span> <span class='ocrx_word' id='word_1_688' title='bbox 1791 2513 2040 2552; x_wconf 83' lang='lat' dir='ltr'>invocationis,</span> <span class='ocrx_word' id='word_1_689' title='bbox 2072 2514 2291 2553; x_wconf 83' lang='lat' dir='ltr'>intentionis,</span> 
     </span>
     <span class='ocr_line' id='line_1_102' title="bbox 1304 2558 2291 2607; baseline 0.002 -12"><span class='ocrx_word' id='word_1_690' title='bbox 1304 2558 1590 2603; x_wconf 79' lang='lat' dir='ltr'>deliberationis,</span> <span class='ocrx_word' id='word_1_691' title='bbox 1619 2564 1842 2606; x_wconf 81' lang='lat' dir='ltr'>diligentiae,</span> <span class='ocrx_word' id='word_1_692' title='bbox 1870 2563 2206 2607; x_wconf 70' lang='lat' dir='ltr'>circumspectioniS,</span> <span class='ocrx_word' id='word_1_693' title='bbox 2234 2578 2291 2598; x_wconf 67' lang='lat' dir='ltr'>ca—</span> 
     </span>
     <span class='ocr_line' id='line_1_103' title="bbox 1304 2614 2292 2656; baseline 0.001 -9"><span class='ocrx_word' id='word_1_694' title='bbox 1304 2615 1447 2654; x_wconf 81' lang='lat' dir='ltr'>stitatis,</span> <span class='ocrx_word' id='word_1_695' title='bbox 1482 2627 1559 2647; x_wconf 86' lang='lat' dir='ltr'>cum</span> <span class='ocrx_word' id='word_1_696' title='bbox 1591 2614 1860 2656; x_wconf 80' lang='lat' dir='ltr'>intemperantia</span> <span class='ocrx_word' id='word_1_697' title='bbox 1892 2614 2060 2656; x_wconf 83' lang='lat' dir='ltr'>impediat</span> <span class='ocrx_word' id='word_1_698' title='bbox 2084 2627 2222 2648; x_wconf 83' lang='lat' dir='ltr'>sensum</span> <span class='ocrx_word' id='word_1_699' title='bbox 2249 2616 2292 2649; x_wconf 86' lang='lat' dir='ltr'>ti-</span> 
     </span>
     <span class='ocr_line' id='line_1_104' title="bbox 1304 2665 2293 2710; baseline 0.002 -12"><span class='ocrx_word' id='word_1_700' title='bbox 1304 2666 1413 2698; x_wconf 82' lang='lat' dir='ltr'>moris</span> <span class='ocrx_word' id='word_1_701' title='bbox 1438 2665 1522 2705; x_wconf 67' lang='lat' dir='ltr'>Dei,</span> <span class='ocrx_word' id='word_1_702' title='bbox 1559 2665 1833 2710; x_wconf 77' lang='lat' dir='ltr'>poenitentiam,</span> <span class='ocrx_word' id='word_1_703' title='bbox 1868 2666 2153 2709; x_wconf 74' lang='lat' dir='ltr'>meditationem,</span> <span class='ocrx_word' id='word_1_704' title='bbox 2191 2667 2293 2700; x_wconf 64' lang='lat' dir='ltr'>inio-</span> 
     </span>
    </p>
   </div>
  </div>
 </body>
</html>
