2415 2942
261 86 329 120 747

261 185 277 204 a
297 168 459 212 legitimis
476 162 657 198 uxoribus.
713 157 798 192 lteni
815 156 1093 190 excommunicat
1114 167 1240 199 paren-

261 231 326 258 tes,
345 219 404 264 qui
424 217 509 249 filias
528 213 616 245 votis
633 210 820 252 obligatas,
839 208 866 240 si
889 209 1040 243 nubant,
1059 213 1240 248 parentum

263 272 387 305 affectu
418 264 706 309 complectantur.
767 258 852 292 ltein
885 259 975 301 ipsas
1008 265 1134 301 nuptas
1169 268 1240 289 non
1268 267 1269 273 ¹

263 318 416 355 admittit
446 317 489 349 ad
525 311 834 350 communionem,

265 371 409 404 maritis.
1179 409 1187 415 .
1268 371 1272 420 1

364 413 651 458 Carthaginensis
683 410 828 456 quinta,
867 420 959 442 anno
986 408 1070 444 438.
1105 406 1246 449 habita,
1270 428 1271 433 =

265 469 427 516 probibet
446 465 644 510 Episcopis‚
674 460 900 506 presbyteriS,
929 467 959 492 et
983 460 1139 492 diaconis
1160 472 1244 491 con-

265 521 486 556 suetudinem
511 515 744 558 legitimarum
768 511 976 553 coniugum,
1006 511 1051 543 ita
1077 510 1245 554 paulatim

266 572 439 606 cumulata
460 574 508 601 est
528 563 733 611 probibitio.
779 566 892 594 Antea
911 562 1068 594 diaconis
1086 572 1245 593 concessa
1272 565 1275 576 ¹

268 631 337 656 erat
363 618 578 653 cousuetudo
600 627 677 648 cuin
698 613 883 652 uxoribus,
911 620 946 645 ut
967 619 1110 645 testatur
1129 610 1247 654 Ancy-

268 686 350 707 rana
378 671 551 707 sviiodus,
589 672 704 710 postea
723 670 838 697 secuta
865 670 913 695 est
940 661 1148 705 probibitio.
1201 659 1249 692 Et

268 723 333 757 liae
356 712 621 755 constitutiones
639 716 680 748 de
697 714 870 747 coelibatu
893 713 1043 744 subinde
1069 712 1103 743 iii
1131 710 1249 742 omiii-
1276 712 1277 716 ’

269 777 335 809 bus
359 771 502 818 synodis
528 773 755 811 repetuntur,
797 770 829 796 et
852 764 1031 794 adduntur
1056 761 1250 794 acerbiores

269 835 422 869 poenae,
449 822 537 853 sicut
563 817 731 862 quaedam
752 813 923 846 Toletana
949 813 1103 858 synodus
1121 811 1251 844 consti-

270 876 355 912 tuit,
373 880 409 905 ut
427 870 605 904 facultates
624 865 811 899 mulierum
831 864 1045 907 vendantur,
1062 864 1089 896 si
1107 864 1252 895 redeant

271 927 313 960 ad
344 925 449 956 vii-os.

371 974 482 1006 Porro
507 968 592 1003 haec
616 963 903 1009 Cartliagineusis
921 963 1076 1008 synodus
1095 963 1253 996 continet

273 1035 303 1060 et
321 1025 424 1059 aliam
443 1019 706 1055 memorabilem
723 1015 1027 1054 constitutionem,
1055 1016 1097 1047 de
1120 1014 1253 1047 sacellis

272 1086 308 1111 ot
333 1075 402 1108 aris
427 1080 646 1109 sanctorum,
673 1068 733 1101 ubi
759 1080 829 1099 non
857 1073 938 1098 sunt
961 1077 1081 1097 eorum
1107 1077 1254 1107 corpora

275 1126 427 1162 condita.
480 1122 553 1155 Has
568 1131 643 1153 aras
667 1126 698 1152 et
726 1118 848 1152 sacella
871 1117 965 1149 iubet
986 1114 1176 1160 Episcopus
1194 1116 1255 1147 de-

273 1176 409 1213 moliri.
427 1181 486 1207 aut
504 1173 530 1205 si
550 1177 704 1204 metuant
726 1168 910 1207 tumultus,
928 1166 1022 1199 iubet
1042 1178 1099 1199 eos
1118 1167 1153 1198 in
1171 1178 1255 1198 con-

275 1228 438 1262 cionibus
455 1223 624 1268 populum
643 1218 842 1257 dehortari,
867 1230 911 1250 ne
929 1219 971 1249 ad
991 1217 1050 1249 illa
1070 1218 1143 1250 loca
1160 1228 1256 1249 acce·
1281 1222 1283 1241 ³

276 1281 374 1312 dam.
411 1275 565 1319 Apparet
581 1272 718 1316 aliquos
733 1276 944 1303 crescentem
970 1268 1254 1311 superstitionem
1282 1282 1283 1286 ¹

277 1331 314 1362 in
335 1329 430 1362 cultu
448 1331 645 1358 sanctoruni
665 1321 815 1353 voluisse
830 1316 1029 1364 probibere.

380 1377 545 1416 Svnodus
568 1371 853 1413 Carthaginiensis
885 1369 969 1400 anni
997 1367 1082 1403 457.
1115 1368 1183 1409 egit
1215 1368 1258 1400 de
1282 1372 1284 1389 ¹

278 1417 527 1474 provocatione
561 1422 830 1467 Episcoporum.
882 1418 1066 1453 Romanus
1103 1419 1285 1462 pontifex}

278 1478 491 1525 postulavit,
527 1482 565 1507 ut
593 1474 841 1506 concederetur
859 1470 1080 1513 provocatio,
1108 1470 1257 1501 ubicun-
1283 1471 1286 1491 ⁶

279 1542 345 1576 que
369 1528 496 1572 aliquis
520 1526 561 1558 ad
589 1523 789 1557 Romanum
822 1527 1060 1565 provocasset,
1089 1520 1194 1563 idqiie
1222 1525 1260 1551 ut

279 1580 473 1617 obtineret,
493 1574 666 1610 commisit
685 1574 828 1610 salsum,
847 1570 964 1603 citavit
981 1569 1260 1602 commentitium

281 1633 485 1666 decretum,
527 1626 620 1670 quod
657 1623 851 1656 affirmabat
886 1622 922 1653 iu
950 1632 1022 1652 eam
1053 1620 1261 1653 sententiam

283 1682 417 1715 editum
442 1689 513 1711 esse
542 1677 578 1708 in
598 1675 726 1708 Nicena
753 1673 898 1718 synodO.
953 1670 1074 1703 Postea
1101 1683 1141 1703 ex
1167 1669 1263 1703 Con-

282 1728 511 1773 stantinopoli
538 1726 654 1770 petitis
681 1724 847 1766 exemplis
873 1720 1088 1764 deprebensa
1120 1728 1170 1754 est
1204 1732 1264 1752 va-

283 1783 375 1815 nitas
393 1806 402 1818 ,
444 1787 477 1812 et
511 1778 690 1819 repudiata
728 1775 847 1818 petitio
885 1772 1039 1806 Romani
1081 1771 1265 1815 pontificis.
1290 1801 1291 1807 ,

283 1832 376 1866 Huic
391 1831 525 1876 synodo
546 1827 705 1860 interfuit
727 1824 957 1868 Augustinus.
1012 1822 1160 1855 Talibus
1180 1822 1264 1855 arti·
1290 1843 1292 1868 3

283 1883 371 1917 ficiis
402 1880 557 1915 Romani
591 1877 769 1920 pontifices
799 1875 886 1907 viam
915 1874 979 1906 sibi
1007 1874 1049 1906 ad
1077 1873 1266 1916 primatum
1291 1882 1293 1901 ῑ

285 1938 498 1967 struxerunt.
554 1927 630 1961 Hoc
649 1926 844 1969 exemplum
865 1932 1003 1966 monet,
1032 1936 1076 1956 ne
1095 1925 1141 1956 ita
1162 1924 1267 1955 mire-
1291 1910 1295 2075 h

885 309 952 341 nisi
983 308 1199 341 discedentes
1224 320 1242 340 a

285 1996 365 2017 mur
391 1980 654 2026 antiquitatem,
688 1985 727 2011 ut
750 1989 823 2009 eam
851 1976 1016 2008 omnibus
1049 1975 1144 2007 vitiis
1177 1974 1268 2006 libe-

287 2045 416 2067 remus.

389 2079 676 2124 Carthaginensis
698 2084 820 2122 quarta
848 2077 1024 2108 decretum
1045 2075 1201 2107 continet
1226 2074 1268 2106 de

289 2134 489 2180 precationi>
513 2140 546 2165 et
571 2130 750 2163 oblatione
776 2140 837 2170 pro
866 2126 1033 2168 moi-niis,
1061 2124 1113 2157 liis
1139 2124 1269 2157 verbis:
1295 2126 1296 2150 ἶ

289 2185 536 2222 Poeniteutes,
572 2181 632 2225 qui
669 2179 856 2220 diligenti-r
888 2184 1073 2209 servarunt
1109 2174 1296 2208 canones*

289 2235 544 2280 poenitentiae,
574 2232 600 2264 si
622 2242 701 2263 casii
729 2228 924 2260 moriantur
949 2235 1027 2260 ante
1051 2225 1271 2258 communio·
1295 2218 1298 2256 l

292 2299 391 2323 nem,
421 2283 687 2317 commendetur
707 2291 826 2311 eorum
847 2279 1013 2310 memoria
1040 2276 1272 2320 praecationi-

292 2338 356 2369 bus
378 2343 409 2367 et
424 2333 675 2366 oblationibus.
730 2329 794 2362 llla
820 2336 911 2362 aetas
936 2330 1093 2360 nonduin
1121 2324 1273 2358 habebat
1298 2366 1299 2369 Ἴ

293 2387 445 2431 privatas
474 2384 619 2420 Missas,
654 2382 713 2414 sed
737 2388 852 2414 tamen
880 2379 1045 2421 paulatim
1073 2377 1272 2420 superstitio
1298 2371 1301 2434 ς

293 2441 458 2470 creverat.
511 2434 577 2466 llic
600 2433 724 2466 Canon
752 2443 823 2463 non
853 2430 973 2472 recipit
999 2436 1172 2468 mortuos,
1207 2427 1275 2459 nisi
1300 2437 1301 2471 t

293 2487 482 2528 diligenter
522 2484 664 2516 servatis
708 2482 834 2514 ritibus
872 2480 1117 2524 poeniteutiae.

295 2537 393 2571 addit
420 2546 551 2567 morem
579 2535 620 2564 de
646 2532 897 2565 oblationibus.

396 2583 577 2618 Tractavit
601 2594 737 2614 causam
765 2581 1003 2624 graxissimam
1029 2581 1188 2626 synodus
1206 2578 1279 2612 Mi-

298 2639 468 2677 tes-tiana,
502 2634 559 2668 cui
586 2633 745 2666 interfuit
769 2632 1007 2674 Augustinus,
1047 2638 1079 2665 et
1104 2638 1193 2664 recte
1219 2631 1279 2663 de-

1172 2478 1276 2519 Item,

831 72 955 107 PlllL.
984 69 1097 104 MEL.
1127 69 1334 104 SCRtP'rA
1363 68 1658 106 ExEGETtCA.

1290 1816 1291 1827 ³
1318 1806 1617 1845 indifferentium,
1636 1806 1678 1837 de
1695 1805 1908 1847 poenitentia
1929 1805 2116 1847 lapsorum.

1296 2206 1297 2215 ,
1323 2176 1462 2209 recturi.

2198 74 2271 111 748

1292 156 1406 190 sendit
1434 157 1527 200 piam
1555 156 1751 189 doctrinam
1780 158 1822 191 de
1848 166 1986 203 peccato
2014 160 2198 204 originali,
2229 161 2272 194 de

1294 207 1422 251 gratia,
1455 215 1487 240 et
1524 207 1566 240 de
1602 207 1858 244 iustificatione.
1911 209 2025 245 Habet
2060 220 2091 244 et
2131 211 2273 255 politica

1295 260 1481 303 quaedam,
1503 258 1537 290 in
1559 258 1687 302 quibus
1705 255 1788 291 baec
1803 266 1883 292 suut
1902 262 2160 304 memorabilia,
2180 268 2273 295 vetat

1297 310 1580 353 provocationem
1605 310 1647 341 ad
1675 309 1926 342 transmarinos
1942 310 2142 355 Episcopos.
2197 311 2274 346 Itoe

1296 363 1472 393 decretum
1493 372 1587 392 nunc
1605 371 1646 391 ne
1659 358 1840 393 Romanus
1857 361 1997 404 quidem
2017 363 2171 405 pontifex
2188 363 2275 396 reci-

1296 417 1403 455 peret.
1447 409 1549 443 Vetat
1568 411 1650 442 item
1667 411 1710 442 ab
1727 411 1938 454 Imperatore
1955 413 2021 454 peti
2041 413 2183 453 iudices,
2203 425 2275 447 non

1298 459 1499 504 Episcopus.
1545 460 1582 494 ld
1604 461 1672 493 illis
1692 461 1909 504 temporibus
1927 465 2158 504 congruebat,
2183 475 2277 496 nune

1300 519 1385 544 esset
1411 514 1556 544 durum:
1593 513 1635 543 de
1662 512 1816 544 divortio
1842 513 1945 545 etiam
1972 513 2106 551 sanxit,
2139 526 2182 546 ne
2201 524 2280 558 per-

1300 574 1383 594 sona
1411 562 1578 594 innocens
1597 574 1717 594 rursus
1734 560 1918 595 contrahat
1938 564 2222 604 matrimonium,
2247 570 2280 596 et

1275 643 1276 660 3
1301 613 1398 645 addit
1418 613 1605 655 petendum
1624 624 1713 653 esse,
1747 620 1785 645 ut
1807 612 1999 656 Imperator
2023 614 2133 657 legem
2150 614 2185 647 in
2205 625 2279 647 eam

1275 673 1277 698 ζ
1302 663 1509 696 sententiam
1537 664 1634 697 sei-at.

1689 663 1727 695 ld
1755 675 1895 708 quoque
1930 664 2053 697 durius
2076 672 2136 699 est.
2189 664 2280 698 Nam

1302 713 1436 747 Romae
1459 712 1603 746 Fabiola
1635 715 1807 747 contraxit
1834 714 1930 748 aliud
1964 715 2204 758 connubium,
2242 721 2283 749 ut

1302 771 1446 809 apparet
1465 776 1503 797 ex
1524 763 1719 810 leronymu-

1404 827 1453 862 ΕΔ
1480 831 1634 875 synodos
1658 830 1840 865 confirmat
1867 838 1900 865 et
1927 832 2212 876 superstitionem
2240 831 2284 864 de

1304 880 1415 921 votis,
1451 881 1607 914 concedit
1637 882 1742 914 velari
1780 883 1932 924 virgines
1965 891 2045 916 ante
2079 882 2283 926 vigesimum

1306 931 1468 976 quintum
1494 943 1626 963 aunum
1644 940 1761 964 contra
1782 940 1912 965 veteres
1934 932 2106 967 Canones.
2161 932 2284 974 Quan-

1279 997 1281 1004 >
1306 994 1410 1026 quani
1427 981 1532 1023 igitur
1548 983 1590 1013 de
1603 983 1761 1015 doctrina
1779 984 2012 1016 tolerabiliter
2028 982 2286 1027 pronunciavit,

1306 1039 1425 1065 tamen
1450 1039 1564 1074 postea
1582 1033 1751 1065 accedunt
1774 1033 1911 1075 aliquae
1936 1034 2083 1076 stipulae
2107 1041 2140 1066 et
2164 1044 2287 1076 super-

1307 1083 1460 1116 stitiosae
1485 1083 1762 1118 constitutiones.
1816 1083 1935 1126 Quare
1954 1096 2025 1116 non
2045 1085 2163 1117 omnia
2181 1095 2287 1128 syno-

1308 1135 1433 1166 dorum
1457 1134 1594 1166 decreta
1617 1134 1692 1166 sine
1708 1134 1843 1166 delectu
1861 1135 2041 1176 probanda
2060 1141 2158 1172 sunt,
2186 1141 2219 1167 et
2236 1141 2287 1166 ta-

1308 1196 1386 1217 men
1403 1184 1582 1216 fatendum
1602 1191 1667 1224 est,
1684 1185 1757 1226 pias
1774 1186 1926 1229 synodos
1944 1185 2031 1217 bene
2049 1186 2188 1218 meritas
2206 1195 2288 1225 esse,

1309 1235 1389 1280 quia
1416 1235 1552 1279 aliquos
1577 1235 1756 1267 doctrinae
1772 1233 1994 1268 Christianae
2021 1236 2186 1268 articulos
2204 1247 2289 1268 con-

1309 1292 1533 1318 servaverunt
1547 1310 1554 1321 ‚
1581 1293 1613 1318 et
1630 1286 1672 1317 de
1693 1284 1746 1318 liis
1767 1287 1907 1329 prodest
1929 1292 2047 1319 tenere
2071 1287 2288 1332 synodorum

1282 1360 1284 1367 ,
1310 1343 1341 1368 et
1365 1335 1583 1379 antiquitatis
1606 1337 1859 1369 testimonium.

1332 1433 1390 1464 De
1421 1431 1737 1464 ecclesiasticis
1765 1430 2053 1473 scriptoribus
2076 1431 2268 1462 vetustis.

1410 1503 1456 1536 Ili
1475 1515 1613 1548 quoque
1629 1503 1720 1535 liene
1741 1501 1855 1536 meriti
1874 1508 1973 1542 sunt,
1989 1502 2191 1545 praesertim
2206 1513 2291 1546 qua-

1285 1575 1287 1581 ,
1313 1561 1414 1587 tenus
1432 1561 1513 1586 sunt
1531 1560 1631 1586 testes
1650 1552 1775 1585 veteris
1795 1560 1827 1585 et
1850 1552 1982 1595 primae
2002 1551 2177 1584 Ecclesiae
2195 1551 2292 1594 Apo-

1286 1624 1288 1630 i
1315 1605 1496 1638 stolorum.

1549 1602 1769 1635 Confirmant
1790 1602 1882 1634 enim
1902 1614 1966 1634 nos
1992 1613 2054 1634 suo
2082 1602 2295 1642 testimonio,

1316 1657 1358 1687 de
1377 1654 1572 1691 'si-iiiitate,
1600 1654 1642 1685 de
1660 1653 1794 1685 naturis
1813 1653 1848 1684 iii
1868 1650 2028 1692 Christo,
2053 1653 2096 1685 de
2121 1652 2293 1695 baptismo

1317 1706 1512 1743 infantum,
1531 1706 1573 1736 de
1594 1715 1657 1736 usu
1675 1716 1803 1735 coenae
1821 1702 1985 1743 Domini,
2006 1704 2048 1734 ‹le
2072 1703 2295 1736 ordinatione

1317 1756 1581 1793 ministrorum,
1609 1755 1651 1786 de
1676 1754 1839 1795 coningio
1867 1754 2129 1794 ministrorum,
2164 1755 2206 1786 de
2230 1765 2295 1786 usu

2170 1803 2222 1836 De
2242 1801 2295 1837 his

1319 1857 1474 1890 articulis
1497 1856 1663 1888 omnibus
1693 1856 1844 1888 citantur
1869 1854 2109 1887 memorabilia
2141 1855 2295 1898 exempla

1320 1906 1589 1951 Apostolorum,
1618 1918 1704 1950 quae
1730 1906 1830 1938 nobis
1850 1905 2126 1949 patrocinantur.

1420 1972 1604 2006 Caeterum
1622 1973 1806 2016 scriptores
1822 1972 1881 2005 alii
1901 1972 1936 2003 in
1953 1971 2031 2003 aliis
2048 1970 2202 2004 materiis
2220 1970 2296 2003 sue-

1321 2031 1403 2058 runt
1427 2024 1683 2065 diligentiores,
1718 2030 1771 2062 et,
1804 2029 1841 2056 ut
1868 2029 1916 2055 est
1946 2019 2162 2061 humanum,
2198 2032 2299 2064 saepe

1322 2075 1579 2108 inconsiderate
1607 2074 1795 2105 effundunt
1827 2073 1995 2105 absurdas
2025 2079 2057 2104 et
2091 2072 2193 2104 falsas
2221 2084 2300 2104 sen-

1322 2126 1465 2163 tentias,
1500 2136 1586 2169 quas
1613 2125 1783 2156 admoniti
1811 2121 1904 2156 baud
1931 2122 2037 2155 dubie
2063 2122 2200 2155 fuerant
2224 2134 2301 2154 cor-

1516 2174 1626 2218 Saepe
1652 2187 1730 2207 cum
1757 2186 1828 2206 non
1854 2174 1944 2205 male
1966 2173 2155 2212 sentirent,
2184 2180 2299 2205 tamen

1324 2238 1396 2259 non
1420 2226 1501 2258 satis
1521 2226 1699 2269 perspicue
1716 2225 1831 2257 dicere
1851 2230 2058 2268 potuerunt,
2086 2223 2180 2267 quod
2206 2223 2302 2256 vole—

1324 2277 1419 2311 bant.
1472 2276 1582 2317 Saepe
1610 2282 1751 2319 propter
1782 2282 1978 2318 temporum
2011 2273 2301 2306 consuetudinem

1325 2333 1522 2371 praesentes
1540 2326 1745 2359 traditiones
1760 2326 1882 2358 durius
1899 2324 2147 2362 defenderunt,
2170 2323 2303 2368 aliquas

1327 2379 1428 2411 etiam
1446 2378 1547 2410 salsas
1558 2377 1742 2420 opiniones
1759 2377 1933 2409 interdum
1947 2373 2155 2406 babuerunt.
2187 2374 2304 2416 Quare

1327 2441 1399 2461 non
1425 2435 1505 2460 sunt
1529 2428 1603 2460 sine
1627 2427 1761 2459 delectu
1787 2426 1905 2459 omnia
1923 2432 2057 2468 patrum
2078 2424 2204 2468 scripta
2223 2436 2304 2468 pro-

1300 2475 1303 2511 l
1328 2480 1456 2516 banda,
1477 2486 1506 2511 et
1525 2490 1625 2521 saepe
1644 2478 1708 2520 ipsi
1730 2478 1822 2510 inter
1835 2488 1907 2509 sese
1922 2481 2090 2519 pugnant,
2110 2487 2171 2507 nec
2187 2487 2304 2507 rarum

1331 2537 1381 2563 est
1404 2530 1586 2566 dissentire
1614 2528 1765 2572 aliquem
1783 2540 1801 2561 a
1817 2527 1942 2570 seipso.
1997 2525 2115 2567 Quare
2136 2525 2304 2558 iudiciuin

1333 2592 1405 2613 esse
1442 2581 1544 2613 debet
1579 2590 1684 2623 penes
1714 2578 1940 2623 apostolicam
1967 2577 2187 2620 scripturam.
2237 2575 2306 2610 Sed

1304 2672 1307 2674 ι
1336 2630 1484 2664 subiicio
1507 2629 1673 2674 exempla.
