2415 2942
291 96 362 131 125

294 188 426 225 patrem
451 181 651 217 facientem,
680 187 760 218 ergo
788 173 873 208 haec
904 173 1038 207 sanatio
1064 184 1082 205 a
1105 183 1160 205 me
1175 172 1274 213 sacta,

295 233 414 264 dixin-³
440 238 507 270 est,
534 238 564 262 et
590 240 659 260 non
685 227 837 258 subiecta
861 231 992 256 vestrae
1008 224 1072 266 legi
1091 223 1134 255 de
1149 223 1275 256 sabba-

295 290 330 316 to
343 309 350 321 ,
380 293 467 326 quae
490 287 538 312 est
563 276 771 322 paedagogia
788 273 892 307 huius
910 274 1065 307 infirmae
1083 280 1114 306 et
1132 274 1275 306 miserae

296 339 439 365 naturae
467 328 656 367 humanae,
682 326 881 369 significans
906 325 1008 367 longe
1031 324 1125 357 aliud
1150 325 1275 357 sabba-

295 390 390 423 tum,
425 380 555 412 scilicet
585 378 738 410 suturam
770 383 803 410 et
832 382 1006 408 aeternam
1033 374 1202 419 quietem,
1238 375 1275 407 in

295 443 362 475 qua
381 429 595 462 cessantibus
612 427 736 460 officiis
752 426 922 470 corporis,
948 426 1183 468 generatione,
1209 437 1276 458 nu-

295 481 437 516 tritione
462 487 495 512 et
517 479 710 517 similibus,
737 484 872 511 tantum
896 488 1000 520 opera
1021 475 1154 508 sabbati
1172 476 1275 509 sacie-

294 542 381 564 mus.
436 529 656 563 [intuebimur
679 535 712 562 et
730 528 982 561 celebrabimus
998 527 1130 566 Deum,
1157 533 1187 559 et
1205 526 1276 568 ipse

295 581 398 615 nobis
428 580 600 624 impertiet
627 579 825 612 societatem
858 589 939 611 suae
969 577 1074 616 lucis,
1123 583 1154 609 et
1186 577 1276 608 vitae

295 640 466 665 aeternae.
519 629 606 663 Nam
631 627 721 662 hanc
742 629 896 662 suturam
921 628 1071 672 quietem
1090 627 1276 660 adumbrat

293 690 397 728 typus
416 682 452 714 in
470 681 542 724 lege
559 680 712 720 sabbati,
737 686 776 712 ut
792 690 895 722 supra
914 679 1044 711 dictum
1062 683 1121 710 est.

344 757 457 791 Amen
481 754 560 789 diso
586 754 703 795 vobis,
729 753 794 801 qui
811 751 916 786 audit
935 763 1131 785 sermonem
1149 762 1276 789 meum,

397 812 426 841 el
459 804 567 840 credit
598 804 646 847 ei,
686 805 751 852 qui
779 804 878 837 misit
910 814 984 843 me,
1025 799 1134 834 habel
1165 800 1277 833 citam

395 863 591 891 aeternam.

396 933 477 967 Dixi
499 943 601 975 supra
618 929 836 963 observanda
857 939 927 961 esse
945 925 1012 960 hoc
1029 927 1105 959 loco
1122 926 1278 959 testimo-

295 986 353 1020 nia
371 985 412 1016 de
432 983 549 1015 divina
570 988 693 1013 natura
711 980 746 1012 in
765 977 924 1018 Christo,
953 990 1040 1022 quae
1057 977 1278 1010 meditationi

294 1037 432 1081 piorum
458 1033 676 1066 commendo.
745 1029 837 1063 Sunt
861 1030 953 1061 enim
979 1028 1060 1060 satis
1086 1027 1278 1071 perspicua,

295 1087 398 1120 etiam
426 1084 500 1117 sine
527 1083 630 1125 longa
656 1080 889 1113 enarratione.
945 1078 1113 1111 Videmus
1137 1078 1277 1121 aequari

295 1135 520 1180 sapientiam,
568 1131 760 1177 potentiam
798 1137 829 1163 et
871 1127 1061 1166 honorem,
1111 1128 1279 1161 tribuitur

295 1198 377 1229 ergo
403 1193 434 1218 et
460 1185 531 1217 silio
555 1181 822 1225 omnipotentia.
876 1178 1057 1212 Caeterum
1078 1185 1110 1211 et
1127 1176 1192 1210 hoc
1209 1178 1276 1210 sul-

295 1248 377 1272 men
407 1237 648 1273 observemus,
685 1243 753 1276 quo
783 1231 970 1263 damnatur
994 1229 1152 1262 omnium
1179 1228 1279 1261 iusti-

298 1289 370 1330 cia,
398 1286 457 1330 qui
485 1285 554 1317 filio
573 1284 635 1317 Dei
661 1294 733 1315 non
757 1281 916 1314 tribuunt
943 1278 1132 1318 honorem,
1160 1279 1279 1322 quales

296 1345 377 1372 suut
396 1336 535 1374 ludaei,
563 1332 728 1370 Ethnici‚
756 1331 949 1367 Haeretici,
976 1337 1006 1363 et
1024 1342 1145 1363 omnes
1163 1327 1278 1361 hostes

296 1387 492 1430 Evangelii.
546 1384 598 1418 Sit
617 1384 696 1417 licet
712 1383 881 1415 excellens
898 1381 1008 1413 virtus
1024 1380 1142 1418 Fabii,
1169 1378 1279 1412 Ebio-

297 1440 371 1476 nis,
407 1437 504 1476 Arii,
538 1435 690 1477 Pelagii,
725 1432 934 1466 ludaeorum
965 1431 1185 1475 aliquorum,
1219 1431 1278 1473 qui

298 1496 379 1524 sunt
396 1487 529 1521 inimici
542 1484 742 1527 Evangelii,
770 1484 851 1516 item
864 1479 1123 1515 Monachorum
1143 1488 1175 1513 et
1191 1481 1278 1512 alio-

298 1552 376 1574 rum
395 1538 590 1581 sapientum
603 1562 611 1576 ‚
638 1535 698 1578 qui
716 1546 809 1566 nunc
827 1531 1020 1574 Evangelio
1039 1532 1279 1570 adversantur,

297 1599 415 1625 tamen
439 1588 519 1632 quia
544 1586 615 1618 filio
633 1585 698 1619 Dei
724 1596 795 1616 non
820 1584 980 1616 tribuunt
1005 1580 1195 1621 honorem,
1223 1578 1280 1613 hic

298 1642 389 1675 clare
413 1640 640 1671 damnantur:
679 1635 748 1677 Qui
777 1646 850 1666 non
875 1631 1025 1666 honorat
1048 1633 1179 1669 filium,
1207 1643 1278 1663 non

299 1690 449 1725 honorat
476 1695 626 1729 patrem3
670 1698 707 1717 ac
733 1696 852 1717 rursus
879 1684 997 1723 nobis,
1038 1683 1097 1727 qui
1123 1682 1280 1724 agnosci-

299 1753 376 1775 mus
402 1739 629 1772 mediatorem
652 1736 780 1775 filium‚
820 1741 852 1767 et
876 1734 950 1778 ipso
976 1734 1124 1766 ducente
1146 1732 1280 1764 accedi-

299 1804 378 1826 mus
401 1791 443 1823 ad
470 1796 621 1833 patrem,
647 1788 770 1828 ingens
795 1784 986 1818 consolatio
1005 1784 1040 1816 in
1058 1781 1121 1816 hac
1139 1790 1278 1815 senten-

299 1845 346 1876 tia
373 1840 592 1885 proponitur.
647 1836 782 1870 Scimus
806 1843 898 1869 certo
923 1846 987 1867 nos
1008 1833 1116 1876 recipi
1137 1845 1154 1864 a
1171 1840 1278 1876 patre,

299 1893 381 1939 quia
397 1892 467 1924 filio
486 1890 671 1924 tribuimus
692 1885 860 1919 honorem
872 1913 880 1925 ‚
907 1887 950 1918 de
967 1897 1036 1929 quo
1052 1881 1278 1916 docetEvan-

299 1944 448 1988 gelium,
478 1940 573 1984 quod
599 1945 717 1971 narrat
741 1938 818 1981 quis
842 1937 885 1969 sit
907 1936 1016 1972 filius,
1045 1942 1078 1967 et
1104 1945 1209 1978 quare
1235 1933 1279 1966 sit

298 1995 434 2027 missus.
485 1990 573 2023 Nam
595 1989 748 2022 tribuere
773 1985 942 2020 honorem
972 1985 1042 2018 filio
1068 1991 1116 2017 est
1138 1984 1278 2017 credere

299 2042 492 2084 Evangelio
523 2042 566 2073 de
597 2039 762 2072 omnibus
793 2037 949 2070 articulis
984 2037 1025 2069 de
1048 2033 1209 2073 Christo,
1245 2040 1279 2067 et

299 2094 425 2128 fiducia
451 2092 524 2125 eius
547 2091 705 2123 accedere
731 2089 772 2120 ad
789 2086 922 2127 Deum,
950 2093 982 2119 et
1006 2098 1082 2119 eum
1106 2086 1279 2118 iuvocare.

300 2144 383 2178 Ideo
413 2142 527 2176 statim
552 2140 707 2184 sequitur
731 2138 921 2177 sententia,
958 2148 1045 2181 quae
1072 2136 1279 2179 interpreta-

301 2203 358 2229 tur
381 2192 474 2226 hunc
498 2190 668 2224 honorem
693 2187 747 2221 his
767 2188 894 2220 verbis:
924 2186 1056 2225 Amen,
1083 2199 1185 2218 amen
1203 2186 1280 2218 dico

301 2245 420 2283 vobis,
453 2243 513 2287 qui
538 2251 732 2274 sermonem
759 2250 872 2270 meum
899 2237 1014 2274 audit,
1051 2243 1081 2269 et
1106 2236 1215 2269 credit
1239 2236 1281 2276 ei,

302 2296 362 2340 qui
390 2293 482 2326 misit
505 2304 577 2329 me,
602 2289 708 2323 habet
730 2289 836 2321 vitam
857 2295 1043 2320 aeternam.
1096 2285 1163 2318 Hic
1181 2288 1282 2319 docet

302 2345 479 2391 quomodo
505 2343 680 2375 tribuatur
703 2338 815 2372 honos
839 2339 928 2378 filio,
954 2337 1083 2370 scilicet
1107 2337 1281 2369 audiendo

303 2397 449 2429 verbum
483 2393 573 2431 eins,
612 2399 643 2424 et
671 2391 844 2423 credendo
878 2396 951 2422 tum
987 2387 1051 2430 ipsi
1083 2387 1174 2426 filio,
1208 2393 1281 2419 tum

303 2447 398 2494 patri
420 2444 479 2489 qui
506 2443 599 2475 misit
626 2453 723 2479 eum,
749 2448 781 2473 et
808 2452 870 2483 pro
900 2437 965 2471 hoc
988 2449 1092 2481 opere
1112 2437 1283 2480 promittit

305 2498 411 2530 vitam
436 2501 623 2527 aeternam.
676 2490 748 2523 Has
772 2490 956 2523 conciones
977 2487 1094 2521 Iudaei
1117 2494 1283 2531 tanquam

304 2554 410 2582 tetras
436 2541 668 2587 blasphemias
688 2541 957 2578 execrabantur,
981 2539 1075 2583 quod
1096 2537 1202 2570 tribui
1222 2549 1284 2580 po-

306 2597 456 2630 stulabat
478 2591 646 2626 honorem
673 2603 790 2635 parem
814 2587 888 2623 filio
912 2597 945 2623 et
961 2589 1068 2634 patri,
1092 2588 1173 2621 item
1190 2588 1284 2632 quod

305 2659 369 2692 pro
403 2644 468 2679 hoc
501 2656 603 2688 opere
632 2642 805 2688 promittit
836 2640 942 2674 vitam
972 2647 1159 2674 aeternam.
1212 2637 1284 2672 Cur

879 89 1002 127 PHlL.
1028 86 1145 124 MEL.
1174 84 1383 123 SCRIPTA
1408 82 1711 123 EXEGETICA.·

2229 90 2302 128 124

1325 172 1433 217 igitur
1450 174 1529 207 data
1548 179 1598 208 est
1611 174 1689 207 lex'?
1726 170 1783 207 An
1799 170 1867 208 hoe
1880 172 1952 209 vile
1975 186 2084 222 opus,
2113 176 2253 210 credere
2267 176 2305 210 in

1326 221 1421 257 bunc
1445 224 1646 258 crucifixum
1672 223 1861 266 Messiam,
1904 227 1992 260 tanti
2017 234 2085 268 est,
2116 234 2156 261 ut
2177 239 2240 271 pro
2264 238 2306 262 eo

1326 276 1429 309 detur
1453 275 1523 308 vita
1549 275 1713 308 aeterna?
1754 274 1930 309 Videntur
1954 274 2040 310 haec
2063 278 2213 311 absurda
2238 274 2307 310 hu-

1327 337 1449 358 manae
1467 325 1676 368 sapientiae,
1701 332 1732 359 et
1755 326 1976 369 praesertim,
2001 325 2057 361 his
2072 328 2132 373 qui
2148 326 2308 361 fascinati

1327 383 1409 409 sunt
1426 376 1661 409 admiratione
1678 388 1760 409 suae
1780 376 1947 411 iusticiae.
2000 376 2069 411 Sed
2089 390 2167 411 vera
2185 375 2309 411 Eccle-

1327 427 1375 459 sia
1392 425 1456 459 Dei
1475 426 1635 470 intelligit
1653 424 1736 459 haec
1753 427 1864 467 dicta,
1891 434 1922 460 et
1938 433 2030 460 recte
2046 427 2210 471 iutelligit
2225 439 2309 472 pro-

1328 477 1510 510 missiones
1528 477 1570 509 de
1586 476 1733 518 Messia‚
1761 484 1793 510 et
1809 478 1931 521 legem.
1984 475 2057 512 Scit
2079 490 2140 511 cur
2162 479 2241 511 data
2264 477 2310 511 sit

1327 527 1402 568 lex,
1435 527 1585 567 scilicet,
1626 534 1664 560 ut
1694 528 1738 561 sit
1765 540 1830 561 vox
1858 528 2045 561 ostendens
2077 528 2248 561 iudicium
2274 533 2310 561 et

1329 578 1415 610 iram
1436 577 1503 609 Dei
1530 578 1696 610 adversus
1719 584 1914 621 peccatum,
1943 590 2015 611 non
2036 580 2128 623 quod
2148 576 2310 611 homines

1328 628 1397 660 sint
1422 627 1496 668 lege
1528 627 1622 661 iusti.
1682 626 1754 660 Scit
1779 639 1841 661 cur
1863 629 2054 672 promissus
2084 629 2127 662 sit
2149 627 2310 669 Messias,

1329 677 1477 716 scilicet,
1503 683 1541 710 ut
1567 677 1661 710 fieret
1686 677 1826 710 victima
1850 690 1913 721 pro
1934 679 2080 722 peccatis
2099 678 2248 716 nostris,
2276 684 2309 711 et

1329 727 1442 760 inco'e't
1459 727 1495 758 in
1513 727 1736 760 credentibus
1753 727 1858 761 vitam
1877 735 2067 762 aeternam.
2118 727 2185 761 Hic
2202 727 2310 771 igitur

1329 784 1530 821 repetantur
1546 789 1582 810 ea
1594 802 1604 816 ,
1632 789 1720 822 quae
1743 789 1847 821 supra
1866 779 1908 811 de
1929 778 2067 812 iusticia
2084 778 2166 812 fidei
2182 778 2220 811 in
2236 789 2309 823 cap.

1329 829 1362 861 3.
1380 834 1412 861 et
1427 828 1512 861 alias
1528 828 1619 861 dicta
1636 834 1728 862 sunt.
1780 828 1850 862 Sed
1873 840 1936 862 cur
1954 827 2027 862 ait?

1381 925 1470 963 N'on
1506 927 1615 962 veniet
1651 927 1689 961 in
1723 925 1916 968 iudicium,
1965 926 2033 963 sed
2061 928 2233 963 transivit
2266 939 2311 964 ex

1431 983 1543 1012 morte
1559 978 1598 1011 in
1615 978 1738 1015 vitam.

1407 1054 1463 1086 An
1482 1066 1554 1087 non
1574 1054 1826 1087 iudicabuntur
1847 1055 2052 1088 credentes}>
2077 1053 2308 1099 Respondeo:

1332 1105 1375 1136 de
1392 1105 1536 1148 proprio
1555 1111 1588 1137 et
1610 1104 1796 1148 principali
1821 1104 1945 1138 effectu
1966 1105 2048 1138 fidei
2072 1105 2246 1150 loquitur,
2272 1111 2312 1139 ut

1332 1166 1452 1187 omnes
1470 1153 1629 1187 homines
1644 1161 1782 1200 praeter
1799 1153 1979 1187 Christum
2004 1153 2136 1188 habent
2160 1161 2312 1198 peccata,

1332 1206 1380 1238 sic
1404 1217 1525 1237 omnes
1556 1205 1687 1237 iudicat
1711 1211 1742 1237 et
1766 1212 1902 1238 accusat
1924 1204 2037 1245 Deus,
2073 1206 2160 1238 sicut
2181 1204 2312 1239 Paulus

1334 1255 1465 1299 inquit:
1502 1253 1638 1288 Omnes
1662 1261 1743 1288 sunt
1763 1255 1828 1287 sub
1853 1262 2008 1298 peccato3
2043 1256 2101 1287 sed
2128 1261 2311 1300 postquam

1333 1306 1448 1339 illuxit
1470 1305 1574 1346 fides,
1613 1317 1673 1338 seu
1697 1305 1821 1338 fiducia
1845 1303 1978 1338 Christi
2010 1305 2048 1337 in
2078 1306 2201 1345 corde,
2242 1317 2311 1350 qua

1335 1357 1553 1397 agnoscimus
1571 1368 1635 1388 nos
1651 1368 1729 1388 vere
1745 1367 1762 1387 a
1781 1354 1852 1388 Deo
1869 1356 1995 1399 recipi,
2023 1355 2201 1395 exaudiri,
2226 1356 2312 1399 regi,

1335 1407 1495 1446 defendi,
1530 1407 1689 1450 sequitur
1713 1417 1778 1449 pax
1798 1412 1830 1438 et
1845 1406 1994 1444 laetitia,
2023 1417 2110 1449 quae
2127 1412 2176 1438 est
2193 1405 2313 1438 incoa—

1336 1457 1383 1489 tio
1403 1457 1492 1488 vitae
1518 1464 1697 1494 aeternae,
1734 1462 1766 1489 et
1789 1455 1872 1498 tegit
1895 1462 2048 1499 peccata,
2083 1467 2173 1500 quae
2198 1453 2313 1489 adhuc

1334 1508 1369 1539 iu
1403 1507 1640 1539 imbecillitate
1671 1512 1789 1539 nostra
1821 1503 1976 1539 haerent.
2043 1505 2125 1539 Ideo
2164 1506 2311 1540 dicitur:

1333 1556 1431 1590 Beati
1459 1569 1606 1601 quorum
1630 1556 1793 1589 remissae
1815 1563 1897 1589 sunt
1922 1556 2142 1600 iniquitate5‚
2175 1562 2208 1589 et
2224 1568 2313 1600 quo-

1333 1620 1410 1640 rum
1427 1614 1512 1640 tecta
1536 1615 1616 1640 sunt
1641 1613 1787 1651 peccata.
1847 1605 1906 1639 Sic
1931 1607 2074 1639 credens
2097 1618 2141 1638 ne
2170 1606 2313 1650 quidem

1335 1658 1429 1690 venit
1448 1658 1483 1689 in
1501 1657 1690 1694 iudicium,
1716 1657 1751 1689 id
1776 1663 1845 1696 est,
1877 1656 1938 1688 etsi
1959 1654 2064 1689 hahet
2081 1662 2235 1698 peccata,
2261 1663 2315 1690 ta-

1335 1719 1412 1740 men
1431 1705 1514 1740 haec
1531 1714 1618 1741 tecta
1636 1713 1736 1746 sunt,
1772 1713 1955 1749 postquam
1983 1706 2098 1739 illuxit
2119 1706 2224 1744 fides,
2253 1708 2314 1740 sed

1334 1759 1408 1790 sine
1433 1758 1520 1797 fide,
1562 1764 1594 1790 et
1616 1763 1695 1789 ante
1727 1756 1830 1788 fidem
1856 1756 2086 1789 dominantur
2109 1763 2258 1790 terrores
2281 1763 2314 1790 et

1334 1819 1447 1845 mors,
1475 1808 1562 1841 sicut
1583 1807 1700 1851 inquit
1717 1805 1862 1839 Paulus:
1891 1804 2043 1839 Aculeus
2059 1807 2180 1840 mortis
2196 1819 2315 1850 pecca-

1333 1865 1407 1891 tum
1427 1865 1490 1891 est:
1526 1857 1685 1891 Potentia
1716 1857 1844 1899 peccati
1870 1856 1942 1895 lex,
1968 1857 2025 1888 sed
2043 1855 2118 1889 Deo
2135 1856 2178 1889 sit
2195 1857 2316 1899 gratia,

1334 1909 1394 1953 qui
1412 1909 1471 1941 dat
1490 1909 1592 1941 nobis
1608 1907 1790 1940 victoriam
1807 1917 1868 1950 per
1883 1906 2067 1939 dominum
2083 1913 2243 1940 nostrum
2261 1906 2315 1940 le-

1334 1971 1410 1992 sum
1429 1957 1622 1994 Christum.

1384 2057 1485 2106 Quia
1511 2059 1602 2092 venit
1625 2056 1718 2092 hora
1746 2055 1896 2107 quando
1915 2057 2051 2091 mortui
2074 2055 2229 2093 audient
2258 2070 2317 2093 νο-

1434 2121 1503 2143 cem
1518 2107 1603 2154 filii
1618 2107 1706 2145 Dei,

1407 2182 1498 2217 Vide
1521 2183 1645 2217 seriem
1670 2184 1854 2216 universae
1872 2183 2061 2217 concionis.
2106 2182 2213 2216 Initio
2230 2184 2317 2217 dixit

1334 2235 1412 2279 quis
1439 2235 1502 2275 sit,
1534 2234 1695 2267 videlicet
1716 2235 1808 2267 filius
1829 2233 1912 2274 Dei,
1946 2240 2063 2278 postea
2088 2235 2182 2277 quod
2208 2235 2317 2267 bene-

1334 2286 1450 2318 ficium
1484 2284 1623 2325 afferat,
1667 2285 1796 2318 scilicet
1823 2285 1928 2317 vitam
1961 2291 2147 2319 aeternam.
2213 2283 2317 2318 Nune

1336 2336 1432 2368 addit
1449 2336 1625 2380 quomodo
1641 2336 1786 2368 daturus
1812 2335 1856 2367 sit
1871 2334 1976 2366 vitam
1999 2340 2194 2373 aeternam,
2221 2335 2315 2369 scili-

1337 2393 1408 2426 cet,
1435 2385 1644 2419 resuscitatis
1664 2385 1828 2422 mortuis,
1857 2391 1889 2418 et
1906 2382 2055 2417 affirmat
2073 2385 2224 2428 seipsum
2241 2385 2316 2419 sore

1337 2437 1613 2470 resuscitatorem
1632 2442 1864 2469 mortuorum.
1911 2433 2072 2479 Suntque
2086 2431 2143 2468 hic
2159 2447 2318 2479 expressa

1338 2487 1536 2521 testimonia
1566 2487 1636 2519 duo
1658 2485 1856 2530 proposita,
1897 2484 2044 2518 alterum
2068 2485 2110 2518 de
2134 2487 2318 2520 resuscita-

1337 2537 1432 2570 tione
1456 2543 1695 2574 mortuorum,
1728 2536 1874 2570 alterum
1899 2536 1941 2568 de
1967 2535 2029 2567 filii
2049 2536 2316 2581 omnipotentia,

1338 2588 1395 2620 sed
1414 2594 1529 2622 tamen
1552 2587 1620 2626 ita,
1647 2594 1685 2622 ut
1704 2597 1723 2620 a
1739 2593 1836 2632 patre
1853 2586 1896 2621 sit
1912 2586 2178 2623 communicata.
2232 2586 2316 2622 Ideo

1329 2638 1376 2671 ait
1393 2651 1398 2670 :

2406 767 2409 920 ξ
