<?xml version="1.0" encoding="UTF-8"?>
<!DOCTYPE html PUBLIC "-//W3C//DTD XHTML 1.0 Transitional//EN"
    "http://www.w3.org/TR/xhtml1/DTD/xhtml1-transitional.dtd">
<html xmlns="http://www.w3.org/1999/xhtml" xml:lang="en" lang="en">
 <head>
  <title>
</title>
<meta http-equiv="Content-Type" content="text/html;charset=utf-8" />
  <meta name='ocr-system' content='tesseract 3.04.00' />
  <meta name='ocr-capabilities' content='ocr_page ocr_carea ocr_par ocr_line ocrx_word'/>
</head>
<body>
  <div class='ocr_page' id='page_1' title='image "./operaquaesupersu15melauoft/operaquaesupersu15melauoft_0469.png"; bbox 0 0 2415 2942; ppageno 0'>
   <div class='ocr_carea' id='block_1_1' title="bbox 93 118 454 158">
    <p class='ocr_par' dir='ltr' id='par_1_1' title="bbox 93 118 454 158">
     <span class='ocr_line' id='line_1_1' title="bbox 93 118 454 158; baseline -0.006 -2"><span class='ocrx_word' id='word_1_1' title='bbox 93 121 164 158; x_wconf 78' lang='lat'>921</span> <span class='ocrx_word' id='word_1_2' title='bbox 356 119 424 154; x_wconf 88' lang='lat' dir='ltr'>XII</span> <span class='ocrx_word' id='word_1_3' title='bbox 430 118 454 154; x_wconf 93' lang='lat'>1.</span> 
     </span>
    </p>
   </div>
   <div class='ocr_carea' id='block_1_2' title="bbox 506 113 1842 156">
    <p class='ocr_par' dir='ltr' id='par_1_2' title="bbox 506 113 1842 156">
     <span class='ocr_line' id='line_1_2' title="bbox 506 113 1842 156; baseline -0.002 -1"><span class='ocrx_word' id='word_1_4' title='bbox 506 120 540 155; x_wconf 83' lang='lat'>3.</span> <span class='ocrx_word' id='word_1_5' title='bbox 569 116 867 156; x_wconf 82' lang='lat' dir='ltr'>ENARRATto</span> <span class='ocrx_word' id='word_1_6' title='bbox 894 117 1048 154; x_wconf 86' lang='lat' dir='ltr'>EPIST.</span> <span class='ocrx_word' id='word_1_7' title='bbox 1077 116 1224 153; x_wconf 86' lang='lat' dir='ltr'>PAULI</span> <span class='ocrx_word' id='word_1_8' title='bbox 1250 115 1317 150; x_wconf 90' lang='lat' dir='ltr'>AD</span> <span class='ocrx_word' id='word_1_9' title='bbox 1344 113 1607 152; x_wconf 82' lang='lat' dir='ltr'><strong>ROMANOS.</strong></span> <span class='ocrx_word' id='word_1_10' title='bbox 1661 114 1767 153; x_wconf 75' lang='lat' dir='ltr'><strong>CAP.</strong></span> <span class='ocrx_word' id='word_1_11' title='bbox 1797 116 1842 152; x_wconf 77' lang='lat' dir='ltr'>V.</span> 
     </span>
    </p>
   </div>
   <div class='ocr_carea' id='block_1_3' title="bbox 2049 120 2123 156">
    <p class='ocr_par' dir='ltr' id='par_1_3' title="bbox 2049 120 2123 156">
     <span class='ocr_line' id='line_1_3' title="bbox 2049 120 2123 156; baseline 0.041 -3"><span class='ocrx_word' id='word_1_12' title='bbox 2049 120 2123 156; x_wconf 78' lang='lat'>922</span> 
     </span>
    </p>
   </div>
   <div class='ocr_carea' id='block_1_4' title="bbox 93 203 2120 248">
    <p class='ocr_par' dir='ltr' id='par_1_4' title="bbox 93 203 2120 248">
     <span class='ocr_line' id='line_1_4' title="bbox 93 203 2120 248; baseline -0.002 -7"><span class='ocrx_word' id='word_1_13' title='bbox 93 219 167 241; x_wconf 92' lang='lat' dir='ltr'>non</span> <span class='ocrx_word' id='word_1_14' title='bbox 192 213 241 241; x_wconf 88' lang='lat' dir='ltr'>est</span> <span class='ocrx_word' id='word_1_15' title='bbox 265 206 342 247; x_wconf 80' lang='lat' dir='ltr'>lex,</span> <span class='ocrx_word' id='word_1_16' title='bbox 368 205 403 239; x_wconf 92' lang='lat' dir='ltr'>id</span> <span class='ocrx_word' id='word_1_17' title='bbox 429 212 497 244; x_wconf 91' lang='lat' dir='ltr'>est,</span> <span class='ocrx_word' id='word_1_18' title='bbox 527 205 597 241; x_wconf 86' lang='lat' dir='ltr'>Ubi</span> <span class='ocrx_word' id='word_1_19' title='bbox 622 218 694 239; x_wconf 89' lang='lat' dir='ltr'>non</span> <span class='ocrx_word' id='word_1_20' title='bbox 711 213 761 240; x_wconf 91' lang='lat' dir='ltr'>est</span> <span class='ocrx_word' id='word_1_21' title='bbox 777 205 850 246; x_wconf 77' lang='lat' dir='ltr'>lex,</span> <span class='ocrx_word' id='word_1_22' title='bbox 877 216 951 237; x_wconf 91' lang='lat' dir='ltr'>non</span> <span class='ocrx_word' id='word_1_23' title='bbox 972 216 1081 248; x_wconf 87' lang='lat' dir='ltr'>agno-</span> <span class='ocrx_word' id='word_1_24' title='bbox 1134 203 1338 243; x_wconf 77' lang='lat' dir='ltr'>dissimiles,</span> <span class='ocrx_word' id='word_1_25' title='bbox 1373 209 1405 236; x_wconf 88' lang='lat' dir='ltr'>et</span> <span class='ocrx_word' id='word_1_26' title='bbox 1429 203 1554 235; x_wconf 90' lang='lat' dir='ltr'>modus</span> <span class='ocrx_word' id='word_1_27' title='bbox 1581 203 1863 247; x_wconf 79' lang='lat' dir='ltr'>propagationis,</span> <span class='ocrx_word' id='word_1_28' title='bbox 1897 203 1975 237; x_wconf 87' lang='lat' dir='ltr'>ideo</span> <span class='ocrx_word' id='word_1_29' title='bbox 2004 204 2120 237; x_wconf 85' lang='lat' dir='ltr'>statim</span> 
     </span>
    </p>
   </div>
   <div class='ocr_carea' id='block_1_5' title="bbox 87 255 1079 807">
    <p class='ocr_par' dir='ltr' id='par_1_5' title="bbox 89 255 1079 454">
     <span class='ocr_line' id='line_1_5' title="bbox 94 255 1077 301; baseline -0.002 -9"><span class='ocrx_word' id='word_1_30' title='bbox 94 258 220 298; x_wconf 88' lang='lat' dir='ltr'>scitur,</span> <span class='ocrx_word' id='word_1_31' title='bbox 263 269 335 290; x_wconf 90' lang='lat' dir='ltr'>non</span> <span class='ocrx_word' id='word_1_32' title='bbox 365 264 547 290; x_wconf 83' lang='lat' dir='ltr'>accusatur</span> <span class='ocrx_word' id='word_1_33' title='bbox 578 264 756 301; x_wconf 88' lang='lat' dir='ltr'>peccatum</span> <span class='ocrx_word' id='word_1_34' title='bbox 788 257 824 289; x_wconf 89' lang='lat' dir='ltr'>in</span> <span class='ocrx_word' id='word_1_35' title='bbox 851 255 1077 298; x_wconf 83' lang='lat' dir='ltr'>nobisipsis.</span> 
     </span>
     <span class='ocr_line' id='line_1_6' title="bbox 92 306 1079 353; baseline -0.004 -11"><span class='ocrx_word' id='word_1_36' title='bbox 92 308 267 353; x_wconf 83' lang='lat' dir='ltr'><strong>Loquitur</strong></span> <span class='ocrx_word' id='word_1_37' title='bbox 284 308 377 341; x_wconf 91' lang='lat' dir='ltr'>enim</span> <span class='ocrx_word' id='word_1_38' title='bbox 389 306 518 341; x_wconf 90' lang='lat' dir='ltr'>Paulus</span> <span class='ocrx_word' id='word_1_39' title='bbox 536 309 578 341; x_wconf 93' lang='lat' dir='ltr'>de</span> <span class='ocrx_word' id='word_1_40' title='bbox 597 307 727 341; x_wconf 90' lang='lat' dir='ltr'>iudicio</span> <span class='ocrx_word' id='word_1_41' title='bbox 746 313 883 339; x_wconf 89' lang='lat' dir='ltr'>nostrae</span> <span class='ocrx_word' id='word_1_42' title='bbox 896 307 1079 339; x_wconf 89' lang='lat' dir='ltr'>conscien-</span> 
     </span>
     <span class='ocr_line' id='line_1_7' title="bbox 93 357 1078 403; baseline -0.003 -10"><span class='ocrx_word' id='word_1_43' title='bbox 93 359 173 394; x_wconf 88' lang='lat' dir='ltr'>tiae.</span> <span class='ocrx_word' id='word_1_44' title='bbox 242 359 389 403; x_wconf 83' lang='lat' dir='ltr'>Semper</span> <span class='ocrx_word' id='word_1_45' title='bbox 413 365 529 393; x_wconf 88' lang='lat' dir='ltr'>autem</span> <span class='ocrx_word' id='word_1_46' title='bbox 558 359 625 393; x_wconf 91' lang='lat' dir='ltr'>fuit</span> <span class='ocrx_word' id='word_1_47' title='bbox 655 357 799 391; x_wconf 88' lang='lat' dir='ltr'>moralis</span> <span class='ocrx_word' id='word_1_48' title='bbox 831 357 886 389; x_wconf 88' lang='lat' dir='ltr'>lex</span> <span class='ocrx_word' id='word_1_49' title='bbox 913 368 1078 390; x_wconf 87' lang='lat' dir='ltr'>accusans</span> 
     </span>
     <span class='ocr_line' id='line_1_8' title="bbox 89 416 241 454; baseline 0.013 -11"><span class='ocrx_word' id='word_1_50' title='bbox 89 416 241 454; x_wconf 80' lang='lat' dir='ltr'>peccata.</span> 
     </span>
    </p>

    <p class='ocr_par' dir='ltr' id='par_1_6' title="bbox 87 466 1076 807">
     <span class='ocr_line' id='line_1_9' title="bbox 194 466 1075 512; baseline -0.002 -11"><span class='ocrx_word' id='word_1_51' title='bbox 194 468 261 502; x_wconf 89' lang='lat' dir='ltr'>Hic</span> <span class='ocrx_word' id='word_1_52' title='bbox 284 475 401 502; x_wconf 81' lang='lat' dir='ltr'>antem</span> <span class='ocrx_word' id='word_1_53' title='bbox 427 468 465 502; x_wconf 87' lang='lat' dir='ltr'>fit</span> <span class='ocrx_word' id='word_1_54' title='bbox 489 467 621 501; x_wconf 90' lang='lat' dir='ltr'>mentio</span> <span class='ocrx_word' id='word_1_55' title='bbox 646 466 958 511; x_wconf 72' lang='lat' dir='ltr'>promulgationis,</span> <span class='ocrx_word' id='word_1_56' title='bbox 994 466 1075 512; x_wconf 89' lang='lat' dir='ltr'>quia</span> 
     </span>
     <span class='ocr_line' id='line_1_10' title="bbox 91 517 1076 559; baseline -0.002 -6"><span class='ocrx_word' id='word_1_57' title='bbox 91 526 177 553; x_wconf 90' lang='lat' dir='ltr'>tunc</span> <span class='ocrx_word' id='word_1_58' title='bbox 192 518 285 552; x_wconf 88' lang='lat' dir='ltr'>Deus</span> <span class='ocrx_word' id='word_1_59' title='bbox 301 519 494 552; x_wconf 74' lang='lat' dir='ltr'>manifestis</span> <span class='ocrx_word' id='word_1_60' title='bbox 512 519 722 553; x_wconf 81' lang='lat' dir='ltr'>testimoniis</span> <span class='ocrx_word' id='word_1_61' title='bbox 747 518 861 551; x_wconf 88' lang='lat' dir='ltr'>sanxit</span> <span class='ocrx_word' id='word_1_62' title='bbox 883 517 991 559; x_wconf 79' lang='lat' dir='ltr'>legem</span> <span class='ocrx_word' id='word_1_63' title='bbox 1005 544 1013 558; x_wconf 89' lang='lat'>,</span> <span class='ocrx_word' id='word_1_64' title='bbox 1042 524 1076 551; x_wconf 89' lang='lat' dir='ltr'>et</span> 
     </span>
     <span class='ocr_line' id='line_1_11' title="bbox 91 568 1074 610; baseline -0.003 -7"><span class='ocrx_word' id='word_1_65' title='bbox 91 571 244 604; x_wconf 83' lang='lat' dir='ltr'>ostendit</span> <span class='ocrx_word' id='word_1_66' title='bbox 268 571 463 603; x_wconf 78' lang='lat' dir='ltr'>naturalem</span> <span class='ocrx_word' id='word_1_67' title='bbox 487 569 651 602; x_wconf 75' lang='lat' dir='ltr'>noticiam</span> <span class='ocrx_word' id='word_1_68' title='bbox 672 595 681 610; x_wconf 89' lang='lat'>‚</span> <span class='ocrx_word' id='word_1_69' title='bbox 724 580 804 601; x_wconf 78' lang='lat' dir='ltr'>vere</span> <span class='ocrx_word' id='word_1_70' title='bbox 837 568 976 601; x_wconf 89' lang='lat' dir='ltr'>radium</span> <span class='ocrx_word' id='word_1_71' title='bbox 1001 579 1074 601; x_wconf 90' lang='lat' dir='ltr'>esse</span> 
     </span>
     <span class='ocr_line' id='line_1_12' title="bbox 90 620 1074 664; baseline -0.003 -10"><span class='ocrx_word' id='word_1_72' title='bbox 90 633 170 654; x_wconf 90' lang='lat' dir='ltr'>suae</span> <span class='ocrx_word' id='word_1_73' title='bbox 193 621 404 664; x_wconf 79' lang='lat' dir='ltr'>sapientiae,</span> <span class='ocrx_word' id='word_1_74' title='bbox 438 627 471 654; x_wconf 89' lang='lat' dir='ltr'>et</span> <span class='ocrx_word' id='word_1_75' title='bbox 497 620 665 653; x_wconf 90' lang='lat' dir='ltr'>iudicium</span> <span class='ocrx_word' id='word_1_76' title='bbox 692 620 858 652; x_wconf 83' lang='lat' dir='ltr'>adversus</span> <span class='ocrx_word' id='word_1_77' title='bbox 882 627 1074 663; x_wconf 84' lang='lat' dir='ltr'>peccatum.</span> 
     </span>
     <span class='ocr_line' id='line_1_13' title="bbox 91 670 1073 714; baseline -0.002 -10"><span class='ocrx_word' id='word_1_78' title='bbox 91 671 322 704; x_wconf 67' lang='lat' dir='ltr'>Blanifestnm</span> <span class='ocrx_word' id='word_1_79' title='bbox 347 678 397 704; x_wconf 89' lang='lat' dir='ltr'>est</span> <span class='ocrx_word' id='word_1_80' title='bbox 422 677 536 703; x_wconf 90' lang='lat' dir='ltr'>autem</span> <span class='ocrx_word' id='word_1_81' title='bbox 564 670 782 714; x_wconf 86' lang='lat' dir='ltr'>promulgata</span> <span class='ocrx_word' id='word_1_82' title='bbox 804 670 896 713; x_wconf 75' lang='lat' dir='ltr'>lege,</span> <span class='ocrx_word' id='word_1_83' title='bbox 932 676 963 703; x_wconf 89' lang='lat' dir='ltr'>et</span> <span class='ocrx_word' id='word_1_84' title='bbox 990 682 1073 702; x_wconf 89' lang='lat' dir='ltr'>con-</span> 
     </span>
     <span class='ocr_line' id='line_1_14' title="bbox 92 720 1075 766; baseline -0.001 -12"><span class='ocrx_word' id='word_1_85' title='bbox 92 722 211 756; x_wconf 85' lang='lat' dir='ltr'>stituta</span> <span class='ocrx_word' id='word_1_86' title='bbox 239 722 361 766; x_wconf 86' lang='lat' dir='ltr'>politia</span> <span class='ocrx_word' id='word_1_87' title='bbox 382 720 555 762; x_wconf 87' lang='lat' dir='ltr'>Mosaica,</span> <span class='ocrx_word' id='word_1_88' title='bbox 581 728 699 755; x_wconf 88' lang='lat' dir='ltr'>tamen</span> <span class='ocrx_word' id='word_1_89' title='bbox 726 733 798 754; x_wconf 89' lang='lat' dir='ltr'>non</span> <span class='ocrx_word' id='word_1_90' title='bbox 825 732 972 753; x_wconf 79' lang='lat' dir='ltr'>cessasse</span> <span class='ocrx_word' id='word_1_91' title='bbox 994 733 1075 765; x_wconf 83' lang='lat' dir='ltr'>pec-</span> 
     </span>
     <span class='ocr_line' id='line_1_15' title="bbox 87 779 432 807; baseline -0.003 -1"><span class='ocrx_word' id='word_1_92' title='bbox 87 780 201 806; x_wconf 86' lang='lat' dir='ltr'>catum</span> <span class='ocrx_word' id='word_1_93' title='bbox 221 781 253 807; x_wconf 90' lang='lat' dir='ltr'>et</span> <span class='ocrx_word' id='word_1_94' title='bbox 273 779 432 806; x_wconf 89' lang='lat' dir='ltr'>mortem.</span> 
     </span>
    </p>
   </div>
   <div class='ocr_carea' id='block_1_6' title="bbox 137 860 1024 912">
    <p class='ocr_par' dir='ltr' id='par_1_7' title="bbox 137 860 1024 912">
     <span class='ocr_line' id='line_1_16' title="bbox 137 860 1024 912; baseline -0.005 -12"><span class='ocrx_word' id='word_1_95' title='bbox 137 864 251 901; x_wconf 69' lang='lat' dir='ltr'>DIors</span> <span class='ocrx_word' id='word_1_96' title='bbox 270 863 434 911; x_wconf 74' lang='lat' dir='ltr'>regnavit</span> <span class='ocrx_word' id='word_1_97' title='bbox 453 863 502 897; x_wconf 88' lang='lat' dir='ltr'>ab</span> <span class='ocrx_word' id='word_1_98' title='bbox 519 860 644 898; x_wconf 83' lang='lat' dir='ltr'>Adam</span> <span class='ocrx_word' id='word_1_99' title='bbox 664 875 775 912; x_wconf 76' lang='lat' dir='ltr'>nsque</span> <span class='ocrx_word' id='word_1_100' title='bbox 792 861 848 897; x_wconf 80' lang='lat' dir='ltr'>ad</span> <span class='ocrx_word' id='word_1_101' title='bbox 859 861 1024 897; x_wconf 72' lang='lat' dir='ltr'>Moisem</span> 
     </span>
    </p>
   </div>
   <div class='ocr_carea' id='block_1_7' title="bbox 184 937 1072 983">
    <p class='ocr_par' dir='ltr' id='par_1_8' title="bbox 184 937 1072 983">
     <span class='ocr_line' id='line_1_17' title="bbox 184 937 1072 983; baseline -0.003 -9"><span class='ocrx_word' id='word_1_102' title='bbox 184 941 359 975; x_wconf 76' lang='lat' dir='ltr'>Inclusive</span> <span class='ocrx_word' id='word_1_103' title='bbox 383 947 415 973; x_wconf 89' lang='lat' dir='ltr'>et</span> <span class='ocrx_word' id='word_1_104' title='bbox 439 937 507 973; x_wconf 89' lang='lat' dir='ltr'>hoc</span> <span class='ocrx_word' id='word_1_105' title='bbox 535 940 668 973; x_wconf 84' lang='lat' dir='ltr'>dictum</span> <span class='ocrx_word' id='word_1_106' title='bbox 696 940 932 983; x_wconf 79' lang='lat' dir='ltr'>intelligatur:</span> <span class='ocrx_word' id='word_1_107' title='bbox 969 939 1072 972; x_wconf 90' lang='lat' dir='ltr'>etiam</span> 
     </span>
    </p>
   </div>
   <div class='ocr_carea' id='block_1_8' title="bbox 88 989 1102 1037">
    <p class='ocr_par' dir='ltr' id='par_1_9' title="bbox 88 989 1102 1037">
     <span class='ocr_line' id='line_1_18' title="bbox 88 989 1102 1037; baseline -0.004 -11"><span class='ocrx_word' id='word_1_108' title='bbox 88 1000 270 1037; x_wconf 80' lang='lat' dir='ltr'>postquam</span> <span class='ocrx_word' id='word_1_109' title='bbox 297 990 431 1024; x_wconf 86' lang='lat' dir='ltr'>Moises</span> <span class='ocrx_word' id='word_1_110' title='bbox 457 991 589 1034; x_wconf 85' lang='lat' dir='ltr'>accepit</span> <span class='ocrx_word' id='word_1_111' title='bbox 614 991 745 1034; x_wconf 89' lang='lat' dir='ltr'>legem,</span> <span class='ocrx_word' id='word_1_112' title='bbox 782 998 813 1024; x_wconf 91' lang='lat' dir='ltr'>et</span> <span class='ocrx_word' id='word_1_113' title='bbox 841 989 924 1025; x_wconf 83' lang='lat' dir='ltr'>haec</span> <span class='ocrx_word' id='word_1_114' title='bbox 950 990 1073 1035; x_wconf 87' lang='lat' dir='ltr'>politia</span> <span class='ocrx_word' id='word_1_115' title='bbox 1100 1015 1102 1028; x_wconf 89' lang='grc'>,</span> 
     </span>
    </p>
   </div>
   <div class='ocr_carea' id='block_1_9' title="bbox 79 1041 1069 1647">
    <p class='ocr_par' dir='ltr' id='par_1_10' title="bbox 79 1041 1069 1647">
     <span class='ocr_line' id='line_1_19' title="bbox 84 1041 1068 1082; baseline -0.002 -5"><span class='ocrx_word' id='word_1_116' title='bbox 84 1043 271 1077; x_wconf 87' lang='lat' dir='ltr'>constituta</span> <span class='ocrx_word' id='word_1_117' title='bbox 290 1049 350 1081; x_wconf 83' lang='lat' dir='ltr'>est,</span> <span class='ocrx_word' id='word_1_118' title='bbox 377 1049 494 1075; x_wconf 89' lang='lat' dir='ltr'>tamen</span> <span class='ocrx_word' id='word_1_119' title='bbox 514 1053 607 1075; x_wconf 92' lang='lat' dir='ltr'>mors</span> <span class='ocrx_word' id='word_1_120' title='bbox 625 1054 698 1074; x_wconf 86' lang='lat' dir='ltr'>nou</span> <span class='ocrx_word' id='word_1_121' title='bbox 715 1042 874 1075; x_wconf 84' lang='lat' dir='ltr'>cessavit:</span> <span class='ocrx_word' id='word_1_122' title='bbox 906 1048 939 1075; x_wconf 90' lang='lat' dir='ltr'>et</span> <span class='ocrx_word' id='word_1_123' title='bbox 957 1041 1068 1082; x_wconf 80' lang='lat' dir='ltr'>addit,</span> 
     </span>
     <span class='ocr_line' id='line_1_20' title="bbox 83 1093 1067 1137; baseline -0.003 -10"><span class='ocrx_word' id='word_1_124' title='bbox 83 1102 231 1128; x_wconf 91' lang='lat' dir='ltr'>mortem</span> <span class='ocrx_word' id='word_1_125' title='bbox 249 1104 409 1136; x_wconf 80' lang='lat' dir='ltr'>regnasse</span> <span class='ocrx_word' id='word_1_126' title='bbox 426 1093 461 1125; x_wconf 91' lang='lat' dir='ltr'>in</span> <span class='ocrx_word' id='word_1_127' title='bbox 485 1104 561 1133; x_wconf 91' lang='lat' dir='ltr'>eos,</span> <span class='ocrx_word' id='word_1_128' title='bbox 589 1093 648 1137; x_wconf 86' lang='lat' dir='ltr'>qui</span> <span class='ocrx_word' id='word_1_129' title='bbox 668 1105 739 1125; x_wconf 87' lang='lat' dir='ltr'>non</span> <span class='ocrx_word' id='word_1_130' title='bbox 760 1099 991 1136; x_wconf 87' lang='lat' dir='ltr'>peccaverunt</span> <span class='ocrx_word' id='word_1_131' title='bbox 1015 1104 1067 1125; x_wconf 89' lang='lat' dir='ltr'>se-</span> 
     </span>
     <span class='ocr_line' id='line_1_21' title="bbox 82 1143 1066 1186; baseline -0.003 -8"><span class='ocrx_word' id='word_1_132' title='bbox 82 1146 238 1178; x_wconf 87' lang='lat' dir='ltr'>cundum</span> <span class='ocrx_word' id='word_1_133' title='bbox 265 1144 536 1177; x_wconf 89' lang='lat' dir='ltr'>similitudinem</span> <span class='ocrx_word' id='word_1_134' title='bbox 565 1144 852 1186; x_wconf 77' lang='lat' dir='ltr'>transgressionis</span> <span class='ocrx_word' id='word_1_135' title='bbox 875 1143 994 1184; x_wconf 87' lang='lat' dir='ltr'>Adae,</span> <span class='ocrx_word' id='word_1_136' title='bbox 1030 1143 1066 1176; x_wconf 88' lang='lat' dir='ltr'>id</span> 
     </span>
     <span class='ocr_line' id='line_1_22' title="bbox 83 1195 1068 1239; baseline -0.003 -10"><span class='ocrx_word' id='word_1_137' title='bbox 83 1203 154 1236; x_wconf 87' lang='lat' dir='ltr'>est,</span> <span class='ocrx_word' id='word_1_138' title='bbox 196 1195 300 1229; x_wconf 86' lang='lat' dir='ltr'>etiam</span> <span class='ocrx_word' id='word_1_139' title='bbox 326 1195 476 1227; x_wconf 86' lang='lat' dir='ltr'>infantes</span> <span class='ocrx_word' id='word_1_140' title='bbox 507 1195 612 1228; x_wconf 89' lang='lat' dir='ltr'>morti</span> <span class='ocrx_word' id='word_1_141' title='bbox 638 1195 785 1228; x_wconf 87' lang='lat' dir='ltr'>subiecti</span> <span class='ocrx_word' id='word_1_142' title='bbox 816 1201 916 1235; x_wconf 89' lang='lat' dir='ltr'>sunt,</span> <span class='ocrx_word' id='word_1_143' title='bbox 955 1206 1068 1239; x_wconf 89' lang='lat' dir='ltr'>quan—</span> 
     </span>
     <span class='ocr_line' id='line_1_23' title="bbox 81 1243 1068 1291; baseline -0.002 -12"><span class='ocrx_word' id='word_1_144' title='bbox 81 1258 186 1291; x_wconf 85' lang='lat' dir='ltr'>quam</span> <span class='ocrx_word' id='word_1_145' title='bbox 212 1258 284 1278; x_wconf 89' lang='lat' dir='ltr'>non</span> <span class='ocrx_word' id='word_1_146' title='bbox 310 1243 441 1278; x_wconf 87' lang='lat' dir='ltr'>habent</span> <span class='ocrx_word' id='word_1_147' title='bbox 459 1245 607 1278; x_wconf 74' lang='lat' dir='ltr'>actualia</span> <span class='ocrx_word' id='word_1_148' title='bbox 631 1246 769 1280; x_wconf 87' lang='lat' dir='ltr'>delicta.</span> <span class='ocrx_word' id='word_1_149' title='bbox 823 1244 911 1278; x_wconf 81' lang='lat' dir='ltr'>Nam</span> <span class='ocrx_word' id='word_1_150' title='bbox 937 1244 1068 1277; x_wconf 86' lang='lat' dir='ltr'>Paulus</span> 
     </span>
     <span class='ocr_line' id='line_1_24' title="bbox 85 1294 1067 1338; baseline -0.002 -8"><span class='ocrx_word' id='word_1_151' title='bbox 85 1297 220 1331; x_wconf 90' lang='lat' dir='ltr'>actuale</span> <span class='ocrx_word' id='word_1_152' title='bbox 244 1296 410 1329; x_wconf 88' lang='lat' dir='ltr'>delictum</span> <span class='ocrx_word' id='word_1_153' title='bbox 428 1296 586 1328; x_wconf 84' lang='lat' dir='ltr'>nominat</span> <span class='ocrx_word' id='word_1_154' title='bbox 607 1295 929 1338; x_wconf 80' lang='lat' dir='ltr'>transgressionem.</span> <span class='ocrx_word' id='word_1_155' title='bbox 984 1294 1067 1328; x_wconf 90' lang='lat' dir='ltr'>Ideo</span> 
     </span>
     <span class='ocr_line' id='line_1_25' title="bbox 82 1345 1067 1390; baseline -0.003 -9"><span class='ocrx_word' id='word_1_156' title='bbox 82 1354 199 1382; x_wconf 88' lang='lat' dir='ltr'>autem</span> <span class='ocrx_word' id='word_1_157' title='bbox 225 1345 291 1380; x_wconf 87' lang='lat' dir='ltr'>hoc</span> <span class='ocrx_word' id='word_1_158' title='bbox 316 1346 419 1384; x_wconf 86' lang='lat' dir='ltr'>dicit,</span> <span class='ocrx_word' id='word_1_159' title='bbox 447 1353 484 1379; x_wconf 91' lang='lat' dir='ltr'>ut</span> <span class='ocrx_word' id='word_1_160' title='bbox 509 1347 657 1389; x_wconf 85' lang='lat' dir='ltr'>primam</span> <span class='ocrx_word' id='word_1_161' title='bbox 683 1347 960 1390; x_wconf 83' lang='lat' dir='ltr'>propositionem</span> <span class='ocrx_word' id='word_1_162' title='bbox 983 1357 1067 1378; x_wconf 88' lang='lat' dir='ltr'>con-</span> 
     </span>
     <span class='ocr_line' id='line_1_26' title="bbox 80 1396 1067 1442; baseline -0.003 -11"><span class='ocrx_word' id='word_1_163' title='bbox 80 1399 214 1438; x_wconf 82' lang='lat' dir='ltr'>firmet,</span> <span class='ocrx_word' id='word_1_164' title='bbox 243 1398 336 1442; x_wconf 90' lang='lat' dir='ltr'>quod</span> <span class='ocrx_word' id='word_1_165' title='bbox 355 1396 401 1430; x_wconf 86' lang='lat' dir='ltr'>sit</span> <span class='ocrx_word' id='word_1_166' title='bbox 424 1405 601 1439; x_wconf 88' lang='lat' dir='ltr'>peccatum</span> <span class='ocrx_word' id='word_1_167' title='bbox 626 1404 856 1441; x_wconf 85' lang='lat' dir='ltr'>propagatum</span> <span class='ocrx_word' id='word_1_168' title='bbox 880 1397 924 1429; x_wconf 90' lang='lat' dir='ltr'>ab</span> <span class='ocrx_word' id='word_1_169' title='bbox 941 1397 1067 1429; x_wconf 89' lang='lat' dir='ltr'>Adam.</span> 
     </span>
     <span class='ocr_line' id='line_1_27' title="bbox 79 1444 1069 1490; baseline -0.003 -7"><span class='ocrx_word' id='word_1_170' title='bbox 79 1447 168 1483; x_wconf 90' lang='lat' dir='ltr'>Cum</span> <span class='ocrx_word' id='word_1_171' title='bbox 188 1448 280 1481; x_wconf 87' lang='lat' dir='ltr'>enim</span> <span class='ocrx_word' id='word_1_172' title='bbox 300 1458 401 1480; x_wconf 89' lang='lat' dir='ltr'>causa</span> <span class='ocrx_word' id='word_1_173' title='bbox 424 1447 548 1480; x_wconf 88' lang='lat' dir='ltr'>mortis</span> <span class='ocrx_word' id='word_1_174' title='bbox 567 1444 753 1480; x_wconf 68' lang='lat' dir='ltr'>hominum*</span> <span class='ocrx_word' id='word_1_175' title='bbox 777 1448 849 1481; x_wconf 89' lang='lat' dir='ltr'>sola</span> <span class='ocrx_word' id='word_1_176' title='bbox 875 1447 919 1481; x_wconf 89' lang='lat' dir='ltr'>sit</span> <span class='ocrx_word' id='word_1_177' title='bbox 947 1458 1069 1490; x_wconf 91' lang='lat' dir='ltr'>pecca-</span> 
     </span>
     <span class='ocr_line' id='line_1_28' title="bbox 82 1498 1067 1540; baseline -0.003 -7"><span class='ocrx_word' id='word_1_178' title='bbox 82 1506 177 1540; x_wconf 89' lang='lat' dir='ltr'>tum,</span> <span class='ocrx_word' id='word_1_179' title='bbox 206 1505 237 1532; x_wconf 90' lang='lat' dir='ltr'>et</span> <span class='ocrx_word' id='word_1_180' title='bbox 258 1498 409 1531; x_wconf 82' lang='lat' dir='ltr'>infantes</span> <span class='ocrx_word' id='word_1_181' title='bbox 427 1498 573 1531; x_wconf 89' lang='lat' dir='ltr'>subiecti</span> <span class='ocrx_word' id='word_1_182' title='bbox 596 1498 664 1532; x_wconf 91' lang='lat' dir='ltr'>sint</span> <span class='ocrx_word' id='word_1_183' title='bbox 693 1499 814 1538; x_wconf 87' lang='lat' dir='ltr'>morti,</span> <span class='ocrx_word' id='word_1_184' title='bbox 841 1498 1067 1531; x_wconf 85' lang='lat' dir='ltr'>manifestum</span> 
     </span>
     <span class='ocr_line' id='line_1_29' title="bbox 81 1549 1066 1594; baseline -0.003 -9"><span class='ocrx_word' id='word_1_185' title='bbox 81 1558 130 1585; x_wconf 87' lang='lat' dir='ltr'>est</span> <span class='ocrx_word' id='word_1_186' title='bbox 146 1556 178 1583; x_wconf 85' lang='lat' dir='ltr'>et</span> <span class='ocrx_word' id='word_1_187' title='bbox 194 1550 231 1582; x_wconf 93' lang='lat' dir='ltr'>in</span> <span class='ocrx_word' id='word_1_188' title='bbox 250 1549 446 1582; x_wconf 83' lang='lat' dir='ltr'>infantibus</span> <span class='ocrx_word' id='word_1_189' title='bbox 465 1557 644 1592; x_wconf 87' lang='lat' dir='ltr'>peccatum</span> <span class='ocrx_word' id='word_1_190' title='bbox 660 1561 742 1590; x_wconf 88' lang='lat' dir='ltr'>esse,</span> <span class='ocrx_word' id='word_1_191' title='bbox 765 1550 895 1583; x_wconf 87' lang='lat' dir='ltr'>scilicet</span> <span class='ocrx_word' id='word_1_192' title='bbox 913 1549 1066 1594; x_wconf 86' lang='lat' dir='ltr'>pravita-</span> 
     </span>
     <span class='ocr_line' id='line_1_30' title="bbox 79 1605 609 1647; baseline -0.008 -12"><span class='ocrx_word' id='word_1_193' title='bbox 79 1608 148 1635; x_wconf 92' lang='lat' dir='ltr'>tem</span> <span class='ocrx_word' id='word_1_194' title='bbox 167 1606 393 1647; x_wconf 81' lang='lat' dir='ltr'>propagatam</span> <span class='ocrx_word' id='word_1_195' title='bbox 415 1605 447 1632; x_wconf 90' lang='lat' dir='ltr'>et</span> <span class='ocrx_word' id='word_1_196' title='bbox 465 1606 609 1632; x_wconf 80' lang='lat' dir='ltr'>reatum.</span> 
     </span>
    </p>
   </div>
   <div class='ocr_carea' id='block_1_10' title="bbox 345 1688 802 1739">
    <p class='ocr_par' dir='ltr' id='par_1_11' title="bbox 345 1688 802 1739">
     <span class='ocr_line' id='line_1_31' title="bbox 345 1688 802 1739; baseline 0.002 -15"><span class='ocrx_word' id='word_1_197' title='bbox 345 1688 424 1737; x_wconf 79' lang='lat' dir='ltr'>Qui</span> <span class='ocrx_word' id='word_1_198' title='bbox 447 1694 497 1724; x_wconf 79' lang='lat' dir='ltr'>est</span> <span class='ocrx_word' id='word_1_199' title='bbox 515 1689 648 1739; x_wconf 87' lang='lat' dir='ltr'>forma</span> <span class='ocrx_word' id='word_1_200' title='bbox 663 1691 802 1739; x_wconf 77' lang='lat' dir='ltr'>futuri.</span> 
     </span>
    </p>
   </div>
   <div class='ocr_carea' id='block_1_11' title="bbox 80 1766 1067 1861">
    <p class='ocr_par' dir='ltr' id='par_1_12' title="bbox 80 1766 1067 1861">
     <span class='ocr_line' id='line_1_32' title="bbox 186 1766 1067 1809; baseline 0.002 -9"><span class='ocrx_word' id='word_1_201' title='bbox 186 1766 366 1800; x_wconf 87' lang='lat' dir='ltr'>Hactenus</span> <span class='ocrx_word' id='word_1_202' title='bbox 396 1766 440 1798; x_wconf 91' lang='lat' dir='ltr'>de</span> <span class='ocrx_word' id='word_1_203' title='bbox 476 1772 615 1809; x_wconf 87' lang='lat' dir='ltr'>peccato</span> <span class='ocrx_word' id='word_1_204' title='bbox 656 1766 805 1809; x_wconf 86' lang='lat' dir='ltr'>originis</span> <span class='ocrx_word' id='word_1_205' title='bbox 838 1768 1067 1802; x_wconf 86' lang='lat' dir='ltr'>concionatus</span> 
     </span>
     <span class='ocr_line' id='line_1_33' title="bbox 80 1817 1066 1861; baseline 0 -8"><span class='ocrx_word' id='word_1_206' title='bbox 80 1826 150 1858; x_wconf 86' lang='lat' dir='ltr'>est,</span> <span class='ocrx_word' id='word_1_207' title='bbox 177 1825 211 1852; x_wconf 85' lang='lat' dir='ltr'>et</span> <span class='ocrx_word' id='word_1_208' title='bbox 228 1817 417 1850; x_wconf 80' lang='lat' dir='ltr'>affirmavit</span> <span class='ocrx_word' id='word_1_209' title='bbox 442 1828 514 1849; x_wconf 80' lang='lat' dir='ltr'>esse</span> <span class='ocrx_word' id='word_1_210' title='bbox 536 1817 715 1861; x_wconf 87' lang='lat' dir='ltr'>quoddam</span> <span class='ocrx_word' id='word_1_211' title='bbox 741 1825 920 1861; x_wconf 89' lang='lat' dir='ltr'>peccatum</span> <span class='ocrx_word' id='word_1_212' title='bbox 947 1819 984 1852; x_wconf 91' lang='lat' dir='ltr'>in</span> <span class='ocrx_word' id='word_1_213' title='bbox 1003 1832 1066 1853; x_wconf 87' lang='lat' dir='ltr'>na-</span> 
     </span>
    </p>
   </div>
   <div class='ocr_carea' id='block_1_12' title="bbox 79 1867 1093 1913">
    <p class='ocr_par' dir='ltr' id='par_1_13' title="bbox 79 1867 1093 1913">
     <span class='ocr_line' id='line_1_34' title="bbox 79 1867 1093 1913; baseline 0.001 -10"><span class='ocrx_word' id='word_1_214' title='bbox 79 1878 157 1905; x_wconf 90' lang='lat' dir='ltr'>tura</span> <span class='ocrx_word' id='word_1_215' title='bbox 188 1867 374 1902; x_wconf 87' lang='lat' dir='ltr'>hominum</span> <span class='ocrx_word' id='word_1_216' title='bbox 400 1868 671 1911; x_wconf 86' lang='lat' dir='ltr'>propagatione,</span> <span class='ocrx_word' id='word_1_217' title='bbox 714 1870 808 1913; x_wconf 89' lang='lat' dir='ltr'>quod</span> <span class='ocrx_word' id='word_1_218' title='bbox 833 1876 866 1903; x_wconf 88' lang='lat' dir='ltr'>et</span> <span class='ocrx_word' id='word_1_219' title='bbox 890 1870 989 1903; x_wconf 85' lang='lat' dir='ltr'>radix</span> <span class='ocrx_word' id='word_1_220' title='bbox 1016 1877 1066 1905; x_wconf 85' lang='lat' dir='ltr'>est</span> <span class='ocrx_word' id='word_1_221' title='bbox 1092 1887 1093 1893; x_wconf 50' lang='lat'>¹</span> 
     </span>
    </p>
   </div>
   <div class='ocr_carea' id='block_1_13' title="bbox 78 1918 1064 2218">
    <p class='ocr_par' dir='ltr' id='par_1_14' title="bbox 78 1918 1064 2218">
     <span class='ocr_line' id='line_1_35' title="bbox 80 1918 1064 1965; baseline -0.001 -11"><span class='ocrx_word' id='word_1_222' title='bbox 80 1919 271 1955; x_wconf 84' lang='lat' dir='ltr'>actualium</span> <span class='ocrx_word' id='word_1_223' title='bbox 295 1918 504 1952; x_wconf 86' lang='lat' dir='ltr'>delictorum</span> <span class='ocrx_word' id='word_1_224' title='bbox 519 1945 528 1958; x_wconf 87' lang='lat'>,</span> <span class='ocrx_word' id='word_1_225' title='bbox 555 1925 587 1951; x_wconf 90' lang='lat' dir='ltr'>et</span> <span class='ocrx_word' id='word_1_226' title='bbox 605 1930 677 1951; x_wconf 92' lang='lat' dir='ltr'>non</span> <span class='ocrx_word' id='word_1_227' title='bbox 698 1931 770 1952; x_wconf 87' lang='lat' dir='ltr'>esse</span> <span class='ocrx_word' id='word_1_228' title='bbox 790 1920 960 1953; x_wconf 81' lang='lat' dir='ltr'>abolitum</span> <span class='ocrx_word' id='word_1_229' title='bbox 980 1921 1064 1965; x_wconf 85' lang='lat' dir='ltr'>lege.</span> 
     </span>
     <span class='ocr_line' id='line_1_36' title="bbox 79 1967 1062 2010; baseline 0.001 -5"><span class='ocrx_word' id='word_1_230' title='bbox 79 1971 183 2005; x_wconf 85' lang='lat' dir='ltr'>Nunc</span> <span class='ocrx_word' id='word_1_231' title='bbox 212 1967 396 2003; x_wconf 82' lang='lat' dir='ltr'>antithesis</span> <span class='ocrx_word' id='word_1_232' title='bbox 422 1969 565 2001; x_wconf 85' lang='lat' dir='ltr'>additur</span> <span class='ocrx_word' id='word_1_233' title='bbox 588 1970 630 2002; x_wconf 86' lang='lat' dir='ltr'>de</span> <span class='ocrx_word' id='word_1_234' title='bbox 657 1968 807 2010; x_wconf 84' lang='lat' dir='ltr'>Messia,</span> <span class='ocrx_word' id='word_1_235' title='bbox 835 1978 867 2004; x_wconf 89' lang='lat' dir='ltr'>et</span> <span class='ocrx_word' id='word_1_236' title='bbox 893 1972 934 2004; x_wconf 91' lang='lat' dir='ltr'>de</span> <span class='ocrx_word' id='word_1_237' title='bbox 955 1973 1062 2006; x_wconf 90' lang='lat' dir='ltr'>bene-</span> 
     </span>
     <span class='ocr_line' id='line_1_37' title="bbox 79 2019 1064 2066; baseline 0.002 -11"><span class='ocrx_word' id='word_1_238' title='bbox 79 2022 166 2055; x_wconf 86' lang='lat' dir='ltr'>ficiis</span> <span class='ocrx_word' id='word_1_239' title='bbox 187 2032 275 2066; x_wconf 91' lang='lat' dir='ltr'>quae</span> <span class='ocrx_word' id='word_1_240' title='bbox 298 2020 371 2062; x_wconf 89' lang='lat' dir='ltr'>ipse</span> <span class='ocrx_word' id='word_1_241' title='bbox 396 2020 536 2063; x_wconf 88' lang='lat' dir='ltr'>proprie</span> <span class='ocrx_word' id='word_1_242' title='bbox 562 2020 663 2053; x_wconf 85' lang='lat' dir='ltr'>affert</span> <span class='ocrx_word' id='word_1_243' title='bbox 681 2021 799 2063; x_wconf 85' lang='lat' dir='ltr'>generi</span> <span class='ocrx_word' id='word_1_244' title='bbox 820 2019 994 2064; x_wconf 88' lang='lat' dir='ltr'>humano,</span> <span class='ocrx_word' id='word_1_245' title='bbox 1022 2025 1064 2057; x_wconf 89' lang='lat' dir='ltr'>de</span> 
     </span>
     <span class='ocr_line' id='line_1_38' title="bbox 80 2069 1062 2118; baseline 0.003 -13"><span class='ocrx_word' id='word_1_246' title='bbox 80 2073 210 2118; x_wconf 86' lang='lat' dir='ltr'>quibus</span> <span class='ocrx_word' id='word_1_247' title='bbox 233 2078 265 2104; x_wconf 87' lang='lat' dir='ltr'>et</span> <span class='ocrx_word' id='word_1_248' title='bbox 289 2069 416 2103; x_wconf 82' lang='lat' dir='ltr'>Daniel</span> <span class='ocrx_word' id='word_1_249' title='bbox 441 2070 573 2115; x_wconf 83' lang='lat' dir='ltr'>inquit:</span> <span class='ocrx_word' id='word_1_250' title='bbox 610 2070 771 2106; x_wconf 67' lang='lat' dir='ltr'>Finirtur</span> <span class='ocrx_word' id='word_1_251' title='bbox 796 2074 1062 2116; x_wconf 86' lang='lat' dir='ltr'>praevaricatio,</span> 
     </span>
     <span class='ocr_line' id='line_1_39' title="bbox 78 2122 1062 2170; baseline 0.003 -14"><span class='ocrx_word' id='word_1_252' title='bbox 78 2130 111 2157; x_wconf 88' lang='lat' dir='ltr'>et</span> <span class='ocrx_word' id='word_1_253' title='bbox 136 2122 380 2163; x_wconf 77' lang='lat' dir='ltr'>obsignabitur</span> <span class='ocrx_word' id='word_1_254' title='bbox 406 2128 583 2164; x_wconf 88' lang='lat' dir='ltr'>peccatum</span> <span class='ocrx_word' id='word_1_255' title='bbox 609 2129 641 2155; x_wconf 90' lang='lat' dir='ltr'>et</span> <span class='ocrx_word' id='word_1_256' title='bbox 675 2123 732 2156; x_wconf 60' lang='lat' dir='ltr'>fiet</span> <span class='ocrx_word' id='word_1_257' title='bbox 767 2124 973 2167; x_wconf 84' lang='lat' dir='ltr'>propiciatio</span> <span class='ocrx_word' id='word_1_258' title='bbox 1000 2138 1062 2170; x_wconf 93' lang='lat' dir='ltr'>pro</span> 
     </span>
     <span class='ocr_line' id='line_1_40' title="bbox 78 2172 1063 2218; baseline 0.001 -10"><span class='ocrx_word' id='word_1_259' title='bbox 78 2174 284 2218; x_wconf 82' lang='lat' dir='ltr'>iniquitate,</span> <span class='ocrx_word' id='word_1_260' title='bbox 322 2179 354 2205; x_wconf 89' lang='lat' dir='ltr'>et</span> <span class='ocrx_word' id='word_1_261' title='bbox 378 2172 572 2204; x_wconf 83' lang='lat' dir='ltr'>adducetur</span> <span class='ocrx_word' id='word_1_262' title='bbox 597 2172 734 2206; x_wconf 85' lang='lat' dir='ltr'>iusticia</span> <span class='ocrx_word' id='word_1_263' title='bbox 765 2175 995 2218; x_wconf 86' lang='lat' dir='ltr'>sempiterna,</span> <span class='ocrx_word' id='word_1_264' title='bbox 1030 2184 1063 2211; x_wconf 84' lang='lat' dir='ltr'>et</span> 
     </span>
    </p>
   </div>
   <div class='ocr_carea' id='block_1_14' title="bbox 78 2219 1091 2268">
    <p class='ocr_par' dir='ltr' id='par_1_15' title="bbox 78 2219 1091 2268">
     <span class='ocr_line' id='line_1_41' title="bbox 78 2219 1091 2268; baseline 0.003 -10"><span class='ocrx_word' id='word_1_265' title='bbox 78 2223 286 2268; x_wconf 87' lang='lat' dir='ltr'>implebitur</span> <span class='ocrx_word' id='word_1_266' title='bbox 302 2221 401 2255; x_wconf 82' lang='lat' dir='ltr'>Visio</span> <span class='ocrx_word' id='word_1_267' title='bbox 419 2228 449 2254; x_wconf 86' lang='lat' dir='ltr'>et</span> <span class='ocrx_word' id='word_1_268' title='bbox 469 2219 669 2265; x_wconf 81' lang='lat' dir='ltr'>prophetia,</span> <span class='ocrx_word' id='word_1_269' title='bbox 697 2231 729 2257; x_wconf 82' lang='lat' dir='ltr'>et</span> <span class='ocrx_word' id='word_1_270' title='bbox 746 2232 898 2267; x_wconf 87' lang='lat' dir='ltr'>ungetur</span> <span class='ocrx_word' id='word_1_271' title='bbox 913 2225 1063 2261; x_wconf 83' lang='lat' dir='ltr'>Sanctus</span> <span class='ocrx_word' id='word_1_272' title='bbox 1089 2225 1091 2250; x_wconf 69' lang='lat' dir='ltr'><strong>f</strong></span> 
     </span>
    </p>
   </div>
   <div class='ocr_carea' id='block_1_15' title="bbox 75 2271 1062 2410">
    <p class='ocr_par' dir='ltr' id='par_1_16' title="bbox 75 2271 1062 2410">
     <span class='ocr_line' id='line_1_42' title="bbox 79 2271 1062 2320; baseline 0.002 -10"><span class='ocrx_word' id='word_1_273' title='bbox 79 2276 301 2310; x_wconf 84' lang='lat' dir='ltr'>Sanctorum.</span> <span class='ocrx_word' id='word_1_274' title='bbox 380 2272 430 2306; x_wconf 87' lang='lat' dir='ltr'>Ita</span> <span class='ocrx_word' id='word_1_275' title='bbox 460 2271 658 2316; x_wconf 85' lang='lat' dir='ltr'>Prophetae</span> <span class='ocrx_word' id='word_1_276' title='bbox 687 2287 845 2319; x_wconf 83' lang='lat' dir='ltr'>expresse</span> <span class='ocrx_word' id='word_1_277' title='bbox 872 2277 1062 2320; x_wconf 83' lang='lat' dir='ltr'>affirmant,</span> 
     </span>
     <span class='ocr_line' id='line_1_43' title="bbox 75 2323 692 2361; baseline -0.003 -1"><span class='ocrx_word' id='word_1_278' title='bbox 75 2325 241 2360; x_wconf 87' lang='lat' dir='ltr'>Messiam</span> <span class='ocrx_word' id='word_1_279' title='bbox 270 2323 395 2357; x_wconf 84' lang='lat' dir='ltr'>afferre</span> <span class='ocrx_word' id='word_1_280' title='bbox 419 2330 560 2357; x_wconf 88' lang='lat' dir='ltr'>aeterna</span> <span class='ocrx_word' id='word_1_281' title='bbox 586 2325 692 2361; x_wconf 90' lang='lat' dir='ltr'>bona.</span> 
     </span>
     <span class='ocr_line' id='line_1_44' title="bbox 75 2373 347 2410; baseline 0 0"><span class='ocrx_word' id='word_1_282' title='bbox 75 2375 134 2410; x_wconf 80' lang='lat' dir='ltr'>hic</span> <span class='ocrx_word' id='word_1_283' title='bbox 155 2373 347 2410; x_wconf 80' lang='lat' dir='ltr'>antithesis.</span> 
     </span>
    </p>
   </div>
   <div class='ocr_carea' id='block_1_16' title="bbox 69 2434 1059 2733">
    <p class='ocr_par' dir='ltr' id='par_1_17' title="bbox 69 2434 1059 2733">
     <span class='ocr_line' id='line_1_45' title="bbox 175 2434 1059 2479; baseline 0.003 -10"><span class='ocrx_word' id='word_1_284' title='bbox 175 2434 274 2469; x_wconf 85' lang='lat' dir='ltr'>Duae</span> <span class='ocrx_word' id='word_1_285' title='bbox 298 2440 382 2468; x_wconf 88' lang='lat' dir='ltr'>sunt</span> <span class='ocrx_word' id='word_1_286' title='bbox 407 2445 564 2467; x_wconf 88' lang='lat' dir='ltr'>summae</span> <span class='ocrx_word' id='word_1_287' title='bbox 589 2447 759 2479; x_wconf 81' lang='lat' dir='ltr'>personae</span> <span class='ocrx_word' id='word_1_288' title='bbox 784 2436 820 2469; x_wconf 92' lang='lat' dir='ltr'>in</span> <span class='ocrx_word' id='word_1_289' title='bbox 848 2448 973 2479; x_wconf 83' lang='lat' dir='ltr'>genere</span> <span class='ocrx_word' id='word_1_290' title='bbox 990 2436 1059 2473; x_wconf 88' lang='lat' dir='ltr'>hu-</span> 
     </span>
     <span class='ocr_line' id='line_1_46' title="bbox 80 2483 1058 2534; baseline 0.004 -14"><span class='ocrx_word' id='word_1_291' title='bbox 80 2498 185 2520; x_wconf 88' lang='lat' dir='ltr'>mano</span> <span class='ocrx_word' id='word_1_292' title='bbox 197 2513 205 2526; x_wconf 92' lang='lat'>,</span> <span class='ocrx_word' id='word_1_293' title='bbox 223 2484 335 2518; x_wconf 84' lang='lat' dir='ltr'>Adam</span> <span class='ocrx_word' id='word_1_294' title='bbox 355 2491 388 2518; x_wconf 89' lang='lat' dir='ltr'>et</span> <span class='ocrx_word' id='word_1_295' title='bbox 403 2483 582 2524; x_wconf 78' lang='lat' dir='ltr'>Christus,</span> <span class='ocrx_word' id='word_1_296' title='bbox 605 2485 699 2520; x_wconf 88' lang='lat' dir='ltr'>Deus</span> <span class='ocrx_word' id='word_1_297' title='bbox 716 2494 747 2521; x_wconf 90' lang='lat' dir='ltr'>et</span> <span class='ocrx_word' id='word_1_298' title='bbox 763 2485 881 2529; x_wconf 92' lang='lat' dir='ltr'>homo,</span> <span class='ocrx_word' id='word_1_299' title='bbox 908 2502 1058 2534; x_wconf 80' lang='lat' dir='ltr'>quarum</span> 
     </span>
     <span class='ocr_line' id='line_1_47' title="bbox 77 2536 1057 2584; baseline -0.003 -12"><span class='ocrx_word' id='word_1_300' title='bbox 77 2545 226 2582; x_wconf 86' lang='lat' dir='ltr'>utraque</span> <span class='ocrx_word' id='word_1_301' title='bbox 240 2536 365 2569; x_wconf 89' lang='lat' dir='ltr'>meruit</span> <span class='ocrx_word' id='word_1_302' title='bbox 382 2536 478 2577; x_wconf 90' lang='lat' dir='ltr'>aliis,</span> <span class='ocrx_word' id='word_1_303' title='bbox 506 2538 563 2569; x_wconf 90' lang='lat' dir='ltr'>sed</span> <span class='ocrx_word' id='word_1_304' title='bbox 584 2549 638 2570; x_wconf 89' lang='lat' dir='ltr'>res</span> <span class='ocrx_word' id='word_1_305' title='bbox 663 2539 865 2574; x_wconf 88' lang='lat' dir='ltr'>contrarias.</span> <span class='ocrx_word' id='word_1_306' title='bbox 924 2540 968 2575; x_wconf 87' lang='lat' dir='ltr'>Ut</span> <span class='ocrx_word' id='word_1_307' title='bbox 992 2541 1057 2584; x_wconf 81' lang='lat' dir='ltr'>igi-</span> 
     </span>
     <span class='ocr_line' id='line_1_48' title="bbox 75 2588 1054 2635; baseline 0.002 -12"><span class='ocrx_word' id='word_1_308' title='bbox 75 2596 133 2623; x_wconf 81' lang='lat' dir='ltr'>tur</span> <span class='ocrx_word' id='word_1_309' title='bbox 157 2594 257 2620; x_wconf 88' lang='lat' dir='ltr'>antea</span> <span class='ocrx_word' id='word_1_310' title='bbox 286 2588 329 2619; x_wconf 89' lang='lat' dir='ltr'>de</span> <span class='ocrx_word' id='word_1_311' title='bbox 356 2598 455 2620; x_wconf 86' lang='lat' dir='ltr'>causa</span> <span class='ocrx_word' id='word_1_312' title='bbox 480 2589 629 2630; x_wconf 87' lang='lat' dir='ltr'>peccati,</span> <span class='ocrx_word' id='word_1_313' title='bbox 656 2590 700 2622; x_wconf 91' lang='lat' dir='ltr'>de</span> <span class='ocrx_word' id='word_1_314' title='bbox 722 2589 844 2623; x_wconf 87' lang='lat' dir='ltr'>effectu</span> <span class='ocrx_word' id='word_1_315' title='bbox 865 2597 898 2624; x_wconf 86' lang='lat' dir='ltr'>et</span> <span class='ocrx_word' id='word_1_316' title='bbox 927 2603 1054 2635; x_wconf 89' lang='lat' dir='ltr'>propa-</span> 
     </span>
     <span class='ocr_line' id='line_1_49' title="bbox 71 2637 1054 2685; baseline 0.003 -12"><span class='ocrx_word' id='word_1_317' title='bbox 71 2639 211 2682; x_wconf 81' lang='lat' dir='ltr'>gatione</span> <span class='ocrx_word' id='word_1_318' title='bbox 234 2637 339 2676; x_wconf 86' lang='lat' dir='ltr'>dixit,</span> <span class='ocrx_word' id='word_1_319' title='bbox 376 2638 421 2670; x_wconf 80' lang='lat' dir='ltr'>ita</span> <span class='ocrx_word' id='word_1_320' title='bbox 446 2650 540 2672; x_wconf 89' lang='lat' dir='ltr'>nunc</span> <span class='ocrx_word' id='word_1_321' title='bbox 567 2641 728 2674; x_wconf 91' lang='lat' dir='ltr'>ostendet</span> <span class='ocrx_word' id='word_1_322' title='bbox 761 2653 898 2674; x_wconf 86' lang='lat' dir='ltr'>causam</span> <span class='ocrx_word' id='word_1_323' title='bbox 923 2643 1054 2685; x_wconf 81' lang='lat' dir='ltr'>gratiae</span> 
     </span>
     <span class='ocr_line' id='line_1_50' title="bbox 69 2689 1051 2733; baseline 0.004 -9"><span class='ocrx_word' id='word_1_324' title='bbox 69 2690 211 2724; x_wconf 76' lang='lat' dir='ltr'>effectus</span> <span class='ocrx_word' id='word_1_325' title='bbox 237 2695 270 2722; x_wconf 88' lang='lat' dir='ltr'>et</span> <span class='ocrx_word' id='word_1_326' title='bbox 299 2689 600 2733; x_wconf 84' lang='lat' dir='ltr'>propagationem.</span> <span class='ocrx_word' id='word_1_327' title='bbox 667 2690 760 2726; x_wconf 88' lang='lat' dir='ltr'>Sunt</span> <span class='ocrx_word' id='word_1_328' title='bbox 788 2699 904 2727; x_wconf 85' lang='lat' dir='ltr'>autem</span> <span class='ocrx_word' id='word_1_329' title='bbox 938 2701 971 2728; x_wconf 89' lang='lat' dir='ltr'>et</span> <span class='ocrx_word' id='word_1_330' title='bbox 998 2706 1051 2728; x_wconf 87' lang='lat' dir='ltr'>res</span> 
     </span>
    </p>
   </div>
   <div class='ocr_carea' id='block_1_17' title="bbox 752 2325 1090 2373">
    <p class='ocr_par' dir='ltr' id='par_1_18' title="bbox 752 2325 1090 2373">
     <span class='ocr_line' id='line_1_51' title="bbox 752 2325 1090 2373; baseline 0.015 -15"><span class='ocrx_word' id='word_1_331' title='bbox 752 2325 956 2362; x_wconf 77' lang='lat' dir='ltr'>instituitur</span> <span class='ocrx_word' id='word_1_332' title='bbox 980 2341 1061 2373; x_wconf 82' lang='lat' dir='ltr'>ergo</span> <span class='ocrx_word' id='word_1_333' title='bbox 1087 2330 1090 2355; x_wconf 68' lang='grc' dir='ltr'><em>ἲ</em></span> 
     </span>
    </p>
   </div>
   <div class='ocr_carea' id='block_1_18' title="bbox 1130 253 2120 402">
    <p class='ocr_par' dir='ltr' id='par_1_19' title="bbox 1130 253 2120 402">
     <span class='ocr_line' id='line_1_52' title="bbox 1133 253 2120 296; baseline 0.002 -10"><span class='ocrx_word' id='word_1_334' title='bbox 1133 255 1252 288; x_wconf 88' lang='lat' dir='ltr'>addit:</span> <span class='ocrx_word' id='word_1_335' title='bbox 1282 253 1350 287; x_wconf 90' lang='lat' dir='ltr'>Sed</span> <span class='ocrx_word' id='word_1_336' title='bbox 1377 265 1449 287; x_wconf 91' lang='lat' dir='ltr'>non</span> <span class='ocrx_word' id='word_1_337' title='bbox 1470 260 1506 287; x_wconf 93' lang='lat' dir='ltr'>ut</span> <span class='ocrx_word' id='word_1_338' title='bbox 1527 254 1694 288; x_wconf 89' lang='lat' dir='ltr'>delictum</span> <span class='ocrx_word' id='word_1_339' title='bbox 1711 255 1760 287; x_wconf 88' lang='lat' dir='ltr'>sic</span> <span class='ocrx_word' id='word_1_340' title='bbox 1779 261 1811 288; x_wconf 87' lang='lat' dir='ltr'>et</span> <span class='ocrx_word' id='word_1_341' title='bbox 1828 255 1981 293; x_wconf 91' lang='lat' dir='ltr'>donum,</span> <span class='ocrx_word' id='word_1_342' title='bbox 2006 255 2040 287; x_wconf 88' lang='lat' dir='ltr'>id</span> <span class='ocrx_word' id='word_1_343' title='bbox 2059 263 2120 296; x_wconf 88' lang='lat' dir='ltr'>est,</span> 
     </span>
     <span class='ocr_line' id='line_1_53' title="bbox 1130 304 2118 344; baseline 0.003 -8"><span class='ocrx_word' id='word_1_344' title='bbox 1130 316 1186 337; x_wconf 92' lang='lat' dir='ltr'>res</span> <span class='ocrx_word' id='word_1_345' title='bbox 1204 312 1286 338; x_wconf 92' lang='lat' dir='ltr'>sunt</span> <span class='ocrx_word' id='word_1_346' title='bbox 1303 304 1512 344; x_wconf 88' lang='lat' dir='ltr'>dissimiles,</span> <span class='ocrx_word' id='word_1_347' title='bbox 1541 311 1573 338; x_wconf 89' lang='lat' dir='ltr'>et</span> <span class='ocrx_word' id='word_1_348' title='bbox 1593 312 1674 339; x_wconf 88' lang='lat' dir='ltr'>sunt</span> <span class='ocrx_word' id='word_1_349' title='bbox 1692 306 1780 339; x_wconf 90' lang='lat' dir='ltr'>aliae</span> <span class='ocrx_word' id='word_1_350' title='bbox 1797 306 2118 340; x_wconf 87' lang='lat' dir='ltr'>dissimilitudines.</span> 
     </span>
     <span class='ocr_line' id='line_1_54' title="bbox 1130 353 2079 402; baseline 0.004 -14"><span class='ocrx_word' id='word_1_351' title='bbox 1130 353 1208 389; x_wconf 91' lang='lat' dir='ltr'>Hoc</span> <span class='ocrx_word' id='word_1_352' title='bbox 1223 362 1340 390; x_wconf 83' lang='lat' dir='ltr'>autem</span> <span class='ocrx_word' id='word_1_353' title='bbox 1358 355 1541 398; x_wconf 88' lang='lat' dir='ltr'>congruit,</span> <span class='ocrx_word' id='word_1_354' title='bbox 1566 357 1662 401; x_wconf 89' lang='lat' dir='ltr'>quod</span> <span class='ocrx_word' id='word_1_355' title='bbox 1678 363 1826 402; x_wconf 88' lang='lat' dir='ltr'>uterque</span> <span class='ocrx_word' id='word_1_356' title='bbox 1843 357 1921 390; x_wconf 92' lang='lat' dir='ltr'>aliis</span> <span class='ocrx_word' id='word_1_357' title='bbox 1938 357 2079 392; x_wconf 88' lang='lat' dir='ltr'>meruit.</span> 
     </span>
    </p>
   </div>
   <div class='ocr_carea' id='block_1_19' title="bbox 1490 445 1745 478">
    <p class='ocr_par' dir='ltr' id='par_1_20' title="bbox 1490 445 1745 478">
     <span class='ocr_line' id='line_1_55' title="bbox 1490 445 1745 478; baseline 0.008 -2"><span class='ocrx_word' id='word_1_358' title='bbox 1490 446 1552 476; x_wconf 81' lang='lat' dir='ltr'>De</span> <span class='ocrx_word' id='word_1_359' title='bbox 1580 445 1745 478; x_wconf 78' lang='lat' dir='ltr'>Gratia.</span> 
     </span>
    </p>
   </div>
   <div class='ocr_carea' id='block_1_20' title="bbox 1080 504 2113 2739">
    <p class='ocr_par' dir='ltr' id='par_1_21' title="bbox 1126 504 2113 855">
     <span class='ocr_line' id='line_1_56' title="bbox 1230 504 2113 549; baseline 0.005 -10"><span class='ocrx_word' id='word_1_360' title='bbox 1230 504 1510 549; x_wconf 88' lang='lat' dir='ltr'>Diligentissime</span> <span class='ocrx_word' id='word_1_361' title='bbox 1547 508 1807 541; x_wconf 81' lang='lat' dir='ltr'>observandum</span> <span class='ocrx_word' id='word_1_362' title='bbox 1851 516 1922 549; x_wconf 87' lang='lat' dir='ltr'>est,</span> <span class='ocrx_word' id='word_1_363' title='bbox 1963 508 2113 543; x_wconf 80' lang='lat' dir='ltr'>Paulum</span> 
     </span>
     <span class='ocr_line' id='line_1_57' title="bbox 1128 556 2113 600; baseline 0.003 -10"><span class='ocrx_word' id='word_1_364' title='bbox 1128 557 1342 600; x_wconf 84' lang='lat' dir='ltr'>coniungere</span> <span class='ocrx_word' id='word_1_365' title='bbox 1367 556 1528 590; x_wconf 86' lang='lat' dir='ltr'>Gratiam</span> <span class='ocrx_word' id='word_1_366' title='bbox 1553 565 1585 591; x_wconf 88' lang='lat' dir='ltr'>et</span> <span class='ocrx_word' id='word_1_367' title='bbox 1611 557 1773 598; x_wconf 86' lang='lat' dir='ltr'>Donum,</span> <span class='ocrx_word' id='word_1_368' title='bbox 1814 559 1902 593; x_wconf 90' lang='lat' dir='ltr'>sicut</span> <span class='ocrx_word' id='word_1_369' title='bbox 1926 568 1958 593; x_wconf 82' lang='lat' dir='ltr'>ct</span> <span class='ocrx_word' id='word_1_370' title='bbox 1990 560 2025 592; x_wconf 90' lang='lat' dir='ltr'>in</span> <span class='ocrx_word' id='word_1_371' title='bbox 2057 559 2113 594; x_wconf 88' lang='lat' dir='ltr'>lo-</span> 
     </span>
     <span class='ocr_line' id='line_1_58' title="bbox 1128 606 2112 645; baseline 0.003 -4"><span class='ocrx_word' id='word_1_372' title='bbox 1128 606 1244 641; x_wconf 84' lang='lat' dir='ltr'>hanne</span> <span class='ocrx_word' id='word_1_373' title='bbox 1268 608 1417 641; x_wconf 87' lang='lat' dir='ltr'>dicitur:</span> <span class='ocrx_word' id='word_1_374' title='bbox 1454 606 1522 640; x_wconf 87' lang='lat' dir='ltr'>Per</span> <span class='ocrx_word' id='word_1_375' title='bbox 1547 606 1725 642; x_wconf 88' lang='lat' dir='ltr'>Christum</span> <span class='ocrx_word' id='word_1_376' title='bbox 1758 609 1881 643; x_wconf 86' lang='lat' dir='ltr'>Gratia</span> <span class='ocrx_word' id='word_1_377' title='bbox 1917 619 1948 645; x_wconf 90' lang='lat' dir='ltr'>et</span> <span class='ocrx_word' id='word_1_378' title='bbox 1974 609 2112 644; x_wconf 75' lang='lat' dir='ltr'>Veritas</span> 
     </span>
     <span class='ocr_line' id='line_1_59' title="bbox 1126 658 2110 704; baseline 0.002 -12"><span class='ocrx_word' id='word_1_379' title='bbox 1126 660 1216 693; x_wconf 87' lang='lat' dir='ltr'>facta</span> <span class='ocrx_word' id='word_1_380' title='bbox 1239 666 1302 694; x_wconf 88' lang='lat' dir='ltr'>est.</span> <span class='ocrx_word' id='word_1_381' title='bbox 1345 658 1567 691; x_wconf 74' lang='lat' dir='ltr'>Vocabulum</span> <span class='ocrx_word' id='word_1_382' title='bbox 1601 658 1745 693; x_wconf 88' lang='lat' dir='ltr'>Gratiae</span> <span class='ocrx_word' id='word_1_383' title='bbox 1778 661 1950 704; x_wconf 86' lang='lat' dir='ltr'>significat</span> <span class='ocrx_word' id='word_1_384' title='bbox 1978 662 2110 702; x_wconf 86' lang='lat' dir='ltr'>gratui-</span> 
     </span>
     <span class='ocr_line' id='line_1_60' title="bbox 1127 708 2110 754; baseline 0.002 -11"><span class='ocrx_word' id='word_1_385' title='bbox 1127 717 1196 743; x_wconf 85' lang='lat' dir='ltr'>tam</span> <span class='ocrx_word' id='word_1_386' title='bbox 1222 710 1517 749; x_wconf 87' lang='lat' dir='ltr'>misericordiam,</span> <span class='ocrx_word' id='word_1_387' title='bbox 1557 710 1636 743; x_wconf 89' lang='lat' dir='ltr'>ideo</span> <span class='ocrx_word' id='word_1_388' title='bbox 1654 708 1710 744; x_wconf 89' lang='lat' dir='ltr'>hic</span> <span class='ocrx_word' id='word_1_389' title='bbox 1731 711 1905 754; x_wconf 84' lang='lat' dir='ltr'>significat</span> <span class='ocrx_word' id='word_1_390' title='bbox 1931 712 2110 745; x_wconf 78' lang='lat' dir='ltr'>verissime</span> 
     </span>
     <span class='ocr_line' id='line_1_61' title="bbox 1126 761 2111 808; baseline 0.002 -14"><span class='ocrx_word' id='word_1_391' title='bbox 1126 761 1367 794; x_wconf 89' lang='lat' dir='ltr'>remissionem</span> <span class='ocrx_word' id='word_1_392' title='bbox 1394 767 1637 808; x_wconf 83' lang='lat' dir='ltr'>peccatorum,</span> <span class='ocrx_word' id='word_1_393' title='bbox 1677 768 1709 795; x_wconf 88' lang='lat' dir='ltr'>et</span> <span class='ocrx_word' id='word_1_394' title='bbox 1735 764 1921 805; x_wconf 86' lang='lat' dir='ltr'>gratuitam</span> <span class='ocrx_word' id='word_1_395' title='bbox 1954 769 2111 806; x_wconf 84' lang='lat' dir='ltr'>accepta-</span> 
     </span>
     <span class='ocr_line' id='line_1_62' title="bbox 1127 810 1664 855; baseline 0 -11"><span class='ocrx_word' id='word_1_396' title='bbox 1127 812 1258 846; x_wconf 86' lang='lat' dir='ltr'>tionem</span> <span class='ocrx_word' id='word_1_397' title='bbox 1284 819 1427 855; x_wconf 89' lang='lat' dir='ltr'>propter</span> <span class='ocrx_word' id='word_1_398' title='bbox 1451 810 1563 845; x_wconf 85' lang='lat' dir='ltr'>filium</span> <span class='ocrx_word' id='word_1_399' title='bbox 1588 810 1664 847; x_wconf 81' lang='lat' dir='ltr'>Dei.</span> 
     </span>
    </p>

    <p class='ocr_par' dir='ltr' id='par_1_22' title="bbox 1128 861 2109 957">
     <span class='ocr_line' id='line_1_63' title="bbox 1228 861 2109 906; baseline 0.002 -10"><span class='ocrx_word' id='word_1_400' title='bbox 1228 861 1371 896; x_wconf 89' lang='lat' dir='ltr'>Donum</span> <span class='ocrx_word' id='word_1_401' title='bbox 1403 874 1464 906; x_wconf 89' lang='lat' dir='ltr'>per</span> <span class='ocrx_word' id='word_1_402' title='bbox 1491 863 1637 905; x_wconf 84' lang='lat' dir='ltr'>gratiam</span> <span class='ocrx_word' id='word_1_403' title='bbox 1664 863 1837 906; x_wconf 85' lang='lat' dir='ltr'>significat</span> <span class='ocrx_word' id='word_1_404' title='bbox 1869 876 1941 896; x_wconf 89' lang='lat' dir='ltr'>non</span> <span class='ocrx_word' id='word_1_405' title='bbox 1971 870 2109 898; x_wconf 88' lang='lat' dir='ltr'>tantum</span> 
     </span>
     <span class='ocr_line' id='line_1_64' title="bbox 1128 911 2109 957; baseline 0.002 -11"><span class='ocrx_word' id='word_1_406' title='bbox 1128 914 1164 946; x_wconf 94' lang='lat' dir='ltr'>in</span> <span class='ocrx_word' id='word_1_407' title='bbox 1192 911 1257 946; x_wconf 89' lang='lat' dir='ltr'>hac</span> <span class='ocrx_word' id='word_1_408' title='bbox 1278 913 1349 947; x_wconf 73' lang='lat' dir='ltr'>vita</span> <span class='ocrx_word' id='word_1_409' title='bbox 1374 914 1602 946; x_wconf 87' lang='lat' dir='ltr'>donationem</span> <span class='ocrx_word' id='word_1_410' title='bbox 1629 913 1784 957; x_wconf 88' lang='lat' dir='ltr'>Spiritus</span> <span class='ocrx_word' id='word_1_411' title='bbox 1804 915 1933 955; x_wconf 89' lang='lat' dir='ltr'>sancti,</span> <span class='ocrx_word' id='word_1_412' title='bbox 1969 916 2027 948; x_wconf 90' lang='lat' dir='ltr'>sed</span> <span class='ocrx_word' id='word_1_413' title='bbox 2054 916 2109 948; x_wconf 89' lang='lat' dir='ltr'>in-</span> 
     </span>
    </p>

    <p class='ocr_par' dir='ltr' id='par_1_23' title="bbox 1100 961 2108 1013">
     <span class='ocr_line' id='line_1_65' title="bbox 1100 961 2108 1013; baseline 0.001 -15"><span class='ocrx_word' id='word_1_414' title='bbox 1100 972 1262 1013; x_wconf 74' lang='lat' dir='ltr'>[tegrum</span> <span class='ocrx_word' id='word_1_415' title='bbox 1295 965 1504 997; x_wconf 87' lang='lat' dir='ltr'>beneficium</span> <span class='ocrx_word' id='word_1_416' title='bbox 1541 961 1691 1005; x_wconf 86' lang='lat' dir='ltr'>Christi,</span> <span class='ocrx_word' id='word_1_417' title='bbox 1738 966 1868 999; x_wconf 87' lang='lat' dir='ltr'>scilicet</span> <span class='ocrx_word' id='word_1_418' title='bbox 1903 966 2108 1000; x_wconf 83' lang='lat' dir='ltr'>vivificatio-</span> 
     </span>
    </p>

    <p class='ocr_par' dir='ltr' id='par_1_24' title="bbox 1099 1014 2107 1264">
     <span class='ocr_line' id='line_1_66' title="bbox 1099 1014 2105 1061; baseline 0.002 -13"><span class='ocrx_word' id='word_1_419' title='bbox 1099 1029 1103 1052; x_wconf 70' lang='grc' dir='ltr'><strong><em>ι</em></strong></span> <span class='ocrx_word' id='word_1_420' title='bbox 1127 1028 1206 1049; x_wconf 90' lang='lat' dir='ltr'>nem</span> <span class='ocrx_word' id='word_1_421' title='bbox 1223 1024 1254 1050; x_wconf 86' lang='lat' dir='ltr'>et</span> <span class='ocrx_word' id='word_1_422' title='bbox 1271 1015 1581 1049; x_wconf 84' lang='lat' dir='ltr'>sanctificationem</span> <span class='ocrx_word' id='word_1_423' title='bbox 1601 1015 1636 1048; x_wconf 92' lang='lat' dir='ltr'>in</span> <span class='ocrx_word' id='word_1_424' title='bbox 1654 1014 1717 1049; x_wconf 90' lang='lat' dir='ltr'>hac</span> <span class='ocrx_word' id='word_1_425' title='bbox 1738 1017 1826 1057; x_wconf 88' lang='lat' dir='ltr'>vita,</span> <span class='ocrx_word' id='word_1_426' title='bbox 1844 1029 1930 1061; x_wconf 86' lang='lat' dir='ltr'>quae</span> <span class='ocrx_word' id='word_1_427' title='bbox 1953 1017 2010 1057; x_wconf 87' lang='lat' dir='ltr'>fit,</span> <span class='ocrx_word' id='word_1_428' title='bbox 2027 1029 2105 1050; x_wconf 86' lang='lat' dir='ltr'>curn</span> 
     </span>
     <span class='ocr_line' id='line_1_67' title="bbox 1123 1066 2107 1110; baseline 0.001 -11"><span class='ocrx_word' id='word_1_429' title='bbox 1123 1067 1161 1099; x_wconf 89' lang='lat' dir='ltr'>in</span> <span class='ocrx_word' id='word_1_430' title='bbox 1178 1079 1258 1099; x_wconf 86' lang='lat' dir='ltr'>vera</span> <span class='ocrx_word' id='word_1_431' title='bbox 1277 1066 1519 1099; x_wconf 88' lang='lat' dir='ltr'>consolatione</span> <span class='ocrx_word' id='word_1_432' title='bbox 1544 1067 1650 1100; x_wconf 84' lang='lat' dir='ltr'>verbo</span> <span class='ocrx_word' id='word_1_433' title='bbox 1667 1074 1699 1100; x_wconf 90' lang='lat' dir='ltr'>et</span> <span class='ocrx_word' id='word_1_434' title='bbox 1716 1066 1853 1110; x_wconf 89' lang='lat' dir='ltr'>Spiritu</span> <span class='ocrx_word' id='word_1_435' title='bbox 1877 1075 1996 1101; x_wconf 88' lang='lat' dir='ltr'>sancto</span> <span class='ocrx_word' id='word_1_436' title='bbox 2016 1068 2107 1100; x_wconf 81' lang='lat' dir='ltr'>vivi·</span> 
     </span>
     <span class='ocr_line' id='line_1_68' title="bbox 1120 1116 2106 1163; baseline 0.002 -13"><span class='ocrx_word' id='word_1_437' title='bbox 1120 1116 1286 1161; x_wconf 86' lang='lat' dir='ltr'>ficamur,</span> <span class='ocrx_word' id='word_1_438' title='bbox 1317 1124 1350 1151; x_wconf 88' lang='lat' dir='ltr'>et</span> <span class='ocrx_word' id='word_1_439' title='bbox 1367 1118 1495 1150; x_wconf 89' lang='lat' dir='ltr'>deinde</span> <span class='ocrx_word' id='word_1_440' title='bbox 1517 1117 1622 1151; x_wconf 85' lang='lat' dir='ltr'>vitam</span> <span class='ocrx_word' id='word_1_441' title='bbox 1641 1125 1838 1158; x_wconf 83' lang='lat' dir='ltr'>aeternam,</span> <span class='ocrx_word' id='word_1_442' title='bbox 1867 1119 1902 1150; x_wconf 91' lang='lat' dir='ltr'>in</span> <span class='ocrx_word' id='word_1_443' title='bbox 1925 1131 1992 1163; x_wconf 92' lang='lat' dir='ltr'>qua</span> <span class='ocrx_word' id='word_1_444' title='bbox 2011 1118 2106 1152; x_wconf 87' lang='lat' dir='ltr'>Deus</span> 
     </span>
     <span class='ocr_line' id='line_1_69' title="bbox 1122 1168 2107 1207; baseline 0.001 -5"><span class='ocrx_word' id='word_1_445' title='bbox 1122 1175 1174 1202; x_wconf 86' lang='lat' dir='ltr'>est</span> <span class='ocrx_word' id='word_1_446' title='bbox 1195 1169 1313 1202; x_wconf 88' lang='lat' dir='ltr'>omnia</span> <span class='ocrx_word' id='word_1_447' title='bbox 1330 1168 1367 1201; x_wconf 90' lang='lat' dir='ltr'>in</span> <span class='ocrx_word' id='word_1_448' title='bbox 1386 1169 1570 1207; x_wconf 89' lang='lat' dir='ltr'>omnibus,</span> <span class='ocrx_word' id='word_1_449' title='bbox 1606 1176 1639 1202; x_wconf 90' lang='lat' dir='ltr'>et</span> <span class='ocrx_word' id='word_1_450' title='bbox 1656 1176 1779 1202; x_wconf 85' lang='lat' dir='ltr'>natura</span> <span class='ocrx_word' id='word_1_451' title='bbox 1800 1176 1919 1203; x_wconf 87' lang='lat' dir='ltr'>nostra</span> <span class='ocrx_word' id='word_1_452' title='bbox 1944 1170 2009 1203; x_wconf 92' lang='lat' dir='ltr'>erit</span> <span class='ocrx_word' id='word_1_453' title='bbox 2033 1170 2107 1203; x_wconf 86' lang='lat' dir='ltr'>sine</span> 
     </span>
     <span class='ocr_line' id='line_1_70' title="bbox 1122 1226 1274 1264; baseline 0.007 -12"><span class='ocrx_word' id='word_1_454' title='bbox 1122 1226 1274 1264; x_wconf 77' lang='lat' dir='ltr'>peccate.</span> 
     </span>
    </p>

    <p class='ocr_par' dir='ltr' id='par_1_25' title="bbox 1120 1269 2107 1719">
     <span class='ocr_line' id='line_1_71' title="bbox 1223 1269 2106 1306; baseline 0.005 -4"><span class='ocrx_word' id='word_1_455' title='bbox 1223 1269 1383 1303; x_wconf 87' lang='lat' dir='ltr'>Primum</span> <span class='ocrx_word' id='word_1_456' title='bbox 1407 1275 1523 1303; x_wconf 79' lang='lat' dir='ltr'>autem</span> <span class='ocrx_word' id='word_1_457' title='bbox 1548 1270 1688 1303; x_wconf 86' lang='lat' dir='ltr'>collatio</span> <span class='ocrx_word' id='word_1_458' title='bbox 1712 1270 1748 1303; x_wconf 87' lang='lat' dir='ltr'>fit</span> <span class='ocrx_word' id='word_1_459' title='bbox 1776 1271 1820 1304; x_wconf 90' lang='lat' dir='ltr'>de</span> <span class='ocrx_word' id='word_1_460' title='bbox 1847 1272 1952 1304; x_wconf 90' lang='lat' dir='ltr'>modo</span> <span class='ocrx_word' id='word_1_461' title='bbox 1979 1271 2106 1306; x_wconf 85' lang='lat' dir='ltr'>meriti.</span> 
     </span>
     <span class='ocr_line' id='line_1_72' title="bbox 1122 1318 2106 1367; baseline 0.002 -14"><span class='ocrx_word' id='word_1_462' title='bbox 1122 1320 1163 1353; x_wconf 91' lang='lat' dir='ltr'>In</span> <span class='ocrx_word' id='word_1_463' title='bbox 1190 1318 1255 1353; x_wconf 86' lang='lat' dir='ltr'>hac</span> <span class='ocrx_word' id='word_1_464' title='bbox 1281 1321 1326 1353; x_wconf 86' lang='lat' dir='ltr'>ita</span> <span class='ocrx_word' id='word_1_465' title='bbox 1359 1327 1560 1362; x_wconf 85' lang='lat' dir='ltr'>congruunt</span> <span class='ocrx_word' id='word_1_466' title='bbox 1590 1321 1705 1353; x_wconf 89' lang='lat' dir='ltr'>Adam</span> <span class='ocrx_word' id='word_1_467' title='bbox 1732 1328 1764 1354; x_wconf 90' lang='lat' dir='ltr'>et</span> <span class='ocrx_word' id='word_1_468' title='bbox 1787 1319 1968 1362; x_wconf 86' lang='lat' dir='ltr'>Christus,</span> <span class='ocrx_word' id='word_1_469' title='bbox 2011 1324 2106 1367; x_wconf 85' lang='lat' dir='ltr'>qnod</span> 
     </span>
     <span class='ocr_line' id='line_1_73' title="bbox 1120 1370 2107 1416; baseline 0.002 -12"><span class='ocrx_word' id='word_1_470' title='bbox 1120 1379 1267 1416; x_wconf 87' lang='lat' dir='ltr'>uterque</span> <span class='ocrx_word' id='word_1_471' title='bbox 1290 1371 1368 1404; x_wconf 90' lang='lat' dir='ltr'>aliis</span> <span class='ocrx_word' id='word_1_472' title='bbox 1391 1371 1540 1412; x_wconf 85' lang='lat' dir='ltr'>meruit,</span> <span class='ocrx_word' id='word_1_473' title='bbox 1566 1370 1687 1405; x_wconf 89' lang='lat' dir='ltr'>Adam</span> <span class='ocrx_word' id='word_1_474' title='bbox 1713 1372 1840 1406; x_wconf 88' lang='lat' dir='ltr'>meruit</span> <span class='ocrx_word' id='word_1_475' title='bbox 1864 1373 1943 1406; x_wconf 88' lang='lat' dir='ltr'>aliis</span> <span class='ocrx_word' id='word_1_476' title='bbox 1960 1381 2107 1415; x_wconf 82' lang='lat' dir='ltr'>reatum,</span> 
     </span>
     <span class='ocr_line' id='line_1_74' title="bbox 1121 1420 2104 1465; baseline 0.001 -9"><span class='ocrx_word' id='word_1_477' title='bbox 1121 1420 1284 1456; x_wconf 88' lang='lat' dir='ltr'>Christus</span> <span class='ocrx_word' id='word_1_478' title='bbox 1305 1422 1433 1456; x_wconf 85' lang='lat' dir='ltr'>meruit</span> <span class='ocrx_word' id='word_1_479' title='bbox 1459 1422 1535 1454; x_wconf 86' lang='lat' dir='ltr'>aliis</span> <span class='ocrx_word' id='word_1_480' title='bbox 1560 1422 1903 1465; x_wconf 87' lang='lat' dir='ltr'>reconciliationem,</span> <span class='ocrx_word' id='word_1_481' title='bbox 1931 1424 2104 1458; x_wconf 86' lang='lat' dir='ltr'>iusticiam</span> 
     </span>
     <span class='ocr_line' id='line_1_75' title="bbox 1121 1472 2107 1509; baseline 0.001 -2"><span class='ocrx_word' id='word_1_482' title='bbox 1121 1480 1154 1508; x_wconf 83' lang='lat' dir='ltr'>et</span> <span class='ocrx_word' id='word_1_483' title='bbox 1173 1474 1279 1507; x_wconf 85' lang='lat' dir='ltr'>vitam</span> <span class='ocrx_word' id='word_1_484' title='bbox 1299 1480 1488 1508; x_wconf 84' lang='lat' dir='ltr'>aeternam.</span> <span class='ocrx_word' id='word_1_485' title='bbox 1532 1472 1628 1506; x_wconf 87' lang='lat' dir='ltr'>Haec</span> <span class='ocrx_word' id='word_1_486' title='bbox 1647 1474 1787 1507; x_wconf 87' lang='lat' dir='ltr'>collatio</span> <span class='ocrx_word' id='word_1_487' title='bbox 1805 1474 1955 1509; x_wconf 87' lang='lat' dir='ltr'>illustrat</span> <span class='ocrx_word' id='word_1_488' title='bbox 1972 1475 2107 1508; x_wconf 90' lang='lat' dir='ltr'>doctri-</span> 
     </span>
     <span class='ocr_line' id='line_1_76' title="bbox 1122 1524 2104 1568; baseline 0.002 -11"><span class='ocrx_word' id='word_1_489' title='bbox 1122 1537 1202 1557; x_wconf 85' lang='lat' dir='ltr'>nam</span> <span class='ocrx_word' id='word_1_490' title='bbox 1228 1525 1271 1557; x_wconf 93' lang='lat' dir='ltr'>de</span> <span class='ocrx_word' id='word_1_491' title='bbox 1295 1524 1538 1567; x_wconf 88' lang='lat' dir='ltr'>imputatione.</span> <span class='ocrx_word' id='word_1_492' title='bbox 1599 1524 1697 1557; x_wconf 85' lang='lat' dir='ltr'>Sicut</span> <span class='ocrx_word' id='word_1_493' title='bbox 1722 1532 1865 1568; x_wconf 89' lang='lat' dir='ltr'>propter</span> <span class='ocrx_word' id='word_1_494' title='bbox 1899 1526 2012 1559; x_wconf 83' lang='lat' dir='ltr'>Adam</span> <span class='ocrx_word' id='word_1_495' title='bbox 2044 1527 2104 1559; x_wconf 87' lang='lat' dir='ltr'>alii</span> 
     </span>
     <span class='ocr_line' id='line_1_77' title="bbox 1121 1572 2103 1618; baseline 0.002 -10"><span class='ocrx_word' id='word_1_496' title='bbox 1121 1582 1202 1608; x_wconf 88' lang='lat' dir='ltr'>sunt</span> <span class='ocrx_word' id='word_1_497' title='bbox 1218 1575 1285 1615; x_wconf 87' lang='lat' dir='ltr'>rei,</span> <span class='ocrx_word' id='word_1_498' title='bbox 1313 1574 1358 1608; x_wconf 88' lang='lat' dir='ltr'>ita</span> <span class='ocrx_word' id='word_1_499' title='bbox 1378 1581 1520 1618; x_wconf 88' lang='lat' dir='ltr'>propter</span> <span class='ocrx_word' id='word_1_500' title='bbox 1537 1572 1718 1608; x_wconf 88' lang='lat' dir='ltr'>Christum</span> <span class='ocrx_word' id='word_1_501' title='bbox 1743 1577 1922 1609; x_wconf 88' lang='lat' dir='ltr'>credentes</span> <span class='ocrx_word' id='word_1_502' title='bbox 1944 1585 2025 1609; x_wconf 87' lang='lat' dir='ltr'>sunt</span> <span class='ocrx_word' id='word_1_503' title='bbox 2048 1589 2103 1610; x_wconf 90' lang='lat' dir='ltr'>re-</span> 
     </span>
     <span class='ocr_line' id='line_1_78' title="bbox 1122 1625 2104 1672; baseline 0.003 -14"><span class='ocrx_word' id='word_1_504' title='bbox 1122 1625 1316 1665; x_wconf 88' lang='lat' dir='ltr'>conciliati,</span> <span class='ocrx_word' id='word_1_505' title='bbox 1359 1637 1419 1658; x_wconf 91' lang='lat' dir='ltr'>seu</span> <span class='ocrx_word' id='word_1_506' title='bbox 1450 1625 1600 1669; x_wconf 85' lang='lat' dir='ltr'>accepti,</span> <span class='ocrx_word' id='word_1_507' title='bbox 1643 1638 1716 1658; x_wconf 93' lang='lat' dir='ltr'>non</span> <span class='ocrx_word' id='word_1_508' title='bbox 1750 1634 1893 1671; x_wconf 89' lang='lat' dir='ltr'>propter</span> <span class='ocrx_word' id='word_1_509' title='bbox 1923 1627 2104 1672; x_wconf 88' lang='lat' dir='ltr'>propriam</span> 
     </span>
     <span class='ocr_line' id='line_1_79' title="bbox 1121 1676 1338 1719; baseline -0.009 -10"><span class='ocrx_word' id='word_1_510' title='bbox 1121 1676 1338 1719; x_wconf 85' lang='lat' dir='ltr'>dignitatem.</span> 
     </span>
    </p>

    <p class='ocr_par' dir='ltr' id='par_1_26' title="bbox 1093 1726 2104 1915">
     <span class='ocr_line' id='line_1_80' title="bbox 1222 1726 2104 1763; baseline 0.003 -3"><span class='ocrx_word' id='word_1_511' title='bbox 1222 1726 1345 1760; x_wconf 87' lang='lat' dir='ltr'>Postea</span> <span class='ocrx_word' id='word_1_512' title='bbox 1370 1727 1467 1760; x_wconf 87' lang='lat' dir='ltr'>addit</span> <span class='ocrx_word' id='word_1_513' title='bbox 1490 1726 1621 1761; x_wconf 86' lang='lat' dir='ltr'>Paulus</span> <span class='ocrx_word' id='word_1_514' title='bbox 1642 1728 1894 1762; x_wconf 87' lang='lat' dir='ltr'>correctionem</span> <span class='ocrx_word' id='word_1_515' title='bbox 1915 1729 1958 1762; x_wconf 90' lang='lat' dir='ltr'>de</span> <span class='ocrx_word' id='word_1_516' title='bbox 1985 1741 2104 1763; x_wconf 87' lang='lat' dir='ltr'>rerum</span> 
     </span>
     <span class='ocr_line' id='line_1_81' title="bbox 1093 1778 2102 1823; baseline 0.003 -12"><span class='ocrx_word' id='word_1_517' title='bbox 1093 1802 1094 1805; x_wconf 50' lang='lat'><em>=</em></span> <span class='ocrx_word' id='word_1_518' title='bbox 1120 1778 1340 1819; x_wconf 88' lang='lat' dir='ltr'>diversitate,</span> <span class='ocrx_word' id='word_1_519' title='bbox 1367 1778 1551 1823; x_wconf 91' lang='lat' dir='ltr'>inquiens:</span> <span class='ocrx_word' id='word_1_520' title='bbox 1581 1778 1649 1812; x_wconf 88' lang='lat' dir='ltr'>Sed</span> <span class='ocrx_word' id='word_1_521' title='bbox 1675 1791 1747 1811; x_wconf 89' lang='lat' dir='ltr'>non</span> <span class='ocrx_word' id='word_1_522' title='bbox 1765 1780 1853 1813; x_wconf 87' lang='lat' dir='ltr'>sicut</span> <span class='ocrx_word' id='word_1_523' title='bbox 1869 1781 2035 1814; x_wconf 87' lang='lat' dir='ltr'>delictum</span> <span class='ocrx_word' id='word_1_524' title='bbox 2053 1782 2102 1814; x_wconf 89' lang='lat' dir='ltr'>sic</span> 
     </span>
     <span class='ocr_line' id='line_1_82' title="bbox 1119 1829 2103 1871; baseline 0.004 -10"><span class='ocrx_word' id='word_1_525' title='bbox 1119 1835 1151 1862; x_wconf 91' lang='lat' dir='ltr'>et</span> <span class='ocrx_word' id='word_1_526' title='bbox 1170 1829 1326 1868; x_wconf 90' lang='lat' dir='ltr'>donum,</span> <span class='ocrx_word' id='word_1_527' title='bbox 1360 1829 1395 1862; x_wconf 90' lang='lat' dir='ltr'>id</span> <span class='ocrx_word' id='word_1_528' title='bbox 1423 1836 1492 1871; x_wconf 87' lang='lat' dir='ltr'>est,</span> <span class='ocrx_word' id='word_1_529' title='bbox 1527 1830 1637 1863; x_wconf 84' lang='lat' dir='ltr'>multa</span> <span class='ocrx_word' id='word_1_530' title='bbox 1661 1838 1741 1865; x_wconf 88' lang='lat' dir='ltr'>sunt</span> <span class='ocrx_word' id='word_1_531' title='bbox 1766 1830 1950 1865; x_wconf 89' lang='lat' dir='ltr'>dissimilia</span> <span class='ocrx_word' id='word_1_532' title='bbox 1977 1831 2013 1864; x_wconf 91' lang='lat' dir='ltr'>in</span> <span class='ocrx_word' id='word_1_533' title='bbox 2039 1829 2103 1865; x_wconf 87' lang='lat' dir='ltr'>hac</span> 
     </span>
     <span class='ocr_line' id='line_1_83' title="bbox 1118 1879 1319 1915; baseline 0.01 -2"><span class='ocrx_word' id='word_1_534' title='bbox 1118 1879 1319 1915; x_wconf 87' lang='lat' dir='ltr'>collatione.</span> 
     </span>
    </p>

    <p class='ocr_par' dir='ltr' id='par_1_27' title="bbox 1118 1930 2102 2022">
     <span class='ocr_line' id='line_1_84' title="bbox 1219 1930 2102 1974; baseline 0.005 -10"><span class='ocrx_word' id='word_1_535' title='bbox 1219 1930 1399 1972; x_wconf 89' lang='lat' dir='ltr'>Primum,</span> <span class='ocrx_word' id='word_1_536' title='bbox 1426 1942 1480 1964; x_wconf 92' lang='lat' dir='ltr'>res</span> <span class='ocrx_word' id='word_1_537' title='bbox 1505 1938 1586 1965; x_wconf 93' lang='lat' dir='ltr'>sunt</span> <span class='ocrx_word' id='word_1_538' title='bbox 1609 1932 1888 1974; x_wconf 87' lang='lat' dir='ltr'>diversissimae,</span> <span class='ocrx_word' id='word_1_539' title='bbox 1916 1932 2102 1968; x_wconf 85' lang='lat' dir='ltr'>Peccatum</span> 
     </span>
     <span class='ocr_line' id='line_1_85' title="bbox 1118 1980 1896 2022; baseline 0.004 -7"><span class='ocrx_word' id='word_1_540' title='bbox 1118 1989 1151 2016; x_wconf 91' lang='lat' dir='ltr'>et</span> <span class='ocrx_word' id='word_1_541' title='bbox 1170 1980 1314 2022; x_wconf 87' lang='lat' dir='ltr'>Gratia,</span> <span class='ocrx_word' id='word_1_542' title='bbox 1341 1994 1435 2015; x_wconf 88' lang='lat' dir='ltr'>mors</span> <span class='ocrx_word' id='word_1_543' title='bbox 1454 1990 1593 2015; x_wconf 81' lang='lat' dir='ltr'>aeterna</span> <span class='ocrx_word' id='word_1_544' title='bbox 1611 1990 1644 2017; x_wconf 89' lang='lat' dir='ltr'>et</span> <span class='ocrx_word' id='word_1_545' title='bbox 1661 1984 1729 2017; x_wconf 89' lang='lat' dir='ltr'>vita</span> <span class='ocrx_word' id='word_1_546' title='bbox 1744 1991 1896 2018; x_wconf 82' lang='lat' dir='ltr'>aeterna.</span> 
     </span>
    </p>

    <p class='ocr_par' dir='ltr' id='par_1_28' title="bbox 1088 2032 2100 2486">
     <span class='ocr_line' id='line_1_86' title="bbox 1220 2032 2100 2080; baseline 0.003 -15"><span class='ocrx_word' id='word_1_547' title='bbox 1220 2032 1411 2074; x_wconf 89' lang='lat' dir='ltr'>Secundo,</span> <span class='ocrx_word' id='word_1_548' title='bbox 1452 2034 1651 2067; x_wconf 82' lang='lat' dir='ltr'>differentia</span> <span class='ocrx_word' id='word_1_549' title='bbox 1687 2041 1736 2068; x_wconf 91' lang='lat' dir='ltr'>est</span> <span class='ocrx_word' id='word_1_550' title='bbox 1768 2035 1805 2067; x_wconf 86' lang='lat' dir='ltr'>in</span> <span class='ocrx_word' id='word_1_551' title='bbox 1834 2036 1940 2068; x_wconf 91' lang='lat' dir='ltr'>modo</span> <span class='ocrx_word' id='word_1_552' title='bbox 1971 2047 2100 2080; x_wconf 88' lang='lat' dir='ltr'>propa-</span> 
     </span>
     <span class='ocr_line' id='line_1_87' title="bbox 1117 2082 2100 2129; baseline 0.003 -13"><span class='ocrx_word' id='word_1_553' title='bbox 1117 2085 1235 2126; x_wconf 85' lang='lat' dir='ltr'>gandi.</span> <span class='ocrx_word' id='word_1_554' title='bbox 1289 2082 1346 2118; x_wconf 87' lang='lat' dir='ltr'>Ab</span> <span class='ocrx_word' id='word_1_555' title='bbox 1362 2085 1476 2118; x_wconf 83' lang='lat' dir='ltr'>Adam</span> <span class='ocrx_word' id='word_1_556' title='bbox 1496 2092 1709 2129; x_wconf 82' lang='lat' dir='ltr'>propagatur</span> <span class='ocrx_word' id='word_1_557' title='bbox 1727 2094 1850 2119; x_wconf 88' lang='lat' dir='ltr'>natura</span> <span class='ocrx_word' id='word_1_558' title='bbox 1868 2098 1943 2126; x_wconf 88' lang='lat' dir='ltr'>rea,</span> <span class='ocrx_word' id='word_1_559' title='bbox 1966 2084 2100 2120; x_wconf 88' lang='lat' dir='ltr'>habens</span> 
     </span>
     <span class='ocr_line' id='line_1_88' title="bbox 1089 2134 2099 2178; baseline 0.004 -11"><span class='ocrx_word' id='word_1_560' title='bbox 1089 2154 1091 2162; x_wconf 52' lang='grc' dir='ltr'>ι</span> <span class='ocrx_word' id='word_1_561' title='bbox 1118 2143 1296 2178; x_wconf 88' lang='lat' dir='ltr'>peccatum</span> <span class='ocrx_word' id='word_1_562' title='bbox 1323 2142 1354 2168; x_wconf 90' lang='lat' dir='ltr'>et</span> <span class='ocrx_word' id='word_1_563' title='bbox 1382 2135 1486 2168; x_wconf 88' lang='lat' dir='ltr'>morti</span> <span class='ocrx_word' id='word_1_564' title='bbox 1513 2136 1681 2169; x_wconf 86' lang='lat' dir='ltr'>obnoxia:</span> <span class='ocrx_word' id='word_1_565' title='bbox 1719 2144 1750 2170; x_wconf 91' lang='lat' dir='ltr'>et</span> <span class='ocrx_word' id='word_1_566' title='bbox 1776 2143 1896 2170; x_wconf 88' lang='lat' dir='ltr'>contra</span> <span class='ocrx_word' id='word_1_567' title='bbox 1920 2148 1937 2169; x_wconf 91' lang='lat' dir='ltr'>a</span> <span class='ocrx_word' id='word_1_568' title='bbox 1956 2134 2099 2171; x_wconf 88' lang='lat' dir='ltr'>Christo</span> 
     </span>
     <span class='ocr_line' id='line_1_89' title="bbox 1089 2184 2099 2231; baseline 0.003 -13"><span class='ocrx_word' id='word_1_569' title='bbox 1089 2206 1091 2217; x_wconf 79' lang='lat' dir='ltr'>t</span> <span class='ocrx_word' id='word_1_570' title='bbox 1116 2187 1269 2219; x_wconf 91' lang='lat' dir='ltr'>donatur</span> <span class='ocrx_word' id='word_1_571' title='bbox 1298 2187 1560 2227; x_wconf 86' lang='lat' dir='ltr'>reconciliatio,</span> <span class='ocrx_word' id='word_1_572' title='bbox 1596 2184 1680 2220; x_wconf 86' lang='lat' dir='ltr'>haec</span> <span class='ocrx_word' id='word_1_573' title='bbox 1706 2200 1778 2220; x_wconf 92' lang='lat' dir='ltr'>non</span> <span class='ocrx_word' id='word_1_574' title='bbox 1806 2196 2016 2231; x_wconf 86' lang='lat' dir='ltr'>propagatur</span> <span class='ocrx_word' id='word_1_575' title='bbox 2039 2199 2099 2231; x_wconf 89' lang='lat' dir='ltr'>ge-</span> 
     </span>
     <span class='ocr_line' id='line_1_90' title="bbox 1116 2236 2097 2281; baseline 0.002 -12"><span class='ocrx_word' id='word_1_576' title='bbox 1116 2238 1297 2270; x_wconf 82' lang='lat' dir='ltr'>neratione</span> <span class='ocrx_word' id='word_1_577' title='bbox 1314 2238 1465 2277; x_wconf 86' lang='lat' dir='ltr'>carnali,</span> <span class='ocrx_word' id='word_1_578' title='bbox 1483 2239 1539 2270; x_wconf 84' lang='lat' dir='ltr'>sed</span> <span class='ocrx_word' id='word_1_579' title='bbox 1558 2238 1624 2270; x_wconf 83' lang='lat' dir='ltr'>fide</span> <span class='ocrx_word' id='word_1_580' title='bbox 1642 2239 1829 2281; x_wconf 89' lang='lat' dir='ltr'>accipitur,</span> <span class='ocrx_word' id='word_1_581' title='bbox 1850 2236 2025 2271; x_wconf 81' lang='lat' dir='ltr'>lohannes</span> <span class='ocrx_word' id='word_1_582' title='bbox 2045 2240 2097 2274; x_wconf 89' lang='lat'>1.:</span> 
     </span>
     <span class='ocr_line' id='line_1_91' title="bbox 1088 2286 2096 2334; baseline 0.002 -13"><span class='ocrx_word' id='word_1_583' title='bbox 1088 2322 1089 2325; x_wconf 61' lang='grc'>,</span> <span class='ocrx_word' id='word_1_584' title='bbox 1115 2286 1221 2322; x_wconf 90' lang='lat' dir='ltr'>Dedit</span> <span class='ocrx_word' id='word_1_585' title='bbox 1247 2289 1294 2321; x_wconf 89' lang='lat' dir='ltr'>eis</span> <span class='ocrx_word' id='word_1_586' title='bbox 1319 2295 1521 2332; x_wconf 86' lang='lat' dir='ltr'>potestatem</span> <span class='ocrx_word' id='word_1_587' title='bbox 1540 2289 1630 2321; x_wconf 88' lang='lat' dir='ltr'>filios</span> <span class='ocrx_word' id='word_1_588' title='bbox 1656 2288 1719 2322; x_wconf 86' lang='lat' dir='ltr'>Dei</span> <span class='ocrx_word' id='word_1_589' title='bbox 1744 2289 1836 2329; x_wconf 75' lang='lat' dir='ltr'>fieri,</span> <span class='ocrx_word' id='word_1_590' title='bbox 1872 2289 1914 2321; x_wconf 87' lang='lat' dir='ltr'>iis</span> <span class='ocrx_word' id='word_1_591' title='bbox 1940 2290 1999 2334; x_wconf 88' lang='lat' dir='ltr'>qui</span> <span class='ocrx_word' id='word_1_592' title='bbox 2022 2302 2096 2323; x_wconf 87' lang='lat' dir='ltr'>cre-</span> 
     </span>
     <span class='ocr_line' id='line_1_92' title="bbox 1115 2339 2096 2384; baseline 0.003 -13"><span class='ocrx_word' id='word_1_593' title='bbox 1115 2340 1203 2372; x_wconf 86' lang='lat' dir='ltr'>dunt</span> <span class='ocrx_word' id='word_1_594' title='bbox 1228 2339 1264 2371; x_wconf 90' lang='lat' dir='ltr'>in</span> <span class='ocrx_word' id='word_1_595' title='bbox 1290 2352 1390 2380; x_wconf 87' lang='lat' dir='ltr'>eum,</span> <span class='ocrx_word' id='word_1_596' title='bbox 1433 2340 1492 2384; x_wconf 91' lang='lat' dir='ltr'>qui</span> <span class='ocrx_word' id='word_1_597' title='bbox 1520 2352 1590 2371; x_wconf 88' lang='lat' dir='ltr'>non</span> <span class='ocrx_word' id='word_1_598' title='bbox 1617 2351 1656 2371; x_wconf 81' lang='lat' dir='ltr'>ex</span> <span class='ocrx_word' id='word_1_599' title='bbox 1681 2340 1931 2383; x_wconf 84' lang='lat' dir='ltr'>sanguinibus,</span> <span class='ocrx_word' id='word_1_600' title='bbox 1967 2341 2025 2373; x_wconf 89' lang='lat' dir='ltr'>sed</span> <span class='ocrx_word' id='word_1_601' title='bbox 2057 2353 2096 2374; x_wconf 85' lang='lat' dir='ltr'>ex</span> 
     </span>
     <span class='ocr_line' id='line_1_93' title="bbox 1115 2387 2096 2436; baseline 0.003 -14"><span class='ocrx_word' id='word_1_602' title='bbox 1115 2388 1190 2423; x_wconf 90' lang='lat' dir='ltr'>Deo</span> <span class='ocrx_word' id='word_1_603' title='bbox 1212 2390 1284 2423; x_wconf 86' lang='lat' dir='ltr'>nati</span> <span class='ocrx_word' id='word_1_604' title='bbox 1303 2397 1396 2424; x_wconf 88' lang='lat' dir='ltr'>sunt.</span> <span class='ocrx_word' id='word_1_605' title='bbox 1450 2387 1574 2423; x_wconf 73' lang='lat' dir='ltr'>Iollan.</span> <span class='ocrx_word' id='word_1_606' title='bbox 1594 2391 1645 2423; x_wconf 83' lang='lat'>3.:</span> <span class='ocrx_word' id='word_1_607' title='bbox 1674 2389 1748 2423; x_wconf 79' lang='lat' dir='ltr'>Nisi</span> <span class='ocrx_word' id='word_1_608' title='bbox 1767 2391 1844 2436; x_wconf 91' lang='lat' dir='ltr'>quis</span> <span class='ocrx_word' id='word_1_609' title='bbox 1863 2398 2004 2425; x_wconf 84' lang='lat' dir='ltr'>renatus</span> <span class='ocrx_word' id='word_1_610' title='bbox 2020 2392 2096 2425; x_wconf 85' lang='lat' dir='ltr'>fue—</span> 
     </span>
     <span class='ocr_line' id='line_1_94' title="bbox 1117 2441 1636 2486; baseline 0.002 -12"><span class='ocrx_word' id='word_1_611' title='bbox 1117 2441 1162 2474; x_wconf 82' lang='lat' dir='ltr'>rit</span> <span class='ocrx_word' id='word_1_612' title='bbox 1195 2453 1234 2473; x_wconf 86' lang='lat' dir='ltr'>ex</span> <span class='ocrx_word' id='word_1_613' title='bbox 1258 2453 1346 2486; x_wconf 84' lang='lat' dir='ltr'>aqna</span> <span class='ocrx_word' id='word_1_614' title='bbox 1370 2448 1402 2474; x_wconf 88' lang='lat' dir='ltr'>et</span> <span class='ocrx_word' id='word_1_615' title='bbox 1425 2441 1550 2484; x_wconf 90' lang='lat' dir='ltr'>spiritu</span> <span class='ocrx_word' id='word_1_616' title='bbox 1574 2448 1636 2476; x_wconf 91' lang='lat' dir='ltr'>etc.</span> 
     </span>
    </p>

    <p class='ocr_par' dir='ltr' id='par_1_29' title="bbox 1080 2490 2096 2739">
     <span class='ocr_line' id='line_1_95' title="bbox 1215 2490 2096 2536; baseline 0.003 -12"><span class='ocrx_word' id='word_1_617' title='bbox 1215 2490 1310 2525; x_wconf 90' lang='lat' dir='ltr'>Haec</span> <span class='ocrx_word' id='word_1_618' title='bbox 1336 2492 1587 2525; x_wconf 84' lang='lat' dir='ltr'>dissimilitudo</span> <span class='ocrx_word' id='word_1_619' title='bbox 1616 2491 1878 2535; x_wconf 79' lang='lat' dir='ltr'>propagationis</span> <span class='ocrx_word' id='word_1_620' title='bbox 1909 2492 2096 2536; x_wconf 85' lang='lat' dir='ltr'>diligenter</span> 
     </span>
     <span class='ocr_line' id='line_1_96' title="bbox 1112 2542 2093 2588; baseline 0.002 -13"><span class='ocrx_word' id='word_1_621' title='bbox 1112 2542 1331 2575; x_wconf 85' lang='lat' dir='ltr'>observanda</span> <span class='ocrx_word' id='word_1_622' title='bbox 1359 2551 1430 2583; x_wconf 85' lang='lat' dir='ltr'>est,</span> <span class='ocrx_word' id='word_1_623' title='bbox 1468 2549 1612 2586; x_wconf 89' lang='lat' dir='ltr'>propter</span> <span class='ocrx_word' id='word_1_624' title='bbox 1635 2542 1901 2587; x_wconf 66' lang='lat' dir='ltr'>Atmbaptistas,</span> <span class='ocrx_word' id='word_1_625' title='bbox 1929 2545 1988 2588; x_wconf 89' lang='lat' dir='ltr'>qui</span> <span class='ocrx_word' id='word_1_626' title='bbox 2011 2556 2093 2587; x_wconf 93' lang='lat' dir='ltr'>pro-</span> 
     </span>
     <span class='ocr_line' id='line_1_97' title="bbox 1109 2592 2091 2638; baseline 0.001 -12"><span class='ocrx_word' id='word_1_627' title='bbox 1109 2594 1243 2636; x_wconf 86' lang='lat' dir='ltr'>digiosa</span> <span class='ocrx_word' id='word_1_628' title='bbox 1261 2594 1490 2626; x_wconf 74' lang='lat' dir='ltr'>deliramenta</span> <span class='ocrx_word' id='word_1_629' title='bbox 1520 2592 1847 2627; x_wconf 83' lang='lat' dir='ltr'>comminiscuntur.</span> <span class='ocrx_word' id='word_1_630' title='bbox 1891 2592 1963 2627; x_wconf 86' lang='lat' dir='ltr'>Alii</span> <span class='ocrx_word' id='word_1_631' title='bbox 1992 2607 2091 2638; x_wconf 83' lang='lat' dir='ltr'>pror-</span> 
     </span>
     <span class='ocr_line' id='line_1_98' title="bbox 1081 2644 2091 2693; baseline -0.001 -16"><span class='ocrx_word' id='word_1_632' title='bbox 1081 2651 1085 2693; x_wconf 72' lang='grc' dir='ltr'>Ῑ</span> <span class='ocrx_word' id='word_1_633' title='bbox 1109 2656 1167 2677; x_wconf 83' lang='lat' dir='ltr'>sus</span> <span class='ocrx_word' id='word_1_634' title='bbox 1191 2645 1313 2678; x_wconf 89' lang='lat' dir='ltr'>dicunt</span> <span class='ocrx_word' id='word_1_635' title='bbox 1339 2644 1477 2677; x_wconf 84' lang='lat' dir='ltr'>nullum</span> <span class='ocrx_word' id='word_1_636' title='bbox 1501 2644 1606 2677; x_wconf 81' lang='lat' dir='ltr'>fuisse</span> <span class='ocrx_word' id='word_1_637' title='bbox 1636 2656 1791 2689; x_wconf 89' lang='lat' dir='ltr'>unquam</span> <span class='ocrx_word' id='word_1_638' title='bbox 1818 2652 1994 2687; x_wconf 90' lang='lat' dir='ltr'>peccatum</span> <span class='ocrx_word' id='word_1_639' title='bbox 2018 2645 2091 2677; x_wconf 91' lang='lat' dir='ltr'>ori-</span> 
     </span>
     <span class='ocr_line' id='line_1_99' title="bbox 1080 2693 2089 2739; baseline 0 -11"><span class='ocrx_word' id='word_1_640' title='bbox 1080 2695 1222 2739; x_wconf 80' lang='lat' dir='ltr'>lginis:</span> <span class='ocrx_word' id='word_1_641' title='bbox 1267 2696 1327 2728; x_wconf 90' lang='lat' dir='ltr'>alii</span> <span class='ocrx_word' id='word_1_642' title='bbox 1359 2696 1495 2739; x_wconf 85' lang='lat' dir='ltr'>fingunt</span> <span class='ocrx_word' id='word_1_643' title='bbox 1521 2701 1599 2739; x_wconf 88' lang='lat' dir='ltr'>post</span> <span class='ocrx_word' id='word_1_644' title='bbox 1629 2696 1921 2729; x_wconf 83' lang='lat' dir='ltr'>resurrectionem</span> <span class='ocrx_word' id='word_1_645' title='bbox 1957 2693 2089 2730; x_wconf 82' lang='lat' dir='ltr'>Christi</span> 
     </span>
    </p>
   </div>
   <div class='ocr_carea' id='block_1_21' title="bbox 1090 1906 1094 1931">
    <p class='ocr_par' dir='ltr' id='par_1_30' title="bbox 1090 1906 1094 1931">
     <span class='ocr_line' id='line_1_100' title="bbox 1090 1906 1094 1931; baseline 0 0"><span class='ocrx_word' id='word_1_646' title='bbox 1090 1906 1094 1931; x_wconf 85' lang='lat' dir='ltr'>l</span> 
     </span>
    </p>
   </div>
   <div class='ocr_carea' id='block_1_22' title="bbox 1089 1767 1095 2303">
    <p class='ocr_par' dir='ltr' id='par_1_31' title="bbox 1089 1767 1095 2303">
     <span class='ocr_line' id='line_1_101' title="bbox 1089 1767 1095 2303; baseline 0 0"><span class='ocrx_word' id='word_1_647' title='bbox 1089 1767 1095 2303; x_wconf 95' lang='lat' dir='ltr'> </span> 
     </span>
    </p>
   </div>
   <div class='ocr_carea' id='block_1_23' title="bbox 1084 2385 1089 2536">
    <p class='ocr_par' dir='ltr' id='par_1_32' title="bbox 1084 2385 1089 2536">
     <span class='ocr_line' id='line_1_102' title="bbox 1084 2385 1089 2536; baseline 0 406"><span class='ocrx_word' id='word_1_648' title='bbox 1084 2385 1089 2536; x_wconf 95' lang='lat' dir='ltr'> </span> 
     </span>
    </p>
   </div>
   <div class='ocr_carea' id='block_1_24' title="bbox 1082 2539 1087 2650">
    <p class='ocr_par' dir='ltr' id='par_1_33' title="bbox 1082 2539 1087 2650">
     <span class='ocr_line' id='line_1_103' title="bbox 1082 2539 1087 2650; baseline 0 292"><span class='ocrx_word' id='word_1_649' title='bbox 1082 2539 1087 2650; x_wconf 95' lang='lat' dir='ltr'> </span> 
     </span>
    </p>
   </div>
  </div>
 </body>
</html>
