2415 2942
125 128 197 164 877
399 123 499 159 XIlI.

120 213 184 247 filii
195 210 261 246 Dei
275 209 475 254 dupliciter,
493 209 737 253 imputatione,
754 209 884 243 scilicet
899 209 936 241 in
953 206 1016 242 hac
1031 209 1113 251 vita,

121 263 201 308 quia
218 269 334 295 reatus
354 261 500 301 tollitur,
517 267 549 293 et
567 272 714 303 persona
732 260 769 293 fit
785 261 894 299 iusta,
920 259 955 292 id
974 267 1034 299 est,
1054 272 1110 293 ae—

120 321 215 357 cepta
235 313 301 346 fide
320 318 464 356 propter
478 312 719 344 mediatorem.
769 309 815 343 Et
838 321 874 342 re
892 310 965 353 ipsa
987 310 1110 354 incipit

120 364 302 398 renovatio
321 364 357 396 in
376 363 480 396 corde
497 374 559 406 per
573 360 684 395 filium
703 368 734 394 et
749 360 920 405 Spiritum
939 368 1109 399 sanctum,

121 427 208 461 quae
224 421 342 459 postea
357 413 422 448 erit
440 413 574 456 integra
592 412 629 444 in
646 411 913 445 resurrectione.

362 496 441 532 Ubi
457 501 506 530 est
525 495 641 542 igilur
652 492 860 540 gloriatio?

227 565 339 600 Addit
367 563 600 609 epiphonema
632 575 673 596 ex
693 563 883 596 collatione
924 564 1104 598 contrarii.

119 617 208 651 Cum
227 629 307 650 vera
325 616 368 650 sit
384 614 468 649 haec
491 615 685 652 sententia,
712 612 874 647 homines
901 613 1010 647 iustos
1034 626 1106 647 esse

119 669 185 701 fide
205 679 321 701 coram
340 667 423 701 Deo.
476 665 645 710 Sequitur
662 664 799 697 nullam
827 676 899 697 esse
924 665 1104 708 gloriatio-

120 731 200 752 nem
222 724 397 757 nostram,
422 717 456 749 id
474 722 541 756 est,
575 727 639 748 nos
666 727 737 748 non
770 713 900 748 habere
926 716 1104 759 propriam

118 769 311 806 iusticiam,
345 779 405 801 seu
434 767 519 810 legis
555 766 797 810 impletionem
830 778 889 799 seu
928 768 1104 803 meritum,

116 818 249 864 Estque
280 818 460 862 perspicua
485 817 705 851 confirmatio
728 824 870 850 nostrae
894 817 1104 861 interpreta-

116 871 241 910 tionis,
283 868 366 901 baec
393 869 465 912 ipsa
498 865 694 901 antithesis.
771 868 809 901 Si
836 880 989 901 essemus
1022 870 1102 902 iusti

117 921 321 963 impletione
338 919 440 962 legis,
473 916 682 952 haberemus
704 919 852 961 gloriam
876 926 909 952 et
927 920 1103 959 meritum,

116 972 173 1004 sed
193 968 283 1003 hanc
307 970 453 1012 gloriam
478 976 511 1002 et
537 970 700 1002 meritum
729 981 886 1014 expresse
910 970 1102 1003 detrahunt

115 1022 217 1054 nobis
235 1018 318 1053 haec
337 1021 428 1054 dicta
442 1047 450 1060 ‚
478 1019 593 1052 Psalm
617 1020 719 1055 142:
756 1021 836 1054 Non
857 1021 1102 1055 iustificabitur

114 1073 152 1105 iu
175 1079 362 1115 conspectu
394 1078 454 1104 tuo
481 1071 598 1103 omnis
630 1072 764 1106 vivens,
824 1069 869 1104 Et
898 1071 977 1104 lob:
1013 1072 1102 1105 Vere

113 1124 201 1163 scio,
228 1123 321 1167 quod
347 1134 420 1155 non
447 1122 490 1155 sit
515 1119 622 1155 homo
647 1122 758 1155 iustus
777 1134 897 1155 coram
915 1122 1000 1158 Deo.
1055 1122 1099 1156 Et

112 1173 243 1206 Paulus
259 1173 362 1205 dixit:
389 1170 524 1205 Omnes
544 1180 663 1206 carent
680 1173 789 1216 gloria
809 1172 886 1208 Dei.
928 1172 1034 1215 Item,
1063 1182 1100 1208 ut

113 1232 206 1258 totus
225 1225 378 1256 mundus
397 1235 476 1256 reus
494 1223 536 1256 sit
555 1223 641 1257 Deo.

212 1272 276 1307 Est
306 1274 413 1317 igitur
437 1274 618 1318 perspicua
655 1271 854 1308 antithesis:
898 1273 991 1317 Ergo
1019 1287 1097 1308 cum

114 1326 222 1357 simus
238 1325 318 1357 iusti
343 1325 414 1357 sola
441 1325 699 1364 misericordia,
728 1337 800 1357 non
829 1323 998 1358 habemus
1023 1326 1098 1366 glo-

113 1376 200 1408 riam
230 1375 392 1418 propriae
423 1374 580 1408 iusticiae
612 1375 648 1407 in
681 1375 812 1408 iudicio
837 1374 914 1410 Dei.
987 1375 1098 1419 Saepe

115 1432 229 1458 autem
247 1426 315 1457 iam
337 1425 470 1458 dictum
491 1433 558 1465 est,
586 1422 648 1458 has
670 1426 928 1469 propositiones
945 1427 1096 1459 correla-

109 1476 180 1509 tive
197 1476 444 1520 intelligendas
461 1487 552 1516 esse,
579 1488 642 1520 per
660 1476 936 1510 misericordiam
955 1484 1098 1521 propter

109 1526 220 1560 filium
238 1525 303 1560 Dei
319 1538 440 1560 sumus
463 1527 563 1565 iusti,
591 1527 625 1559 id
648 1534 716 1564 est,
744 1527 870 1561 fiducia
897 1528 1094 1561 misericor-

108 1578 184 1611 diae
201 1584 342 1621 propter
361 1578 601 1610 mediatorem.
641 1577 687 1611 Ut
706 1576 949 1611 Romanorum
967 1579 1000 1613 4.
1021 1591 1097 1612 cor-

108 1628 251 1661 relative
267 1628 443 1661 connectit
461 1628 729 1670 promissionem
748 1635 779 1661 et
802 1629 922 1661 fidem:
951 1628 1034 1662 Ideo
1058 1642 1097 1662 ex

110 1679 176 1711 fide
198 1677 323 1720 gratis,
360 1685 398 1711 ut
422 1679 465 1710 sit
490 1678 588 1710 firma
613 1678 814 1720 promissio:
845 1679 962 1723 inquit
989 1680 1095 1722 igitur

110 1728 251 1769 Paulus,
269 1729 477 1761 exclusivam
494 1739 566 1761 esse
583 1728 828 1770 gloriationem
849 1730 922 1772 lege
940 1730 1032 1770 fidei,
1061 1731 1094 1763 id

110 1786 175 1819 est,
204 1780 363 1812 doctrina
380 1781 422 1811 de
440 1779 524 1817 fide,
553 1791 642 1823 quae
658 1779 807 1812 affirmat
824 1792 888 1812 uos
907 1792 967 1823 per
993 1782 1094 1813 mise-

109 1830 296 1862 ricordiam
315 1836 457 1874 propter
474 1831 699 1863 mediatorem
726 1830 837 1863 iustos
861 1842 950 1871 esse,
980 1839 1011 1864 et
1039 1844 1094 1864 ac-

108 1881 252 1925 quiescit
268 1880 305 1912 in
323 1879 396 1913 Deo
417 1886 561 1923 propter
584 1880 831 1921 mediatorem,
860 1893 933 1914 non
953 1893 1095 1925 propter

108 1931 284 1975 propriam
319 1931 540 1974 dignitatem.
604 1931 770 1965 Excludit
801 1944 881 1975 ergo
914 1933 1093 1976 propriam

108 1982 312 2024 dignitatem
337 1989 368 2015 et
393 1982 571 2015 meritum.
642 1980 743 2014 Hanc
774 1994 846 2015 esse
878 1984 1032 2016 nativam
1063 1992 1093 2018 et

107 2032 401 2076 simplicissimam
434 2033 691 2067 enarrationem
726 2041 981 2075 congruentem
1011 2035 1093 2068 uni-

109 2094 225 2116 versae
251 2080 474 2126 propheticae
498 2084 711 2126 scripturae,
737 2081 828 2117 nihil
852 2085 1001 2118 dubium
1029 2094 1092 2119 est.

108 2134 165 2167 Sic
184 2140 259 2166 orat
278 2132 422 2166 Daniel:
453 2131 588 2166 Exaudi
610 2146 673 2167 nos
688 2146 758 2167 non
777 2143 920 2179 propter
935 2143 1090 2169 nostram

109 2184 302 2224 iusticiam,
330 2186 388 2216 sed
412 2196 476 2229 per
501 2185 777 2218 misericordiam
802 2194 944 2230 propter
968 2187 1092 2221 Domi-

107 2247 214 2275 num,
255 2241 286 2267 et
310 2232 424 2268 David
458 2235 588 2280 inquit:
621 2235 765 2269 Salvum
793 2249 847 2269 me
872 2238 925 2271 fac
950 2246 1092 2282 propter

106 2286 379 2319 misericordiam
405 2293 512 2319 tuam.
574 2285 632 2319 Sic
668 2288 872 2320 accedamus
902 2290 944 2322 ad
976 2288 1089 2322 Deum

104 2337 258 2381 quotidie
290 2337 326 2369 in
360 2337 584 2370 invocatione
609 2338 735 2370 fiducia
764 2339 986 2379 mediatoris,
1016 2353 1088 2373 non

108 2388 230 2421 fiducia
249 2395 386 2421 nostrae
403 2388 583 2431 dignitatis
602 2396 660 2422 aut
678 2389 835 2422 iusticiae
850 2391 1053 2425 essentialis,

208 2437 295 2471 Nota
314 2439 382 2472 sint
401 2446 432 2472 et
452 2437 534 2472 haec
552 2446 644 2472 recte
662 2440 751 2472 dicta
772 2440 994 2484 scriptorum,
1013 2440 1089 2475 Au·-

107 2489 265 2531 gustinus
281 2489 415 2534 inquit:
439 2489 567 2523 Totius
584 2491 730 2523 fiduciae
747 2491 920 2524 certitudo
936 2504 1007 2525 esse
1025 2494 1088 2526 de-

107 2540 213 2573 hetin
232 2540 381 2583 pretioso
407 2542 576 2584 sanguine
595 2539 739 2576 Christi.
785 2539 830 2575 Et
851 2541 1003 2576 Basilius
1030 2544 1085 2576 in-

105 2591 180 2635 quit
196 2591 234 2623 in
259 2591 426 2624 contione
452 2594 494 2625 de
519 2590 733 2633 bumilitate,
769 2604 843 2636 pag.
860 2594 961 2629 388.:
992 2594 1084 2629 Dicit

103 2649 215 2675 autem
237 2641 444 2684 Apostolus:
473 2642 543 2686 Qui
569 2644 741 2687 gloriatur
765 2645 802 2676 in
824 2644 981 2677 Domino
1006 2645 1081 2688 glo-

102 2693 230 2734 rietur,
263 2692 399 2735 dicens,
423 2694 515 2739 quod
533 2693 693 2729 Christus
712 2695 813 2729 nobis
837 2696 882 2730 sit
907 2697 1078 2741 sapientia

553 124 587 161 3.
614 122 911 160 ENARRATIO
940 123 1092 160 EPIST.
1121 120 1268 157 PAULt
1297 121 1366 155 AD
1394 118 1655 156 ROMANOS.
1709 120 1809 158 CAP.
1837 120 1898 156 111.

2081 122 2154 159 878

1168 219 1186 239 a
1205 206 1297 250 Deo,
1332 206 1489 248 iusticia,
1515 214 1547 241 et
1575 207 1802 240 sanctificatio
1826 214 1860 241 et
1886 207 2077 248 redemtio,
2105 208 2153 240 si-

1166 263 1224 290 cut
1241 257 1410 299 scriptum
1429 265 1494 291 est:
1519 256 1592 300 Qui
1609 258 1781 301 gloriatur
1796 259 1832 291 in
1851 257 2006 291 Domino
2023 258 2152 301 glorie-

1164 315 1233 341 tur.
1289 306 1383 340 Haec
1400 315 1450 341 est
1475 309 1568 341 enim
1595 309 1746 353 perfecta
1772 316 1803 342 et
1829 309 1962 352 integra
1989 309 2150 351 gloriatio

1164 358 1200 389 in
1225 356 1322 397 Deo,
1357 359 1499 402 quando
1524 371 1567 391 ne
1592 360 1736 404 quidem
1760 367 1903 403 propter
1924 371 2022 392 suam
2048 360 2151 393 insti-

1169 408 1256 440 ciam
1281 408 1409 452 aliquis
1440 410 1639 450 extollitur,
1676 411 1733 443 sed
1758 411 1914 453 agnoscit
1930 412 2011 443 ‘sese
2036 422 2151 443 carere

1163 470 1241 491 vera
1268 458 1424 502 iusticia,
1461 460 1534 492 sola
1561 467 1675 493 autem
1699 461 1766 493 fide
1790 461 1827 493 in
1847 459 2028 494 Christum
2049 461 2150 494 iusti-

1161 509 1267 541 ficari.
1322 508 1416 543 Haec
1440 518 1641 553 congruunt
1665 523 1743 544 cum
1769 509 1835 544 hoc
1859 511 1968 544 dicto:
2002 510 2151 545 Exclusa

1160 566 1210 593 est
1232 560 1396 602 gloriatio
1421 572 1482 604 per
1498 562 1695 595 doctrinam
1719 563 1761 594 de
1777 562 1863 603 tide.
1912 562 2013 595 Ilanc
2038 574 2150 606 oppo-

1159 610 1213 643 nit
1230 610 1298 653 legi
1315 623 1480 655 operum,
1506 624 1594 656 quae
1612 619 1661 645 est
1679 613 1839 645 doctrina
1859 612 2075 656 praecipiens
2095 614 2151 645 in-

1161 668 1292 703 tegram
1310 662 1560 703 obedientiam,
1587 670 1619 696 et
1636 664 1765 695 docens
1782 663 1956 696 iusticiam
1976 674 2058 701 esse,
2087 662 2150 696 ha-

1159 713 1241 744 bere
1256 712 1426 755 integram
1444 713 1682 746 obedientiam
1696 740 1705 754 ,
1733 713 1823 747 sicut
1849 713 1939 746 infra
1960 713 2075 758 inquit
2093 726 2148 746 ca-

1157 762 1229 806 pite
1255 763 1310 798 10.
1337 762 1470 797 Moises
1489 764 1655 798 describit
1671 764 1868 806 iusticiam,
1894 775 1983 809 quae
2007 777 2047 796 ex
2071 765 2145 807 lege

1158 821 1227 854 est,
1254 814 1315 859 qui
1346 814 1467 848 fecerit
1493 827 1551 852 ea,
1587 815 1681 849 vivet
1705 816 1742 848 in
1767 815 1825 848 eis.
1877 814 2047 848 Nominat
2066 826 2147 858 ergo

1157 865 1267 907 legem
1295 876 1463 912 operum,
1506 866 1704 900 doctrinam
1734 867 1837 910 legis,
1872 866 1908 899 id
1940 873 2008 907 est,
2036 866 2146 910 ipsam

1156 916 1266 957 legem
1291 916 1340 949 sic
1368 918 1510 961 proprie
1538 917 1685 958 dictam,
1721 918 1764 950 de
1790 929 1859 962 qua
1884 916 1971 950 alibi
1996 917 2145 951 dicitur:

1155 965 1226 999 Lex
1244 966 1330 999 iram
1347 967 1461 1001 efficit.
1514 967 1686 1001 Libenter
1700 975 1817 1002 autem
1836 979 1899 1001 usa
1917 974 1969 1001 est
1986 968 2045 1001 illa
2062 979 2146 1010 gens

1155 1017 1299 1050 nomine
1315 1017 1418 1060 legis,
1434 1030 1541 1062 quare
1561 1030 1660 1062 saepe
1672 1019 1882 1062 generaliter
1897 1030 1960 1062 pro
1972 1019 2146 1059 doctrina,

1154 1079 1214 1100 seu
1231 1079 1293 1111 pro
1311 1069 1417 1102 verbo
1428 1067 1492 1102 Dei
1511 1077 1713 1113 usurpatur,
1729 1076 1768 1103 ut
1785 1071 1822 1102 in
1840 1076 1913 1103 toto
1930 1068 2022 1103 Psal.
2044 1069 2145 1104 118..-

1152 1116 1254 1152 Beati
1270 1119 1488 1153 immaculati
1505 1121 1541 1153 iu
1560 1120 1632 1161 via,
1651 1121 1711 1165 qui
1732 1121 1914 1153 ambulant
1933 1120 1969 1153 in
1986 1121 2059 1163 lege
2069 1119 2146 1153 Do-

1153 1169 1254 1205 mini.
1309 1169 1414 1204 Item:
1438 1170 1508 1204 Pax
1528 1171 1637 1204 multa
1654 1172 1885 1215 diligentibus
1909 1172 2016 1214 legem
2034 1178 2143 1210 tuam,

1153 1226 1186 1253 et
1205 1232 1278 1253 non
1295 1228 1345 1254 est
1366 1221 1415 1253 eis
1432 1222 1650 1257 scandalum.

1179 1301 1446 1338 Adsereramus
1471 1304 1588 1351 igitur
1605 1304 1687 1350 fide
1712 1304 1909 1351 iustificari
1933 1304 2116 1340 hominem

1504 1355 1582 1390 sine
1608 1356 1787 1405 operibus.

1251 1420 1531 1467 Epiphonemati
1556 1425 1683 1460 adiecit
1700 1425 1995 1465 Conclusionem‚
2022 1427 2057 1459 in
2074 1438 2142 1471 qua

1152 1474 1305 1507 breviter
1323 1476 1447 1518 repetit
1466 1486 1638 1509 summam
1658 1478 1928 1522 propositionis,
1956 1485 1988 1511 et
2015 1477 2142 1510 iterum

1151 1525 1303 1558 inculcat
1333 1525 1570 1560 Exclusivam.
1640 1527 1729 1561 Nam
1756 1530 1798 1561 ad
1824 1526 1891 1561 hoc
1915 1529 2141 1573 repetitiones

1150 1576 1374 1617 conducunt,
1403 1584 1441 1609 ut
1465 1577 1550 1610 sciat
1576 1578 1685 1611 lector
1711 1591 1781 1612 non
1807 1580 1920 1612 obiter
1942 1592 2016 1611 eam
2034 1579 2138 1623 parti-

1150 1626 1264 1658 culam
1284 1626 1414 1659 dicenti
1434 1628 1617 1669 excidisse,
1649 1630 1708 1662 sed
1734 1631 1825 1663 serio
1841 1638 1873 1663 et
1890 1642 1925 1664 re
1946 1630 2140 1664 deliberata

1151 1677 1239 1709 velle
1259 1688 1336 1710 eum
1356 1674 1442 1718 hoc,
1470 1680 1564 1722 quod
1583 1680 1686 1713 toties
1705 1681 1869 1716 inculcat.
1924 1680 1995 1714 Nec
2012 1682 2140 1714 obscu-

1150 1727 1234 1760 ritas
1251 1728 1353 1760 estin
1372 1729 1465 1761 dicto
1490 1728 1614 1771 Pauli,
1641 1732 1699 1764 sed
1730 1734 1918 1765 verborum
1943 1732 2139 1776 proprietas

1149 1778 1352 1811 retineatur.
1413 1778 1554 1813 Puerile
1580 1789 1649 1822 est,
1677 1784 1770 1826 quod
1792 1783 1936 1827 quidam
1957 1784 2138 1826 disputant

1149 1829 1191 1860 de
1220 1829 1326 1862 verbo
1358 1831 1595 1865 arbitramur:
1638 1845 1717 1865 nam
1746 1832 1880 1867 Graece
1910 1831 2136 1881 λογιζόμεθα

1148 1878 1319 1922 significat
1340 1883 1633 1916 asseverationem
1651 1884 1831 1918 collectam
1850 1897 1889 1917 ex
1914 1885 2136 1929 praecedenti

1148 1931 1383 1974 copulatione.
1444 1931 1549 1966 Fides
1577 1935 1749 1977 significat
1778 1936 2034 1976 assensionem,
2070 1947 2138 1981 qua

1147 1982 1394 2028 amplectimur
1411 1984 1680 2026 promissionem
1695 1987 1836 2029 gratiae,
1856 1999 1945 2032 quae
1964 1988 1999 2020 in
2017 1985 2138 2020 Evan-

1147 2032 1238 2074 gelio
1263 2040 1406 2076 propter
1429 2035 1659 2069 mediatorem
1686 2037 1852 2078 offertur,
1880 2045 1913 2072 et
1936 2045 1985 2071 est
2010 2038 2136 2071 fiducia

1147 2083 1337 2126 promissae
1362 2085 1643 2128 misericordiae,
1680 2096 1717 2122 ut
1745 2086 1830 2122 haec
1848 2089 2009 2122 vocabuli
2034 2100 2136 2121 enar-

1150 2135 1238 2167 ratio
1265 2146 1366 2178 saepe
1390 2137 1516 2169 tradita
1551 2145 1617 2172 est:
1647 2146 1682 2172 nt
1702 2137 1873 2183 Ephesios
1899 2147 2023 2185 quarto
2045 2139 2136 2173 Pau-

1147 2184 1201 2218 lus
1226 2193 1366 2219 enarrat
1389 2199 1500 2220 unum
1528 2190 1736 2223 vocabulum
1764 2191 1899 2224 multis:
1936 2190 2003 2223 Per
2030 2203 2135 2236 quem

1145 2237 1315 2270 audemus
1343 2239 1506 2271 accedere
1534 2240 1570 2272 in
1597 2240 1723 2275 fiducia
1752 2254 1813 2285 per
1844 2242 1946 2275 fidem
1971 2242 2062 2282 eius,
2097 2249 2134 2275 ut

1144 2293 1176 2320 et
1207 2286 1368 2321 l'salmus
1405 2289 1578 2335 loquitur:
1627 2291 1724 2326 Beati
1765 2304 1886 2325 omnes
1923 2293 1984 2338 qui
2024 2293 2134 2327 confl-

1144 2339 1232 2372 dunt
1250 2339 1286 2371 in
1309 2351 1359 2372 eo.

1248 2389 1430 2424 iustificari
1443 2391 1613 2434 significat
1625 2393 1782 2436 accipere
1793 2395 2033 2428 remissionem
2051 2406 2130 2442 pec·

1152 2446 1308 2474 catorum
1329 2448 1360 2474 et
1379 2443 1716 2483 reconciliationem,
1744 2453 1775 2478 et
1795 2446 2061 2490 imputationem
2081 2446 2134 2479 iu-

1142 2491 1260 2525 sticiae
1276 2504 1337 2525 seu
1354 2495 1626 2537 acceptationem
1640 2521 1649 2535 ‚
1677 2507 1754 2527 cum
1774 2509 1840 2541 qua
1863 2498 1967 2531 simul
1990 2504 2037 2530 est
2058 2497 2132 2529 effi-

1140 2555 1201 2575 cax
1225 2544 1317 2577 filius
1337 2542 1422 2584 Dei,
1451 2545 1535 2578 dicit
1562 2546 1839 2581 consolationem
1869 2561 1952 2582 voce
1969 2548 2131 2590 Evange-

1141 2594 1178 2626 lii
1197 2594 1233 2627 in
1252 2602 1390 2633 mente,
1416 2602 1446 2628 et
1465 2597 1620 2629 ostendit
1643 2597 1860 2632 voluntatem
1880 2600 2008 2643 patris,
2030 2606 2059 2631 et
2081 2598 2132 2629 vi-

1139 2645 1252 2679 vificat
1278 2646 1495 2687 credentem,
1521 2658 1560 2681 ac
1586 2648 1739 2682 effundit
1768 2649 1943 2693 Spiritum
1970 2656 2129 2684 sanctum

1139 2696 1175 2729 in
1195 2709 1278 2738 cor,
1301 2697 1388 2730 sicut
1412 2699 1443 2733 1.
1467 2695 1590 2736 Iohan.
1607 2699 1642 2736 4.
1667 2699 1812 2735 dicitur:
1843 2699 1884 2734 In
1910 2698 1975 2735 hoc
2001 2711 2132 2743 coguo-
