2415 2942
101 118 176 153 957

104 204 196 238 enim
213 203 335 247 ingens
354 202 399 237 sit
425 203 611 237 infirmitas
639 202 843 244 hominum,
870 209 903 236 et
927 202 1089 236 diabolus

103 262 268 300 tanquam
295 254 349 287 leo
376 254 518 297 rugiens
543 256 750 297 circumeat,
785 261 823 287 ut
846 265 950 298 quam
976 254 1088 296 pluri-

102 318 176 338 mos
201 306 364 342 devoret,
400 306 645 350 confugiamus
672 307 714 338 ad
748 302 832 338 haec
857 304 1027 346 praesidia
1054 311 1085 338 et

100 357 143 388 ad
174 354 237 389 has
268 356 549 398 consolationes,
584 357 677 401 quod
709 356 798 388 filios
823 354 886 388 Dei
910 354 1085 387 Emanuel

100 414 151 441 est
173 415 289 441 custos
313 406 506 446 Ecclesiae,
541 409 629 441 sicut
661 406 795 451 inquit:
830 405 941 438 Nemo
973 405 1085 448 rapiet

99 469 182 491 oves
197 469 290 491 meas
313 470 353 491 ex
374 458 536 491 manibus
554 458 659 498 meis,
687 464 719 490 et
741 457 928 497 gubernat,
956 456 1084 489 confir-

99 516 192 548 mat,
222 510 323 542 docet
348 515 380 541 et
406 510 607 542 consolatur
628 519 691 541 nos
715 507 851 552 Spiritu
875 514 1014 546 sancto,
1051 513 1084 540 et

99 560 175 593 vult
200 557 284 593 haec
307 559 472 592 beneficia
497 561 584 603 peti,
612 566 643 592 et
671 558 846 602 promittit
868 570 906 590 ea
933 557 1083 601 petenti-

98 611 184 653 bus,
219 611 309 644 sicut
334 611 501 654 scriptum
525 617 590 643 est:
627 609 712 643 Sine
742 621 796 641 me
824 606 915 641 nihil
941 609 1084 652 potestis

97 662 220 694 facere.
272 661 404 702 Petite,
431 667 464 694 et
479 661 665 704 accipietis,
719 658 862 702 Quanto
890 660 999 702 magis
1024 671 1080 702 pa-

98 719 150 745 ter
167 719 280 746 vester
296 711 452 745 coelestis
470 711 567 745 dabit
587 711 759 756 Spiritum
777 717 935 743 sanctum
963 718 1081 753 peten-

97 763 202 796 tibus.
256 761 360 796 Item:
389 761 474 796 Sine
502 769 562 795 tuo
588 763 734 796 nurnine
761 759 853 794 nihil
882 768 930 794 est
959 761 994 793 in
1019 760 1082 793 ho-

95 813 210 854 mine,
241 811 333 845 nihil
358 819 408 846 est
435 813 633 850 innoxium.
704 812 859 857 Spiritus
887 813 1083 856 opitulatur

96 864 292 897 infirmitati
309 871 460 898 nostrae.

195 913 301 947 Tales
317 914 510 948 sententiae
527 914 652 947 sintin
671 922 873 958 conspectu,
891 921 927 947 ut
948 914 1084 947 exusci-

94 971 170 999 tent
188 976 251 997 nos
268 966 310 998 ad
334 966 613 1005 invocationem,
643 978 677 998 es
701 966 875 999 discamus
903 964 993 998 banc
1019 967 1083 998 slo-

93 1016 240 1048 ctrinam
266 1023 298 1049 et
323 1017 485 1050 exercitia
519 1016 599 1048 fidei
633 1017 668 1049 in
699 1018 915 1061 quotidianis
943 1029 1082 1050 aerum-

93 1067 164 1108 nis,
206 1067 267 1100 ubi
292 1067 329 1099 in
354 1079 434 1100 vera
460 1067 701 1102 consolatione
731 1068 950 1113 experiemur
975 1079 1076 1111 prae-

93 1118 239 1152 sentiam
260 1118 413 1161 Spiritus
429 1118 550 1152 sancti.

192 1166 415 1202 Observetur
439 1176 554 1202 autem
594 1168 660 1202 hoc
693 1170 768 1203 loco
793 1170 939 1203 verbum
966 1169 1082 1204 Ducit.

91 1218 169 1251 Non
195 1227 245 1253 est
267 1220 400 1254 otiosus
424 1219 576 1263 Spiritus
603 1228 762 1261 sanctus,
807 1228 922 1254 movet
947 1228 1080 1254 mentes

93 1277 125 1302 et
157 1271 269 1311 ducit,
311 1271 490 1312 videlicet,
527 1284 599 1305 non
627 1278 882 1315 repugnantes:

94 1322 187 1353 enim
215 1322 366 1362 coactio,
394 1328 432 1355 ut
455 1322 618 1355 voluntas
646 1335 716 1353 non
745 1322 850 1364 possit
875 1334 1080 1366 repugnare.

91 1370 216 1404 Trahit
244 1372 362 1412 Deus,
389 1373 447 1405 sed
472 1372 647 1405 volentem
676 1370 806 1412 trabit,
841 1374 919 1406 idco
947 1373 1078 1416 iuquit:
1103 1396 1104 1407 2
1550 1405 1556 1411 .
1799 1403 1806 1409 .
1871 1403 1878 1410 .
1905 1404 1911 1410 .
2045 1404 2051 1410 .
2082 1404 2088 1410 .

1103 1414 1104 1417 ’
1130 1407 1266 1438 fruetur
1289 1413 1476 1448 conspectu
1494 1405 1576 1444 Dei,
1601 1411 1634 1437 et
1656 1410 1774 1437 cernet
1799 1411 1971 1437 iusticiam
1988 1401 2052 1437 Dei
2081 1416 2116 1435 iu

87 1421 192 1455 Dabit
212 1422 384 1469 Spiritum
404 1429 562 1455 sanctum
584 1424 794 1466 petentibus.
838 1423 944 1458 Item:
971 1423 1076 1456 Prae-

87 1473 166 1506 bete
183 1474 339 1507 membra
358 1480 470 1507 vestra
489 1485 586 1507 arma
611 1474 782 1508 iusticiae.

159 1555 249 1591 Non
276 1556 369 1591 enim
393 1556 580 1603 accepistis
609 1557 780 1603 spiritum
805 1558 1000 1593 servitulis.

191 1625 315 1658 Postea
334 1626 584 1658 describuntur
602 1633 736 1665 monn,
765 1638 853 1670 quos
877 1627 943 1659 ciet
963 1626 1076 1670 Spiri-

87 1683 143 1710 tus
167 1683 316 1709 sauctus.
390 1675 469 1708 Non
496 1677 675 1718 accepistis
698 1677 861 1719 spiritum
889 1677 1077 1717 servitutis,

87 1739 148 1760 seu
169 1734 208 1760 ut
233 1728 273 1758 asl
295 1724 526 1759 Timotheum
549 1727 683 1770 inquit,
712 1727 885 1769 Spiritum
907 1728 1076 1760 timidita-

87 1779 150 1817 tis,
177 1779 210 1810 iil
228 1784 294 1817 est,
324 1775 484 1809 homines
504 1789 576 1809 nou
603 1775 769 1809 habentes
796 1779 1074 1810 consolati‹j›tteni

86 1841 148 1872 pcr
177 1828 407 1871 Evangelium
436 1835 469 1861 et
493 1828 665 1871 Spiritum
693 1835 872 1866 sanctum,
908 1842 984 1861 cum
1019 1842 1072 1860 ve-

87 1881 192 1911 niunt
211 1891 397 1912 aerumnae
423 1890 671 1924 quaecunque,
700 1882 929 1912 succumbunt
950 1881 1074 1919 dolori,

87 1931 338 1963 contabescunt
362 1937 395 1963 et
418 1931 662 1972 desperatione
698 1940 802 1963 ruunt
830 1931 866 1963 in
893 1938 1072 1964 aeternnm

85 1981 241 2021 exitium,
258 1988 294 2014 ut
310 1981 405 2020 Saul,
423 1978 647 2024 Acbitopliel.
684 1980 756 2013 Has
775 1983 1074 2014 consternationes

85 2032 248 2065 nominat
264 2031 435 2075 Spiritum
452 2033 640 2069 servitutis,
667 2045 726 2064 seu
747 2033 956 2068 timiditatis.
1003 2033 1070 2067 Ubi

84 2095 165 2115 vero
182 2084 285 2115 corda
311 2089 550 2116 sustentantur
576 2095 658 2116 voce
679 2082 861 2126 Evangelii
886 2091 918 2117 et
937 2084 1071 2127 Spiritu

85 2141 224 2173 sancto,
253 2133 300 2165 ibi
326 2134 474 2166 sentitur
501 2134 536 2165 in
561 2135 683 2166 dolore
708 2135 880 2176 mitigatio
902 2142 933 2168 et
954 2138 1072 2173 robur,

86 2185 173 2217 sicut
211 2184 366 2217 dicitur:
413 2183 591 2217 lustificati
629 2186 694 2217 fide
738 2198 854 2228 pacem
894 2184 1072 2219 babemus,

86 2235 190 2269 Item:
225 2233 355 2267 Omnis
381 2235 441 2279 qui
468 2236 611 2269 confidit
637 2236 672 2267 iu
692 2235 869 2277 Domino,
895 2250 966 2270 nou
985 2250 1069 2270 con-

83 2287 262 2320 fundetur.
324 2286 429 2319 item:
459 2283 588 2319 Omnis
614 2287 674 2331 qui
701 2287 917 2321 invocaverit
943 2301 1069 2321 nomen

84 2336 247 2377 Domini,
273 2337 388 2369 salvus
413 2337 488 2369 erit.
542 2336 645 2371 ltem:
675 2336 802 2370 Venite
818 2341 859 2371 ad
881 2352 933 2371 me
950 2352 1070 2372 omnes

86 2388 145 2430 qui
169 2388 334 2420 laboratis
360 2395 390 2421 et
409 2388 545 2420 onerati
572 2389 670 2428 estis,
698 2396 729 2421 et
747 2401 807 2431 ego
824 2391 974 2422 reficiam
997 2403 1066 2424 voS.

89 2437 195 2470 hem:
231 2437 303 2481 Qui
329 2437 431 2472 habet
459 2439 589 2479 filium,
627 2438 730 2472 hahet
756 2441 875 2475 vitam.
937 2440 977 2473 ln
1003 2440 1068 2474 hoc

85 2490 322 2529 cognoscimus
355 2491 448 2535 quod
485 2490 519 2521 in
553 2502 593 2522 eo
624 2502 824 2531 manemus,
861 2498 892 2525 et
921 2492 993 2536 ipse
1030 2494 1066 2525 in

85 2540 205 2578 nobis,
233 2540 312 2584 quia
332 2542 373 2573 de
390 2541 515 2584 spiritu
534 2553 596 2573 suo
618 2543 676 2574 dat
697 2542 799 2574 nohis

184 2590 272 2624 Sunt
298 2599 410 2624 autem
437 2592 579 2625 effectus
604 2593 796 2626 immediati
815 2592 968 2636 Spiritus
987 2606 1064 2627 san-

82 2642 147 2680 cti,
179 2641 302 2673 fiducia
328 2649 359 2674 et
387 2642 515 2676 laetitia
538 2643 572 2675 in
602 2645 706 2676 corde
733 2645 954 2688 praelucente
981 2658 1064 2678 voce

346 116 446 153 XIII.
475 117 510 152 3.
538 115 835 154 ENARRATIO
870 117 1025 153 EPIST.
1062 115 1206 152 PAULl
1237 115 1302 150 AD
1327 113 1587 151 ROMANOS.
1639 113 1740 150 CAP.
1770 113 1867 148 vul.

929 1284 1000 1304 non
1031 1278 1080 1304 est
1104 1279 1106 1286 ⁸
1587 1304 1594 1309 ,
1878 1302 1884 1308 .
1992 1303 1998 1308 .

1104 1307 1105 1310 ’
1131 1305 1374 1338 confusionem
1405 1305 1441 1336 in
1468 1301 1532 1335 hac
1562 1311 1653 1344 Vita,
1696 1303 1754 1334 sed
1787 1303 1829 1333 ad
1862 1302 2119 1342 liberationem,

1101 1679 1103 1688 ’
1129 1669 1274 1702 dientia.

2062 114 2134 150 958

1145 203 1249 237 erecti
1269 203 1352 242 fide,
1381 214 1453 235 non
1472 201 1644 245 fugimus,
1671 212 1743 233 non
1764 199 1946 233 fremimus
1963 201 2128 234 adversus

1142 265 1241 293 eum,
1274 254 1415 286 dilectio
1441 251 1526 290 Dei,
1559 263 1656 295 spes,
1689 251 1779 283 velle
1804 251 2038 285 obedientiam
2065 259 2127 285 etc.

1141 302 1215 335 Hos
1248 311 1363 337 motus
1394 315 1516 336 omnes
1552 300 1847 346 comprehendit,
1887 315 1966 335 cum
1999 302 2126 348 inquit,

1140 365 1207 386 nos
1226 362 1366 397 accepto
1388 354 1524 398 Spiritu
1542 360 1661 387 sancto
1682 353 1832 386 clamare
1850 350 1952 387 Abba
1972 352 2085 389 Pater.

1177 450 1406 488 Cohaeredes
1424 448 1585 491 Christi,
1614 450 1793 500 siquidem
1819 465 1893 486 una
1908 453 2085 500 patimur.

1238 529 1387 574 Propria
1412 529 1571 563 doctrIna
1603 536 1652 562 est
1676 529 1871 569 Ecclesiae,
1915 530 2124 564 asseveratio

1137 581 1180 613 de
1199 589 1346 614 venturo
1364 581 1494 614 iudicio
1514 587 1544 612 et
1564 581 1606 611 de
1625 580 1746 622 poenis
1757 581 1905 613 aeternis
1924 581 2124 624 impiorum,

1139 639 1171 664 et
1189 633 1231 664 cle
1250 633 1358 674 gloria
1378 639 1518 664 aeterua
1539 643 1637 662 verae
1656 629 1846 668 Ecclesiae,
1874 643 1977 676 qnam
1998 640 2028 665 et
2050 645 2123 663 int·-

1137 683 1206 716 ruit
1232 683 1335 716 nobis
1358 680 1521 715 Christus
1546 693 1605 714 sua
1631 681 1848 719 obedientia,
1882 690 1915 714 et
1932 684 2036 715 donat
2060 695 2122 715 no—

1137 734 1191 766 bis
1216 735 1304 778 ipse:
1334 735 1414 778 quia
1443 733 1507 766 etsi
1534 732 1750 766 resuscitatio
1774 732 1808 764 fit
1835 746 1851 764 a
1878 731 2000 773 Patre,
2031 733 2122 765 Filio

1136 792 1168 818 et
1196 798 1213 818 a
1241 785 1375 828 Spiritu
1399 791 1519 817 sancto
1551 783 1673 821 simul,
1715 790 1831 816 tamen
1857 783 1894 817 fit
1923 784 2122 817 immediate.

1137 848 1197 880 per
1212 836 1342 876 filium,
1363 843 1394 869 et
1414 848 1473 880 per
1491 834 1600 868 filiurn
1620 833 1657 867 fit
1676 834 1814 866 visibile
1833 834 2013 867 iudicium.
2053 834 2122 867 lm—

1137 888 1186 930 pii
1208 888 1301 919 enini
1321 900 1390 920 uon
1410 887 1582 919 videbunt
1601 885 1842 928 divinitatem,
1862 887 1918 918 sed
1939 886 2050 918 filium
2069 886 2121 917 vi-

1134 939 1287 978 debunt,
1331 945 1370 971 ut
1394 935 1600 973 Manlum.
1632 936 1774 969 dicitur:
1820 935 1923 970 Tunc
1955 937 2121 980 plangent

1134 1001 1257 1022 ornnes
1282 990 1395 1022 tribus
1423 996 1551 1028 terrae,
1579 994 1611 1021 et
1637 988 1808 1021 videbunt
1835 987 1944 1020 silium
1963 985 2120 1021 hominis

1134 1041 1332 1073 venientem
1357 1040 1393 1072 in
1422 1040 1606 1073 muudum.
1666 1037 1719 1071 De
1744 1036 1809 1071 hoc
1834 1039 1965 1071 visibili
1988 1038 2119 1072 iudicio

1133 1092 1281 1125 dicitur:
1312 1091 1415 1125 Dedit
1435 1103 1541 1124 omne
1560 1089 1728 1122 iudicium
1749 1089 1830 1122 filio.

1236 1152 1340 1184 Hanc
1364 1150 1655 1184 asseverationem
1679 1149 1722 1182 de
1747 1149 1897 1182 aeternis
1918 1149 2058 1192 poenis,
2085 1156 2118 1182 et

1105 1212 1106 1222 ¹
1132 1203 1175 1235 de
1193 1203 1303 1246 gloria
1323 1209 1483 1242 aeterna,
1502 1202 1577 1234 vult
1598 1199 1694 1233 Deus
1705 1199 1879 1233 Ecclesiae
1899 1207 2016 1232 notam
2036 1212 2118 1239 esse,

1132 1262 1169 1287 ut
1188 1254 1336 1286 sciamus
1363 1266 1426 1285 nos
1449 1253 1566 1285 vocari
1593 1263 1663 1283 non
1687 1258 1823 1284 tantum
1851 1252 1892 1282 ad
1922 1264 2058 1284 crucem
2087 1260 2118 1284 et

1130 1368 1198 1399 qua
1224 1355 1260 1387 iu
1288 1361 1358 1387 tota
1387 1355 1591 1387 aeternitate
1630 1353 1724 1385 vivet
1753 1350 1931 1391 Ecclesia,
1974 1360 2005 1385 et
2030 1353 2117 1387 laeta

1129 1457 1332 1490 discrimine
1354 1457 1534 1489 beatorum
1555 1462 1586 1489 et
1604 1456 1863 1487 damnatorum.

1231 1515 1332 1548 Hanc
1355 1515 1551 1547 doctrinam
1579 1521 1609 1546 ct
1634 1513 1910 1546 consolationem
1937 1511 1993 1546 liic
2020 1526 2116 1557 repe-

1101 1561 1103 1591 Ῐ
1128 1567 1169 1600 tit
1191 1566 1342 1606 Paulus,
1371 1578 1448 1598 cuin
1468 1575 1567 1598 antea
1588 1565 1715 1596 dixerit
1743 1565 1784 1595 ‹le
1810 1565 2013 1597 remissione
2038 1577 2115 1608 pec-

1128 1625 1305 1657 catorum,
1334 1619 1374 1648 dc
1396 1617 1480 1656 fide,
1508 1618 1551 1649 de
1574 1614 1802 1648 renovatione
1829 1628 1888 1647 seu
1917 1628 2005 1648 nova
2032 1617 2115 1649 obe·

1328 1667 1474 1700 Necesse
1505 1674 1553 1699 est
1579 1667 1671 1698 enini
1695 1664 1788 1697 bunc
1818 1667 1920 1698 finem
1946 1666 2044 1707 sciri,
2082 1674 2115 1701 et

1127 1720 1230 1751 simul
1249 1719 1348 1758 sciri,
1378 1719 1552 1750 neminem
1580 1718 1714 1749 salvum
1743 1717 1815 1749 fieri
1845 1725 1919 1759 post
1947 1715 2036 1750 lianc
2063 1718 2114 1750 vi-

1127 1778 1215 1810 tani,
1244 1769 1310 1801 nisi
1332 1771 1366 1802 in
1388 1768 1450 1801 bac
1470 1769 1538 1802 vita
1557 1768 1695 1800 mortali
1719 1768 1876 1800 remi2sio
1895 1776 2113 1812 peccatorum

1099 1822 1193 1854 vfide
1225 1830 1362 1863 accepta
1396 1821 1457 1858 sit,
1493 1827 1525 1853 et
1561 1819 1697 1852 incoata
1738 1819 1962 1852 sanctificatio
1990 1819 2112 1854 &Co-

1126 1870 1296 1907 rintl1.5.:
1327 1872 1651 1914 Super-induemur,
1680 1870 1707 1902 si
1725 1877 1841 1903 tamen
1864 1883 1934 1903 non
1955 1872 2040 1903 nudi
2059 1883 2112 1904 re-

1125 1925 1312 1967 periemur.
1371 1920 1559 1957 lol112n.3.z
1590 1921 1662 1954 Nisi
1682 1921 1760 1966 quis
1784 1929 1923 1955 renatus
1950 1923 2053 1956 suerit
2073 1935 2111 1955 ex

1124 1988 1211 2019 aqua
1232 1982 1263 2008 et
1281 1974 1427 2017 spiritu,
1448 1986 1519 2006 non
1539 1973 1684 2006 intrabit
1703 1972 1738 2004 in
1757 1974 1902 2015 regnum
1921 1973 2111 2008 coelorum.

1124 2025 1226 2059 ltein:
1264 2025 1353 2057 'vivo
1379 2037 1459 2066 ego,
1503 2025 1586 2057 (licit
1612 2023 1804 2061 Dominus,
1847 2025 1930 2057 nolo
1960 2032 2107 2057 mortem

1124 2077 1331 2121 peccatoris,
1351 2078 1409 2109 sed
1430 2083 1465 2108 nt
1485 2082 1712 2108 convertatur
1730 2082 1759 2106 et
1781 2075 1887 2107 vivat.
1929 2074 2109 2108 toramen·-

1123 2137 1196 2161 tum
1225 2129 1376 2171 postulat
1414 2127 1692 2159 conversionem.
1759 2125 1861 2163 ltcm,
1893 2124 2105 2168 Apocal.2.:

1122 2178 1206 2212 Esto
1232 2179 1343 2210 fidelis
1370 2190 1480 2222 usque
1506 2179 1547 2209 ad
1569 2184 1736 2216 mortem,
1765 2183 1796 2209 et
1815 2178 1904 2209 datio
1925 2177 1988 2209 tibi
2010 2190 2108 2210 coro-

1121 2243 1201 2263 nam
1223 2230 1322 2262 vitae.
1381 2229 1482 2262 ltem:
1513 2227 1611 2260 Beati
1641 2229 1791 2266 mortui,
1820 2228 1932 2271 quiin
1953 2227 2107 2262 Domino

1121 2282 1333 2314 moriuntur,
1363 2277 1581 2314 BI,2U}],22.2
1603 2278 1725 2311 [xitiitsse
1741 2290 1848 2322 quare
1867 2279 2015 2319 inlr-isti,
2036 2293 2106 2312 ¹10ss

1120 2330 1250 2365 habens
1269 2338 1394 2364 vestem
1421 2331 1627 2374 nuptialem.
1672 2329 1761 2361 Psal.
1781 2329 1859 2364 23.:
1890 2329 1989 2362 Mors
2008 2331 2106 2374 impii

1119 2385 1220 2416 mala.
1277 2383 1357 2415 {deo
1382 2382 1511 2415 Paulus
1530 2379 1687 2413 hocloco
1716 2381 1849 2424 inquit:
1879 2379 2105 2415 Glorificabi-

1119 2447 1212 2468 mur:
1242 2441 1275 2467 et
1294 2434 1409 2473 addit,
1439 2432 1622 2476 Siquidem
1641 2444 1708 2463 una
1733 2432 1915 2474 patiemur.

1218 2492 1313 2525 Haec
1332 2492 1488 2524 conditio
1512 2491 1729 2532 intelligatur
1748 2503 1820 2522 non
1839 2493 1880 2524 de
1899 2493 2022 2525 merito
2040 2506 2104 2525 uo-

1115 2551 1266 2577 stroruin
1285 2556 1451 2585 operuit),
1479 2543 1537 2574 sed
1565 2543 1606 2574 de
1632 2543 1836 2575 necessitate
1861 2545 2102 2576 conversionis

1116 2596 1153 2627 iu-
1171 2594 1233 2627 liae
1252 2595 1338 2634 vita,
1370 2601 1400 2626 et
1421 2591 1502 2626 h'aec
1524 2594 1595 2635 ipsa
1616 2592 1799 2625 conversio
1826 2601 1874 2626 est
1894 2602 2100 2638 perpetuum

1115 2655 1289 2678 certamen
1306 2658 1384 2678 cum
1403 2644 1554 2677 diabolis
1575 2651 1606 2677 et
1625 2657 1704 2677 cum
1729 2657 1861 2680 carnes.
1906 2645 1974 2679 Nec
1999 2656 2100 2679 notra

82 2691 276 2735 Evangelii,
299 2693 486 2732 invocatio,
512 2706 576 2740 qua
596 2695 664 2728 iam
684 2695 882 2729 accedimus
898 2698 938 2729 ad
952 2695 1062 2730 Deum
1085 2712 1090 2734 1
1114 2697 1294 2743 sequitur:
