2415 2942
77 131 152 169 257
489 128 570 164 XII.

81 217 240 252 iusticiae
265 222 298 250 et
329 216 418 249 vitae
442 222 620 256 aeternae,
650 215 738 249 sicut
756 214 859 247 initio
884 214 987 258 primi
1013 226 1070 247 ca-

78 270 161 315 pitis
180 269 314 302 dictum
333 274 401 301 est:
426 266 550 301 Gratia
568 273 601 299 et
618 267 744 300 veritas
762 278 824 308 per
839 264 952 298 lesum
963 262 1070 298 Chri-

627 126 927 164 ENARRATIO
956 127 1004 163 ΙΝ
1032 126 1218 163 EVANG.
1248 125 1462 164 IOANNIS.
1515 129 1619 166 CAP.
1649 132 1695 166 X.

1095 217 1101 320 ξ,

78 328 170 355 stum
185 320 273 353 facta
291 325 350 357 est,
371 325 403 352 et
420 319 511 351 infra
528 318 716 352 Ioan.10.:
742 315 817 359 Ego
835 316 941 348 vitam
958 323 1070 348 aeter·
1095 328 1097 343 τ

78 383 161 406 nam
178 372 223 404 do
243 371 301 404 eis.
336 368 381 403 Et
398 367 455 402 hic
473 367 586 403 honos
604 369 649 402 ita
669 368 878 402 tribuendus
895 374 945 400 est
960 364 1069 400 Chri-

78 430 130 458 sto
143 449 153 464 ,
180 430 218 456 ut
233 434 312 455 cum
331 421 539 464 agnovimus
555 432 633 453 eum
655 431 727 452 esse
745 419 848 451 talem
860 444 868 458 ,
895 430 976 450 vere
993 430 1069 450 cre-

78 476 204 508 damus
221 486 285 506 nos
305 479 450 517 propter
467 471 581 515 ipsum
601 471 707 518 recipi
729 470 764 502 in
784 469 949 511 gratiam,
976 469 1068 501 fidu-
1094 510 1096 512 ‚

79 526 130 560 cia
156 525 266 569 ipsius
291 525 494 556 invocemus
518 521 650 559 Deum,
677 533 716 554 ac
742 520 962 564 quiescamus
986 532 1069 564 pro-
1094 541 1095 578 ,
1121 526 1155 552 et
1172 519 1339 552 immolor
1355 528 1500 565 propter
1515 524 1722 557 sacrificium
1742 532 1774 558 et
1791 525 2007 559 oblationem
2033 528 2114 560 fidei

1094 579 1095 603 ὲ
1121 576 1273 611 vestrae,
1301 571 1335 603 id
1357 578 1425 612 est,
1453 573 1635 614 immolor,
1664 581 1701 607 ut
1719 576 1890 609 confessio
1910 589 1984 610 mea
2000 578 2114 612 luceat

77 584 155 622 pter
171 577 285 620 ipsum
304 574 540 619 expectatione
556 572 689 613 auxilii,
716 578 748 605 et
766 571 858 605 vitae
876 578 1048 604 aeternae.

214 658 345 694 Bonus
364 662 494 706 pastor
514 656 678 690 animam
695 669 802 690 suam
816 655 933 704 ponit.

178 727 286 763 Redit
312 725 474 761 Christus
496 727 540 759 ad
563 725 850 759 distributionem
876 732 1067 768 pastorum,

76 792 180 826 supra
197 780 372 813 traditam.
414 777 507 811 Boni
525 784 678 822 pastores
695 778 895 811 anteferunt
913 788 994 809 suae
1014 775 1068 808 vi-

75 841 131 867 tae
166 838 198 864 et
231 831 396 863 omnibus
427 829 671 872 corporalibus
696 828 891 862 commodis
919 828 1066 861 salntem

75 883 269 922 Ecclesiae,
298 882 391 914 iuxta
417 887 640 924 praeceptum
661 879 744 913 Dei:
776 878 847 921 Qui
867 879 983 921 diligit
1004 890 1064 922 pa-

2041 136 2115 170 238

1125 214 1209 247 catis
1234 216 1376 250 nostris.
1431 214 1478 250 At
1503 215 1665 259 Davidis,
1693 217 1880 260 Ieremiae,
1908 219 2009 253 Pauli
2032 232 2116 265 snp-

1124 265 1228 308 plicia
1253 278 1325 299 non
1352 275 1535 302 merentur
1567 270 1645 302 aliis
1678 271 1920 303 remissionem
1953 279 2114 315 peccato-

1123 327 1222 355 rum,
1251 328 1314 349 nec
1339 325 1419 351 sunt
1443 320 1608 353 sacrificia
1633 321 1805 364 placantia
1833 323 1919 355 iram
1941 322 2028 363 Dei,
2055 324 2114 356 sed

1122 373 1205 399 sunt
1221 367 1338 400 debita
1356 369 1556 403 obedientia
1585 372 1621 404 in
1648 373 1739 413 istis,
1774 385 1863 417 quae
1888 365 2004 406 tafnen
2032 387 2114 417 pro-

1122 424 1202 461 pter
1239 419 1494 452 consessionem
1534 428 1566 454 et
1604 424 1888 466 propagationem
1931 426 2114 458 doctrinae

1121 468 1200 500 aliis
1225 470 1376 512 prodest.
1435 469 1486 504 Ita
1510 471 1626 516 inquit
1651 473 1782 507 Paulus
1807 473 1937 519 Philip.
1954 477 2005 509 2:
2043 476 2111 510 Sed

1121 622 1158 653 in
1185 622 1379 665 supplicio,
1407 630 1440 656 et
1463 624 1506 657 sit
1533 626 1774 659 testimonium
1794 625 1996 670 Evangelii,
2028 641 2113 661 con-

1120 672 1264 706 firmans
1281 673 1384 706 fidem
1404 681 1564 717 vestram,
1587 689 1676 722 qnae
1693 685 1744 711 est
1761 690 1883 711 verum
1904 678 2111 712 sacrificium

1093 708 1095 770 ἶ
1121 731 1154 757 et
1173 736 1254 757 vera
1273 725 1418 761 oblatio.

1093 778 1096 823 l

76 942 166 969 trem
193 939 253 966 ant
277 938 422 964 matrem
448 931 526 975 plus
551 943 655 975 quam
681 942 753 970 me,
781 942 853 963 non
871 937 919 963 est
938 930 1066 972 dignus
1090 923 1098 965 i

75 997 148 1018 me:
177 985 236 1017 sed
258 982 484 1026 mercenarii,
513 995 600 1026 quos
623 994 727 1026 supra
746 981 883 1014 vocavit
908 981 1065 1023 ignavos,

75 1047 158 1070 suae
185 1033 454 1079 tranquillitatis
485 1045 587 1066 cansa
619 1040 754 1073 tacent,
788 1040 847 1067 aut
880 1033 1066 1065 inflectunt

73 1086 308 1129 Evangelium
328 1086 371 1117 ad
389 1082 574 1117 hominum
593 1084 756 1124 affectus,
783 1091 822 1117 ut
841 1095 934 1116 nunc
953 1083 1066 1127 pluri·
1092 1096 1094 1108 τ

75 1138 126 1172 mi
144 1145 245 1178 sunt,
272 1136 331 1181 qui
352 1148 423 1168 uon
442 1136 606 1177 ignorant
625 1147 740 1167 veram
760 1135 977 1174 doctrinam,
1003 1134 1064 1166 sed
1092 1143 1094 1169 ¹.
1119 1117 1259 1150 cleslam
1276 1117 1361 1157 fore,
1389 1117 1568 1150 collectam
1586 1131 1625 1150 ex
1643 1120 1807 1161 genubus
1826 1126 1858 1152 et
1880 1118 2028 1159 ludaeis,
2054 1120 2111 1152 cui

1091 1182 1093 1201 ὲ
1118 1179 1211 1201 unus
1228 1167 1294 1201 erit
1312 1175 1441 1211 pastor,
1464 1181 1576 1201 unum
1592 1176 1695 1212 caput
1712 1168 1825 1202 Filius
1837 1169 1914 1212 Dei,
1936 1171 1996 1214 qui
2014 1171 2110 1203 illam

74 1197 194 1223 tamen
210 1195 305 1221 metu
325 1186 535 1220 sententiam
559 1198 654 1218 suam
673 1186 916 1225 dissimulant,
945 1192 978 1219 et
1004 1196 1064 1217 sua

76 1239 357 1274 dissimulatione
394 1237 527 1269 rabiem
572 1243 806 1282 tyrannorum
842 1237 1064 1270 confirmant.

75 1291 129 1326 De
154 1289 208 1323 his
229 1289 393 1323 atrociter
417 1286 474 1321 hic
499 1288 658 1332 loquitur
675 1286 852 1321 Christus:
882 1300 978 1325 cum,
1006 1299 1065 1319 ve·-

76 1343 197 1376 niente
231 1341 335 1383 lupo,
368 1339 604 1372 mercenarius
639 1339 745 1382 fugit,
785 1339 890 1382 lupus
918 1338 1064 1381 dissipat

75 1404 178 1432 oves,
204 1398 236 1424 et
253 1391 388 1435 aliquas
405 1390 552 1430 lacerat,
580 1397 617 1423 ut
635 1402 729 1422 nunc
747 1390 903 1433 exempla
928 1397 1008 1423 sunt
1027 1389 1062 1421 in

75 1449 276 1486 conspectu.
330 1440 371 1474 In
403 1441 522 1474 multis
544 1440 633 1473 aulis
660 1440 754 1474 docti
786 1448 919 1474 norunt
946 1452 1062 1472 veram

75 1494 291 1532 doctrinam,
319 1499 351 1525 et
373 1499 489 1525 tamen
510 1504 553 1524 ne
575 1491 757 1524 offendant
781 1492 982 1535 principum
1001 1504 1063 1524 vo·-

75 1547 245 1583 luntates,
269 1544 325 1576 vel
340 1549 470 1583 tacent,
499 1543 553 1576 vel
571 1554 706 1575 errores
723 1543 881 1586 leniunt,
910 1549 943 1576 et
959 1555 1063 1575 excu-

75 1604 170 1637 sant,
197 1597 243 1630 ita
263 1595 428 1638 luporum
448 1594 599 1634 rabiem,
624 1594 660 1626 id
679 1600 748 1632 est,
775 1594 911 1626 furores
934 1593 1063 1637 impio-

76 1660 155 1681 rum
175 1649 357 1680 doctorum
396 1653 427 1678 et
459 1652 689 1689 tyrannorum
712 1645 932 1680 confirmant.
987 1644 1062 1678 Ad-

77 1709 198 1730 versus
215 1695 279 1729 lios
297 1696 427 1728 dicitur
446 1695 532 1730 Mat.
555 1697 630 1728 12:
666 1695 738 1737 Qui
762 1708 833 1728 non
852 1703 900 1729 est
917 1708 1063 1736 mecum,

78 1756 198 1782 contra
214 1759 269 1779 me
284 1753 343 1786 est,
372 1746 478 1790 etqui
497 1758 567 1779 nou
585 1753 768 1788 congregat
786 1759 932 1785 mecum,
959 1747 1063 1779 dissi·
1089 1767 1091 1774 ›

201 1797 247 1832 Et
267 1797 378 1830 Marci
396 1797 443 1829 8.:
481 1796 593 1839 Quem
620 1798 763 1839 pudebit
783 1798 848 1829 inei
873 1804 905 1830 et
929 1809 1064 1830 serino-

76 1808 147 1844 pat.

76 1863 162 1883 num
182 1861 339 1881 meorum
365 1849 401 1880 in
426 1845 490 1879 hac
513 1848 670 1880 adultera
697 1849 940 1890 generatione,
969 1846 1063 1881 hunc

76 1901 229 1934 vicissim
249 1899 440 1932 confundet
457 1899 557 1937 filius,
581 1905 615 1931 et
634 1900 674 1930 ad
693 1898 801 1932 Rom.
819 1896 890 1934 10.ss
917 1898 1064 1931 Confes-

75 1953 126 1986 sio
147 1952 182 1984 fit
208 1952 248 1983 ad
275 1950 436 1982 salutem.
489 1949 533 1982 Et
552 1948 672 1982 Esaiae
690 1949 740 1982 5.;
778 1949 868 1989 Vae,
897 1950 957 1994 qui
977 1951 1064 1982 dici-

74 2004 119 2037 tis
144 2002 295 2039 malum,
324 2002 476 2039 bonum,
505 2013 566 2033 vae
590 2001 650 2045 qui
677 2001 880 2048 approbatis
901 2002 1064 2045 impium,

75 2061 109 2088 et
128 2052 301 2087 damnatis
318 2051 462 2086 iustum.

177 2104 331 2147 Quidam
348 2115 382 2135 se
402 2109 580 2135 excusatos
606 2109 746 2146 putant,
773 2103 799 2136 si
818 2110 973 2142 taceant,
1000 2116 1063 2137 nec

75 2157 145 2191 sint
162 2153 358 2188 hortatores
376 2155 416 2186 ad
436 2154 627 2194 saevitiam,
655 2156 713 2187 sed
734 2152 799 2187 hoc
824 2155 899 2199 ipso
920 2155 1062 2188 silentio

74 2207 283 2242 confirmant
322 2205 535 2247 impietatem
577 2212 609 2239 et
651 2206 905 2241 crudelitatem.
981 2206 1061 2239 Ideo

75 2259 185 2293 sciant
212 2257 440 2290 necessariam
465 2267 537 2288 esse
558 2257 833 2299 consessionem,
862 2264 893 2290 et
921 2265 1063 2301 propter

73 2311 220 2355 gloriam
240 2308 324 2348 Dei,
351 2308 443 2341 etad
472 2308 673 2340 liberandos
697 2308 803 2347 alios,
831 2309 890 2353 qui
920 2317 1063 2352 propter

76 2361 331 2396 consessionem
350 2359 539 2402 rapiuntur
554 2359 596 2391 ad
615 2359 797 2402 supplicia.
850 2358 919 2392 Hic
942 2372 1063 2393 rursus

75 2413 273 2445 monendus
301 2417 349 2443 est
375 2411 485 2443 lector
512 2411 555 2443 de
577 2410 782 2442 discrimine
804 2411 979 2444 bonorum
997 2422 1062 2453 gn-

75 2464 302 2497 bernatorum
325 2462 569 2505 politicorum,
601 2459 879 2505 Prophetarum,
909 2469 941 2495 et
964 2462 1063 2505 Apo-
1088 2483 1090 2496 ι

77 2514 263 2554 stolorum,
298 2520 328 2546 et
365 2511 509 2547 Christi.
570 2511 686 2546 Aliter
717 2511 879 2546 Christus
907 2514 1061 2546 animam

77 2577 175 2599 suam
191 2577 253 2608 pro
271 2565 394 2597 ovibus
413 2564 533 2607 ponit,
559 2576 664 2608 qnam
683 2563 821 2608 Scipio,
848 2564 981 2604 David,
1009 2566 1062 2598 Ie-

78 2616 222 2650 remias:
249 2628 332 2649 nam
357 2613 489 2649 Christi
517 2616 631 2659 passio
658 2616 836 2658 singulare
853 2616 1059 2649 sacrificium

1091 966 1095 1022 l

1197 832 1328 867 Habeo
1353 838 1383 867 et
1409 832 1510 868 alias
1535 847 1630 878 oves‘,
1667 848 1759 884 quae
1783 850 1856 871 non
1878 843 1963 872 suni
1983 836 2023 871 de
2047 835 2114 872 hoc

1249 884 1347 921 ovili.

1223 961 1304 995 Non
1328 963 1477 996 dubium
1504 970 1553 997 est
1577 961 1661 997 haec
1687 965 1730 997 de
1748 966 1932 1000 vocatione
1953 967 2112 1009 gentium

1092 1033 1094 1038 =
1119 1014 1209 1052 dici,
1238 1026 1301 1046 nec
1320 1014 1386 1047 alia
1403 1016 1576 1048 sententia
1594 1019 1794 1060 quaerenda
1812 1024 1861 1050 est
1885 1015 1990 1050 huius
2006 1018 2110 1052 dicti:

1092 1086 1093 1091 =
1118 1065 1196 1098 Erit
1214 1077 1325 1098 unum
1343 1066 1436 1098 ovile
1455 1073 1486 1099 et
1502 1079 1595 1099 nnus
1613 1074 1749 1111 pastor,
1777 1080 1883 1100 unam
1910 1068 2025 1113 inquit
2043 1067 2112 1101 Ec-

1118 1218 1310 1251 Ecclesiam
1338 1225 1370 1251 et
1394 1217 1589 1261 Evangelio
1616 1232 1679 1253 suo
1705 1227 1737 1253 et
1757 1220 1894 1264 Spiritu
1918 1228 2037 1255 sancto
2055 1233 2112 1254 re-

1118 1276 1185 1313 get,
1211 1270 1298 1303 etin
1315 1281 1351 1302 ea
1371 1270 1587 1312 agnitionem
1608 1269 1672 1303 Dei
1690 1280 1721 1305 ct
1741 1272 2016 1314 invocationem,
2045 1285 2111 1306 no-

1119 1333 1198 1353 vam
1217 1327 1250 1353 et
1267 1327 1444 1353 aeternam
1463 1321 1637 1354 iusticiam
1661 1334 1699 1355 ac
1717 1323 1823 1355 vitam
1851 1325 2035 1364 accendet,
2064 1325 2111 1357 si-

1091 1386 1092 1404 :
1117 1380 1175 1405 cut
1192 1373 1235 1404 ad
1252 1369 1382 1415 Ephes.
1401 1373 1432 1406 1.
1450 1372 1595 1406 dicitur:
1623 1371 1669 1407 Et
1694 1374 1791 1407 dedit
1818 1387 1896 1407 eum
1921 1383 2024 1419 caput
2042 1373 2110 1408 Ec-

1090 1444 1092 1449 ,
1117 1423 1242 1456 clesiae
1258 1434 1363 1466 super
1384 1424 1522 1463 omnia,
1552 1436 1640 1469 quae
1658 1431 1707 1458 est
1731 1436 1857 1468 corpus
1878 1426 1970 1464 eius,
1997 1434 2029 1461 et
2053 1426 2110 1459 in-

1116 1481 1211 1517 teger
1234 1481 1351 1507 coetus
1376 1475 1496 1508 omnia
1522 1475 1557 1507 in
1576 1476 1742 1508 omnibus
1767 1475 1996 1520 perficientis,
2022 1477 2110 1511 sicut

1116 1533 1149 1559 et
1166 1526 1239 1569 ipse
1256 1537 1361 1569 snpra
1380 1526 1514 1570 inquit:
1543 1524 1619 1569 Ego
1640 1527 1735 1571 veni,
1764 1535 1802 1562 ut
1820 1528 1925 1561 vitam
1944 1526 2109 1569 habeant,

1116 1584 1148 1611 et
1166 1577 1307 1610 abunde
1326 1575 1488 1612 habeant.

1218 1643 1401 1677 Discamus
1426 1655 1506 1687 ergo
1531 1642 1722 1677 Ecclesiam
1747 1646 1789 1678 ad
1817 1643 1912 1679 hunc
1934 1652 2107 1689 pastorem

1089 1694 1091 1719 ἶ
1115 1692 1314 1735 Christum,
1345 1702 1376 1728 et
1398 1696 1441 1727 ad
1470 1696 1543 1728 eius
1564 1708 1682 1728 vocem
1709 1696 1886 1739 alligatam
1916 1708 2006 1736 esse,
2034 1710 2107 1730 non

1117 1758 1188 1779 esse
1206 1752 1343 1779 coetum
1362 1747 1614 1790 approbantem
1635 1748 1795 1789 dogmata
1817 1750 2007 1792 pugnantia
2028 1761 2106 1781 cum

1117 1796 1331 1840 Evangelio,
1360 1809 1422 1829 nec
1442 1805 1613 1841 pastorem
1634 1795 1728 1831 hunc
1754 1800 1875 1842 procul
1893 1799 2107 1842 ablegemus,

1117 1860 1181 1881 nec
1199 1856 1360 1892 putemus
1379 1861 1457 1881 enm
1475 1849 1542 1881 iam
1561 1849 1712 1881 otiosum
1732 1862 1814 1889 esse,
1841 1851 1922 1895 quia
1941 1862 2014 1883 non
2033 1863 2107 1884 cer-

1118 1900 1215 1932 nitur
1231 1899 1353 1934 oculis.
1407 1899 1475 1933 Sed
1502 1900 1549 1932 sic
1569 1900 1643 1933 vult
1664 1902 1804 1943 agnosci
1831 1910 1861 1934 et
1885 1901 1975 1943 coli,
2003 1909 2040 1934 ut
2061 1903 2106 1935 ab

1118 1951 1193 1994 ipso
1212 1950 1279 1982 iam
1299 1957 1455 1993 petamus
1474 1952 1584 1988 bona,
1611 1958 1643 1984 et
1661 1953 1851 1985 sentiamus
1869 1960 2010 1996 propter
2026 1965 2104 1985 eum

1089 2006 1092 2034 i
1118 2002 1221 2034 nobis
1238 2001 1351 2034 Deum
1371 2002 1567 2045 propicium
1588 2014 1678 2043 esse,
1707 2012 1863 2046 petamus
1881 2005 1924 2036 ab
1945 2004 2018 2047 ipso
2042 2015 2106 2047 gu-

1089 2304 1091 2320 l

1088 2391 1090 2404 ι

1088 2419 1090 2439 l

1088 2442 1090 2459 l

1088 2497 1090 2511 ι

1087 2521 1090 2540 l

1087 2541 1090 2612 l

77 2675 149 2708 est,
176 2667 377 2701 ordinatum
395 2667 438 2699 ad
458 2664 524 2700 hoc
543 2666 665 2709 ingens
688 2674 720 2699 et
744 2667 979 2700 inenarrabile
997 2668 1060 2701 bo·
1086 2690 1087 2695 ,

75 2731 174 2760 num,
202 2725 240 2752 ut
255 2719 342 2752 iram
358 2717 423 2751 Dei
439 2718 562 2762 placet,
585 2724 616 2751 et
633 2719 678 2752 sit
694 2718 883 2752 satisfactio
899 2730 962 2764 pro
981 2730 1059 2763 pec-
1084 2720 1087 2755 1
1114 2731 1188 2752 non
1206 2718 1449 2762 intelligentur
1467 2715 1531 2752 hae
1550 2719 1736 2752 conciones
1754 2720 1796 2752 de
1812 2727 1961 2764 pastore.

1118 2052 1382 2095 bernationem‚
1411 2052 1585 2096 Spiritum
1604 2062 1774 2093 sanctum,
1803 2062 1835 2088 et
1854 2055 2106 2087 defensionem.

1119 2103 1200 2136 ldeo
1225 2104 1394 2147 scriptum
1419 2111 1485 2139 est:
1520 2102 1707 2143 Ascendit,
1742 2107 1800 2138 dat
1827 2107 1919 2138 dona
1948 2104 2104 2139 homini-

1118 2156 1201 2194 bus,
1229 2161 1261 2187 et
1278 2155 1356 2189 Act.
1373 2155 1406 2188 2.
1431 2155 1577 2188 dicitur:
1613 2155 1668 2188 Ad
1693 2157 1868 2190 dexteram
1886 2155 1952 2189 Dei
1976 2157 2105 2191 exalta-

1116 2214 1190 2246 tus,
1226 2206 1497 2250 promissionem
1521 2206 1674 2251 Spiritus
1701 2208 1811 2241 sancti
1839 2220 1856 2240 a
1891 2215 1986 2251 patre
2013 2209 2105 2241 acci—

1117 2258 1236 2301 piens,
1264 2257 1390 2290 effudit
1417 2258 1552 2302 ipsum,
1579 2265 1618 2291 ut
1643 2271 1737 2291 nunc
1765 2259 1888 2291 videtis
1911 2265 1942 2292 et
1965 2260 2105 2293 auditis.

1118 2308 1204 2342 Item
1226 2307 1321 2342 Ioan.
1337 2309 1412 2343 20.:
1450 2307 1665 2348 Insnfflavit‚
1693 2317 1724 2342 et
1742 2310 1827 2343 ‹licit
1846 2311 1909 2343 eis:
1946 2309 2104 2355 Accipite

1115 2359 1288 2404 Spiritum
1307 2367 1477 2393 sanctum.
1517 2359 1610 2394 loan.
1630 2359 1703 2394 14.:
1728 2360 1807 2393 Non
1825 2361 2023 2406 relinquam
2044 2373 2105 2395 vos

1115 2408 1313 2455 orphanos,
1339 2411 1477 2443 veniam
1495 2412 1538 2443 ad
1562 2423 1633 2446 vos,
1689 2410 1738 2444 lta
1765 2412 1800 2444 in
1818 2413 2023 2457 quotidiana
2048 2414 2104 2445 in-

1115 2462 1299 2496 vocatione
1316 2462 1581 2494 meminerimus
1598 2474 1661 2494 nos
1679 2474 1751 2495 esse
1767 2476 1848 2496 oves
1865 2461 1971 2497 huius
1988 2471 2103 2507 pasto-

1115 2514 1181 2552 ris,
1209 2520 1242 2547 et
1260 2514 1303 2546 ad
1323 2525 1401 2546 eum
1419 2513 1679 2554 confugiamus,
1707 2515 1898 2556 auxilium,
1927 2516 2104 2548 defensio-

1114 2577 1195 2597 nem
1223 2572 1256 2598 et
1286 2565 1578 2607 gubernationem
1603 2565 1646 2597 ab
1672 2565 1746 2609 ipso
1766 2573 1944 2610 petamus,
1972 2579 2011 2599 ac
2035 2567 2103 2599 nisi

1115 2616 1151 2648 in
1170 2616 1229 2649 tali
1247 2615 1470 2649 invocatione
1488 2616 1560 2648 eius
1585 2617 1817 2659 praesentiam
1841 2629 2108 2661 cognoscemus,

1115 2674 1148 2701 et
1171 2665 1233 2700 bas
1265 2667 1516 2710 promissiones
1541 2666 1616 2700 eius
1641 2679 1740 2701 veras
1770 2680 1842 2701 esse
1872 2669 2103 2713 experiemur,
