2415 2942
282 98 352 131 727

279 188 362 218 test„
390 177 483 212 bunc
500 181 715 210 contemtum
736 186 814 206 vere
852 185 922 206 esse
954 182 1150 218 peccatum:
1180 188 1259 219 ergo

279 231 392 264 omnis
426 228 514 261 actio
547 233 667 259 contra
701 225 950 258 conscientiam
992 233 1042 259 est.
1073 238 1150 259 vere
1184 240 1261 271 pec-

281 287 407 314 catum.

448 358 506 393 Tu
525 359 606 406 quis
625 370 677 400 cs,
705 357 770 406 qui
786 355 927 391 iudicas
944 356 1061 392 aliurn
1075 359 1093 390 ,Ρ

386 427 512 461 Tradit
537 428 692 470 regulam
716 426 944 459 necessariam
970 427 1006 459 in
1026 425 1198 468 Ecclesia,
1223 440 1266 460 ne

286 480 370 524 quid
389 479 557 511 faciamus
582 484 703 510 contra
729 477 989 511 conscientiam.
1044 478 1167 511 Postea
1187 490 1267 522 pro-—

287 529 385 563 liibet
410 535 547 561 mutuas
571 528 882 561 condemnationes
913 529 949 560 in
974 541 1039 562 usu
1062 529 1268 561 indifferen-

289 582 395 619 tium,
423 586 459 612 ut
478 579 609 612 rituum
637 579 678 611 de
695 578 801 618 cibis,
829 578 971 618 diebus,
1006 586 1038 612 et
1061 580 1138 612 aliis
1164 578 1267 612 liuius

291 631 436 674 generis.
493 628 539 662 Et
557 630 655 662 addit
680 636 924 670 argumentum
949 631 990 662 de
1021 630 1162 662 iudicio.
1214 629 1269 662 lu-

292 682 423 714 dicium
451 688 499 713 est
518 678 666 713 ctu-isti:
696 692 775 721 ergo
800 690 862 712 nos
888 691 958 711 non
985 681 1152 712 debemus
1171 681 1272 711 nobis

293 743 455 774 arrogare
480 731 669 770 iudicinm,
696 730 858 761 videlicet
883 731 925 761 de
949 730 1160 762 conscientia
1187 730 1269 762 alte-

294 783 384 822 rius,
411 794 484 813 non
507 781 549 812 de
577 787 717 813 externo
736 780 825 812 sacto
848 780 960 822 palam
989 780 1124 814 illicito,
1178 779 1273 812 Haec

296 832 414 874 regula
442 832 508 864 late
542 838 651 873 patet,
686 830 773 862 sicut
796 836 827 861 et
855 829 931 862 illa:
966 829 1083 863 Nolite
1108 831 1273 865 iudicare.

296 883 375 915 ,Non
394 883 487 914 enim
506 878 739 923 probibentur
761 879 954 914 ministeria
967 907 975 920 ‚
1000 881 1130 914 scilicet
1146 881 1275 914 doctri-

300 945 364 972 na,
398 938 455 964 :ut
487 931 682 964 admonitio
711 930 881 970 fraterna,
911 938 969 963 aut
992 932 1145 964 officinm
1168 933 1274 974 magi-

300 988 437 1016 stratus.
492 980 586 1013 Haec
601 982 692 1013 enim
713 978 842 1013 liabent
859 982 1020 1014 mandata
1042 983 1120 1022 Dei,
1147 990 1177 1015 et
1197 989 1274 1016 sunt

301 1033 428 1066 iudicia
447 1032 618 1064 diuinitus
637 1031 808 1064 instituta.
863 1031 931 1065 Sed
956 1031 1188 1075 probibentur
1207 1035 1276 1076 pri-

300 1090 378 1116 vata
404 1082 553 1122 iudicia,
587 1079 653 1114 boc
676 1089 743 1119 est,
771 1082 1080 1116 condemnationes
1105 1091 1199 1116 extra
1219 1084 1277 1116 illa

300 1134 365 1167 tria
399 1133 527 1171 officia,
563 1145 649 1176 quae
680 1132 857 1175 recensui,
902 1133 1062 1166 videlicet
1103 1141 1199 1167 ortae
1240 1147 1278 1166 ex

301 1185 425 1216 morbo
445 1184 571 1223 animi,
600 1183 860 1221 malevolentia,
877 1190 934 1216 aut
953 1184 1114 1217 vanitate.
1168 1186 1279 1218 Dein-

301 1235 342 1267 de
369 1234 559 1273 iudicium,
594 1235 684 1277 qnod
711 1234 747 1266 fit
774 1245 833 1276 per
858 1233 1055 1272 bominem,
1083 1236 1156 1267 fieri
1180 1237 1280 1268 debet

302 1285 344 1316 de
370 1291 511 1317 externo
537 1284 625 1316 sacto
655 1284 787 1316 illitito.
851 1284 919 1316 Sed
945 1293 992 1318 est
1016 1286 1280 1318 usitatissimum

304 1334 492 1367 inmundo
518 1334 731 1366 calunuiiose
758 1334 979 1377 interpretari
1004 1336 1152 1368 aliorum
1180 1337 1282 1374 dicta,

305 1392 337 1417 et
361 1385 447 1418 facta
472 1397 542 1417 uon
571 1383 702 1418 illicita.
757 1383 850 1416 llaec
876 1385 1003 1417 iudicia
1033 1386 1068 1417 in
1094 1398 1157 1418 usu
1176 1387 1281 1418 indis-

304 1436 490 1467 sercntium
517 1435 691 1478 improbat
716 1433 864 1474 Paulus,
901 1444 933 1468 et
959 1443 1047 1468 vetat
1071 1438 1282 1468 condemna-

304 1486 416 1519 tiones
433 1493 574 1528 propter
587 1484 773 1517 dissimiles
790 1485 877 1516 ritus
897 1485 1173 1518 indifferentium
1197 1488 1282 1526 fieri,

304 1536 393 1568 sicut
410 1536 494 1567 olim
521 1536 662 1567 fuerunt
689 1535 877 1566 certamina
903 1538 945 1567 de
971 1537 1026 1568 die
1041 1535 1213 1577 Paschae,
1242 1543 1284 1570 de

307 1586 533 1626 sermentato,
560 1591 592 1618 et
611 1582 814 1618 huiusmodi
838 1585 917 1620 alia.

501 1665 637 1701 Verum
665 1664 766 1700 illud
787 1665 942 1701 iudicate
971 1670 1104 1713 magis.

411 1731 520 1766 Addit
540 1740 758 1778 praeceptum
777 1734 819 1766 de
837 1735 987 1767 vitandis
1005 1737 1187 1769 scandalis.
1223 1736 1287 1770 Di-

310 1790 401 1817 ctum
441 1791 490 1817 est
521 1795 624 1828 supra
655 1785 697 1816 de
733 1784 878 1817 dixersis
910 1787 1096 1827 generibus
1121 1788 1287 1822 scandali.

311 1834 413 1867 Nunc
449 1842 583 1866 tantum
608 1835 765 1879 loquitur
789 1836 829 1866 de
862 1833 926 1867 lioc
951 1848 1094 1878 genere,
1129 1839 1289 1872 videlicet

311 1892 463 1917 cuntant
491 1884 671 1917 liberiores
688 1885 882 1917 abutuntur
906 1886 1080 1925 libertate,
1107 1895 1166 1921 aut
1185 1901 1288 1922 econ—

312 1943 364 1967 tra
392 1935 571 1976 duriores,
601 1935 660 1979 qui
691 1941 805 1967 tamen
833 1948 903 1968 non
932 1945 1011 1969 sunt
1038 1936 1153 1971 liostes
1171 1937 1288 1971 Evan<

311 1985 410 2028 gelii,
455 1982 718 2029 reprehendunt
755 1998 854 2017 usum
890 1988 1070 2022 libertatis.
1143 1989 1288 2033 Utrique

311 2036 521 2078 obimg-,ndi
547 2043 646 2075 sunt,
677 2042 709 2067 ct
734 2048 930 2080 ‹pi-inquam
966 2041 1094 2071 abusus
1118 2039 1289 2072 libertatis

312 2094 357 2118 est
387 2087 655 2127 vituperandus,
688 2092 802 2117 tamen
828 2087 864 2118 in
895 2088 999 2120 altera
1026 2097 1119 2130 parte
1146 2090 1221 2132 plus
1240 2099 1284 2122 est

311 2136 406 2175 vitii,
431 2149 518 2180 quae
542 2136 644 2169 etiam
665 2144 805 2178 propter
830 2138 1025 2178 gratuitatis
1048 2140 1192 2182 speciem
1211 2143 1289 2187 plns

311 2194 427 2223 nocet,
463 2187 604 2231 quando
639 2188 845 2219 morosiores
875 2188 1029 2221 sauciant
1060 2190 1287 2223 conscientias

313 2237 469 2279 piorum,
499 2238 558 2281 qni
579 2237 738 2269 libertate
758 2244 924 2277 utuntur,
952 2245 985 2271 et
1003 2240 1179 2273 deterrent
1197 2243 1288 2273 mul—

312 2294 364 2319 tos
386 2288 436 2318 sin
456 2288 559 2330 plices
589 2287 632 2319 ab
656 2285 866 2328 ExangeliQ
894 2294 926 2320 et
953 2289 986 2320 in
1013 2290 1131 2323 multis
1156 2293 1287 2324 contri-

312 2344 403 2369 stant
432 2336 603 2380 Spiritum
635 2346 805 2370 sanctum.
868 2337 956 2371 Cum
979 2339 1084 2381 igitur
1102 2341 1136 2372 in
1155 2348 1287 2374 utram-

312 2398 378 2430 que
394 2395 524 2429 partem
542 2388 734 2430 plurimum
757 2388 801 2420 sit
819 2388 984 2431 periculi,
1012 2402 1099 2433 opus
1117 2399 1165 2425 est
1182 2390 1287 2425 Cin-i-

311 2437 431 2469 stianis
456 2449 577 2480 magna
605 2438 804 2480 diligentia,
834 2451 876 2471 ne
900 2449 1055 2482 peccent,
1084 2449 1141 2474 aut
1168 2455 1283 2476 moro-

309 2487 354 2518 sis
377 2485 725 2529 repreliensiamtnis,
761 2496 819 2522 ant
847 2490 955 2523 abusu
989 2492 1178 2531 libertatis,
1222 2496 1280 2526 sed

307 2543 443 2570 teneant
465 2545 585 2580 capnt,
614 2539 647 2569 id
667 2546 731 2577 est,
759 2541 974 2581 doctrinam,
1002 2546 1094 2586 qnod
1119 2540 1173 2574 liic
1200 2556 1280 2576 usus

305 2587 347 2620 sit
377 2588 598 2627 indifferens,
638 2596 675 2620 ut
698 2587 827 2622 Paulus
854 2591 968 2637 inquit
1001 2596 1029 2626 1.
1049 2591 1209 2630 Corinth.
1228 2594 1277 2628 8,;

301 2634 387 2671 Esca
405 2650 477 2672 non
495 2640 713 2672 commendat
738 2651 800 2672 nos
820 2638 905 2675 Deo.

881 89 1003 123 PHlL.
1034 89 1147 124 MEL.
1176 90 1381 126 SCRIPTA
1411 90 1708 127 EXEGETICA.

2220 93 2293 127 728

1418 176 1605 219 Praecepto
1630 177 1672 209 de
1697 177 1848 210 vitandis
1872 179 2044 212 scandalis
2066 178 2189 212 adiecit
2209 189 2297 222 qua-

1318 236 1398 261 tuor
1436 228 1606 266 rentium-5,
1652 227 1772 270 plenas
1811 225 2033 263 Christianae
2075 228 2295 262 eruditionis.

1321 278 1434 310 Prima
1451 283 1563 310 sumta
1583 283 1632 309 cst
1657 289 1696 309 ex
1722 289 1846 319 genere
1864 290 2024 321 operum,
2051 280 2145 324 quod
2171 278 2296 311 videli-

1320 335 1371 361 cet
1396 340 1478 361 usus
1503 340 1619 360 rerum
1646 328 1817 360 divinitus
1840 329 2022 362 ordinatus
2046 337 2080 362 et
2104 340 2297 368 concessus,

1321 390 1380 422 per
1394 389 1465 411 sese
1483 390 1553 411 non
1570 378 1612 411 sit
1630 378 1850 416 immundus,
1869 390 1927 411 seu
1948 376 2154 422 prohibitus.
2206 379 2298 418 Scio,

1324 429 1458 472 inquit,
1491 428 1579 461 nihil
1604 440 1674 460 esse
1705 440 1889 461 commune
1913 442 1974 473 per
1996 441 2076 464 sese.
2136 429 2301 472 Appellat

1323 480 1415 511 enim
1443 490 1650 518 commune,
1686 476 1928 522 prophanum,
1964 480 2146 520 illicitum,
2180 476 2300 522 prohi-

1324 530 1456 567 bitum,
1500 542 1570 562 non
1610 538 1784 569 sanctum,
1827 541 1922 562 more
1960 530 2114 565 ludaico.
2184 528 2306 562 ludaei

1324 579 1417 612 enirn
1445 592 1522 613 cum
1548 587 1718 613 vocentur
1746 580 1895 623 populus
1912 580 1999 620 Dei,
2026 587 2059 613 et
2081 585 2239 620 sanctus,
2266 578 2303 611 id

1324 637 1394 670 est,
1420 637 1596 674 separatus
1613 631 1809 673 agentibus
1824 632 1866 662 ad
1883 632 2015 664 cultum
2036 629 2119 669 Dei,
2134 630 2302 663 vocabant

1326 687 1441 713 sancta
1468 681 1605 721 omnia,
1634 692 1785 725 quorum
1810 693 1891 714 usus
1917 681 2001 728 ipsis
2018 692 2198 714 concessus
2221 689 2303 714 erat.

1327 729 1371 764 Et
1388 731 1529 775 quidem
1547 738 1644 765 erant
1660 738 1793 771 sancta,
1809 732 1890 776 qnia
1906 739 2003 764 erant
2019 731 2180 764 ordinata
2199 731 2305 763 verbo

1329 780 1403 816 Dei.
1465 779 1618 815 Econtra
1651 779 1831 825 prophana
1858 789 1891 815 et
1922 779 2098 826 prohibita
2123 780 2308 814 nominant

1328 832 1547 872 communia,
1574 833 1608 865 id
1634 839 1701 871 est,
1730 844 1802 865 non
1827 839 1962 873 sancta,
1990 845 2062 865 non
2086 837 2241 875 separata
2264 833 2308 863 ad

1330 893 1431 914 nsum
1452 882 1572 925 populi
1593 882 1713 922 sancti,
1742 884 1799 915 sed
1818 884 1945 928 quibus
1963 882 2095 916 Gentes
2112 882 2310 916 utebantur.

1332 931 1423 964 llaec
1440 933 1481 964 de
1497 933 1731 975 appellatione
1748 940 1882 966 tanturn
1894 934 1983 966 dixi:
2002 946 2095 966 nunc
2114 933 2187 976 ipsa
2204 932 2306 965 etiam

1332 982 1448 1024 regula
1467 983 1724 1021 consideretur,
1752 995 1839 1027 quae
1855 984 2006 1017 breviter
2033 982 2087 1016 hic
2104 982 2231 1016 tradita
2249 988 2310 1022 est,

1332 1032 1416 1065 alibi
1450 1044 1532 1065 vero
1566 1033 1742 1076 copiosius
1774 1034 1980 1077 explicatur,
2024 1034 2174 1073 scilicet,
2213 1033 2308 1077 quod

1333 1083 1563 1125 Evangelium
1581 1095 1651 1115 non
1670 1083 1825 1127 requirat
1849 1091 1958 1117 certas
1982 1084 2244 1117 observationes
2261 1082 2310 1115 ci-

1335 1135 1478 1173 borum,
1508 1134 1664 1173 dierum,
1701 1135 1868 1172 vestium,
1896 1141 1929 1167 et
1953 1135 2083 1167 similes
2106 1145 2228 1166 causae
2252 1145 2309 1166 sn-

1336 1196 1395 1227 pra
1415 1191 1578 1216 tractatae
1598 1191 1696 1224 sunt,
1724 1184 1806 1228 quia
1826 1183 2057 1227 Evangelium
2083 1185 2183 1217 docet
2205 1184 2311 1227 gratis

1337 1241 1476 1278 propter
1489 1232 1688 1272 Christum,
1717 1247 1789 1267 non
1815 1243 1955 1278 propter
1982 1243 2097 1268 nostra
2121 1246 2224 1278 opera
2251 1241 2311 1267 ant

1335 1285 1594 1318 observationes
1613 1285 1741 1317 remitti
1758 1292 1920 1328 peccata:
1963 1285 2060 1325 ltem,
2080 1283 2310 1328 Evangelium

1336 1335 1436 1367 affert
1469 1336 1642 1368 iusticiam
1680 1342 1712 1368 et
1743 1336 1846 1367 vitam
1879 1336 2094 1379 spiritualem
2125 1342 2158 1368 et
2191 1346 2313 1378 perpe-

1337 1392 1442 1417 tuam.
1501 1384 1557 1417 Ad
1584 1383 1673 1417 hanc
1696 1383 1786 1416 nihil
1813 1386 1946 1418 faciunt.
1969 1385 2230 1418 ohservationes
2254 1396 2312 1417 ex-

1337 1442 1455 1469 ternae
1477 1435 1636 1468 ciborum
1657 1442 1688 1468 et
1705 1436 1886 1471 similium.

1573 1513 1666 1549 Nisi
1681 1516 1712 1548 ei
1736 1515 1800 1562 qui
1817 1515 2004 1548 &restituat
2028 1520 2088 1551 etc.

1442 1582 1583 1616 Adiecit
1605 1583 1744 1625 regulae
1766 1583 2004 1626 appendicem.
2069 1582 2226 1624 Munda,
2253 1581 2318 1616 hoc

1342 1639 1409 1673 est,
1444 1633 1537 1665 licita
1569 1633 1642 1664 fieri
1674 1632 1794 1666 illicita
1832 1634 1892 1674 iis,
1925 1644 2075 1678 qnorum
2108 1634 2318 1667 conscientia

1342 1684 1473 1716 iudicat
1490 1694 1561 1716 esse
1580 1683 1714 1716 illicita.
1742 1683 1825 1717 ldeo
1843 1682 1899 1716 bic
1916 1684 2013 1717 locus
2030 1684 2215 1727 diligenter
2231 1697 2317 1717 con-

1342 1735 1549 1767 siderandus
1580 1741 1648 1772 est,
1678 1741 1716 1767 ut
1743 1735 1916 1768 discamus
1943 1747 2021 1767 vere
2045 1742 2221 1778 peccatum
2245 1747 2317 1768 esse

1343 1786 1454 1817 facere
1481 1792 1600 1817 contra
1623 1786 1881 1819 conscientiam.
1940 1784 2002 1818 Est
2031 1786 2124 1817 enim
2148 1786 2319 1819 sententia

1343 1833 1448 1868 liuius
1464 1836 1564 1867 dicti:
1594 1835 1672 1867 Cibi
1690 1848 1797 1877 genus
1815 1848 1874 1879 per
1887 1847 1921 1867 se
1941 1837 2082 1881 quidem
2109 1843 2159 1869 est
2177 1837 2322 1876 licitum,

1343 1887 1401 1918 sed
1426 1887 1485 1930 qni
1512 1887 1732 1928 improbante
1756 1886 1965 1918 conscientia
1990 1887 2158 1926 vescitur,
2187 1887 2214 1918 is
2239 1899 2319 1929 pec-

1344 1945 1413 1970 cat:
1454 1937 1545 1978 Quia
1581 1937 1691 1968 facere
1726 1936 1858 1980 aliquid
1884 1937 2066 1970 dubitante
2096 1937 2150 1969 vel
2187 1937 2317 1979 impro—

1344 1987 1447 2019 bante
1464 1987 1696 2029 conscientia,
1724 1994 1771 2019 est
1789 1998 1889 2029 agere
1911 1998 1950 2019 ex
1973 1993 2150 2021 contemtu
2175 1985 2260 2028 Dei,
2288 1994 2319 2020 et

1343 2038 1416 2070 sine
1432 2038 1506 2072 fide,

1430 2119 1565 2155 Verum
1585 2119 1622 2153 sl
1640 2124 1785 2167 propter
1809 2118 1923 2153 cibum
1942 2120 2061 2164 fralet·
2083 2125 2166 2154 tuus
2185 2126 2244 2157 etc.

1443 2188 1603 2222 Secunda
1632 2189 1720 2221 ratio
1746 2195 1859 2221 sumta
1882 2201 1921 2221 ex
1946 2189 2059 2221 ossa-io
2077 2190 2248 2222 fraternae
2265 2192 2319 2223 di-

1345 2239 1521 2277 lectionis,
1562 2246 1594 2271 et
1616 2247 1665 2272 est
1699 2240 1878 2281 magnifice
1909 2246 2119 2282 exaggerata.
2187 2239 2320 2274 Contra

1342 2291 1529 2323 fraternam
1547 2290 1769 2322 dilectionem
1788 2296 1834 2322 est
1854 2301 1978 2321 nocere
2007 2290 2099 2322 aliis:
2134 2302 2214 2333 ergo
2238 2303 2319 2324 cave

1342 2354 1385 2373 ne
1410 2349 1466 2373 tua
1491 2341 1645 2383 exempla
1670 2348 1815 2372 noceant
1838 2340 1926 2373 aliis,
1979 2338 2237 2382 Argumentum
2262 2355 2318 2375 ac-

1341 2395 1582 2424 commodetur
1603 2393 1645 2423 ad
1674 2398 1858 2434 utrosque,
1886 2392 1927 2422 ad
1954 2390 2149 2432 institutos,
2177 2393 2237 2436 qui
2260 2406 2318 2436 pe-

1340 2443 1493 2475 tulanter
1517 2442 1710 2474 abutuntur
1734 2442 1908 2480 libeitate‚
1937 2447 1967 2472 et
1989 2443 2028 2472 ad
2056 2454 2230 2483 morosos,
2259 2443 2318 2488 qui

1338 2494 1459 2525 aevi-be
1492 2493 1647 2525 iudicant
1680 2496 1722 2523 de
1753 2491 1929 2524 utentibus
1967 2492 2138 2527 libertate.
2208 2494 2318 2537 Saepe

1337 2544 1428 2575 enim
1459 2543 1515 2575 illa
1540 2543 1707 2575 acerbitas
1740 2542 1949 2574 iudiciorum
1985 2544 2136 2576 deterret
2161 2545 2318 2577 infirmos

1334 2595 1378 2626 ab
1392 2593 1602 2635 Evangelio,
1630 2601 1661 2626 et
1677 2593 1804 2625 sauciat
1821 2601 1952 2625 mentes
1970 2594 2072 2626 etiam
2094 2595 2316 2629 mediocriter

1333 2645 1568 2678 confirmatas:
1610 2643 1681 2677 imo
1721 2644 1902 2678 contristat
1934 2643 2107 2691 Spiritum
2146 2653 2315 2688 salutum,
