<?xml version="1.0" encoding="UTF-8"?>
<!DOCTYPE html PUBLIC "-//W3C//DTD XHTML 1.0 Transitional//EN"
    "http://www.w3.org/TR/xhtml1/DTD/xhtml1-transitional.dtd">
<html xmlns="http://www.w3.org/1999/xhtml" xml:lang="en" lang="en">
 <head>
  <title>
</title>
<meta http-equiv="Content-Type" content="text/html;charset=utf-8" />
  <meta name='ocr-system' content='tesseract 3.04.00' />
  <meta name='ocr-capabilities' content='ocr_page ocr_carea ocr_par ocr_line ocrx_word'/>
</head>
<body>
  <div class='ocr_page' id='page_1' title='image "./operaquaesupersu15melauoft/operaquaesupersu15melauoft_0060.png"; bbox 0 0 2415 2942; ppageno 0'>
   <div class='ocr_carea' id='block_1_1' title="bbox 288 120 360 157">
    <p class='ocr_par' dir='ltr' id='par_1_1' title="bbox 288 120 360 157">
     <span class='ocr_line' id='line_1_1' title="bbox 288 120 360 157; baseline -0.042 0"><span class='ocrx_word' id='word_1_1' title='bbox 288 120 360 157; x_wconf 79' lang='lat'>103</span> 
     </span>
    </p>
   </div>
   <div class='ocr_carea' id='block_1_2' title="bbox 289 194 1281 1912">
    <p class='ocr_par' dir='ltr' id='par_1_2' title="bbox 289 194 1281 1912">
     <span class='ocr_line' id='line_1_2' title="bbox 289 194 1274 249; baseline -0.013 -9"><span class='ocrx_word' id='word_1_2' title='bbox 289 213 322 240; x_wconf 83' lang='lat' dir='ltr'>et</span> <span class='ocrx_word' id='word_1_3' title='bbox 342 204 550 249; x_wconf 79' lang='lat' dir='ltr'>Apostolos,</span> <span class='ocrx_word' id='word_1_4' title='bbox 582 200 741 235; x_wconf 89' lang='lat' dir='ltr'>nondum</span> <span class='ocrx_word' id='word_1_5' title='bbox 766 197 940 241; x_wconf 80' lang='lat' dir='ltr'>vituperat</span> <span class='ocrx_word' id='word_1_6' title='bbox 964 197 1076 230; x_wconf 90' lang='lat' dir='ltr'>cultus</span> <span class='ocrx_word' id='word_1_7' title='bbox 1100 194 1274 229; x_wconf 87' lang='lat' dir='ltr'>Iudaicos.</span> 
     </span>
     <span class='ocr_line' id='line_1_3' title="bbox 290 244 1274 298; baseline -0.011 -9"><span class='ocrx_word' id='word_1_8' title='bbox 290 255 427 290; x_wconf 75' lang='lat' dir='ltr'>Omnes</span> <span class='ocrx_word' id='word_1_9' title='bbox 446 261 562 298; x_wconf 75' lang='lat' dir='ltr'>gentes</span> <span class='ocrx_word' id='word_1_10' title='bbox 582 259 613 285; x_wconf 86' lang='lat' dir='ltr'>et</span> <span class='ocrx_word' id='word_1_11' title='bbox 631 259 765 289; x_wconf 88' lang='lat' dir='ltr'>coetus,</span> <span class='ocrx_word' id='word_1_12' title='bbox 790 255 829 281; x_wconf 92' lang='lat' dir='ltr'>ut</span> <span class='ocrx_word' id='word_1_13' title='bbox 847 244 1116 280; x_wconf 86' lang='lat' dir='ltr'>Mahometistae</span> <span class='ocrx_word' id='word_1_14' title='bbox 1133 252 1166 279; x_wconf 85' lang='lat' dir='ltr'>et</span> <span class='ocrx_word' id='word_1_15' title='bbox 1183 247 1274 279; x_wconf 85' lang='lat' dir='ltr'>aliae</span> 
     </span>
     <span class='ocr_line' id='line_1_4' title="bbox 290 294 1275 344; baseline -0.011 -4"><span class='ocrx_word' id='word_1_16' title='bbox 290 308 493 340; x_wconf 78' lang='lat' dir='ltr'>invocantes</span> <span class='ocrx_word' id='word_1_17' title='bbox 508 305 640 341; x_wconf 84' lang='lat' dir='ltr'>Deum,</span> <span class='ocrx_word' id='word_1_18' title='bbox 667 301 741 333; x_wconf 90' lang='lat' dir='ltr'>sine</span> <span class='ocrx_word' id='word_1_19' title='bbox 763 299 870 331; x_wconf 78' lang='lat' dir='ltr'>verbo</span> <span class='ocrx_word' id='word_1_20' title='bbox 890 298 1019 331; x_wconf 90' lang='lat' dir='ltr'>tradito</span> <span class='ocrx_word' id='word_1_21' title='bbox 1037 309 1099 341; x_wconf 87' lang='lat' dir='ltr'>per</span> <span class='ocrx_word' id='word_1_22' title='bbox 1116 294 1275 344; x_wconf 81' lang='lat' dir='ltr'>Prophe-</span> 
     </span>
     <span class='ocr_line' id='line_1_5' title="bbox 292 347 1274 398; baseline -0.01 -8"><span class='ocrx_word' id='word_1_23' title='bbox 292 364 342 390; x_wconf 86' lang='lat' dir='ltr'>tas</span> <span class='ocrx_word' id='word_1_24' title='bbox 365 364 397 389; x_wconf 83' lang='lat' dir='ltr'>et</span> <span class='ocrx_word' id='word_1_25' title='bbox 422 353 625 398; x_wconf 73' lang='lat' dir='ltr'>Apostolos,</span> <span class='ocrx_word' id='word_1_26' title='bbox 661 351 828 383; x_wconf 79' lang='lat' dir='ltr'>invocant</span> <span class='ocrx_word' id='word_1_27' title='bbox 854 350 948 394; x_wconf 90' lang='lat' dir='ltr'>quod</span> <span class='ocrx_word' id='word_1_28' title='bbox 974 349 1146 382; x_wconf 86' lang='lat' dir='ltr'>nesciunt.</span> <span class='ocrx_word' id='word_1_29' title='bbox 1197 347 1274 381; x_wconf 75' lang='lat' dir='ltr'>Etsi</span> 
     </span>
     <span class='ocr_line' id='line_1_6' title="bbox 292 399 1275 443; baseline -0.009 -3"><span class='ocrx_word' id='word_1_30' title='bbox 292 413 407 440; x_wconf 80' lang='lat' dir='ltr'>autem</span> <span class='ocrx_word' id='word_1_31' title='bbox 429 407 531 437; x_wconf 88' lang='lat' dir='ltr'>breve</span> <span class='ocrx_word' id='word_1_32' title='bbox 548 403 678 435; x_wconf 85' lang='lat' dir='ltr'>dictum</span> <span class='ocrx_word' id='word_1_33' title='bbox 694 408 763 439; x_wconf 88' lang='lat' dir='ltr'>est,</span> <span class='ocrx_word' id='word_1_34' title='bbox 791 407 908 433; x_wconf 82' lang='lat' dir='ltr'>tamen</span> <span class='ocrx_word' id='word_1_35' title='bbox 923 399 1195 443; x_wconf 83' lang='lat' dir='ltr'>copiosissimam</span> <span class='ocrx_word' id='word_1_36' title='bbox 1212 399 1275 431; x_wconf 93' lang='lat' dir='ltr'>do-</span> 
     </span>
     <span class='ocr_line' id='line_1_7' title="bbox 293 449 1274 492; baseline -0.008 -3"><span class='ocrx_word' id='word_1_37' title='bbox 293 457 441 490; x_wconf 91' lang='lat' dir='ltr'>ctrinam</span> <span class='ocrx_word' id='word_1_38' title='bbox 461 453 636 492; x_wconf 80' lang='lat' dir='ltr'>continet,</span> <span class='ocrx_word' id='word_1_39' title='bbox 663 458 696 485; x_wconf 88' lang='lat' dir='ltr'>et</span> <span class='ocrx_word' id='word_1_40' title='bbox 712 451 912 484; x_wconf 87' lang='lat' dir='ltr'>coecitatem</span> <span class='ocrx_word' id='word_1_41' title='bbox 939 450 1047 484; x_wconf 88' lang='lat' dir='ltr'>totius</span> <span class='ocrx_word' id='word_1_42' title='bbox 1070 449 1196 483; x_wconf 90' lang='lat' dir='ltr'>mundi</span> <span class='ocrx_word' id='word_1_43' title='bbox 1217 461 1274 481; x_wconf 91' lang='lat' dir='ltr'>ar-</span> 
     </span>
     <span class='ocr_line' id='line_1_8' title="bbox 292 500 1277 550; baseline -0.007 -12"><span class='ocrx_word' id='word_1_44' title='bbox 292 506 375 550; x_wconf 80' lang='lat' dir='ltr'>guit.</span> <span class='ocrx_word' id='word_1_45' title='bbox 430 504 585 538; x_wconf 77' lang='lat' dir='ltr'>Maxima</span> <span class='ocrx_word' id='word_1_46' title='bbox 610 514 688 547; x_wconf 89' lang='lat' dir='ltr'>pars</span> <span class='ocrx_word' id='word_1_47' title='bbox 711 500 896 535; x_wconf 89' lang='lat' dir='ltr'>hominum</span> <span class='ocrx_word' id='word_1_48' title='bbox 928 501 1115 543; x_wconf 82' lang='lat' dir='ltr'>religiones</span> <span class='ocrx_word' id='word_1_49' title='bbox 1138 500 1175 532; x_wconf 91' lang='lat' dir='ltr'>in</span> <span class='ocrx_word' id='word_1_50' title='bbox 1199 511 1277 543; x_wconf 90' lang='lat' dir='ltr'>spe-</span> 
     </span>
     <span class='ocr_line' id='line_1_9' title="bbox 293 550 1277 598; baseline -0.008 -8"><span class='ocrx_word' id='word_1_51' title='bbox 293 557 381 590; x_wconf 85' lang='lat' dir='ltr'>ciem</span> <span class='ocrx_word' id='word_1_52' title='bbox 407 556 508 596; x_wconf 91' lang='lat' dir='ltr'>colit,</span> <span class='ocrx_word' id='word_1_53' title='bbox 544 561 687 598; x_wconf 89' lang='lat' dir='ltr'>propter</span> <span class='ocrx_word' id='word_1_54' title='bbox 710 552 1018 592; x_wconf 87' lang='lat' dir='ltr'>consuetudinem,</span> <span class='ocrx_word' id='word_1_55' title='bbox 1050 551 1099 584; x_wconf 87' lang='lat' dir='ltr'>sic</span> <span class='ocrx_word' id='word_1_56' title='bbox 1123 550 1277 583; x_wconf 83' lang='lat' dir='ltr'>Alexan-</span> 
     </span>
     <span class='ocr_line' id='line_1_10' title="bbox 294 601 1277 648; baseline -0.008 -8"><span class='ocrx_word' id='word_1_57' title='bbox 294 609 374 648; x_wconf 86' lang='lat' dir='ltr'>der,</span> <span class='ocrx_word' id='word_1_58' title='bbox 417 606 546 646; x_wconf 86' lang='lat' dir='ltr'>lulius,</span> <span class='ocrx_word' id='word_1_59' title='bbox 589 604 786 647; x_wconf 81' lang='lat' dir='ltr'>Augustus,</span> <span class='ocrx_word' id='word_1_60' title='bbox 828 609 862 636; x_wconf 87' lang='lat' dir='ltr'>et</span> <span class='ocrx_word' id='word_1_61' title='bbox 891 602 1041 642; x_wconf 83' lang='lat' dir='ltr'>similes,</span> <span class='ocrx_word' id='word_1_62' title='bbox 1080 601 1277 634; x_wconf 77' lang='lat' dir='ltr'>sentiebant</span> 
     </span>
     <span class='ocr_line' id='line_1_11' title="bbox 293 650 1276 696; baseline -0.008 -6"><span class='ocrx_word' id='word_1_63' title='bbox 293 658 452 691; x_wconf 85' lang='lat' dir='ltr'>moribus</span> <span class='ocrx_word' id='word_1_64' title='bbox 468 656 714 690; x_wconf 88' lang='lat' dir='ltr'>communibus</span> <span class='ocrx_word' id='word_1_65' title='bbox 735 653 1049 696; x_wconf 84' lang='lat' dir='ltr'>obtemperandum</span> <span class='ocrx_word' id='word_1_66' title='bbox 1072 663 1155 686; x_wconf 86' lang='lat' dir='ltr'>esse.</span> <span class='ocrx_word' id='word_1_67' title='bbox 1204 650 1276 683; x_wconf 84' lang='lat' dir='ltr'>Ta-</span> 
     </span>
     <span class='ocr_line' id='line_1_12' title="bbox 294 701 1278 748; baseline -0.009 -7"><span class='ocrx_word' id='word_1_68' title='bbox 294 709 344 741; x_wconf 89' lang='lat' dir='ltr'>les</span> <span class='ocrx_word' id='word_1_69' title='bbox 362 720 482 741; x_wconf 88' lang='lat' dir='ltr'>omnes</span> <span class='ocrx_word' id='word_1_70' title='bbox 499 708 652 740; x_wconf 82' lang='lat' dir='ltr'>fatentur</span> <span class='ocrx_word' id='word_1_71' title='bbox 667 718 702 738; x_wconf 87' lang='lat' dir='ltr'>se</span> <span class='ocrx_word' id='word_1_72' title='bbox 719 705 851 738; x_wconf 89' lang='lat' dir='ltr'>nescire</span> <span class='ocrx_word' id='word_1_73' title='bbox 871 704 955 748; x_wconf 91' lang='lat' dir='ltr'>quid</span> <span class='ocrx_word' id='word_1_74' title='bbox 973 704 1138 739; x_wconf 89' lang='lat' dir='ltr'>adorent,</span> <span class='ocrx_word' id='word_1_75' title='bbox 1164 701 1278 733; x_wconf 86' lang='lat' dir='ltr'>faten-</span> 
     </span>
     <span class='ocr_line' id='line_1_13' title="bbox 294 753 1278 797; baseline -0.01 -5"><span class='ocrx_word' id='word_1_76' title='bbox 294 766 352 793; x_wconf 86' lang='lat' dir='ltr'>tur</span> <span class='ocrx_word' id='word_1_77' title='bbox 372 770 407 792; x_wconf 92' lang='lat' dir='ltr'>se</span> <span class='ocrx_word' id='word_1_78' title='bbox 431 758 579 797; x_wconf 84' lang='lat' dir='ltr'>nescire,</span> <span class='ocrx_word' id='word_1_79' title='bbox 613 768 657 788; x_wconf 88' lang='lat' dir='ltr'>an</span> <span class='ocrx_word' id='word_1_80' title='bbox 683 755 778 789; x_wconf 88' lang='lat' dir='ltr'>Deus</span> <span class='ocrx_word' id='word_1_81' title='bbox 801 762 914 794; x_wconf 87' lang='lat' dir='ltr'>curet,</span> <span class='ocrx_word' id='word_1_82' title='bbox 941 753 1087 791; x_wconf 88' lang='lat' dir='ltr'>iudicet,</span> <span class='ocrx_word' id='word_1_83' title='bbox 1115 758 1148 784; x_wconf 91' lang='lat' dir='ltr'>et</span> <span class='ocrx_word' id='word_1_84' title='bbox 1173 763 1278 783; x_wconf 88' lang='lat' dir='ltr'>exau-</span> 
     </span>
     <span class='ocr_line' id='line_1_14' title="bbox 294 800 1278 845; baseline -0.01 -3"><span class='ocrx_word' id='word_1_85' title='bbox 294 810 369 843; x_wconf 89' lang='lat' dir='ltr'>diat</span> <span class='ocrx_word' id='word_1_86' title='bbox 395 807 566 841; x_wconf 89' lang='lat' dir='ltr'>homines.</span> <span class='ocrx_word' id='word_1_87' title='bbox 619 807 692 840; x_wconf 87' lang='lat' dir='ltr'>Alii</span> <span class='ocrx_word' id='word_1_88' title='bbox 719 813 817 845; x_wconf 90' lang='lat' dir='ltr'>sunt,</span> <span class='ocrx_word' id='word_1_89' title='bbox 844 811 882 837; x_wconf 93' lang='lat' dir='ltr'>ut</span> <span class='ocrx_word' id='word_1_90' title='bbox 902 804 1019 840; x_wconf 86' lang='lat' dir='ltr'>Plato,</span> <span class='ocrx_word' id='word_1_91' title='bbox 1046 801 1189 841; x_wconf 91' lang='lat' dir='ltr'>Cicero,</span> <span class='ocrx_word' id='word_1_92' title='bbox 1217 800 1278 844; x_wconf 89' lang='lat' dir='ltr'>qui</span> 
     </span>
     <span class='ocr_line' id='line_1_15' title="bbox 293 852 1276 898; baseline -0.011 -5"><span class='ocrx_word' id='word_1_93' title='bbox 293 867 483 893; x_wconf 79' lang='lat' dir='ltr'>moventur</span> <span class='ocrx_word' id='word_1_94' title='bbox 503 859 654 898; x_wconf 84' lang='lat' dir='ltr'>ratione,</span> <span class='ocrx_word' id='word_1_95' title='bbox 681 863 720 889; x_wconf 91' lang='lat' dir='ltr'>ut</span> <span class='ocrx_word' id='word_1_96' title='bbox 739 855 889 889; x_wconf 78' lang='lat' dir='ltr'>sentiant</span> <span class='ocrx_word' id='word_1_97' title='bbox 906 852 1018 886; x_wconf 89' lang='lat' dir='ltr'>Deum</span> <span class='ocrx_word' id='word_1_98' title='bbox 1037 864 1108 885; x_wconf 91' lang='lat' dir='ltr'>esse</span> <span class='ocrx_word' id='word_1_99' title='bbox 1125 852 1276 895; x_wconf 84' lang='lat' dir='ltr'>aliquam</span> 
     </span>
     <span class='ocr_line' id='line_1_16' title="bbox 294 901 1279 945; baseline -0.01 -2"><span class='ocrx_word' id='word_1_100' title='bbox 294 917 446 943; x_wconf 85' lang='lat' dir='ltr'>mentem</span> <span class='ocrx_word' id='word_1_101' title='bbox 464 917 657 945; x_wconf 77' lang='lat' dir='ltr'>aeternam,</span> <span class='ocrx_word' id='word_1_102' title='bbox 681 907 768 939; x_wconf 88' lang='lat' dir='ltr'>sicut</span> <span class='ocrx_word' id='word_1_103' title='bbox 786 905 886 937; x_wconf 81' lang='lat' dir='ltr'>Plato</span> <span class='ocrx_word' id='word_1_104' title='bbox 904 904 999 942; x_wconf 88' lang='lat' dir='ltr'>dicit,</span> <span class='ocrx_word' id='word_1_105' title='bbox 1027 914 1164 935; x_wconf 88' lang='lat' dir='ltr'>causam</span> <span class='ocrx_word' id='word_1_106' title='bbox 1183 901 1279 934; x_wconf 90' lang='lat' dir='ltr'>boni.</span> 
     </span>
     <span class='ocr_line' id='line_1_17' title="bbox 295 953 1279 1003; baseline -0.009 -10"><span class='ocrx_word' id='word_1_107' title='bbox 295 960 363 994; x_wconf 82' lang='lat' dir='ltr'>Sed</span> <span class='ocrx_word' id='word_1_108' title='bbox 386 967 501 993; x_wconf 86' lang='lat' dir='ltr'>tamen</span> <span class='ocrx_word' id='word_1_109' title='bbox 523 970 610 1003; x_wconf 86' lang='lat' dir='ltr'>quae</span> <span class='ocrx_word' id='word_1_110' title='bbox 627 958 688 994; x_wconf 90' lang='lat' dir='ltr'>sit,</span> <span class='ocrx_word' id='word_1_111' title='bbox 723 956 900 999; x_wconf 87' lang='lat' dir='ltr'>quomodo</span> <span class='ocrx_word' id='word_1_112' title='bbox 927 954 1011 987; x_wconf 85' lang='lat' dir='ltr'>velit</span> <span class='ocrx_word' id='word_1_113' title='bbox 1035 953 1211 992; x_wconf 86' lang='lat' dir='ltr'>invocari,</span> <span class='ocrx_word' id='word_1_114' title='bbox 1247 959 1279 984; x_wconf 86' lang='lat' dir='ltr'>et</span> 
     </span>
     <span class='ocr_line' id='line_1_18' title="bbox 293 1003 1278 1051; baseline -0.009 -8"><span class='ocrx_word' id='word_1_115' title='bbox 293 1011 475 1049; x_wconf 87' lang='lat' dir='ltr'>exaudire,</span> <span class='ocrx_word' id='word_1_116' title='bbox 502 1010 677 1051; x_wconf 83' lang='lat' dir='ltr'>ignorant.</span> <span class='ocrx_word' id='word_1_117' title='bbox 716 1005 810 1049; x_wconf 84' lang='lat' dir='ltr'>Ergo</span> <span class='ocrx_word' id='word_1_118' title='bbox 827 1017 905 1038; x_wconf 90' lang='lat' dir='ltr'>cum</span> <span class='ocrx_word' id='word_1_119' title='bbox 925 1005 1078 1037; x_wconf 87' lang='lat' dir='ltr'>clamant</span> <span class='ocrx_word' id='word_1_120' title='bbox 1093 1004 1136 1036; x_wconf 89' lang='lat' dir='ltr'>ad</span> <span class='ocrx_word' id='word_1_121' title='bbox 1153 1003 1278 1040; x_wconf 87' lang='lat' dir='ltr'>Deum,</span> 
     </span>
     <span class='ocr_line' id='line_1_19' title="bbox 292 1052 1278 1103; baseline -0.009 -9"><span class='ocrx_word' id='word_1_122' title='bbox 292 1073 373 1094; x_wconf 80' lang='lat' dir='ltr'>mox</span> <span class='ocrx_word' id='word_1_123' title='bbox 389 1061 597 1103; x_wconf 88' lang='lat' dir='ltr'>obstrepunt</span> <span class='ocrx_word' id='word_1_124' title='bbox 612 1059 659 1091; x_wconf 92' lang='lat' dir='ltr'>eis</span> <span class='ocrx_word' id='word_1_125' title='bbox 676 1057 924 1095; x_wconf 79' lang='lat' dir='ltr'>dubitationes,</span> <span class='ocrx_word' id='word_1_126' title='bbox 948 1066 1035 1100; x_wconf 87' lang='lat' dir='ltr'>quae</span> <span class='ocrx_word' id='word_1_127' title='bbox 1050 1065 1104 1087; x_wconf 91' lang='lat' dir='ltr'>res</span> <span class='ocrx_word' id='word_1_128' title='bbox 1121 1054 1164 1087; x_wconf 90' lang='lat' dir='ltr'>sit</span> <span class='ocrx_word' id='word_1_129' title='bbox 1173 1052 1278 1093; x_wconf 80' lang='lat' dir='ltr'>Deus,</span> 
     </span>
     <span class='ocr_line' id='line_1_20' title="bbox 293 1104 1279 1153; baseline -0.007 -9"><span class='ocrx_word' id='word_1_130' title='bbox 293 1124 338 1144; x_wconf 85' lang='lat' dir='ltr'>an</span> <span class='ocrx_word' id='word_1_131' title='bbox 356 1111 512 1153; x_wconf 85' lang='lat' dir='ltr'>singulos</span> <span class='ocrx_word' id='word_1_132' title='bbox 533 1109 712 1153; x_wconf 81' lang='lat' dir='ltr'>respiciat,</span> <span class='ocrx_word' id='word_1_133' title='bbox 740 1120 783 1140; x_wconf 87' lang='lat' dir='ltr'>an</span> <span class='ocrx_word' id='word_1_134' title='bbox 802 1114 833 1140; x_wconf 92' lang='lat' dir='ltr'>te</span> <span class='ocrx_word' id='word_1_135' title='bbox 856 1107 1078 1138; x_wconf 87' lang='lat' dir='ltr'>invocantem</span> <span class='ocrx_word' id='word_1_136' title='bbox 1105 1104 1279 1137; x_wconf 87' lang='lat' dir='ltr'>exaudiat.</span> 
     </span>
     <span class='ocr_line' id='line_1_21' title="bbox 293 1154 1278 1199; baseline -0.009 -5"><span class='ocrx_word' id='word_1_137' title='bbox 293 1162 429 1195; x_wconf 87' lang='lat' dir='ltr'>Similis</span> <span class='ocrx_word' id='word_1_138' title='bbox 445 1168 495 1194; x_wconf 90' lang='lat' dir='ltr'>est</span> <span class='ocrx_word' id='word_1_139' title='bbox 511 1161 658 1193; x_wconf 82' lang='lat' dir='ltr'>coecitas</span> <span class='ocrx_word' id='word_1_140' title='bbox 676 1159 711 1190; x_wconf 88' lang='lat' dir='ltr'>in</span> <span class='ocrx_word' id='word_1_141' title='bbox 723 1155 996 1199; x_wconf 78' lang='lat' dir='ltr'>Maliometistis,</span> <span class='ocrx_word' id='word_1_142' title='bbox 1023 1156 1095 1189; x_wconf 85' lang='lat' dir='ltr'>imo</span> <span class='ocrx_word' id='word_1_143' title='bbox 1114 1162 1146 1187; x_wconf 87' lang='lat' dir='ltr'>et</span> <span class='ocrx_word' id='word_1_144' title='bbox 1160 1154 1278 1187; x_wconf 92' lang='lat' dir='ltr'>omni-</span> 
     </span>
     <span class='ocr_line' id='line_1_22' title="bbox 292 1205 1281 1254; baseline -0.009 -9"><span class='ocrx_word' id='word_1_145' title='bbox 292 1213 359 1245; x_wconf 81' lang='lat' dir='ltr'>bns</span> <span class='ocrx_word' id='word_1_146' title='bbox 377 1211 506 1254; x_wconf 79' lang='lat' dir='ltr'>ignaris</span> <span class='ocrx_word' id='word_1_147' title='bbox 524 1209 717 1252; x_wconf 80' lang='lat' dir='ltr'>Evangelii.</span> <span class='ocrx_word' id='word_1_148' title='bbox 773 1207 819 1241; x_wconf 76' lang='lat' dir='ltr'>Ut</span> <span class='ocrx_word' id='word_1_149' title='bbox 841 1208 877 1239; x_wconf 89' lang='lat' dir='ltr'>in</span> <span class='ocrx_word' id='word_1_150' title='bbox 894 1206 997 1240; x_wconf 81' lang='lat' dir='ltr'>Creta</span> <span class='ocrx_word' id='word_1_151' title='bbox 1020 1206 1133 1238; x_wconf 88' lang='lat' dir='ltr'>insula</span> <span class='ocrx_word' id='word_1_152' title='bbox 1152 1205 1281 1237; x_wconf 91' lang='lat' dir='ltr'>dicitur</span> 
     </span>
     <span class='ocr_line' id='line_1_23' title="bbox 292 1257 1280 1298; baseline -0.01 -2"><span class='ocrx_word' id='word_1_153' title='bbox 292 1263 399 1296; x_wconf 79' lang='lat' dir='ltr'>fuisse</span> <span class='ocrx_word' id='word_1_154' title='bbox 418 1262 510 1295; x_wconf 86' lang='lat' dir='ltr'>Iovis</span> <span class='ocrx_word' id='word_1_155' title='bbox 528 1267 638 1293; x_wconf 86' lang='lat' dir='ltr'>statua</span> <span class='ocrx_word' id='word_1_156' title='bbox 657 1260 731 1292; x_wconf 86' lang='lat' dir='ltr'>sine</span> <span class='ocrx_word' id='word_1_157' title='bbox 754 1258 914 1291; x_wconf 80' lang='lat' dir='ltr'>auribus:</span> <span class='ocrx_word' id='word_1_158' title='bbox 952 1257 998 1289; x_wconf 87' lang='lat' dir='ltr'>ita</span> <span class='ocrx_word' id='word_1_159' title='bbox 1024 1267 1145 1288; x_wconf 89' lang='lat' dir='ltr'>omnes</span> <span class='ocrx_word' id='word_1_160' title='bbox 1161 1262 1280 1298; x_wconf 82' lang='lat' dir='ltr'>gentes</span> 
     </span>
     <span class='ocr_line' id='line_1_24' title="bbox 293 1308 1278 1356; baseline -0.009 -10"><span class='ocrx_word' id='word_1_161' title='bbox 293 1313 433 1356; x_wconf 85' lang='lat' dir='ltr'>ignarae</span> <span class='ocrx_word' id='word_1_162' title='bbox 450 1311 633 1353; x_wconf 80' lang='lat' dir='ltr'>Evangelii</span> <span class='ocrx_word' id='word_1_163' title='bbox 662 1311 698 1342; x_wconf 91' lang='lat' dir='ltr'>in</span> <span class='ocrx_word' id='word_1_164' title='bbox 726 1309 949 1342; x_wconf 78' lang='lat' dir='ltr'>invocatione</span> <span class='ocrx_word' id='word_1_165' title='bbox 966 1308 1148 1346; x_wconf 82' lang='lat' dir='ltr'>dubitant,</span> <span class='ocrx_word' id='word_1_166' title='bbox 1175 1317 1278 1350; x_wconf 87' lang='lat' dir='ltr'>qnam</span> 
     </span>
     <span class='ocr_line' id='line_1_25' title="bbox 292 1358 1280 1408; baseline -0.01 -11"><span class='ocrx_word' id='word_1_167' title='bbox 292 1376 367 1397; x_wconf 82' lang='lat' dir='ltr'>rem</span> <span class='ocrx_word' id='word_1_168' title='bbox 399 1364 644 1408; x_wconf 78' lang='lat' dir='ltr'>alloquantur,</span> <span class='ocrx_word' id='word_1_169' title='bbox 683 1361 890 1400; x_wconf 87' lang='lat' dir='ltr'>surdamne,</span> <span class='ocrx_word' id='word_1_170' title='bbox 932 1370 978 1390; x_wconf 86' lang='lat' dir='ltr'>an</span> <span class='ocrx_word' id='word_1_171' title='bbox 1016 1358 1280 1399; x_wconf 77' lang='lat' dir='ltr'>intelligentem,</span> 
     </span>
     <span class='ocr_line' id='line_1_26' title="bbox 293 1407 1279 1453; baseline -0.01 -6"><span class='ocrx_word' id='word_1_172' title='bbox 293 1421 494 1453; x_wconf 82' lang='lat' dir='ltr'>curantem,</span> <span class='ocrx_word' id='word_1_173' title='bbox 528 1413 745 1451; x_wconf 72' lang='lat' dir='ltr'>audientem,</span> <span class='ocrx_word' id='word_1_174' title='bbox 780 1422 860 1442; x_wconf 83' lang='lat' dir='ltr'>vere</span> <span class='ocrx_word' id='word_1_175' title='bbox 883 1409 1054 1442; x_wconf 80' lang='lat' dir='ltr'>efficacem</span> <span class='ocrx_word' id='word_1_176' title='bbox 1085 1415 1115 1440; x_wconf 87' lang='lat' dir='ltr'>et</span> <span class='ocrx_word' id='word_1_177' title='bbox 1141 1407 1279 1439; x_wconf 84' lang='lat' dir='ltr'>salvan-</span> 
     </span>
     <span class='ocr_line' id='line_1_27' title="bbox 293 1457 1279 1498; baseline -0.01 0"><span class='ocrx_word' id='word_1_178' title='bbox 293 1471 362 1498; x_wconf 82' lang='lat' dir='ltr'>tem</span> <span class='ocrx_word' id='word_1_179' title='bbox 382 1462 552 1497; x_wconf 87' lang='lat' dir='ltr'>homiues.</span> <span class='ocrx_word' id='word_1_180' title='bbox 601 1461 676 1495; x_wconf 88' lang='lat' dir='ltr'>Etsi</span> <span class='ocrx_word' id='word_1_181' title='bbox 698 1468 812 1494; x_wconf 90' lang='lat' dir='ltr'>autem</span> <span class='ocrx_word' id='word_1_182' title='bbox 836 1458 920 1493; x_wconf 89' lang='lat' dir='ltr'>haec</span> <span class='ocrx_word' id='word_1_183' title='bbox 942 1460 978 1491; x_wconf 92' lang='lat' dir='ltr'>in</span> <span class='ocrx_word' id='word_1_184' title='bbox 998 1457 1163 1491; x_wconf 88' lang='lat' dir='ltr'>humanis</span> <span class='ocrx_word' id='word_1_185' title='bbox 1182 1469 1279 1489; x_wconf 88' lang='lat' dir='ltr'>men-</span> 
     </span>
     <span class='ocr_line' id='line_1_28' title="bbox 292 1508 1278 1550; baseline -0.01 -1"><span class='ocrx_word' id='word_1_186' title='bbox 292 1516 388 1549; x_wconf 85' lang='lat' dir='ltr'>tibus</span> <span class='ocrx_word' id='word_1_187' title='bbox 406 1514 578 1548; x_wconf 85' lang='lat' dir='ltr'>dubitatio</span> <span class='ocrx_word' id='word_1_188' title='bbox 598 1525 670 1546; x_wconf 91' lang='lat' dir='ltr'>non</span> <span class='ocrx_word' id='word_1_189' title='bbox 686 1513 833 1545; x_wconf 88' lang='lat' dir='ltr'>obscura</span> <span class='ocrx_word' id='word_1_190' title='bbox 852 1517 913 1550; x_wconf 83' lang='lat' dir='ltr'>est,</span> <span class='ocrx_word' id='word_1_191' title='bbox 942 1522 1005 1542; x_wconf 90' lang='lat' dir='ltr'>nec</span> <span class='ocrx_word' id='word_1_192' title='bbox 1025 1510 1106 1542; x_wconf 84' lang='lat' dir='ltr'>latet</span> <span class='ocrx_word' id='word_1_193' title='bbox 1123 1508 1278 1544; x_wconf 80' lang='lat' dir='ltr'>morbus,</span> 
     </span>
     <span class='ocr_line' id='line_1_29' title="bbox 293 1558 1277 1609; baseline -0.01 -10"><span class='ocrx_word' id='word_1_194' title='bbox 293 1573 412 1600; x_wconf 87' lang='lat' dir='ltr'>tamen</span> <span class='ocrx_word' id='word_1_195' title='bbox 430 1573 552 1609; x_wconf 87' lang='lat' dir='ltr'>stupor</span> <span class='ocrx_word' id='word_1_196' title='bbox 569 1571 686 1597; x_wconf 87' lang='lat' dir='ltr'>tantus</span> <span class='ocrx_word' id='word_1_197' title='bbox 703 1570 772 1602; x_wconf 91' lang='lat' dir='ltr'>est,</span> <span class='ocrx_word' id='word_1_198' title='bbox 807 1568 847 1594; x_wconf 90' lang='lat' dir='ltr'>ut</span> <span class='ocrx_word' id='word_1_199' title='bbox 869 1572 942 1593; x_wconf 89' lang='lat' dir='ltr'>non</span> <span class='ocrx_word' id='word_1_200' title='bbox 959 1560 1166 1602; x_wconf 79' lang='lat' dir='ltr'>cogitemus,</span> <span class='ocrx_word' id='word_1_201' title='bbox 1194 1558 1277 1602; x_wconf 89' lang='lat' dir='ltr'>quid</span> 
     </span>
     <span class='ocr_line' id='line_1_30' title="bbox 293 1612 1279 1661; baseline -0.01 -11"><span class='ocrx_word' id='word_1_202' title='bbox 293 1624 325 1650; x_wconf 91' lang='lat' dir='ltr'>et</span> <span class='ocrx_word' id='word_1_203' title='bbox 351 1624 519 1661; x_wconf 83' lang='lat' dir='ltr'>quantum</span> <span class='ocrx_word' id='word_1_204' title='bbox 547 1615 590 1647; x_wconf 87' lang='lat' dir='ltr'>sit</span> <span class='ocrx_word' id='word_1_205' title='bbox 617 1614 713 1649; x_wconf 88' lang='lat' dir='ltr'>mali.</span> <span class='ocrx_word' id='word_1_206' title='bbox 766 1612 951 1645; x_wconf 89' lang='lat' dir='ltr'>Discamus</span> <span class='ocrx_word' id='word_1_207' title='bbox 975 1622 1055 1653; x_wconf 82' lang='lat' dir='ltr'>ergo</span> <span class='ocrx_word' id='word_1_208' title='bbox 1084 1620 1279 1651; x_wconf 83' lang='lat' dir='ltr'>agnoscere,</span> 
     </span>
     <span class='ocr_line' id='line_1_31' title="bbox 293 1660 1279 1710; baseline -0.01 -10"><span class='ocrx_word' id='word_1_209' title='bbox 293 1668 475 1710; x_wconf 87' lang='lat' dir='ltr'>deplorare</span> <span class='ocrx_word' id='word_1_210' title='bbox 493 1674 525 1699; x_wconf 90' lang='lat' dir='ltr'>et</span> <span class='ocrx_word' id='word_1_211' title='bbox 542 1667 659 1708; x_wconf 80' lang='lat' dir='ltr'>fugere</span> <span class='ocrx_word' id='word_1_212' title='bbox 683 1661 773 1696; x_wconf 84' lang='lat' dir='ltr'>hanc</span> <span class='ocrx_word' id='word_1_213' title='bbox 800 1670 946 1706; x_wconf 86' lang='lat' dir='ltr'>pestem,</span> <span class='ocrx_word' id='word_1_214' title='bbox 982 1668 1014 1694; x_wconf 91' lang='lat' dir='ltr'>et</span> <span class='ocrx_word' id='word_1_215' title='bbox 1040 1660 1279 1702; x_wconf 78' lang='lat' dir='ltr'>confugiamus</span> 
     </span>
     <span class='ocr_line' id='line_1_32' title="bbox 294 1710 1277 1760; baseline -0.01 -9"><span class='ocrx_word' id='word_1_216' title='bbox 294 1720 336 1751; x_wconf 86' lang='lat' dir='ltr'>ad</span> <span class='ocrx_word' id='word_1_217' title='bbox 357 1718 486 1757; x_wconf 91' lang='lat' dir='ltr'>lucem,</span> <span class='ocrx_word' id='word_1_218' title='bbox 514 1717 550 1748; x_wconf 89' lang='lat' dir='ltr'>in</span> <span class='ocrx_word' id='word_1_219' title='bbox 579 1728 645 1760; x_wconf 89' lang='lat' dir='ltr'>qua</span> <span class='ocrx_word' id='word_1_220' title='bbox 673 1726 708 1747; x_wconf 85' lang='lat' dir='ltr'>se</span> <span class='ocrx_word' id='word_1_221' title='bbox 727 1713 820 1746; x_wconf 87' lang='lat' dir='ltr'>Deus</span> <span class='ocrx_word' id='word_1_222' title='bbox 843 1719 1004 1745; x_wconf 85' lang='lat' dir='ltr'>aeternus</span> <span class='ocrx_word' id='word_1_223' title='bbox 1030 1711 1207 1754; x_wconf 79' lang='lat' dir='ltr'>patefecit,</span> <span class='ocrx_word' id='word_1_224' title='bbox 1235 1710 1277 1741; x_wconf 88' lang='lat' dir='ltr'>ad</span> 
     </span>
     <span class='ocr_line' id='line_1_33' title="bbox 293 1760 1280 1810; baseline -0.008 -9"><span class='ocrx_word' id='word_1_225' title='bbox 293 1769 442 1801; x_wconf 69' lang='lat' dir='ltr'>verbum</span> <span class='ocrx_word' id='word_1_226' title='bbox 482 1767 648 1800; x_wconf 91' lang='lat' dir='ltr'>traditum</span> <span class='ocrx_word' id='word_1_227' title='bbox 681 1777 742 1808; x_wconf 90' lang='lat' dir='ltr'>per</span> <span class='ocrx_word' id='word_1_228' title='bbox 773 1762 986 1810; x_wconf 75' lang='lat' dir='ltr'>ProphetaS,</span> <span class='ocrx_word' id='word_1_229' title='bbox 1037 1760 1217 1794; x_wconf 87' lang='lat' dir='ltr'>Christum</span> <span class='ocrx_word' id='word_1_230' title='bbox 1248 1767 1280 1793; x_wconf 90' lang='lat' dir='ltr'>et</span> 
     </span>
     <span class='ocr_line' id='line_1_34' title="bbox 294 1811 1280 1862; baseline -0.009 -10"><span class='ocrx_word' id='word_1_231' title='bbox 294 1818 504 1862; x_wconf 86' lang='lat' dir='ltr'>Apostolos,</span> <span class='ocrx_word' id='word_1_232' title='bbox 545 1824 583 1850; x_wconf 90' lang='lat' dir='ltr'>ut</span> <span class='ocrx_word' id='word_1_233' title='bbox 613 1828 692 1848; x_wconf 74' lang='lat' dir='ltr'>vere</span> <span class='ocrx_word' id='word_1_234' title='bbox 722 1815 923 1848; x_wconf 76' lang='lat' dir='ltr'>invocemus</span> <span class='ocrx_word' id='word_1_235' title='bbox 945 1812 1079 1853; x_wconf 88' lang='lat' dir='ltr'>Deum,</span> <span class='ocrx_word' id='word_1_236' title='bbox 1122 1811 1280 1856; x_wconf 85' lang='lat' dir='ltr'>sequitur</span> 
     </span>
     <span class='ocr_line' id='line_1_35' title="bbox 297 1880 388 1912; baseline 0.022 -11"><span class='ocrx_word' id='word_1_237' title='bbox 297 1880 388 1912; x_wconf 79' lang='lat' dir='ltr'>erge.</span> 
     </span>
    </p>
   </div>
   <div class='ocr_carea' id='block_1_3' title="bbox 483 1969 1090 2020">
    <p class='ocr_par' dir='ltr' id='par_1_3' title="bbox 483 1969 1090 2020">
     <span class='ocr_line' id='line_1_36' title="bbox 483 1969 1090 2020; baseline -0.01 -11"><span class='ocrx_word' id='word_1_238' title='bbox 483 1973 566 2011; x_wconf 67' lang='lat' dir='ltr'>[Vos</span> <span class='ocrx_word' id='word_1_239' title='bbox 594 1972 795 2008; x_wconf 81' lang='lat' dir='ltr'>adoramus</span> <span class='ocrx_word' id='word_1_240' title='bbox 822 1969 923 2020; x_wconf 80' lang='lat' dir='ltr'>quod</span> <span class='ocrx_word' id='word_1_241' title='bbox 945 1970 1090 2006; x_wconf 80' lang='lat' dir='ltr'>scimus.</span> 
     </span>
    </p>
   </div>
   <div class='ocr_carea' id='block_1_4' title="bbox 299 2063 1284 2716">
    <p class='ocr_par' dir='ltr' id='par_1_4' title="bbox 299 2063 1284 2716">
     <span class='ocr_line' id='line_1_37' title="bbox 398 2063 1281 2107; baseline -0.007 -7"><span class='ocrx_word' id='word_1_242' title='bbox 398 2068 437 2100; x_wconf 90' lang='lat' dir='ltr'>Id</span> <span class='ocrx_word' id='word_1_243' title='bbox 454 2074 521 2107; x_wconf 87' lang='lat' dir='ltr'>est,</span> <span class='ocrx_word' id='word_1_244' title='bbox 548 2078 612 2098; x_wconf 89' lang='lat' dir='ltr'>nos</span> <span class='ocrx_word' id='word_1_245' title='bbox 630 2065 756 2098; x_wconf 88' lang='lat' dir='ltr'>scimus</span> <span class='ocrx_word' id='word_1_246' title='bbox 773 2064 988 2097; x_wconf 85' lang='lat' dir='ltr'>voluntatem</span> <span class='ocrx_word' id='word_1_247' title='bbox 1006 2063 1074 2096; x_wconf 89' lang='lat' dir='ltr'>Dei</span> <span class='ocrx_word' id='word_1_248' title='bbox 1099 2074 1171 2094; x_wconf 89' lang='lat' dir='ltr'>non</span> <span class='ocrx_word' id='word_1_249' title='bbox 1195 2073 1281 2095; x_wconf 87' lang='lat' dir='ltr'>con-—</span> 
     </span>
     <span class='ocr_line' id='line_1_38' title="bbox 299 2113 1280 2163; baseline -0.008 -11"><span class='ocrx_word' id='word_1_250' title='bbox 299 2119 383 2163; x_wconf 85' lang='lat' dir='ltr'>spici</span> <span class='ocrx_word' id='word_1_251' title='bbox 404 2119 476 2150; x_wconf 81' lang='lat' dir='ltr'>sine</span> <span class='ocrx_word' id='word_1_252' title='bbox 501 2118 609 2161; x_wconf 88' lang='lat' dir='ltr'>ipsius</span> <span class='ocrx_word' id='word_1_253' title='bbox 633 2116 866 2154; x_wconf 75' lang='lat' dir='ltr'>revelatione,</span> <span class='ocrx_word' id='word_1_254' title='bbox 906 2115 993 2146; x_wconf 88' lang='lat' dir='ltr'>sicut</span> <span class='ocrx_word' id='word_1_255' title='bbox 1018 2125 1120 2155; x_wconf 81' lang='lat' dir='ltr'>supra</span> <span class='ocrx_word' id='word_1_256' title='bbox 1148 2113 1280 2145; x_wconf 87' lang='lat' dir='ltr'>dictum</span> 
     </span>
     <span class='ocr_line' id='line_1_39' title="bbox 300 2163 1283 2208; baseline -0.005 -6"><span class='ocrx_word' id='word_1_257' title='bbox 300 2177 366 2203; x_wconf 86' lang='lat' dir='ltr'>est:</span> <span class='ocrx_word' id='word_1_258' title='bbox 395 2168 507 2201; x_wconf 65' lang='lat' dir='ltr'>Deum</span> <span class='ocrx_word' id='word_1_259' title='bbox 535 2180 638 2199; x_wconf 89' lang='lat' dir='ltr'>nemo</span> <span class='ocrx_word' id='word_1_260' title='bbox 659 2166 747 2198; x_wconf 79' lang='lat' dir='ltr'>vidit</span> <span class='ocrx_word' id='word_1_261' title='bbox 769 2177 922 2208; x_wconf 83' lang='lat' dir='ltr'>unquam</span> <span class='ocrx_word' id='word_1_262' title='bbox 936 2188 944 2202; x_wconf 87' lang='lat'><strong>‚</strong></span> <span class='ocrx_word' id='word_1_263' title='bbox 972 2166 1028 2196; x_wconf 90' lang='lat' dir='ltr'>sed</span> <span class='ocrx_word' id='word_1_264' title='bbox 1048 2164 1139 2196; x_wconf 80' lang='lat' dir='ltr'>fitius</span> <span class='ocrx_word' id='word_1_265' title='bbox 1156 2163 1215 2208; x_wconf 90' lang='lat' dir='ltr'>qui</span> <span class='ocrx_word' id='word_1_266' title='bbox 1234 2171 1283 2197; x_wconf 86' lang='lat' dir='ltr'>est</span> 
     </span>
     <span class='ocr_line' id='line_1_40' title="bbox 299 2214 1282 2261; baseline -0.008 -8"><span class='ocrx_word' id='word_1_267' title='bbox 299 2221 337 2253; x_wconf 90' lang='lat' dir='ltr'>in</span> <span class='ocrx_word' id='word_1_268' title='bbox 355 2221 432 2252; x_wconf 90' lang='lat' dir='ltr'>sinu</span> <span class='ocrx_word' id='word_1_269' title='bbox 452 2219 576 2261; x_wconf 87' lang='lat' dir='ltr'>patris,</span> <span class='ocrx_word' id='word_1_270' title='bbox 604 2218 677 2261; x_wconf 90' lang='lat' dir='ltr'>ipse</span> <span class='ocrx_word' id='word_1_271' title='bbox 694 2215 869 2248; x_wconf 81' lang='lat' dir='ltr'>enarravit</span> <span class='ocrx_word' id='word_1_272' title='bbox 886 2214 999 2249; x_wconf 83' lang='lat' dir='ltr'>nobis.</span> <span class='ocrx_word' id='word_1_273' title='bbox 1033 2214 1171 2247; x_wconf 86' lang='lat' dir='ltr'>Scimus</span> <span class='ocrx_word' id='word_1_274' title='bbox 1188 2214 1282 2254; x_wconf 89' lang='lat' dir='ltr'>item,</span> 
     </span>
     <span class='ocr_line' id='line_1_41' title="bbox 300 2264 1284 2311; baseline -0.007 -8"><span class='ocrx_word' id='word_1_275' title='bbox 300 2270 396 2303; x_wconf 89' lang='lat' dir='ltr'>nolle</span> <span class='ocrx_word' id='word_1_276' title='bbox 414 2281 511 2308; x_wconf 87' lang='lat' dir='ltr'>eum,</span> <span class='ocrx_word' id='word_1_277' title='bbox 540 2275 578 2302; x_wconf 92' lang='lat' dir='ltr'>ut</span> <span class='ocrx_word' id='word_1_278' title='bbox 596 2279 659 2301; x_wconf 93' lang='lat' dir='ltr'>nos</span> <span class='ocrx_word' id='word_1_279' title='bbox 678 2267 744 2311; x_wconf 81' lang='lat' dir='ltr'>ipsi</span> <span class='ocrx_word' id='word_1_280' title='bbox 771 2267 941 2307; x_wconf 73' lang='lat' dir='ltr'>fingamus</span> <span class='ocrx_word' id='word_1_281' title='bbox 968 2266 1010 2297; x_wconf 89' lang='lat' dir='ltr'>de</span> <span class='ocrx_word' id='word_1_282' title='bbox 1031 2276 1071 2297; x_wconf 92' lang='lat' dir='ltr'>eo</span> <span class='ocrx_word' id='word_1_283' title='bbox 1096 2264 1284 2308; x_wconf 86' lang='lat' dir='ltr'>opiniones</span> 
     </span>
     <span class='ocr_line' id='line_1_42' title="bbox 299 2315 1284 2359; baseline -0.007 -5"><span class='ocrx_word' id='word_1_284' title='bbox 299 2328 421 2354; x_wconf 82' lang='lat' dir='ltr'>nostro</span> <span class='ocrx_word' id='word_1_285' title='bbox 440 2319 590 2359; x_wconf 88' lang='lat' dir='ltr'>iudicio,</span> <span class='ocrx_word' id='word_1_286' title='bbox 618 2325 678 2351; x_wconf 88' lang='lat' dir='ltr'>aut</span> <span class='ocrx_word' id='word_1_287' title='bbox 696 2316 930 2359; x_wconf 82' lang='lat' dir='ltr'>excogitemus</span> <span class='ocrx_word' id='word_1_288' title='bbox 953 2315 1077 2348; x_wconf 82' lang='lat' dir='ltr'>cultus.</span> <span class='ocrx_word' id='word_1_289' title='bbox 1129 2315 1211 2348; x_wconf 80' lang='lat' dir='ltr'>Ideo</span> <span class='ocrx_word' id='word_1_290' title='bbox 1229 2327 1284 2347; x_wconf 89' lang='lat' dir='ltr'>ac-</span> 
     </span>
     <span class='ocr_line' id='line_1_43' title="bbox 303 2363 1284 2414; baseline -0.005 -11"><span class='ocrx_word' id='word_1_291' title='bbox 303 2371 452 2414; x_wconf 87' lang='lat' dir='ltr'>cipimus</span> <span class='ocrx_word' id='word_1_292' title='bbox 476 2370 509 2402; x_wconf 90' lang='lat' dir='ltr'>id</span> <span class='ocrx_word' id='word_1_293' title='bbox 535 2370 679 2401; x_wconf 78' lang='lat' dir='ltr'>verbum</span> <span class='ocrx_word' id='word_1_294' title='bbox 704 2369 739 2400; x_wconf 91' lang='lat' dir='ltr'>in</span> <span class='ocrx_word' id='word_1_295' title='bbox 765 2379 834 2412; x_wconf 87' lang='lat' dir='ltr'>quo</span> <span class='ocrx_word' id='word_1_296' title='bbox 860 2378 895 2399; x_wconf 89' lang='lat' dir='ltr'>se</span> <span class='ocrx_word' id='word_1_297' title='bbox 919 2365 1099 2410; x_wconf 85' lang='lat' dir='ltr'>patefecit,</span> <span class='ocrx_word' id='word_1_298' title='bbox 1132 2373 1167 2398; x_wconf 89' lang='lat' dir='ltr'>et</span> <span class='ocrx_word' id='word_1_299' title='bbox 1189 2363 1284 2398; x_wconf 92' lang='lat' dir='ltr'>hunc</span> 
     </span>
     <span class='ocr_line' id='line_1_44' title="bbox 302 2415 1283 2462; baseline -0.005 -9"><span class='ocrx_word' id='word_1_300' title='bbox 302 2421 416 2454; x_wconf 82' lang='lat' dir='ltr'>Deum</span> <span class='ocrx_word' id='word_1_301' title='bbox 449 2427 647 2457; x_wconf 88' lang='lat' dir='ltr'>aeternnm,</span> <span class='ocrx_word' id='word_1_302' title='bbox 695 2417 907 2462; x_wconf 71' lang='lat' dir='ltr'>sapientem,</span> <span class='ocrx_word' id='word_1_303' title='bbox 949 2417 1099 2455; x_wconf 88' lang='lat' dir='ltr'>bonum,</span> <span class='ocrx_word' id='word_1_304' title='bbox 1141 2415 1283 2455; x_wconf 87' lang='lat' dir='ltr'>iustum,</span> 
     </span>
     <span class='ocr_line' id='line_1_45' title="bbox 303 2466 1283 2513; baseline -0.005 -9"><span class='ocrx_word' id='word_1_305' title='bbox 303 2472 473 2509; x_wconf 76' lang='lat' dir='ltr'>iudicem,</span> <span class='ocrx_word' id='word_1_306' title='bbox 501 2477 533 2503; x_wconf 87' lang='lat' dir='ltr'>et</span> <span class='ocrx_word' id='word_1_307' title='bbox 556 2476 687 2513; x_wconf 90' lang='lat' dir='ltr'>patrem</span> <span class='ocrx_word' id='word_1_308' title='bbox 713 2468 788 2501; x_wconf 90' lang='lat' dir='ltr'>lesu</span> <span class='ocrx_word' id='word_1_309' title='bbox 816 2466 949 2501; x_wconf 86' lang='lat' dir='ltr'>Christi</span> <span class='ocrx_word' id='word_1_310' title='bbox 973 2467 1195 2505; x_wconf 87' lang='lat' dir='ltr'>invocamus,</span> <span class='ocrx_word' id='word_1_311' title='bbox 1222 2467 1283 2510; x_wconf 88' lang='lat' dir='ltr'>qui</span> 
     </span>
     <span class='ocr_line' id='line_1_46' title="bbox 305 2517 1284 2564; baseline -0.006 -10"><span class='ocrx_word' id='word_1_312' title='bbox 305 2529 338 2555; x_wconf 88' lang='lat' dir='ltr'>et</span> <span class='ocrx_word' id='word_1_313' title='bbox 370 2521 546 2564; x_wconf 88' lang='lat' dir='ltr'>pollicitus</span> <span class='ocrx_word' id='word_1_314' title='bbox 578 2527 628 2552; x_wconf 92' lang='lat' dir='ltr'>est</span> <span class='ocrx_word' id='word_1_315' title='bbox 664 2519 767 2551; x_wconf 86' lang='lat' dir='ltr'>nobis</span> <span class='ocrx_word' id='word_1_316' title='bbox 799 2519 943 2551; x_wconf 87' lang='lat' dir='ltr'>salutem</span> <span class='ocrx_word' id='word_1_317' title='bbox 980 2523 1122 2561; x_wconf 87' lang='lat' dir='ltr'>propter</span> <span class='ocrx_word' id='word_1_318' title='bbox 1161 2517 1284 2557; x_wconf 83' lang='lat' dir='ltr'>filium,</span> 
     </span>
     <span class='ocr_line' id='line_1_47' title="bbox 304 2568 1283 2616; baseline -0.005 -12"><span class='ocrx_word' id='word_1_319' title='bbox 304 2584 408 2616; x_wconf 87' lang='lat' dir='ltr'>quem</span> <span class='ocrx_word' id='word_1_320' title='bbox 435 2570 587 2603; x_wconf 86' lang='lat' dir='ltr'>mirabili</span> <span class='ocrx_word' id='word_1_321' title='bbox 611 2577 643 2603; x_wconf 91' lang='lat' dir='ltr'>et</span> <span class='ocrx_word' id='word_1_322' title='bbox 668 2569 896 2602; x_wconf 84' lang='lat' dir='ltr'>inenarrabili</span> <span class='ocrx_word' id='word_1_323' title='bbox 924 2568 1072 2601; x_wconf 83' lang='lat' dir='ltr'>consilio</span> <span class='ocrx_word' id='word_1_324' title='bbox 1096 2579 1158 2610; x_wconf 91' lang='lat' dir='ltr'>pro</span> <span class='ocrx_word' id='word_1_325' title='bbox 1179 2568 1283 2599; x_wconf 91' lang='lat' dir='ltr'>nobis</span> 
     </span>
     <span class='ocr_line' id='line_1_48' title="bbox 303 2618 1282 2664; baseline -0.003 -11"><span class='ocrx_word' id='word_1_326' title='bbox 303 2622 480 2655; x_wconf 73' lang='lat' dir='ltr'>victimam</span> <span class='ocrx_word' id='word_1_327' title='bbox 505 2621 595 2654; x_wconf 77' lang='lat' dir='ltr'>fecit.</span> <span class='ocrx_word' id='word_1_328' title='bbox 658 2620 806 2664; x_wconf 85' lang='lat' dir='ltr'>Propter</span> <span class='ocrx_word' id='word_1_329' title='bbox 830 2618 925 2652; x_wconf 87' lang='lat' dir='ltr'>hunc</span> <span class='ocrx_word' id='word_1_330' title='bbox 952 2619 1078 2651; x_wconf 88' lang='lat' dir='ltr'>scimus</span> <span class='ocrx_word' id='word_1_331' title='bbox 1102 2624 1195 2651; x_wconf 86' lang='lat' dir='ltr'>certo</span> <span class='ocrx_word' id='word_1_332' title='bbox 1218 2629 1282 2650; x_wconf 92' lang='lat' dir='ltr'>nos</span> 
     </span>
     <span class='ocr_line' id='line_1_49' title="bbox 302 2666 1280 2716; baseline -0.003 -11"><span class='ocrx_word' id='word_1_333' title='bbox 302 2672 448 2716; x_wconf 85' lang='lat' dir='ltr'>respici,</span> <span class='ocrx_word' id='word_1_334' title='bbox 474 2670 651 2713; x_wconf 77' lang='lat' dir='ltr'>exaudiri,</span> <span class='ocrx_word' id='word_1_335' title='bbox 676 2678 709 2705; x_wconf 91' lang='lat' dir='ltr'>et</span> <span class='ocrx_word' id='word_1_336' title='bbox 731 2671 877 2712; x_wconf 76' lang='lat' dir='ltr'>salvari,</span> <span class='ocrx_word' id='word_1_337' title='bbox 903 2670 1030 2704; x_wconf 90' lang='lat' dir='ltr'>scimus</span> <span class='ocrx_word' id='word_1_338' title='bbox 1054 2666 1144 2703; x_wconf 89' lang='lat' dir='ltr'>hanc</span> <span class='ocrx_word' id='word_1_339' title='bbox 1162 2680 1280 2702; x_wconf 80' lang='lat' dir='ltr'>vocem</span> 
     </span>
    </p>
   </div>
   <div class='ocr_carea' id='block_1_5' title="bbox 878 104 1707 149">
    <p class='ocr_par' dir='ltr' id='par_1_5' title="bbox 878 104 1707 149">
     <span class='ocr_line' id='line_1_50' title="bbox 878 104 1707 149; baseline -0.001 -1"><span class='ocrx_word' id='word_1_340' title='bbox 878 111 1004 149; x_wconf 85' lang='lat' dir='ltr'>PHIL.</span> <span class='ocrx_word' id='word_1_341' title='bbox 1029 109 1147 148; x_wconf 89' lang='lat' dir='ltr'>MEL.</span> <span class='ocrx_word' id='word_1_342' title='bbox 1172 104 1381 146; x_wconf 80' lang='lat' dir='ltr'><strong>SCRIPTA</strong></span> <span class='ocrx_word' id='word_1_343' title='bbox 1407 105 1707 147; x_wconf 81' lang='lat' dir='ltr'>EXEGETICA·</span> 
     </span>
    </p>
   </div>
   <div class='ocr_carea' id='block_1_6' title="bbox 2233 109 2305 145">
    <p class='ocr_par' dir='ltr' id='par_1_6' title="bbox 2233 109 2305 145">
     <span class='ocr_line' id='line_1_51' title="bbox 2233 109 2305 145; baseline 0 0"><span class='ocrx_word' id='word_1_344' title='bbox 2233 109 2305 145; x_wconf 81' lang='lat'>104</span> 
     </span>
    </p>
   </div>
   <div class='ocr_carea' id='block_1_7' title="bbox 1326 192 2311 342">
    <p class='ocr_par' dir='ltr' id='par_1_7' title="bbox 1326 192 2311 342">
     <span class='ocr_line' id='line_1_52' title="bbox 1326 192 2310 241; baseline 0.002 -13"><span class='ocrx_word' id='word_1_345' title='bbox 1326 192 1512 239; x_wconf 83' lang='lat' dir='ltr'>Evangelii</span> <span class='ocrx_word' id='word_1_346' title='bbox 1549 196 1698 240; x_wconf 84' lang='lat' dir='ltr'>primam</span> <span class='ocrx_word' id='word_1_347' title='bbox 1729 206 1837 228; x_wconf 89' lang='lat' dir='ltr'>unam</span> <span class='ocrx_word' id='word_1_348' title='bbox 1871 202 1904 231; x_wconf 88' lang='lat' dir='ltr'>et</span> <span class='ocrx_word' id='word_1_349' title='bbox 1931 202 2133 241; x_wconf 84' lang='lat' dir='ltr'>perpetuam</span> <span class='ocrx_word' id='word_1_350' title='bbox 2173 208 2244 231; x_wconf 90' lang='lat' dir='ltr'>esse</span> <span class='ocrx_word' id='word_1_351' title='bbox 2272 201 2310 230; x_wconf 87' lang='lat' dir='ltr'>in</span> 
     </span>
     <span class='ocr_line' id='line_1_53' title="bbox 1326 244 2311 293; baseline 0.002 -14"><span class='ocrx_word' id='word_1_352' title='bbox 1326 244 1501 287; x_wconf 85' lang='lat' dir='ltr'>Ecclesia,</span> <span class='ocrx_word' id='word_1_353' title='bbox 1531 247 1694 280; x_wconf 84' lang='lat' dir='ltr'>traditam</span> <span class='ocrx_word' id='word_1_354' title='bbox 1718 246 1820 280; x_wconf 90' lang='lat' dir='ltr'>certis</span> <span class='ocrx_word' id='word_1_355' title='bbox 1841 247 2050 281; x_wconf 86' lang='lat' dir='ltr'>testimoniis</span> <span class='ocrx_word' id='word_1_356' title='bbox 2071 259 2134 293; x_wconf 87' lang='lat' dir='ltr'>per</span> <span class='ocrx_word' id='word_1_357' title='bbox 2151 245 2311 293; x_wconf 86' lang='lat' dir='ltr'>Prophe-</span> 
     </span>
     <span class='ocr_line' id='line_1_54' title="bbox 1326 295 1889 342; baseline 0.004 -12"><span class='ocrx_word' id='word_1_358' title='bbox 1326 303 1397 337; x_wconf 87' lang='lat' dir='ltr'>tas,</span> <span class='ocrx_word' id='word_1_359' title='bbox 1424 295 1605 331; x_wconf 88' lang='lat' dir='ltr'>Christum</span> <span class='ocrx_word' id='word_1_360' title='bbox 1632 304 1666 331; x_wconf 84' lang='lat' dir='ltr'>et</span> <span class='ocrx_word' id='word_1_361' title='bbox 1689 295 1889 342; x_wconf 89' lang='lat' dir='ltr'>Apostolos.</span> 
     </span>
    </p>
   </div>
   <div class='ocr_carea' id='block_1_8' title="bbox 1327 395 2319 1703">
    <p class='ocr_par' dir='ltr' id='par_1_8' title="bbox 1327 395 2319 1703">
     <span class='ocr_line' id='line_1_55' title="bbox 1427 395 2312 444; baseline 0.002 -13"><span class='ocrx_word' id='word_1_362' title='bbox 1427 396 1524 431; x_wconf 86' lang='lat' dir='ltr'>Haec</span> <span class='ocrx_word' id='word_1_363' title='bbox 1553 409 1642 443; x_wconf 89' lang='lat' dir='ltr'>quae</span> <span class='ocrx_word' id='word_1_364' title='bbox 1670 410 1766 432; x_wconf 91' lang='lat' dir='ltr'>nunc</span> <span class='ocrx_word' id='word_1_365' title='bbox 1794 398 1923 440; x_wconf 87' lang='lat' dir='ltr'>recito,</span> <span class='ocrx_word' id='word_1_366' title='bbox 1965 405 1999 433; x_wconf 92' lang='lat' dir='ltr'>et</span> <span class='ocrx_word' id='word_1_367' title='bbox 2023 409 2111 444; x_wconf 88' lang='lat' dir='ltr'>quae</span> <span class='ocrx_word' id='word_1_368' title='bbox 2140 405 2231 433; x_wconf 86' lang='lat' dir='ltr'>certe</span> <span class='ocrx_word' id='word_1_369' title='bbox 2253 395 2312 433; x_wconf 85' lang='lat' dir='ltr'>hic</span> 
     </span>
     <span class='ocr_line' id='line_1_56' title="bbox 1327 446 2313 493; baseline 0 -11"><span class='ocrx_word' id='word_1_370' title='bbox 1327 446 1488 482; x_wconf 88' lang='lat' dir='ltr'>Christus</span> <span class='ocrx_word' id='word_1_371' title='bbox 1507 449 1613 489; x_wconf 87' lang='lat' dir='ltr'>dicit,</span> <span class='ocrx_word' id='word_1_372' title='bbox 1641 449 1797 493; x_wconf 89' lang='lat' dir='ltr'>quotidie</span> <span class='ocrx_word' id='word_1_373' title='bbox 1813 450 1847 482; x_wconf 89' lang='lat' dir='ltr'>in</span> <span class='ocrx_word' id='word_1_374' title='bbox 1866 449 2089 483; x_wconf 91' lang='lat' dir='ltr'>invocatione</span> <span class='ocrx_word' id='word_1_375' title='bbox 2113 450 2232 483; x_wconf 89' lang='lat' dir='ltr'>animo</span> <span class='ocrx_word' id='word_1_376' title='bbox 2254 449 2313 482; x_wconf 89' lang='lat' dir='ltr'>in-</span> 
     </span>
     <span class='ocr_line' id='line_1_57' title="bbox 1327 499 2312 535; baseline 0.001 -3"><span class='ocrx_word' id='word_1_377' title='bbox 1327 500 1456 532; x_wconf 88' lang='lat' dir='ltr'>tuenda</span> <span class='ocrx_word' id='word_1_378' title='bbox 1482 506 1574 535; x_wconf 87' lang='lat' dir='ltr'>sunt.</span> <span class='ocrx_word' id='word_1_379' title='bbox 1632 499 1872 534; x_wconf 86' lang='lat' dir='ltr'>Discernenda</span> <span class='ocrx_word' id='word_1_380' title='bbox 1897 507 1947 534; x_wconf 89' lang='lat' dir='ltr'>est</span> <span class='ocrx_word' id='word_1_381' title='bbox 1970 507 2029 534; x_wconf 87' lang='lat' dir='ltr'>tua</span> <span class='ocrx_word' id='word_1_382' title='bbox 2059 500 2235 534; x_wconf 87' lang='lat' dir='ltr'>invocatio</span> <span class='ocrx_word' id='word_1_383' title='bbox 2267 500 2312 533; x_wconf 86' lang='lat' dir='ltr'>ab</span> 
     </span>
     <span class='ocr_line' id='line_1_58' title="bbox 1327 547 2310 592; baseline 0.002 -10"><span class='ocrx_word' id='word_1_384' title='bbox 1327 547 1583 590; x_wconf 86' lang='lat' dir='ltr'>Etlmicorum,</span> <span class='ocrx_word' id='word_1_385' title='bbox 1617 549 1846 592; x_wconf 86' lang='lat' dir='ltr'>Iudaeorum,</span> <span class='ocrx_word' id='word_1_386' title='bbox 1880 548 2211 584; x_wconf 86' lang='lat' dir='ltr'>Mahometistarum</span> <span class='ocrx_word' id='word_1_387' title='bbox 2237 550 2310 584; x_wconf 86' lang='lat' dir='ltr'>cla-</span> 
     </span>
     <span class='ocr_line' id='line_1_59' title="bbox 1327 600 2312 643; baseline 0.002 -11"><span class='ocrx_word' id='word_1_388' title='bbox 1327 611 1445 639; x_wconf 91' lang='lat' dir='ltr'>more,</span> <span class='ocrx_word' id='word_1_389' title='bbox 1472 600 1533 643; x_wconf 90' lang='lat' dir='ltr'>qui</span> <span class='ocrx_word' id='word_1_390' title='bbox 1552 600 1777 643; x_wconf 87' lang='lat' dir='ltr'>interrogati,</span> <span class='ocrx_word' id='word_1_391' title='bbox 1803 613 1925 634; x_wconf 89' lang='lat' dir='ltr'>omnes</span> <span class='ocrx_word' id='word_1_392' title='bbox 1949 602 2142 635; x_wconf 84' lang='lat' dir='ltr'>faterentur</span> <span class='ocrx_word' id='word_1_393' title='bbox 2158 613 2193 635; x_wconf 89' lang='lat' dir='ltr'>se</span> <span class='ocrx_word' id='word_1_394' title='bbox 2207 601 2312 634; x_wconf 87' lang='lat' dir='ltr'>invo-</span> 
     </span>
     <span class='ocr_line' id='line_1_60' title="bbox 1329 649 2313 696; baseline 0.002 -13"><span class='ocrx_word' id='word_1_395' title='bbox 1329 662 1404 683; x_wconf 88' lang='lat' dir='ltr'>care</span> <span class='ocrx_word' id='word_1_396' title='bbox 1422 651 1568 682; x_wconf 90' lang='lat' dir='ltr'>surdum</span> <span class='ocrx_word' id='word_1_397' title='bbox 1586 649 1712 691; x_wconf 87' lang='lat' dir='ltr'>Deum,</span> <span class='ocrx_word' id='word_1_398' title='bbox 1740 662 1778 684; x_wconf 88' lang='lat' dir='ltr'>ac</span> <span class='ocrx_word' id='word_1_399' title='bbox 1790 652 1952 684; x_wconf 90' lang='lat' dir='ltr'>dubitare</span> <span class='ocrx_word' id='word_1_400' title='bbox 1970 664 2057 696; x_wconf 89' lang='lat' dir='ltr'>quae</span> <span class='ocrx_word' id='word_1_401' title='bbox 2075 664 2130 684; x_wconf 89' lang='lat' dir='ltr'>res</span> <span class='ocrx_word' id='word_1_402' title='bbox 2145 651 2189 685; x_wconf 88' lang='lat' dir='ltr'>sit</span> <span class='ocrx_word' id='word_1_403' title='bbox 2203 651 2313 693; x_wconf 87' lang='lat' dir='ltr'>Deus,</span> 
     </span>
     <span class='ocr_line' id='line_1_61' title="bbox 1329 700 2314 745; baseline 0.001 -12"><span class='ocrx_word' id='word_1_404' title='bbox 1329 707 1363 733; x_wconf 89' lang='lat' dir='ltr'>et</span> <span class='ocrx_word' id='word_1_405' title='bbox 1378 712 1466 745; x_wconf 89' lang='lat' dir='ltr'>quae</span> <span class='ocrx_word' id='word_1_406' title='bbox 1482 700 1526 733; x_wconf 91' lang='lat' dir='ltr'>sit</span> <span class='ocrx_word' id='word_1_407' title='bbox 1551 700 1624 734; x_wconf 89' lang='lat' dir='ltr'>eius</span> <span class='ocrx_word' id='word_1_408' title='bbox 1643 701 1823 742; x_wconf 88' lang='lat' dir='ltr'>voluntas,</span> <span class='ocrx_word' id='word_1_409' title='bbox 1857 709 1890 735; x_wconf 88' lang='lat' dir='ltr'>et</span> <span class='ocrx_word' id='word_1_410' title='bbox 1914 714 1959 734; x_wconf 87' lang='lat' dir='ltr'>an</span> <span class='ocrx_word' id='word_1_411' title='bbox 1984 703 2102 735; x_wconf 83' lang='lat' dir='ltr'>audiat</span> <span class='ocrx_word' id='word_1_412' title='bbox 2124 700 2314 734; x_wconf 90' lang='lat' dir='ltr'>hominum</span> 
     </span>
     <span class='ocr_line' id='line_1_62' title="bbox 1329 751 2317 793; baseline 0.002 -11"><span class='ocrx_word' id='word_1_413' title='bbox 1329 757 1420 790; x_wconf 85' lang='lat' dir='ltr'>vota,</span> <span class='ocrx_word' id='word_1_414' title='bbox 1447 762 1492 783; x_wconf 89' lang='lat' dir='ltr'>an</span> <span class='ocrx_word' id='word_1_415' title='bbox 1507 751 1677 784; x_wconf 85' lang='lat' dir='ltr'>afficiatur</span> <span class='ocrx_word' id='word_1_416' title='bbox 1692 752 1820 785; x_wconf 92' lang='lat' dir='ltr'>nostris</span> <span class='ocrx_word' id='word_1_417' title='bbox 1835 752 1998 793; x_wconf 89' lang='lat' dir='ltr'>miseriis,</span> <span class='ocrx_word' id='word_1_418' title='bbox 2023 753 2216 785; x_wconf 84' lang='lat' dir='ltr'>faterentur</span> <span class='ocrx_word' id='word_1_419' title='bbox 2230 751 2317 785; x_wconf 88' lang='lat' dir='ltr'>item</span> 
     </span>
     <span class='ocr_line' id='line_1_63' title="bbox 1328 799 2317 844; baseline 0.003 -11"><span class='ocrx_word' id='word_1_420' title='bbox 1328 812 1365 833; x_wconf 90' lang='lat' dir='ltr'>se</span> <span class='ocrx_word' id='word_1_421' title='bbox 1395 801 1492 834; x_wconf 93' lang='lat' dir='ltr'>nulla</span> <span class='ocrx_word' id='word_1_422' title='bbox 1523 799 1649 835; x_wconf 88' lang='lat' dir='ltr'>habere</span> <span class='ocrx_word' id='word_1_423' title='bbox 1679 808 1770 835; x_wconf 86' lang='lat' dir='ltr'>certa</span> <span class='ocrx_word' id='word_1_424' title='bbox 1795 802 1995 835; x_wconf 88' lang='lat' dir='ltr'>testimonia</span> <span class='ocrx_word' id='word_1_425' title='bbox 2019 814 2100 835; x_wconf 83' lang='lat' dir='ltr'>suae</span> <span class='ocrx_word' id='word_1_426' title='bbox 2124 801 2317 844; x_wconf 84' lang='lat' dir='ltr'>doctrinae,</span> 
     </span>
     <span class='ocr_line' id='line_1_64' title="bbox 1330 852 2313 896; baseline 0.002 -13"><span class='ocrx_word' id='word_1_427' title='bbox 1330 863 1393 884; x_wconf 92' lang='lat' dir='ltr'>nec</span> <span class='ocrx_word' id='word_1_428' title='bbox 1409 852 1503 884; x_wconf 89' lang='lat' dir='ltr'>unde</span> <span class='ocrx_word' id='word_1_429' title='bbox 1520 859 1579 884; x_wconf 85' lang='lat' dir='ltr'>aut</span> <span class='ocrx_word' id='word_1_430' title='bbox 1596 853 1774 896; x_wconf 88' lang='lat' dir='ltr'>quomodo</span> <span class='ocrx_word' id='word_1_431' title='bbox 1789 859 1976 896; x_wconf 86' lang='lat' dir='ltr'>propagata</span> <span class='ocrx_word' id='word_1_432' title='bbox 1993 853 2054 891; x_wconf 88' lang='lat' dir='ltr'>sit,</span> <span class='ocrx_word' id='word_1_433' title='bbox 2082 865 2146 886; x_wconf 89' lang='lat' dir='ltr'>nec</span> <span class='ocrx_word' id='word_1_434' title='bbox 2164 852 2251 885; x_wconf 86' lang='lat' dir='ltr'>scire</span> <span class='ocrx_word' id='word_1_435' title='bbox 2266 864 2313 886; x_wconf 90' lang='lat' dir='ltr'>an</span> 
     </span>
     <span class='ocr_line' id='line_1_65' title="bbox 1329 902 2314 947; baseline 0.002 -13"><span class='ocrx_word' id='word_1_436' title='bbox 1329 902 1530 946; x_wconf 88' lang='lat' dir='ltr'>promiserit</span> <span class='ocrx_word' id='word_1_437' title='bbox 1551 902 1647 935; x_wconf 91' lang='lat' dir='ltr'>Deus</span> <span class='ocrx_word' id='word_1_438' title='bbox 1671 914 1705 935; x_wconf 91' lang='lat' dir='ltr'>se</span> <span class='ocrx_word' id='word_1_439' title='bbox 1727 904 1973 936; x_wconf 85' lang='lat' dir='ltr'>exauditurum</span> <span class='ocrx_word' id='word_1_440' title='bbox 2008 915 2099 944; x_wconf 84' lang='lat' dir='ltr'>esse,</span> <span class='ocrx_word' id='word_1_441' title='bbox 2138 909 2198 936; x_wconf 87' lang='lat' dir='ltr'>aut</span> <span class='ocrx_word' id='word_1_442' title='bbox 2223 915 2314 947; x_wconf 90' lang='lat' dir='ltr'>quo-</span> 
     </span>
     <span class='ocr_line' id='line_1_66' title="bbox 1330 951 2315 998; baseline 0.002 -14"><span class='ocrx_word' id='word_1_443' title='bbox 1330 953 1435 985; x_wconf 89' lang='lat' dir='ltr'>modo</span> <span class='ocrx_word' id='word_1_444' title='bbox 1456 953 1538 985; x_wconf 86' lang='lat' dir='ltr'>velit</span> <span class='ocrx_word' id='word_1_445' title='bbox 1557 965 1628 986; x_wconf 85' lang='lat' dir='ltr'>esse</span> <span class='ocrx_word' id='word_1_446' title='bbox 1651 953 1818 998; x_wconf 85' lang='lat' dir='ltr'>placatus.</span> <span class='ocrx_word' id='word_1_447' title='bbox 1876 952 1970 996; x_wconf 79' lang='lat' dir='ltr'>Ergo</span> <span class='ocrx_word' id='word_1_448' title='bbox 1991 954 2034 987; x_wconf 88' lang='lat' dir='ltr'>ab</span> <span class='ocrx_word' id='word_1_449' title='bbox 2059 951 2188 987; x_wconf 89' lang='lat' dir='ltr'>horum</span> <span class='ocrx_word' id='word_1_450' title='bbox 2209 953 2315 986; x_wconf 89' lang='lat' dir='ltr'>invo-</span> 
     </span>
     <span class='ocr_line' id='line_1_67' title="bbox 1330 1002 2312 1046; baseline 0.001 -11"><span class='ocrx_word' id='word_1_451' title='bbox 1330 1003 1466 1036; x_wconf 87' lang='lat' dir='ltr'>catione</span> <span class='ocrx_word' id='word_1_452' title='bbox 1482 1010 1513 1036; x_wconf 90' lang='lat' dir='ltr'>te</span> <span class='ocrx_word' id='word_1_453' title='bbox 1529 1004 1706 1046; x_wconf 82' lang='lat' dir='ltr'>seiungas,</span> <span class='ocrx_word' id='word_1_454' title='bbox 1733 1010 1766 1037; x_wconf 88' lang='lat' dir='ltr'>et</span> <span class='ocrx_word' id='word_1_455' title='bbox 1783 1012 1814 1037; x_wconf 89' lang='lat' dir='ltr'>te</span> <span class='ocrx_word' id='word_1_456' title='bbox 1830 1004 1873 1036; x_wconf 90' lang='lat' dir='ltr'>ad</span> <span class='ocrx_word' id='word_1_457' title='bbox 1899 1011 2007 1037; x_wconf 89' lang='lat' dir='ltr'>totam</span> <span class='ocrx_word' id='word_1_458' title='bbox 2032 1002 2226 1038; x_wconf 84' lang='lat' dir='ltr'>Ecclesiam</span> <span class='ocrx_word' id='word_1_459' title='bbox 2243 1003 2312 1036; x_wconf 90' lang='lat' dir='ltr'>Pa-</span> 
     </span>
     <span class='ocr_line' id='line_1_68' title="bbox 1329 1051 2312 1098; baseline 0.001 -12"><span class='ocrx_word' id='word_1_460' title='bbox 1329 1060 1422 1086; x_wconf 85' lang='lat' dir='ltr'>trum</span> <span class='ocrx_word' id='word_1_461' title='bbox 1452 1051 1731 1096; x_wconf 84' lang='lat' dir='ltr'>Prophetarum,</span> <span class='ocrx_word' id='word_1_462' title='bbox 1772 1061 1806 1087; x_wconf 91' lang='lat' dir='ltr'>et</span> <span class='ocrx_word' id='word_1_463' title='bbox 1830 1054 2083 1098; x_wconf 87' lang='lat' dir='ltr'>Apostolorum</span> <span class='ocrx_word' id='word_1_464' title='bbox 2116 1054 2312 1097; x_wconf 87' lang='lat' dir='ltr'>adiungito,</span> 
     </span>
     <span class='ocr_line' id='line_1_69' title="bbox 1331 1100 2315 1147; baseline 0.002 -12"><span class='ocrx_word' id='word_1_465' title='bbox 1331 1115 1394 1147; x_wconf 90' lang='lat' dir='ltr'>per</span> <span class='ocrx_word' id='word_1_466' title='bbox 1416 1100 1479 1136; x_wconf 88' lang='lat' dir='ltr'>hos</span> <span class='ocrx_word' id='word_1_467' title='bbox 1502 1104 1613 1146; x_wconf 87' lang='lat' dir='ltr'>cogita</span> <span class='ocrx_word' id='word_1_468' title='bbox 1628 1105 1774 1136; x_wconf 89' lang='lat' dir='ltr'>verbum</span> <span class='ocrx_word' id='word_1_469' title='bbox 1800 1111 1893 1137; x_wconf 88' lang='lat' dir='ltr'>certo</span> <span class='ocrx_word' id='word_1_470' title='bbox 1918 1105 2117 1138; x_wconf 80' lang='lat' dir='ltr'>testimonio</span> <span class='ocrx_word' id='word_1_471' title='bbox 2143 1105 2315 1140; x_wconf 83' lang='lat' dir='ltr'>traditum</span> 
     </span>
     <span class='ocr_line' id='line_1_70' title="bbox 1331 1151 2314 1198; baseline 0.001 -12"><span class='ocrx_word' id='word_1_472' title='bbox 1331 1164 1413 1193; x_wconf 89' lang='lat' dir='ltr'>esse,</span> <span class='ocrx_word' id='word_1_473' title='bbox 1440 1160 1474 1186; x_wconf 91' lang='lat' dir='ltr'>et</span> <span class='ocrx_word' id='word_1_474' title='bbox 1489 1151 1583 1186; x_wconf 90' lang='lat' dir='ltr'>hunc</span> <span class='ocrx_word' id='word_1_475' title='bbox 1598 1153 1804 1192; x_wconf 84' lang='lat' dir='ltr'>esseDeum,</span> <span class='ocrx_word' id='word_1_476' title='bbox 1832 1155 1892 1198; x_wconf 90' lang='lat' dir='ltr'>qui</span> <span class='ocrx_word' id='word_1_477' title='bbox 1908 1166 1942 1187; x_wconf 91' lang='lat' dir='ltr'>se</span> <span class='ocrx_word' id='word_1_478' title='bbox 1959 1156 2118 1197; x_wconf 86' lang='lat' dir='ltr'>patefecit</span> <span class='ocrx_word' id='word_1_479' title='bbox 2134 1167 2196 1198; x_wconf 88' lang='lat' dir='ltr'>per</span> <span class='ocrx_word' id='word_1_480' title='bbox 2212 1167 2314 1188; x_wconf 87' lang='lat' dir='ltr'>suum</span> 
     </span>
     <span class='ocr_line' id='line_1_71' title="bbox 1330 1204 2316 1246; baseline 0.002 -10"><span class='ocrx_word' id='word_1_481' title='bbox 1330 1205 1495 1244; x_wconf 86' lang='lat' dir='ltr'>verbum,</span> <span class='ocrx_word' id='word_1_482' title='bbox 1522 1216 1686 1246; x_wconf 83' lang='lat' dir='ltr'>agnoscas</span> <span class='ocrx_word' id='word_1_483' title='bbox 1703 1211 1737 1238; x_wconf 91' lang='lat' dir='ltr'>et</span> <span class='ocrx_word' id='word_1_484' title='bbox 1753 1205 1901 1239; x_wconf 81' lang='lat' dir='ltr'>fatearis.</span> <span class='ocrx_word' id='word_1_485' title='bbox 1954 1204 2022 1238; x_wconf 81' lang='lat' dir='ltr'>Hic</span> <span class='ocrx_word' id='word_1_486' title='bbox 2038 1205 2133 1238; x_wconf 88' lang='lat' dir='ltr'>Deus</span> <span class='ocrx_word' id='word_1_487' title='bbox 2152 1217 2217 1238; x_wconf 86' lang='lat' dir='ltr'>nec</span> <span class='ocrx_word' id='word_1_488' title='bbox 2235 1216 2316 1238; x_wconf 88' lang='lat' dir='ltr'>mu-</span> 
     </span>
     <span class='ocr_line' id='line_1_72' title="bbox 1332 1255 2314 1293; baseline -0.001 -5"><span class='ocrx_word' id='word_1_489' title='bbox 1332 1262 1387 1288; x_wconf 85' lang='lat' dir='ltr'>tus</span> <span class='ocrx_word' id='word_1_490' title='bbox 1405 1261 1454 1288; x_wconf 88' lang='lat' dir='ltr'>est</span> <span class='ocrx_word' id='word_1_491' title='bbox 1467 1281 1475 1293; x_wconf 77' lang='lat'>,</span> <span class='ocrx_word' id='word_1_492' title='bbox 1501 1267 1565 1287; x_wconf 88' lang='lat' dir='ltr'>nec</span> <span class='ocrx_word' id='word_1_493' title='bbox 1582 1257 1726 1293; x_wconf 89' lang='lat' dir='ltr'>surdus,</span> <span class='ocrx_word' id='word_1_494' title='bbox 1753 1255 1890 1288; x_wconf 90' lang='lat' dir='ltr'>locutus</span> <span class='ocrx_word' id='word_1_495' title='bbox 1908 1263 1957 1289; x_wconf 83' lang='lat' dir='ltr'>est</span> <span class='ocrx_word' id='word_1_496' title='bbox 1974 1256 2076 1288; x_wconf 89' lang='lat' dir='ltr'>initio</span> <span class='ocrx_word' id='word_1_497' title='bbox 2102 1268 2181 1288; x_wconf 89' lang='lat' dir='ltr'>cum</span> <span class='ocrx_word' id='word_1_498' title='bbox 2198 1255 2314 1288; x_wconf 88' lang='lat' dir='ltr'>Patri-</span> 
     </span>
     <span class='ocr_line' id='line_1_73' title="bbox 1332 1302 2315 1348; baseline 0.001 -11"><span class='ocrx_word' id='word_1_499' title='bbox 1332 1306 1397 1338; x_wconf 90' lang='lat' dir='ltr'>bus</span> <span class='ocrx_word' id='word_1_500' title='bbox 1415 1312 1447 1338; x_wconf 89' lang='lat' dir='ltr'>et</span> <span class='ocrx_word' id='word_1_501' title='bbox 1463 1303 1649 1348; x_wconf 87' lang='lat' dir='ltr'>Prophetis</span> <span class='ocrx_word' id='word_1_502' title='bbox 1661 1332 1669 1345; x_wconf 95' lang='lat'>,</span> <span class='ocrx_word' id='word_1_503' title='bbox 1695 1302 1853 1345; x_wconf 78' lang='lat' dir='ltr'>exhibuit</span> <span class='ocrx_word' id='word_1_504' title='bbox 1871 1312 1904 1339; x_wconf 84' lang='lat' dir='ltr'>et</span> <span class='ocrx_word' id='word_1_505' title='bbox 1921 1306 1987 1338; x_wconf 86' lang='lat' dir='ltr'>alia</span> <span class='ocrx_word' id='word_1_506' title='bbox 2011 1312 2103 1339; x_wconf 87' lang='lat' dir='ltr'>certa</span> <span class='ocrx_word' id='word_1_507' title='bbox 2119 1313 2154 1339; x_wconf 87' lang='lat' dir='ltr'>et</span> <span class='ocrx_word' id='word_1_508' title='bbox 2170 1306 2315 1338; x_wconf 84' lang='lat' dir='ltr'>eviden-</span> 
     </span>
     <span class='ocr_line' id='line_1_74' title="bbox 1333 1355 2316 1396; baseline 0 -7"><span class='ocrx_word' id='word_1_509' title='bbox 1333 1356 1378 1389; x_wconf 89' lang='lat' dir='ltr'>tia</span> <span class='ocrx_word' id='word_1_510' title='bbox 1402 1356 1621 1396; x_wconf 88' lang='lat' dir='ltr'>testimonia,</span> <span class='ocrx_word' id='word_1_511' title='bbox 1663 1363 1701 1389; x_wconf 89' lang='lat' dir='ltr'>ut</span> <span class='ocrx_word' id='word_1_512' title='bbox 1732 1356 1943 1389; x_wconf 90' lang='lat' dir='ltr'>resuscitatis</span> <span class='ocrx_word' id='word_1_513' title='bbox 1964 1357 2130 1393; x_wconf 83' lang='lat' dir='ltr'>mortuis,</span> <span class='ocrx_word' id='word_1_514' title='bbox 2166 1362 2200 1389; x_wconf 89' lang='lat' dir='ltr'>et</span> <span class='ocrx_word' id='word_1_515' title='bbox 2223 1355 2316 1389; x_wconf 84' lang='lat' dir='ltr'>clara</span> 
     </span>
     <span class='ocr_line' id='line_1_75' title="bbox 1332 1405 2315 1450; baseline 0.001 -12"><span class='ocrx_word' id='word_1_516' title='bbox 1332 1406 1531 1438; x_wconf 87' lang='lat' dir='ltr'>vocenobis</span> <span class='ocrx_word' id='word_1_517' title='bbox 1550 1406 1713 1439; x_wconf 89' lang='lat' dir='ltr'>omnibus</span> <span class='ocrx_word' id='word_1_518' title='bbox 1731 1408 1773 1439; x_wconf 90' lang='lat' dir='ltr'>de</span> <span class='ocrx_word' id='word_1_519' title='bbox 1798 1406 1869 1440; x_wconf 83' lang='lat' dir='ltr'>filio</span> <span class='ocrx_word' id='word_1_520' title='bbox 1896 1407 2088 1450; x_wconf 87' lang='lat' dir='ltr'>praecepit:</span> <span class='ocrx_word' id='word_1_521' title='bbox 2123 1405 2228 1439; x_wconf 88' lang='lat' dir='ltr'>Hunc</span> <span class='ocrx_word' id='word_1_522' title='bbox 2252 1418 2315 1439; x_wconf 92' lang='lat' dir='ltr'>au-</span> 
     </span>
     <span class='ocr_line' id='line_1_76' title="bbox 1332 1456 2317 1500; baseline 0.001 -12"><span class='ocrx_word' id='word_1_523' title='bbox 1332 1457 1415 1491; x_wconf 83' lang='lat' dir='ltr'>dite.</span> <span class='ocrx_word' id='word_1_524' title='bbox 1469 1456 1603 1489; x_wconf 88' lang='lat' dir='ltr'>Deinde</span> <span class='ocrx_word' id='word_1_525' title='bbox 1627 1469 1691 1489; x_wconf 90' lang='lat' dir='ltr'>nec</span> <span class='ocrx_word' id='word_1_526' title='bbox 1720 1458 1848 1489; x_wconf 87' lang='lat' dir='ltr'>surdus</span> <span class='ocrx_word' id='word_1_527' title='bbox 1871 1464 1939 1497; x_wconf 87' lang='lat' dir='ltr'>est,</span> <span class='ocrx_word' id='word_1_528' title='bbox 1966 1459 2025 1490; x_wconf 90' lang='lat' dir='ltr'>sed</span> <span class='ocrx_word' id='word_1_529' title='bbox 2043 1469 2123 1490; x_wconf 80' lang='lat' dir='ltr'>vere</span> <span class='ocrx_word' id='word_1_530' title='bbox 2140 1457 2216 1490; x_wconf 89' lang='lat' dir='ltr'>vult</span> <span class='ocrx_word' id='word_1_531' title='bbox 2233 1468 2317 1500; x_wconf 89' lang='lat' dir='ltr'>pro-</span> 
     </span>
     <span class='ocr_line' id='line_1_77' title="bbox 1333 1507 2319 1552; baseline 0 -13"><span class='ocrx_word' id='word_1_532' title='bbox 1333 1514 1409 1550; x_wconf 90' lang='lat' dir='ltr'>pter</span> <span class='ocrx_word' id='word_1_533' title='bbox 1440 1507 1551 1539; x_wconf 87' lang='lat' dir='ltr'>filium</span> <span class='ocrx_word' id='word_1_534' title='bbox 1589 1507 1769 1545; x_wconf 80' lang='lat' dir='ltr'>exaudire,</span> <span class='ocrx_word' id='word_1_535' title='bbox 1820 1514 1854 1541; x_wconf 88' lang='lat' dir='ltr'>et</span> <span class='ocrx_word' id='word_1_536' title='bbox 1884 1508 2038 1552; x_wconf 84' lang='lat' dir='ltr'>salvare,</span> <span class='ocrx_word' id='word_1_537' title='bbox 2081 1514 2112 1540; x_wconf 89' lang='lat' dir='ltr'>et</span> <span class='ocrx_word' id='word_1_538' title='bbox 2139 1507 2319 1540; x_wconf 86' lang='lat' dir='ltr'>credentes</span> 
     </span>
     <span class='ocr_line' id='line_1_78' title="bbox 1332 1556 2319 1602; baseline 0 -12"><span class='ocrx_word' id='word_1_539' title='bbox 1332 1558 1445 1590; x_wconf 88' lang='lat' dir='ltr'>sciunt</span> <span class='ocrx_word' id='word_1_540' title='bbox 1462 1569 1496 1589; x_wconf 91' lang='lat' dir='ltr'>se</span> <span class='ocrx_word' id='word_1_541' title='bbox 1514 1569 1586 1589; x_wconf 88' lang='lat' dir='ltr'>non</span> <span class='ocrx_word' id='word_1_542' title='bbox 1605 1558 1690 1591; x_wconf 79' lang='lat' dir='ltr'>salli.</span> <span class='ocrx_word' id='word_1_543' title='bbox 1751 1556 1847 1590; x_wconf 86' lang='lat' dir='ltr'>Haec</span> <span class='ocrx_word' id='word_1_544' title='bbox 1872 1559 1992 1590; x_wconf 88' lang='lat' dir='ltr'>omnia</span> <span class='ocrx_word' id='word_1_545' title='bbox 2019 1557 2177 1602; x_wconf 88' lang='lat' dir='ltr'>quotidie</span> <span class='ocrx_word' id='word_1_546' title='bbox 2199 1557 2237 1590; x_wconf 92' lang='lat' dir='ltr'>in</span> <span class='ocrx_word' id='word_1_547' title='bbox 2262 1557 2319 1590; x_wconf 89' lang='lat' dir='ltr'>in-</span> 
     </span>
     <span class='ocr_line' id='line_1_79' title="bbox 1332 1607 2318 1651; baseline 0.001 -12"><span class='ocrx_word' id='word_1_548' title='bbox 1332 1608 1516 1641; x_wconf 76' lang='lat' dir='ltr'>vocatione</span> <span class='ocrx_word' id='word_1_549' title='bbox 1549 1608 1733 1651; x_wconf 78' lang='lat' dir='ltr'>cogitanda</span> <span class='ocrx_word' id='word_1_550' title='bbox 1769 1615 1869 1649; x_wconf 90' lang='lat' dir='ltr'>sunt,</span> <span class='ocrx_word' id='word_1_551' title='bbox 1912 1609 2080 1642; x_wconf 84' lang='lat' dir='ltr'>intuenda</span> <span class='ocrx_word' id='word_1_552' title='bbox 2115 1607 2318 1642; x_wconf 81' lang='lat' dir='ltr'>testimonia</span> 
     </span>
     <span class='ocr_line' id='line_1_80' title="bbox 1331 1656 2072 1703; baseline 0 -12"><span class='ocrx_word' id='word_1_553' title='bbox 1331 1656 1507 1691; x_wconf 82' lang='lat' dir='ltr'>Ecclesiae</span> <span class='ocrx_word' id='word_1_554' title='bbox 1527 1659 1653 1692; x_wconf 86' lang='lat' dir='ltr'>tradita</span> <span class='ocrx_word' id='word_1_555' title='bbox 1671 1659 1753 1692; x_wconf 87' lang='lat' dir='ltr'>inde</span> <span class='ocrx_word' id='word_1_556' title='bbox 1769 1670 1879 1703; x_wconf 89' lang='lat' dir='ltr'>usque</span> <span class='ocrx_word' id='word_1_557' title='bbox 1895 1659 1939 1692; x_wconf 88' lang='lat' dir='ltr'>ab</span> <span class='ocrx_word' id='word_1_558' title='bbox 1958 1659 2072 1692; x_wconf 85' lang='lat' dir='ltr'>initio.</span> 
     </span>
    </p>
   </div>
   <div class='ocr_carea' id='block_1_9' title="bbox 1331 1754 2318 2710">
    <p class='ocr_par' dir='ltr' id='par_1_9' title="bbox 1331 1754 2318 2710">
     <span class='ocr_line' id='line_1_81' title="bbox 1433 1754 2318 1801; baseline 0.002 -12"><span class='ocrx_word' id='word_1_559' title='bbox 1433 1755 1511 1789; x_wconf 91' lang='lat' dir='ltr'>Hoc</span> <span class='ocrx_word' id='word_1_560' title='bbox 1542 1756 1657 1799; x_wconf 89' lang='lat' dir='ltr'>ipsum</span> <span class='ocrx_word' id='word_1_561' title='bbox 1689 1756 1789 1789; x_wconf 81' lang='lat' dir='ltr'>docet</span> <span class='ocrx_word' id='word_1_562' title='bbox 1825 1763 1963 1800; x_wconf 86' lang='lat' dir='ltr'>patrum</span> <span class='ocrx_word' id='word_1_563' title='bbox 2002 1757 2173 1801; x_wconf 86' lang='lat' dir='ltr'>precati0‚</span> <span class='ocrx_word' id='word_1_564' title='bbox 2221 1754 2318 1791; x_wconf 90' lang='lat' dir='ltr'>Deus</span> 
     </span>
     <span class='ocr_line' id='line_1_82' title="bbox 1332 1804 2316 1852; baseline 0.001 -12"><span class='ocrx_word' id='word_1_565' title='bbox 1332 1804 1533 1846; x_wconf 88' lang='lat' dir='ltr'>Abraham,</span> <span class='ocrx_word' id='word_1_566' title='bbox 1560 1807 1594 1839; x_wconf 92' lang='lat' dir='ltr'>id</span> <span class='ocrx_word' id='word_1_567' title='bbox 1615 1814 1681 1847; x_wconf 89' lang='lat' dir='ltr'>est,</span> <span class='ocrx_word' id='word_1_568' title='bbox 1708 1814 1740 1839; x_wconf 89' lang='lat' dir='ltr'>te</span> <span class='ocrx_word' id='word_1_569' title='bbox 1759 1807 1873 1840; x_wconf 90' lang='lat' dir='ltr'>Deum</span> <span class='ocrx_word' id='word_1_570' title='bbox 1898 1808 2044 1848; x_wconf 82' lang='lat' dir='ltr'>invoco,</span> <span class='ocrx_word' id='word_1_571' title='bbox 2072 1807 2131 1852; x_wconf 87' lang='lat' dir='ltr'>qui</span> <span class='ocrx_word' id='word_1_572' title='bbox 2149 1804 2316 1841; x_wconf 82' lang='lat' dir='ltr'>Abrahae</span> 
     </span>
     <span class='ocr_line' id='line_1_83' title="bbox 1333 1858 2317 1902; baseline 0.002 -13"><span class='ocrx_word' id='word_1_573' title='bbox 1333 1858 1511 1890; x_wconf 85' lang='lat' dir='ltr'>tradidisti</span> <span class='ocrx_word' id='word_1_574' title='bbox 1529 1864 1621 1890; x_wconf 86' lang='lat' dir='ltr'>certo</span> <span class='ocrx_word' id='word_1_575' title='bbox 1645 1858 1846 1890; x_wconf 88' lang='lat' dir='ltr'>testimonio</span> <span class='ocrx_word' id='word_1_576' title='bbox 1868 1858 2015 1890; x_wconf 88' lang='lat' dir='ltr'>verbum</span> <span class='ocrx_word' id='word_1_577' title='bbox 2038 1864 2156 1898; x_wconf 90' lang='lat' dir='ltr'>tuum,</span> <span class='ocrx_word' id='word_1_578' title='bbox 2189 1870 2259 1902; x_wconf 89' lang='lat' dir='ltr'>quo</span> <span class='ocrx_word' id='word_1_579' title='bbox 2282 1864 2317 1892; x_wconf 87' lang='lat' dir='ltr'>et</span> 
     </span>
     <span class='ocr_line' id='line_1_84' title="bbox 1332 1906 2318 1947; baseline 0.002 -7"><span class='ocrx_word' id='word_1_580' title='bbox 1332 1915 1475 1941; x_wconf 86' lang='lat' dir='ltr'>testatus</span> <span class='ocrx_word' id='word_1_581' title='bbox 1501 1920 1537 1941; x_wconf 83' lang='lat' dir='ltr'>es</span> <span class='ocrx_word' id='word_1_582' title='bbox 1553 1915 1585 1940; x_wconf 89' lang='lat' dir='ltr'>te</span> <span class='ocrx_word' id='word_1_583' title='bbox 1603 1909 1847 1941; x_wconf 81' lang='lat' dir='ltr'>exauditurum</span> <span class='ocrx_word' id='word_1_584' title='bbox 1872 1919 1964 1947; x_wconf 90' lang='lat' dir='ltr'>esse,</span> <span class='ocrx_word' id='word_1_585' title='bbox 1997 1906 2102 1940; x_wconf 87' lang='lat' dir='ltr'>huius</span> <span class='ocrx_word' id='word_1_586' title='bbox 2129 1907 2226 1941; x_wconf 87' lang='lat' dir='ltr'>verbi</span> <span class='ocrx_word' id='word_1_587' title='bbox 2250 1908 2318 1942; x_wconf 84' lang='lat' dir='ltr'>fide</span> 
     </span>
     <span class='ocr_line' id='line_1_85' title="bbox 1333 1958 2315 2002; baseline 0 -11"><span class='ocrx_word' id='word_1_588' title='bbox 1333 1966 1366 1991; x_wconf 91' lang='lat' dir='ltr'>te</span> <span class='ocrx_word' id='word_1_589' title='bbox 1389 1959 1533 1997; x_wconf 84' lang='lat' dir='ltr'>invoco,</span> <span class='ocrx_word' id='word_1_590' title='bbox 1567 1965 1599 1991; x_wconf 89' lang='lat' dir='ltr'>et</span> <span class='ocrx_word' id='word_1_591' title='bbox 1624 1960 1727 1991; x_wconf 89' lang='lat' dir='ltr'>credo</span> <span class='ocrx_word' id='word_1_592' title='bbox 1754 1970 1808 1991; x_wconf 93' lang='lat' dir='ltr'>me</span> <span class='ocrx_word' id='word_1_593' title='bbox 1831 1958 1964 1998; x_wconf 90' lang='lat' dir='ltr'>audiri,</span> <span class='ocrx_word' id='word_1_594' title='bbox 1994 1959 2136 2002; x_wconf 80' lang='lat' dir='ltr'>respici,</span> <span class='ocrx_word' id='word_1_595' title='bbox 2170 1970 2234 1991; x_wconf 87' lang='lat' dir='ltr'>nec</span> <span class='ocrx_word' id='word_1_596' title='bbox 2258 1959 2315 1991; x_wconf 89' lang='lat' dir='ltr'>in-</span> 
     </span>
     <span class='ocr_line' id='line_1_86' title="bbox 1334 2006 2315 2052; baseline 0.002 -11"><span class='ocrx_word' id='word_1_597' title='bbox 1334 2021 1419 2041; x_wconf 88' lang='lat' dir='ltr'>voco</span> <span class='ocrx_word' id='word_1_598' title='bbox 1444 2015 1481 2041; x_wconf 88' lang='lat' dir='ltr'>ut</span> <span class='ocrx_word' id='word_1_599' title='bbox 1499 2009 1646 2049; x_wconf 86' lang='lat' dir='ltr'>caeteri,</span> <span class='ocrx_word' id='word_1_600' title='bbox 1675 2009 1874 2052; x_wconf 77' lang='lat' dir='ltr'>ignorantes</span> <span class='ocrx_word' id='word_1_601' title='bbox 1899 2010 2045 2043; x_wconf 86' lang='lat' dir='ltr'>verbum</span> <span class='ocrx_word' id='word_1_602' title='bbox 2066 2006 2248 2050; x_wconf 86' lang='lat' dir='ltr'>Abrahae,</span> <span class='ocrx_word' id='word_1_603' title='bbox 2275 2016 2315 2043; x_wconf 86' lang='lat' dir='ltr'>ut</span> 
     </span>
     <span class='ocr_line' id='line_1_87' title="bbox 1335 2058 2316 2104; baseline 0.001 -12"><span class='ocrx_word' id='word_1_604' title='bbox 1335 2059 1520 2104; x_wconf 74' lang='lat' dir='ltr'>Aegyptii,</span> <span class='ocrx_word' id='word_1_605' title='bbox 1547 2067 1604 2093; x_wconf 90' lang='lat' dir='ltr'>aut</span> <span class='ocrx_word' id='word_1_606' title='bbox 1621 2060 1690 2099; x_wconf 85' lang='lat' dir='ltr'>alii,</span> <span class='ocrx_word' id='word_1_607' title='bbox 1717 2059 1907 2092; x_wconf 87' lang='lat' dir='ltr'>nescientes</span> <span class='ocrx_word' id='word_1_608' title='bbox 1923 2060 2006 2104; x_wconf 91' lang='lat' dir='ltr'>quid</span> <span class='ocrx_word' id='word_1_609' title='bbox 2024 2059 2068 2092; x_wconf 86' lang='lat' dir='ltr'>sit</span> <span class='ocrx_word' id='word_1_610' title='bbox 2086 2058 2198 2100; x_wconf 89' lang='lat' dir='ltr'>Deus,</span> <span class='ocrx_word' id='word_1_611' title='bbox 2225 2071 2316 2104; x_wconf 79' lang='lat' dir='ltr'>quo-</span> 
     </span>
     <span class='ocr_line' id='line_1_88' title="bbox 1334 2109 2314 2155; baseline 0.001 -13"><span class='ocrx_word' id='word_1_612' title='bbox 1334 2112 1440 2143; x_wconf 92' lang='lat' dir='ltr'>modo</span> <span class='ocrx_word' id='word_1_613' title='bbox 1461 2109 1542 2142; x_wconf 86' lang='lat' dir='ltr'>velit</span> <span class='ocrx_word' id='word_1_614' title='bbox 1560 2112 1699 2152; x_wconf 75' lang='lat' dir='ltr'>agnosci</span> <span class='ocrx_word' id='word_1_615' title='bbox 1728 2117 1759 2143; x_wconf 89' lang='lat' dir='ltr'>et</span> <span class='ocrx_word' id='word_1_616' title='bbox 1782 2111 1870 2153; x_wconf 87' lang='lat' dir='ltr'>coli,</span> <span class='ocrx_word' id='word_1_617' title='bbox 1897 2122 1941 2142; x_wconf 88' lang='lat' dir='ltr'>an</span> <span class='ocrx_word' id='word_1_618' title='bbox 1961 2110 2160 2154; x_wconf 91' lang='lat' dir='ltr'>promiserit</span> <span class='ocrx_word' id='word_1_619' title='bbox 2178 2110 2314 2155; x_wconf 85' lang='lat' dir='ltr'>aliquid</span> 
     </span>
     <span class='ocr_line' id='line_1_89' title="bbox 1334 2160 2313 2204; baseline 0.001 -11"><span class='ocrx_word' id='word_1_620' title='bbox 1334 2161 1376 2193; x_wconf 92' lang='lat' dir='ltr'>de</span> <span class='ocrx_word' id='word_1_621' title='bbox 1396 2172 1456 2193; x_wconf 91' lang='lat' dir='ltr'>sua</span> <span class='ocrx_word' id='word_1_622' title='bbox 1475 2160 1666 2195; x_wconf 89' lang='lat' dir='ltr'>voluntate.</span> <span class='ocrx_word' id='word_1_623' title='bbox 1704 2160 1855 2194; x_wconf 84' lang='lat' dir='ltr'>Addidit</span> <span class='ocrx_word' id='word_1_624' title='bbox 1871 2161 1976 2203; x_wconf 87' lang='lat' dir='ltr'>igitur</span> <span class='ocrx_word' id='word_1_625' title='bbox 1986 2160 2081 2193; x_wconf 89' lang='lat' dir='ltr'>Deus</span> <span class='ocrx_word' id='word_1_626' title='bbox 2096 2168 2129 2194; x_wconf 92' lang='lat' dir='ltr'>et</span> <span class='ocrx_word' id='word_1_627' title='bbox 2146 2161 2182 2193; x_wconf 91' lang='lat' dir='ltr'>in</span> <span class='ocrx_word' id='word_1_628' title='bbox 2197 2162 2313 2204; x_wconf 90' lang='lat' dir='ltr'>primo</span> 
     </span>
     <span class='ocr_line' id='line_1_90' title="bbox 1334 2211 2313 2256; baseline 0 -12"><span class='ocrx_word' id='word_1_629' title='bbox 1334 2217 1517 2255; x_wconf 81' lang='lat' dir='ltr'>praecepto</span> <span class='ocrx_word' id='word_1_630' title='bbox 1547 2212 1804 2250; x_wconf 87' lang='lat' dir='ltr'>testimonium,</span> <span class='ocrx_word' id='word_1_631' title='bbox 1846 2224 1915 2256; x_wconf 91' lang='lat' dir='ltr'>quo</span> <span class='ocrx_word' id='word_1_632' title='bbox 1938 2212 2015 2244; x_wconf 90' lang='lat' dir='ltr'>vult</span> <span class='ocrx_word' id='word_1_633' title='bbox 2045 2211 2204 2252; x_wconf 83' lang='lat' dir='ltr'>agnosci,</span> <span class='ocrx_word' id='word_1_634' title='bbox 2234 2223 2313 2244; x_wconf 89' lang='lat' dir='ltr'>cum</span> 
     </span>
     <span class='ocr_line' id='line_1_91' title="bbox 1335 2259 2314 2306; baseline 0.001 -12"><span class='ocrx_word' id='word_1_635' title='bbox 1335 2262 1399 2294; x_wconf 88' lang='lat' dir='ltr'>ait:</span> <span class='ocrx_word' id='word_1_636' title='bbox 1439 2259 1514 2304; x_wconf 85' lang='lat' dir='ltr'>Ego</span> <span class='ocrx_word' id='word_1_637' title='bbox 1539 2273 1615 2295; x_wconf 88' lang='lat' dir='ltr'>sum</span> <span class='ocrx_word' id='word_1_638' title='bbox 1641 2260 1753 2301; x_wconf 91' lang='lat' dir='ltr'>Deus,</span> <span class='ocrx_word' id='word_1_639' title='bbox 1787 2262 1847 2306; x_wconf 88' lang='lat' dir='ltr'>qui</span> <span class='ocrx_word' id='word_1_640' title='bbox 1873 2262 1990 2295; x_wconf 86' lang='lat' dir='ltr'>eduxit</span> <span class='ocrx_word' id='word_1_641' title='bbox 2011 2267 2044 2294; x_wconf 88' lang='lat' dir='ltr'>te</span> <span class='ocrx_word' id='word_1_642' title='bbox 2067 2262 2110 2293; x_wconf 89' lang='lat' dir='ltr'>de</span> <span class='ocrx_word' id='word_1_643' title='bbox 2134 2268 2225 2295; x_wconf 88' lang='lat' dir='ltr'>terra</span> <span class='ocrx_word' id='word_1_644' title='bbox 2243 2261 2314 2296; x_wconf 88' lang='lat' dir='ltr'>Ae-</span> 
     </span>
     <span class='ocr_line' id='line_1_92' title="bbox 1335 2312 2312 2358; baseline 0.002 -14"><span class='ocrx_word' id='word_1_645' title='bbox 1335 2312 1451 2358; x_wconf 76' lang='lat' dir='ltr'>gypti,</span> <span class='ocrx_word' id='word_1_646' title='bbox 1500 2312 1548 2345; x_wconf 89' lang='lat' dir='ltr'>sic</span> <span class='ocrx_word' id='word_1_647' title='bbox 1577 2324 1714 2356; x_wconf 84' lang='lat' dir='ltr'>semper</span> <span class='ocrx_word' id='word_1_648' title='bbox 1735 2313 1876 2357; x_wconf 89' lang='lat' dir='ltr'>aliquod</span> <span class='ocrx_word' id='word_1_649' title='bbox 1906 2319 2037 2345; x_wconf 89' lang='lat' dir='ltr'>certum</span> <span class='ocrx_word' id='word_1_650' title='bbox 2069 2312 2312 2346; x_wconf 87' lang='lat' dir='ltr'>testimonium</span> 
     </span>
     <span class='ocr_line' id='line_1_93' title="bbox 1335 2361 2314 2407; baseline 0.001 -12"><span class='ocrx_word' id='word_1_651' title='bbox 1335 2363 1528 2407; x_wconf 89' lang='lat' dir='ltr'>proposuit.</span> <span class='ocrx_word' id='word_1_652' title='bbox 1588 2361 1656 2395; x_wconf 90' lang='lat' dir='ltr'>Sed</span> <span class='ocrx_word' id='word_1_653' title='bbox 1689 2364 1807 2395; x_wconf 90' lang='lat' dir='ltr'>omnia</span> <span class='ocrx_word' id='word_1_654' title='bbox 1835 2363 2030 2395; x_wconf 87' lang='lat' dir='ltr'>referantur</span> <span class='ocrx_word' id='word_1_655' title='bbox 2055 2363 2099 2394; x_wconf 90' lang='lat' dir='ltr'>ad</span> <span class='ocrx_word' id='word_1_656' title='bbox 2130 2373 2314 2406; x_wconf 83' lang='lat' dir='ltr'>summam,</span> 
     </span>
     <span class='ocr_line' id='line_1_94' title="bbox 1335 2412 2312 2454; baseline 0 -8"><span class='ocrx_word' id='word_1_657' title='bbox 1335 2414 1368 2446; x_wconf 91' lang='lat' dir='ltr'>id</span> <span class='ocrx_word' id='word_1_658' title='bbox 1394 2420 1462 2454; x_wconf 83' lang='lat' dir='ltr'>est,</span> <span class='ocrx_word' id='word_1_659' title='bbox 1502 2414 1544 2446; x_wconf 90' lang='lat' dir='ltr'>ad</span> <span class='ocrx_word' id='word_1_660' title='bbox 1577 2413 1706 2453; x_wconf 84' lang='lat' dir='ltr'>filium,</span> <span class='ocrx_word' id='word_1_661' title='bbox 1749 2412 1844 2445; x_wconf 89' lang='lat' dir='ltr'>hunc</span> <span class='ocrx_word' id='word_1_662' title='bbox 1875 2424 1940 2445; x_wconf 88' lang='lat' dir='ltr'>nos</span> <span class='ocrx_word' id='word_1_663' title='bbox 1970 2413 2187 2450; x_wconf 89' lang='lat' dir='ltr'>intueamur,</span> <span class='ocrx_word' id='word_1_664' title='bbox 2223 2413 2312 2449; x_wconf 85' lang='lat' dir='ltr'>sicut</span> 
     </span>
     <span class='ocr_line' id='line_1_95' title="bbox 1334 2462 2313 2507; baseline -0.002 -10"><span class='ocrx_word' id='word_1_665' title='bbox 1334 2464 1438 2497; x_wconf 80' lang='lat' dir='ltr'>dixit:</span> <span class='ocrx_word' id='word_1_666' title='bbox 1469 2463 1538 2506; x_wconf 86' lang='lat' dir='ltr'>Qui</span> <span class='ocrx_word' id='word_1_667' title='bbox 1556 2464 1650 2496; x_wconf 88' lang='lat' dir='ltr'>videt</span> <span class='ocrx_word' id='word_1_668' title='bbox 1665 2475 1740 2503; x_wconf 90' lang='lat' dir='ltr'>me,</span> <span class='ocrx_word' id='word_1_669' title='bbox 1766 2464 1860 2496; x_wconf 89' lang='lat' dir='ltr'>videt</span> <span class='ocrx_word' id='word_1_670' title='bbox 1876 2469 1908 2496; x_wconf 88' lang='lat' dir='ltr'>et</span> <span class='ocrx_word' id='word_1_671' title='bbox 1927 2470 2071 2507; x_wconf 88' lang='lat' dir='ltr'>patrem.</span> <span class='ocrx_word' id='word_1_672' title='bbox 2123 2462 2229 2496; x_wconf 89' lang='lat' dir='ltr'>Hunc</span> <span class='ocrx_word' id='word_1_673' title='bbox 2247 2464 2313 2507; x_wconf 86' lang='lat' dir='ltr'>igi-</span> 
     </span>
     <span class='ocr_line' id='line_1_96' title="bbox 1334 2512 2312 2558; baseline 0.002 -11"><span class='ocrx_word' id='word_1_674' title='bbox 1334 2521 1392 2548; x_wconf 90' lang='lat' dir='ltr'>tur</span> <span class='ocrx_word' id='word_1_675' title='bbox 1405 2512 1517 2547; x_wconf 91' lang='lat' dir='ltr'>Deum</span> <span class='ocrx_word' id='word_1_676' title='bbox 1533 2515 1674 2555; x_wconf 83' lang='lat' dir='ltr'>invoca,</span> <span class='ocrx_word' id='word_1_677' title='bbox 1704 2513 1765 2558; x_wconf 90' lang='lat' dir='ltr'>qui</span> <span class='ocrx_word' id='word_1_678' title='bbox 1785 2526 1839 2554; x_wconf 91' lang='lat' dir='ltr'>se,</span> <span class='ocrx_word' id='word_1_679' title='bbox 1866 2520 1899 2546; x_wconf 89' lang='lat' dir='ltr'>et</span> <span class='ocrx_word' id='word_1_680' title='bbox 1923 2525 1983 2558; x_wconf 87' lang='lat' dir='ltr'>per</span> <span class='ocrx_word' id='word_1_681' title='bbox 2004 2515 2115 2547; x_wconf 90' lang='lat' dir='ltr'>filium</span> <span class='ocrx_word' id='word_1_682' title='bbox 2139 2515 2312 2558; x_wconf 83' lang='lat' dir='ltr'>patefecit,</span> 
     </span>
     <span class='ocr_line' id='line_1_97' title="bbox 1334 2564 2310 2610; baseline 0.002 -12"><span class='ocrx_word' id='word_1_683' title='bbox 1334 2572 1365 2598; x_wconf 83' lang='lat' dir='ltr'>et</span> <span class='ocrx_word' id='word_1_684' title='bbox 1394 2564 1660 2608; x_wconf 88' lang='lat' dir='ltr'>promissionem</span> <span class='ocrx_word' id='word_1_685' title='bbox 1694 2565 1971 2605; x_wconf 89' lang='lat' dir='ltr'>misericordiae,</span> <span class='ocrx_word' id='word_1_686' title='bbox 2020 2572 2053 2598; x_wconf 89' lang='lat' dir='ltr'>et</span> <span class='ocrx_word' id='word_1_687' title='bbox 2088 2565 2210 2599; x_wconf 87' lang='lat' dir='ltr'>salutis</span> <span class='ocrx_word' id='word_1_688' title='bbox 2248 2577 2310 2610; x_wconf 85' lang='lat' dir='ltr'>per</span> 
     </span>
     <span class='ocr_line' id='line_1_98' title="bbox 1332 2615 2311 2660; baseline 0.004 -13"><span class='ocrx_word' id='word_1_689' title='bbox 1332 2615 1447 2657; x_wconf 84' lang='lat' dir='ltr'>ipsum</span> <span class='ocrx_word' id='word_1_690' title='bbox 1473 2615 1601 2656; x_wconf 90' lang='lat' dir='ltr'>edidit,</span> <span class='ocrx_word' id='word_1_691' title='bbox 1634 2622 1666 2650; x_wconf 88' lang='lat' dir='ltr'>et</span> <span class='ocrx_word' id='word_1_692' title='bbox 1689 2622 1831 2660; x_wconf 88' lang='lat' dir='ltr'>propter</span> <span class='ocrx_word' id='word_1_693' title='bbox 1860 2627 1938 2650; x_wconf 88' lang='lat' dir='ltr'>eum</span> <span class='ocrx_word' id='word_1_694' title='bbox 1961 2622 2130 2660; x_wconf 80' lang='lat' dir='ltr'>praestat,</span> <span class='ocrx_word' id='word_1_695' title='bbox 2156 2617 2235 2651; x_wconf 88' lang='lat' dir='ltr'>ideo</span> <span class='ocrx_word' id='word_1_696' title='bbox 2257 2628 2311 2650; x_wconf 85' lang='lat' dir='ltr'>se-</span> 
     </span>
     <span class='ocr_line' id='line_1_99' title="bbox 1331 2673 1462 2710; baseline 0 -12"><span class='ocrx_word' id='word_1_697' title='bbox 1331 2673 1462 2710; x_wconf 77' lang='lat' dir='ltr'>quitur,</span> 
     </span>
    </p>
   </div>
  </div>
 </body>
</html>
