2415 2942
148 86 246 122 1309
362 85 463 123 XIII.

146 173 277 217 priori,
305 174 400 218 quod
427 173 471 207 sit
492 180 672 217 peccatum
697 173 954 208 irremissibile.
1012 174 1129 209 Paulu

144 224 288 270 aliquod
316 225 507 258 discrimen
534 225 688 265 indicat,
716 238 796 259 cum
821 226 891 260 ait:
924 225 1019 270 Quia
1041 227 1123 271 iguo

144 287 227 309 rans
249 276 328 312 feci.

248 326 317 361 Sed
342 325 400 362 hic
423 327 590 362 oriuntur
611 328 852 373 quaestiones,
894 330 1039 371 Aaron,
1073 329 1140 364 Pe-

143 385 237 419 trus,
271 377 473 419 Blanasses,
501 391 575 413 non
602 387 837 423 peccaverunt
860 380 1079 424 ignorantia,
1108 389 1140 415 et

145 437 263 463 tamen
291 431 421 475 recepti
458 438 560 472 sunt,
594 438 627 465 et
658 442 731 464 esse
767 432 910 477 aliquod
949 434 1138 467 discrimen

143 481 300 525 exempla
342 483 547 516 ostendunt.
624 479 740 516 Aliter
783 484 934 529 deliquit
976 485 1139 519 diabolus

143 532 256 565 sciens
280 539 312 566 et
333 534 484 577 superbe
509 533 706 577 despiciens
722 535 858 574 Deum,
888 536 990 569 aliter
1010 535 1138 575 Adam,

145 585 286 624 Aaron,
322 585 491 626 scientes,
526 586 586 618 sed
610 586 764 629 superati
788 586 1022 620 infirmitate?
1067 588 1135 622 Sed

517 86 550 120 7.
577 84 879 123 ENARRATIO
908 86 1065 124 EPIST.
1093 85 1298 124 PRIORIS
1325 84 1392 123 AD
1421 83 1752 123 TIMOTHEUM.

142 646 208 668 nos
232 635 437 669 omittamus
460 634 522 669 has
547 636 789 681 quaestiones,
818 645 851 671 et
875 638 1071 672 iudicemus
1095 641 1137 672 de
1162 670 1163 676 ,

141 686 325 719 voluntate
342 687 408 723 Dei
427 688 522 720 iuxta
543 688 690 720 verbum
710 688 845 731 ipsius:
882 688 988 722 Hunc
1007 691 1136 724 audite.

141 735 272 771 Omnis
290 738 349 783 qui
366 739 476 772 credit
494 739 530 770 in
547 738 671 778 filium,
693 737 800 773 habet
817 741 924 774 vitam
944 748 1137 785 aeternam,

140 789 393 822 Anteferamus
428 790 540 822 filium
576 789 663 829 Dei,
708 797 741 824 et
779 791 1027 826 iusiurandum
1072 794 1136 827 toti

140 852 250 887 regno
269 841 409 884 peccati.
465 840 626 874 Sciamus
645 841 749 874 etiam
773 844 1040 877 anteferendum
1065 857 1137 877 esse

1161 690 1163 717 ἑ
1189 700 1303 720 sermo
1327 695 1359 721 et
1385 687 1585 720 firmissime
1613 686 1890 730 amplectendus.

139 892 253 925 filium
273 891 339 924 Dei
365 893 446 925 voci
468 892 570 935 legis:
599 892 664 926 etsi
681 900 796 926 autem
817 892 902 927 haec
927 907 1042 938 pugna
1067 896 1135 929 dif-
1160 905 1162 932 ζ

138 1001 170 1028 et
190 1006 262 1027 non
282 995 528 1038 negligendae,
565 995 659 1028 iuxta
679 996 767 1028 illud
786 996 906 1043 Moysi
924 998 1038 1043 capite
1060 1000 1134 1034 18.:

138 1045 210 1088 Qui
237 1058 309 1078 uon
335 1047 487 1079 audierit
506 1047 639 1087 filium,
668 1059 730 1090 ego
753 1048 849 1081 ultor
875 1061 946 1082 ero.

239 1096 341 1131 Hmc
368 1098 648 1131 consolationem
673 1111 809 1139 veram,
836 1106 874 1133 ut
895 1101 988 1143 dixi,
1016 1108 1136 1135 tenea-

137 1160 233 1188 mus,
273 1155 305 1182 et
332 1161 396 1181 nos
424 1150 517 1193 ipsos
541 1150 792 1190 exuscitemuS,
841 1158 873 1184 et
898 1153 985 1186 alios
1013 1165 1135 1186 omnes

120 943 240 977 ‚ficitis
260 950 291 976 et
307 956 434 986 magua
453 952 521 982 est,
547 951 665 977 tamen
685 942 749 977 hae
765 946 906 987 regulae
925 959 1026 980 verae
1044 954 1137 988 sunt,
1160 961 1161 964 ¹

1814 84 1916 121 CAP.
1941 86 1969 123 Ι.
2102 88 2200 122 1310

1196 175 1313 209 licam.
1382 173 1480 209 Haec
1523 173 1729 208 discrimina
1774 179 1997 218 peccatorum
2043 172 2193 207 iudicari

1196 234 1312 270 postea
1333 233 1497 268 possunt,
1524 238 1604 259 cum
1622 225 1784 258 videmus
1802 225 1943 270 aliquos
1965 224 2192 268 indulgentes

1193 278 1264 312 suis
1283 278 1465 312 furoribus
1485 278 1527 312 ad
1548 277 1803 322 poenitentiam
1822 276 1938 309 redire
1955 276 2123 312 noluisse.

1506 357 1637 395 Certus
1666 365 1716 394 est
1741 372 1870 394 sermo.

1293 430 1408 475 Supra
1427 431 1468 463 de
1487 429 1579 474 Lege
1597 430 1828 463 concionatus
1847 435 1914 469 est,
1943 440 2038 462 nunc
2063 428 2187 463 inserit

1190 481 1578 525 summaunlivangelii,
1605 483 1664 514 sed
1684 481 1785 513 valde
1804 481 1977 521 breviter,
1999 480 2081 525 quia
2099 480 2186 513 scri-

1190 534 1241 567 bit
1261 535 1303 566 ad
1326 534 1544 573 auditorem,
1578 533 1638 578 qui
1663 533 1776 566 fuerat
1803 531 1913 576 ipsius
1938 543 2053 564 comes
2076 531 2184 574 longo

1189 593 1366 629 tempore,
1402 592 1432 617 et
1453 585 1541 617 bene
1562 589 1775 626 cognoverat
1791 589 1900 616 totam
1919 583 2102 616 doctrinae
2122 595 2185 615 vo·

1329 635 1379 669 Ac
1399 636 1501 669 initio
1526 635 1736 668 asseveratio
1756 634 1869 677 posita
1889 641 1959 676 est,
1988 632 2113 667 Certus
2134 639 2184 667 est

1943 684 2019 717 tiae
2045 696 2183 718 asseve-

1188 739 1323 771 ratione
1348 738 1384 770 iu
1409 739 1512 771 nobis
1539 749 1679 783 quoque
1703 737 1807 769 fidem
1834 735 2102 774 confirmemus,
2144 741 2184 768 ut

1189 802 1228 822 ex
1256 790 1542 822 dubitationibus
1569 789 1781 827 eluctemur,
1821 794 1854 820 et
1883 798 1963 819 vere
1988 793 2183 820 statuamus

1189 853 1252 873 nos
1277 841 1385 885 recipi
1409 849 1440 873 et
1467 840 1626 873 exaudiri

1291 891 1357 924 Hic
1376 899 1490 925 autem
1509 898 1641 935 repetat
1658 890 1905 935 unusquisque
1921 889 2013 933 apud
2035 900 2108 921 sese
2125 889 2182 922 in-

1187 951 1316 985 tegram
1342 943 1540 976 doctrinam
1566 944 1608 975 de
1628 941 1902 980 iustificatione,
1930 942 1973 973 de
1997 952 2065 985 qua
2090 952 2182 973 sem-

1188 649 1273 671 cem.

1160 1000 1161 1004 ’
1187 1007 1247 1038 per
1268 996 1390 1027 eodem
1410 995 1515 1026 modo
1535 993 1684 1026 dicimus
1699 1018 1708 1031 ‚
1741 999 1774 1026 et
1793 991 1978 1024 exordium
1998 991 2181 1024 doctrinae

137 1197 324 1233 hortemur
349 1202 390 1233 ad
418 1200 672 1244 poeniteutiam
700 1208 731 1235 et
757 1203 800 1234 ad
826 1202 949 1242 fidem,
984 1204 1074 1238 sicut
1104 1212 1135 1238 et
1158 1235 1159 1245 ἶ

135 1303 265 1348 quibus
289 1300 389 1337 Aeto.
416 1304 448 1338 4.
477 1303 617 1336 dicunt:
657 1303 763 1336 Hunc
788 1311 904 1338 autem
932 1306 1046 1340 Iesum
1074 1319 1135 1340 vos

135 1354 368 1391 crucifixistis.
411 1353 457 1388 Et
487 1354 590 1387 multi
616 1367 654 1387 ex
680 1352 736 1387 ln‘s
760 1368 840 1388 vere
865 1358 1026 1391 conversi
1052 1365 1134 1391 sunt

135 1407 179 1440 ad
203 1404 332 1439 Deum.
385 1405 431 1439 Et
455 1407 525 1439 siut
551 1406 655 1438 nobis
688 1406 723 1438 in
756 1415 945 1452 conspectu
976 1410 1133 1452 exempla

134 1456 256 1491 Aaron
275 1483 286 1502 ‚
330 1456 430 1490 Pauli
457 1464 490 1490 et
518 1457 710 1490 multorum
737 1458 889 1492 aliorum
909 1488 918 1500 ‚
960 1461 1021 1506 qui
1053 1473 1132 1494 curn

133 1508 281 1542 fuissent
301 1517 557 1552 persecutores,
589 1515 705 1552 postea
726 1510 886 1543 conversi
913 1519 1006 1546 sunt.

237 1559 274 1593 Si
299 1560 360 1603 qui
385 1572 467 1592 vero
496 1560 627 1593 nolunt
651 1561 775 1593 audire
801 1559 892 1595 banc
918 1563 1133 1596 consolatio-

134 1622 234 1648 nem,
271 1610 355 1655 quid
374 1611 498 1643 attinet
517 1611 560 1642 de
583 1610 631 1643 eis
655 1611 852 1654 disputare,
886 1626 965 1646 cum
992 1627 1032 1647 eo
1057 1614 1132 1657 ipso

134 1660 357 1694 horribiliter
392 1667 553 1705 peccent,
600 1663 693 1705 quod
730 1669 813 1695 tunc
847 1671 975 1706 negant
1012 1677 1131 1697 vocem

132 1712 338 1756 Evangelii,
369 1711 493 1745 Gratia
520 1713 687 1745 exuberat
713 1724 815 1756 supra
842 1722 1034 1756 peccatum.
1087 1713 1131 1748 Et

134 1765 180 1798 ita
202 1765 327 1797 ardent
347 1764 449 1803 odio,
478 1769 515 1796 ut
535 1763 650 1805 potius
668 1764 793 1796 malint
818 1764 892 1798 fieri
910 1764 1129 1799 aeterniho-

132 1823 200 1850 stes
224 1815 311 1855 Dei,
339 1828 442 1860 quam
471 1815 660 1856 confugere
680 1815 720 1847 ad
741 1815 864 1849 filium.
919 1816 1000 1851 Hoc
1026 1819 1130 1851 modo

131 1874 281 1912 pereunt
299 1867 400 1899 multi
422 1867 588 1899 omnibus
609 1866 799 1906 aetatibus,
826 1875 865 1901 ut
884 1866 990 1909 Saul,
1019 1867 1130 1902 Achi-

132 1916 275 1962 tophel,
305 1917 423 1958 Iudas,
444 1917 571 1955 Arius,
596 1923 626 1949 et
644 1924 766 1950 nostro
785 1924 943 1961 tempore
960 1919 1130 1953 Latonius

131 1970 387 2009 Lovaniensis,
416 1968 665 2005 Hoffineistvr,
695 1975 725 2001 et
744 1969 803 2001 alii
821 1970 945 2010 multi,
974 1984 1126 2016 quorum

131 2021 374 2065 exemplorum
397 2021 609 2061 cogitatione
628 2029 949 2062 expavescamus,et
968 2030 1128 2066 petamus

131 2085 196 2106 nos
220 2073 291 2115 regi
313 2079 344 2105 ct
370 2072 571 2105 confirmari
592 2071 726 2115 Spiritu
746 2079 878 2106 sancto.
924 2072 1022 2107 Sicut
1041 2074 1128 2107 scri-

130 2132 229 2169 ptum
263 2131 313 2157 est
345 2123 429 2164 Luc,
457 2124 528 2156 11.:
573 2123 718 2166 Quanto
748 2123 858 2166 magis
886 2131 986 2168 pater
1013 2133 1129 2158 vester

130 2175 290 2210 coelestis
314 2175 412 2209 dabit
437 2174 611 2219 Spiritum
638 2182 798 2208 sanctum
825 2177 1041 2219 petentibus.
1081 2175 1127 2210 Et

129 2228 188 2272 pio
212 2227 330 2261 studio
357 2227 533 2260 discamus
565 2226 769 2267 veritatem,
815 2233 848 2260 et
874 2239 1058 2262 caveamus
1084 2240 1127 2261 ne

129 2291 203 2313 eam
227 2290 486 2322 oppugnemus.

230 2330 418 2364 Caeterum
444 2336 526 2362 sunt
546 2328 750 2362 discrimina
771 2329 864 2362 inter
887 2336 999 2363 errata
1023 2331 1124 2373 igno-

129 2382 274 2421 rantiae,
291 2388 323 2414 et
345 2381 470 2414 delicta
488 2387 608 2413 contra
631 2381 895 2422 conscientiam,
911 2393 1000 2427 quae
1020 2382 1124 2415 etiam

129 2433 342 2477 multiplicia
364 2439 455 2467 sunt.
511 2431 600 2465 Nam
620 2438 651 2465 et
669 2432 826 2466 affectata
844 2432 1045 2476 ignorantia
1064 2434 1124 2465 de-

129 2486 252 2518 lictum
285 2491 336 2517 est
361 2491 481 2517 contra
511 2483 779 2516 conscientiam:
823 2491 854 2516 et
880 2483 1061 2517 interdum
1086 2484 1124 2517 fit

129 2536 287 2569 affectata
307 2535 506 2579 ignorantia
525 2532 762 2575 blasphemia,
781 2541 816 2567 ut
835 2535 870 2567 in
890 2535 1010 2568 multis
1027 2532 1121 2568 Pha-

129 2587 268 2628 risaeis,
304 2599 381 2620 cum
409 2586 573 2620 videlicet
597 2586 700 2619 corda
724 2586 883 2619 convicta
909 2586 1122 2620 testimoniis

128 2638 278 2678 divinis,
310 2645 427 2671 tamen
455 2639 580 2670 ardent
606 2637 708 2677 odio,
744 2644 775 2670 et
803 2644 979 2671 conantur
1003 2637 1120 2670 delere

129 2702 249 2723 vocem
275 2688 358 2722 Dei:
393 2696 425 2723 et
445 2688 523 2722 aliis
543 2689 771 2732 persuadere,
805 2700 877 2722 esse
901 2700 974 2722 eam
994 2688 1119 2722 diabo-

1156 1521 1157 1540 l
1183 1518 1289 1539 ineos.

1186 1059 1224 1079 ex
1244 1046 1360 1079 verbis
1376 1045 1521 1078 Douxiui
1541 1045 1732 1077 sumimus:
1764 1043 1812 1076 lte
1831 1043 2072 1086 praedicantes
2096 1054 2181 1086 poe-

1186 1097 1370 1131 nitentiam
1396 1104 1426 1130 et
1448 1096 1690 1128 remissionem
1718 1101 1940 1139 peccatorum
1969 1094 2005 1126 in
2033 1094 2180 1126 nomine

1184 1161 1274 1183 men.
1314 1147 1411 1181 Haec
1429 1147 1501 1180 fieri
1521 1154 1658 1191 oportet
1676 1147 1711 1179 in
1731 1145 1971 1179 conversione.
2018 1143 2179 1177 Primum

1185 1207 1322 1243 oportet
1341 1201 1438 1242 argui
1461 1206 1638 1241 peccatum
1652 1225 1660 1237 ‚
1688 1196 1920 1242 perterrefieri
1939 1196 2062 1235 corda,
2091 1195 2180 1229 sicut

137 1250 303 1295 Apostoli
337 1250 400 1285 bos
439 1252 532 1296 ipsos
566 1250 756 1285 hortantur
786 1254 828 1286 ad
861 1256 1136 1299 poenitentiam,
1158 1261 1159 1279 1
1183 1258 1215 1284 et
1236 1251 1414 1284 Dominus
1440 1249 1577 1294 iuquit,
1606 1249 1717 1282 Marc.
1737 1250 1767 1282 1.
1793 1260 1886 1291 cap.:
1925 1247 2029 1289 Agite
2055 1247 2179 1289 poeni-

1185 1303 1344 1335 tentiam.
1398 1301 1441 1334 Et
1462 1302 1493 1335 2.
1514 1298 1680 1334 Corinth.
1700 1303 1734 1336 7.
1759 1299 1907 1331 dicitur:
1937 1297 2099 1331 Tristitia
2125 1309 2179 1330 se-

1183 1355 1340 1386 cundum
1366 1351 1480 1385 Deum
1510 1351 1764 1395 poenitentiam
1798 1349 1907 1382 efficit
1939 1350 1981 1381 ad
2017 1349 2178 1382 salutem.

1185 1402 1227 1437 Et
1247 1402 1370 1437 Esaiae
1391 1404 1537 1437 ultimo:
1583 1402 1637 1435 Ad
1665 1414 1769 1446 quem
1796 1400 2006 1444 respiciam?
2032 1400 2073 1432 ad
2093 1411 2178 1432 con-

1184 1456 1305 1489 tritum
1334 1462 1365 1488 et
1395 1453 1639 1492 humiliatum,
1692 1460 1725 1486 et
1758 1458 1965 1485 trementem
1997 1461 2178 1483 sermones

1344 1504 1389 1539 Et
1415 1506 1662 1538 iusiurandum
1690 1503 1824 1546 flagitat
1842 1503 1878 1534 in
1897 1502 2001 1535 nobis
2027 1513 2178 1534 conver-

1156 1556 1157 1581 Ῐ
1182 1559 1317 1590 sionem
1338 1569 1416 1589 cum
1436 1556 1551 1600 inquit
1565 1582 1572 1595 ‚
1602 1553 1729 1588 Ezech.
1751 1554 1809 1587 18.
1830 1560 1862 1587 et
1882 1553 1957 1586 33.;
1986 1551 2080 1585 Vivo
2099 1564 2175 1596 ego,

1182 1610 1265 1640 nolo
1297 1615 1445 1639 mortem
1484 1607 1693 1649 peccatoiis,
1737 1606 1794 1638 sed
1828 1612 1866 1638 ut
1889 1610 2116 1637 convertatur
2142 1610 2176 1636 et

1184 1660 1287 1691 vivat.
1351 1657 1393 1691 Et
1430 1656 1597 1700 Exempla
1635 1663 1851 1698 congruunt,
1900 1654 2033 1694 Adam,
2075 1653 2173 1695 Eva,

1180 1709 1295 1743 David
1308 1737 1315 1747 ,
1345 1716 1553 1742 accusantur
1572 1715 1602 1740 et
1621 1705 1843 1740 horribiliter
1861 1713 2106 1749 expavescunt.

1283 1759 1358 1793 Hos
1386 1771 1530 1803 pavores
1555 1767 1585 1792 et
1605 1771 1744 1792 sensum
1770 1759 1841 1790 irae
1865 1757 1930 1790 Dei
1959 1763 2174 1789 vocaverunt

1180 1813 1308 1845 usitate
1336 1811 1604 1849 contritionem,
1640 1811 1681 1843 de
1706 1822 1773 1854 qua
1803 1816 1895 1841 recte
1917 1808 2068 1841 docendi
2092 1814 2175 1841 sunt

1181 1861 1360 1904 homines,
1397 1876 1440 1895 ne
1462 1862 1515 1894 xel
1538 1862 1640 1894 nobis
1656 1861 1724 1905 ipsi
1747 1860 1976 1893 blandiamur
1996 1871 2098 1892 coeca
2120 1870 2174 1891 se-

1180 1915 1268 1947 curit
1296 1922 1347 1955 te,
1378 1914 1432 1946 vel
1460 1924 1602 1946 ruamus
1629 1913 1665 1945 in
1694 1912 1994 1954 desperationem,
2023 1911 2077 1942 vel
2102 1910 2173 1943 lae-

1179 1967 1284 1999 datur
1312 1966 1421 2007 gloria
1448 1964 1510 1997 filii
1538 1963 1620 2003 Dei,
1661 1971 1693 1996 et
1727 1963 1887 1996 deleatur
1916 1960 2174 2005 Evangelium,

1179 2018 1265 2049 sieut
1295 2015 1458 2050 monachi
1488 2022 1597 2050 tetros
1630 2026 1766 2047 errores
1797 2015 1996 2059 finxerunt,
2042 2012 2173 2057 quibus

1178 2067 1412 2105 Evs-ngrtium
1433 2078 1574 2112 prorsus
1591 2067 1816 2099 obscuratum
1841 2072 1909 2105 est,
1939 2071 1970 2097 et
1990 2076 2070 2097 vera
2088 2075 2173 2096 con-

1178 2121 1302 2153 solatio
1323 2121 1388 2163 piis
1408 2119 1586 2152 mentibus
1607 2125 1722 2161 erepta
1740 2125 1803 2152 est.
1842 2115 2057 2159 Quanquam
2077 2115 2172 2147 enirn

1152 2180 1156 2182 ⁷
1178 2184 1298 2204 verum
1318 2179 1386 2210 est,
1416 2177 1579 2214 oportere
1597 2170 1633 2201 in
1653 2169 1756 2203 nobis
1773 2180 1846 2201 esse
1864 2167 2017 2212 aliquam
2037 2165 2173 2199 contri-

1176 2223 1326 2263 tionem,
1363 2223 1501 2268 aliquos
1525 2232 1687 2264 pavores,
1724 2227 1757 2252 et
1777 2219 1916 2252 dolores
1940 2218 2035 2262 quod
2058 2217 2173 2251 Deum

1176 2274 1451 2314 offenderimus,
1502 2280 1620 2305 tamen
1652 2270 1689 2304 hi
1721 2274 1791 2304 duo
1825 2281 1960 2303 errores
1992 2267 2172 2301 falsissimi

1176 2333 1276 2366 sunt,
1319 2327 1412 2371 quod
1440 2330 1597 2368 oporteat
1630 2323 1862 2355 sufficientem
1887 2332 1958 2353 esse
1985 2318 2170 2352 contritio-

1176 2389 1254 2409 nem
1268 2404 1276 2416 ,
1306 2385 1339 2411 et
1357 2378 1450 2422 quod
1471 2374 1651 2408 sufficiens
1671 2372 1837 2406 contritio
1856 2377 2031 2404 mereatur
2046 2369 2170 2403 remis-

1174 2429 1309 2461 sionem
1341 2434 1574 2471 peccatorum.
1630 2424 1789 2458 Primum
1815 2422 1909 2457 enim
1933 2421 2029 2455 nulla
2055 2426 2169 2467 potest

1174 2491 1247 2513 esse
1267 2479 1447 2512 sufficiens
1466 2476 1633 2511 contritio
1647 2503 1655 2517 ,
1681 2482 1714 2509 et
1732 2487 1809 2508 cum
1830 2475 1953 2507 crescit
1972 2473 2075 2506 dolor
2094 2472 2169 2504 sine

1175 2530 1438 2570 consolatione,
1482 2527 1654 2570 mergitur
1681 2524 1788 2560 homo
1813 2526 1850 2558 in
1881 2531 2030 2558 mortem
2068 2529 2101 2556 et
2128 2522 2166 2554 in

1173 2589 1356 2616 aeternum
1389 2581 1551 2620 exitium,
1595 2578 1689 2611 iuxta
1720 2577 1809 2610 illud
1846 2576 1972 2611 Roma.
2001 2574 2054 2609 3.:
2094 2573 2167 2606 Lex

1172 2633 1259 2666 iram
1286 2632 1404 2667 efficit.
1460 2631 1571 2671 Item,
1598 2630 1632 2663 2.
1658 2626 1820 2663 Corinth.
1845 2628 1894 2663 3.:
1923 2626 1995 2660 Lex
2023 2624 2170 2658 occidit.

1171 2684 1307 2719 Deinde
1343 2683 1575 2717 certissia-um
1612 2691 1662 2715 est
1701 2679 1832 2714 remitti
1868 2683 2005 2724 peccata
2045 2674 2167 2710 Gratis
