2415 2942
190 65 264 102 293
570 63 651 101 XII.

190 152 300 185 simus
317 150 501 193 vigilantes
516 156 548 184 et
573 149 719 191 intenti,
759 163 797 184 ac
815 150 936 194 primis
960 149 1073 182 initiis
1099 156 1177 182 ten-

188 203 363 236 tationum
380 212 634 245 repugnemus,
670 214 742 234 non
768 202 966 240 foveamus,
1001 212 1075 233 non
1102 200 1174 233 ala-

187 265 265 286 mus
281 252 407 296 impias
425 253 610 296 opiniones
627 252 663 284 in
683 252 819 285 animis.

289 302 478 346 Principiis
495 304 613 344 obsta,
640 315 717 335 sero
737 301 908 335 medicina
926 307 1082 344 paratur,

339 353 428 388 Cum
448 354 538 387 mala
553 366 615 398 per
632 354 754 396 longas
772 351 982 385 convaluere
993 363 1119 384 moras.

353 436 552 484 Ingressus
570 441 620 470 est
638 436 676 469 in
694 434 802 470 illum
819 438 991 471 satanas.

285 505 413 539 Tristis
431 513 463 538 et
481 503 657 538 horrenda
674 505 864 549 descriptio
891 510 960 544 est,
997 509 1029 537 et
1053 503 1168 536 mani-

180 557 307 589 festum
342 557 594 590 testimonium.
662 555 853 588 Diabolum
893 566 966 587 esse
1003 554 1165 598 spiritum

182 614 364 649 vagantem
381 608 418 639 in
438 610 533 646 a'ere,
562 614 594 640 et
610 613 851 650 penetrantem
870 607 905 638 in
923 603 1105 645 homines,
1133 612 1165 639 et

180 658 419 701 impellentem
439 658 480 690 ad
498 657 646 695 scelera,
682 658 770 691 sicut
798 664 831 690 et
848 656 979 690 Paulus
1003 656 1164 689 nominat

180 708 340 741 diabolos
366 714 551 752 potestates
575 708 683 749 aeris,
720 716 753 742 et
779 708 826 741 ait
850 708 1003 740 efficaces
1029 719 1101 740 esse
1125 707 1163 739 in

179 759 310 802 impiis.
363 758 439 792 Etsi
458 766 571 792 autem
590 766 691 792 antea
716 771 856 804 quoque
877 758 980 791 ludas
1003 759 1070 791 fuit
1094 759 1162 790 im-

178 810 300 853 pulsus
322 822 340 842 a
366 810 528 852 diabolo,
571 816 688 843 tamen
715 823 809 843 nunc
835 817 912 853 post
944 809 1159 842 admonitio-

177 871 272 899 nem,
310 872 388 893 cum
407 873 479 893 non
497 861 652 894 flectitur
676 862 716 894 ad
744 861 1020 904 poenitentiam,
1055 872 1159 903 auge-

177 917 234 944 tur
252 911 289 943 in
314 922 354 943 eo
380 911 497 950 furor,
534 912 568 943 id
594 912 827 954 significatum
854 919 921 950 est,
957 924 1035 944 cum
1064 923 1159 944 nnnc

176 961 308 995 dicitur
324 962 472 996 intrasse
491 962 527 994 in
545 974 624 995 enm
651 970 800 998 satanas.
855 962 927 995 Iam
955 963 1158 1006 pertinacia,

175 1013 344 1052 amentia,
381 1019 414 1046 et
436 1013 535 1046 furor
560 1014 604 1046 ita
628 1015 901 1053 confirmantur,
934 1020 972 1046 ut
994 1014 1158 1045 admoni-

175 1063 312 1096 tionum
346 1064 426 1096 finis
454 1064 531 1104 fiat,
575 1065 688 1108 qnalis
719 1072 766 1098 est
795 1065 902 1107 igitur
934 1064 1002 1096 iam
1028 1062 1157 1096 Iudas?

175 1112 297 1147 Hostis
319 1112 404 1155 Dei,
439 1115 660 1147 domicilium
687 1116 839 1155 diaboli,
877 1116 1047 1157 ignorans
1071 1126 1155 1154 sese,

175 1177 214 1198 ac
230 1165 367 1205 furens,
403 1166 559 1198 abiectus
578 1178 594 1196 a
613 1164 708 1205 Deo,
747 1166 906 1197 nondum
932 1164 1075 1208 quidem
1103 1165 1154 1196 vi-

174 1216 262 1247 dens
279 1215 365 1246 iram
385 1213 469 1254 Dei,
496 1218 554 1247 sed
572 1215 753 1259 aliquanto
771 1222 847 1259 post
864 1226 1051 1254 sensurus,
1074 1226 1152 1246 cum

173 1264 268 1297 volet
287 1265 405 1306 sugere
425 1272 518 1297 extra
536 1266 736 1298 universam
756 1278 871 1299 rerum
891 1272 1064 1305 naturam,
1081 1265 1153 1297 imo

173 1314 266 1347 volet
284 1315 319 1346 in
337 1312 491 1348 nihilum
514 1316 647 1359 redigi,
684 1329 747 1349 nec
772 1317 899 1360 poterit
923 1323 1059 1354 tamen,
1095 1327 1152 1347 ex-

170 1365 385 1398 cruciabitur
418 1373 559 1399 aeterno
589 1368 729 1407 dolore,
774 1368 866 1411 qnod
895 1367 1006 1399 sciens
1034 1366 1151 1398 Deum

169 1428 306 1449 summa
326 1417 537 1449 contumelia
555 1417 720 1457 affecerit,
739 1419 798 1462 qui
817 1418 916 1450 iussit
933 1415 1027 1449 hunc
1039 1417 1150 1449 filium

171 1467 285 1500 audiri
307 1464 491 1500 ethonore
508 1468 615 1508 affici,
647 1477 678 1502 et
698 1469 896 1501 testimonia
915 1480 996 1501 suae
1024 1468 1152 1500 volun-

170 1518 250 1552 tatis
275 1518 451 1551 evidentia
473 1519 646 1557 ostendit,
681 1521 776 1563 quod
804 1517 886 1552 haec
906 1519 969 1552 Dei
993 1519 1151 1552 testimo-

170 1570 228 1601 nia
262 1580 447 1611 spernenS‚
488 1576 522 1602 et
549 1571 754 1603 mandatnm
781 1570 854 1603 eius
877 1570 1010 1602 furiose
1032 1576 1151 1601 conte-

170 1630 314 1656 mnetis,
348 1617 481 1652 Christi
504 1632 623 1652 necem
649 1621 841 1661 adiuverit,
877 1628 910 1654 et
933 1632 1011 1653 cum
1040 1618 1150 1653 hosti-

170 1670 236 1702 bus
263 1667 347 1709 Dei,
389 1676 420 1702 et
456 1676 530 1702 toto
563 1682 670 1713 regno
707 1672 840 1704 diaboli
873 1668 1150 1714 blasphemantis

170 1719 285 1753 Deum
303 1721 570 1763 conspiraverit.
625 1720 762 1753 Horum
786 1722 1020 1753 maximorum
1044 1722 1150 1753 scele-

170 1781 248 1802 rum
268 1781 401 1812 poenae
417 1777 498 1802 sunt
517 1771 793 1811 inenarrabiles,
821 1772 878 1803 sed
898 1771 1080 1813 cogitanda
1101 1779 1150 1805 est

173 1818 255 1852 haec
274 1816 448 1852 horrenda
470 1820 605 1862 imago,
634 1828 673 1854 ut
690 1821 799 1853 simus
817 1822 1075 1864 vigilantioreS,
1107 1834 1150 1854 ne

171 1870 304 1903 diaboli
322 1870 461 1902 insidiis
479 1869 725 1913 pertrahamur
742 1873 784 1904 ad
804 1872 935 1904 similes
953 1872 1082 1916 lapsus.
1172 1818 1177 1942 Ι

269 1919 332 1954 Est
355 1927 388 1953 et
413 1918 480 1953 hoc
506 1922 715 1962 dicendum,
747 1924 869 1955 lndam
897 1923 1006 1956 libere
1031 1930 1063 1956 et
1087 1935 1150 1955 vo-

168 1973 297 2005 lentem
314 1971 499 2004 assensisse
517 1973 701 2005 tentationi
728 1973 881 2013 diaboli,
918 1981 950 2006 et
972 1973 1146 2007 volentem

165 2024 300 2066 lapsum
320 2034 409 2062 esse,
444 2035 507 2055 nec
524 2024 724 2057 necessitate
740 2024 837 2057 fatali
853 2031 912 2057 aut
936 2024 1043 2057 stoica
1069 2035 1149 2067 pec-

166 2085 264 2113 care,
293 2084 356 2106 nec
373 2072 486 2106 Deum
505 2074 595 2106 velle
615 2082 792 2117 peccatum
813 2074 931 2108 Iudae.
977 2073 1147 2106 'l'enenda

166 2131 216 2159 est
235 2124 328 2157 enim
347 2124 465 2167 regula
494 2125 621 2158 tradita
647 2137 664 2157 a
685 2125 832 2158 Ioanne:
867 2124 940 2168 Qui
962 2126 1044 2158 facit
1069 2137 1148 2169 pec—

165 2183 280 2209 catum
298 2187 338 2208 ex
354 2175 497 2208 diabolo
517 2183 584 2215 est,
621 2187 684 2208 nec
701 2177 943 2209 transferenda
971 2183 1021 2209 est
1045 2187 1147 2208 causa

164 2228 206 2261 ad
226 2226 365 2261 fatalem
385 2226 622 2259 necessitatem
635 2251 644 2265 ‚
673 2234 732 2260 aut
747 2228 791 2260 ad
809 2227 1025 2260 voluntatem
1043 2226 1122 2260 Dei.

284 2307 396 2346 Nunc
410 2308 644 2356 glorificatus
664 2307 834 2355 estfilius
850 2307 1024 2346 hominis.

265 2379 347 2413 Post
376 2380 506 2413 exitum
537 2378 644 2412 Iudae
668 2379 785 2412 incoat
811 2376 975 2413 Christus
1005 2377 1148 2411 concio-

167 2442 264 2470 nem,
281 2442 368 2474 quae
383 2430 451 2463 iam
468 2431 586 2463 minus
596 2437 859 2464 consternatum
870 2429 1026 2462 animum
1037 2429 1146 2471 signi-

165 2482 262 2517 ficat,
290 2487 321 2514 et
339 2482 615 2515 consolationem
633 2489 666 2515 et
688 2482 906 2521 doctrinam,
941 2480 1145 2524 promissio·
1169 2496 1171 2539 ἰ

167 2543 228 2564 nes
245 2537 278 2564 et
297 2539 475 2576 praecepta
494 2534 537 2565 de
556 2533 716 2565 maximis
734 2533 839 2565 rebus
860 2531 995 2566 miscet.
1051 2529 1145 2565 Con-
1169 2541 1171 2573 Ι

164 2583 317 2616 sumitur
333 2589 446 2615 autem
465 2583 588 2616 concio
609 2584 645 2616 in
664 2581 718 2616 his
733 2583 835 2617 locis:
856 2582 952 2624 Quid
969 2582 1013 2615 sit
1025 2580 1145 2614 Evan-
1168 2591 1172 2647 Ι

164 2634 292 2678 gelium
306 2660 313 2673 ,
342 2633 444 2678 quale
458 2634 692 2668 ministerium
713 2635 755 2669 sit
776 2632 1007 2677 Evangelium
1020 2660 1028 2674 ,
1047 2633 1143 2678 quod

703 61 1002 100 ENARRATIO
1042 62 1091 99 IN
1124 56 1546 98 EVANG.10ANNIS.
1596 61 1701 100 cu).
1728 66 1830 103 xm.
2141 76 2213 111 294

1229 144 1373 178 serenda
1396 147 1441 180 sit
1463 159 1547 181 crux
1574 158 1717 194 propter
1740 155 2013 196 consessionem,
2049 163 2143 205 quod
2167 163 2211 196 sit

1229 196 1398 251 missurus
1413 197 1587 241 Spiritum
1605 210 1762 236 sanctum
1775 229 1783 243 ,
1811 207 1871 249 qui
1887 208 1931 242 sit
1950 209 2069 244 efficax
2085 212 2122 244 in
2142 214 2209 245 mi-

1227 246 1393 287 nisteri0,
1426 255 1458 281 et
1474 250 1695 292 singulorum
1723 257 1911 300 cordibus,
1945 262 2039 304 quod
2062 264 2208 296 creden-

1227 301 1276 327 tes
1294 293 1450 330 habituri
1473 299 1543 332 sint
1568 302 1674 335 vitam
1697 313 1886 344 aeternam.
1940 309 2121 347 Postremo
2144 316 2208 348 ad-

1225 345 1278 378 dit
1295 347 1513 381 dulcissimas
1529 353 1747 393 precationes
1768 369 1829 400 pro
1843 357 1996 395 Ecclesia
2008 391 2016 399 ,
2045 377 2130 409 quas
2148 365 2206 398 in-

1224 395 1306 428 fixas
1337 408 1409 430 esse
1442 399 1571 433 animis
1596 405 1725 437 nostris
1748 410 1946 450 oportebat.
2004 411 2051 448 Et
2077 416 2114 448 in
2142 414 2204 450 hac

1223 453 1397 489 postrema
1415 456 1514 492 parte
1537 451 1629 485 clare
1652 457 1920 499 conspiciuntur
1942 465 2060 498 omnia
2088 478 2203 500 sacer-

1221 497 1313 530 dotis
1336 499 1460 534 officia.
1513 499 1623 536 Docet
1640 502 1804 540 Christus
1821 508 2053 555 Evangelium
2084 529 2202 559 preca-

1220 554 1277 580 tur
1292 560 1355 591 pro
1374 550 1497 589 nobis,
1528 559 1561 586 et
1581 562 1697 597 postea
1724 558 1827 592 offert
1851 571 1954 595 suum
1981 567 2198 602 sacrificium.

1220 597 1304 655 Ideo
1341 607 1457 633 autem
1494 614 1632 637 necesse
1665 614 1716 640 est
1744 611 1943 646 meminisse
1972 618 2200 658 precationes,

1218 650 1351 706 quia—in
1367 650 1537 686 sacrificio
1561 658 1752 691 necessaria
1772 667 1821 693 est
1840 664 2044 706 applicatio,
2076 668 2111 701 id
2140 678 2188 704 est

1218 701 1435 742 sacrificans,
1465 715 1529 746 pro
1549 718 1618 750 quo
1642 715 1733 750 petat
1757 717 1788 743 et
1812 712 1956 755 offerat,
1986 697 2200 753 commemo-i

1216 763 1291 784 rare
1309 753 1424 787 debet.
1477 752 1567 788 Cum
1588 757 1695 800 igitur
1712 766 1769 793 tua
1788 774 1886 796 mens
1905 766 1946 798 de
1962 768 2196 811 applicatione

1215 803 1351 859 quaerit
1370 801 1431 836 has
1455 805 1597 840 ultimas
1623 812 1857 852 precationes,
1891 817 2018 859 cogites
2046 832 2083 852 ac
2109 822 2195 855 scias

1213 851 1394 887 (sliristum
1413 866 1486 888 uon
1503 857 1616 891 solum
1633 861 1801 895 obtulisse
1820 867 2046 910 sacrificium,
2073 873 2132 905 sed
2157 873 2194 906 id

1213 903 1315 936 etiam
1331 905 1522 949 applicasse
1539 911 1705 944 omnibus
1731 915 1973 959 credentibus,
2001 927 2032 954 et
2059 933 2121 964 pro
2144 924 2192 957 eis

1184 967 1185 974 ¹
1212 967 1344 996 orasse,
1380 964 1417 990 ut
1434 957 1652 1002 intelligatur
1669 974 1740 995 esse
1757 967 1992 1009 propiciator,
2024 978 2057 1004 et
2080 973 2192 1007 inter-

1212 1017 1336 1041 cessor.
1399 1005 1445 1040 Et
1472 1006 1529 1041 hic
1556 1023 1620 1043 nos
1647 1015 1886 1057 consolemur,
1922 1032 1999 1052 cum
2028 1020 2191 1058 Christus

1210 1069 1274 1104 pro
1308 1057 1410 1090 uobis
1441 1059 1693 1102 intercesserit,
1728 1077 1831 1108 quem
1865 1071 2024 1103 exaudiri
2054 1082 2189 1108 certum

1211 1115 1278 1144 est,
1314 1108 1396 1152 quia
1420 1116 1517 1151 pater
1542 1111 1646 1144 dixit:
1682 1112 1750 1146 Hic
1776 1124 1824 1149 est
1851 1118 1943 1152 filins
1966 1133 2082 1163 meus,
2118 1138 2188 1170 quo

1209 1158 1379 1213 delector,
1415 1170 1487 1191 uon
1504 1161 1705 1195 dubitemus
1731 1177 1794 1198 nos
1818 1177 1961 1213 propter
1988 1169 2082 1206 hunc
2103 1187 2189 1218 pro-³

1208 1214 1415 1263 piciaetorem
1436 1217 1468 1242 et
1485 1209 1750 1246 intercessorem
1767 1218 1885 1263 recipi.
1938 1220 2033 1256 Haec
2050 1233 2099 1258 est
2120 1227 2188 1269 piis

1209 1258 1322 1290 dulcis
1355 1266 1387 1292 et
1418 1260 1580 1295 salutaris
1604 1265 1817 1310 consolatio,
1867 1277 1900 1304 et
1923 1273 2061 1308 assidue
2092 1278 2186 1310 eooi-

1208 1309 1312 1341 tauda
1331 1316 1392 1343 est.
2135 1304 2151 1321 υ

1309 1359 1431 1395 lncoat
1449 1370 1565 1397 autem
1582 1362 1742 1401 hocloco
1759 1372 2033 1409 consolationem
2051 1389 2070 1411 a
2090 1391 2186 1413 com-

1207 1412 1459 1467 memoratione
1477 1415 1530 1447 sui
1548 1418 1685 1457 gaudii,
1712 1420 1824 1455 donec
1841 1424 1952 1458 adsuit
1973 1425 2093 1469 Iudas,
2117 1431 2186 1465 fuit

1205 1462 1322 1506 aliqua
1339 1463 1433 1496 lucta
1458 1465 1495 1496 in
1522 1474 1637 1500 mente
1653 1466 1805 1510 Christi,
1841 1481 1878 1507 ut
1903 1487 2003 1520 saepe
2028 1491 2184 1515 recurre-

1206 1520 1287 1546 runt
1305 1516 1604 1550 consternationes
1628 1519 1666 1551 in
1692 1517 1755 1553 hac
1780 1535 1906 1565 coena,
1940 1529 2034 1562 dolet
2059 1542 2185 1565 secuu-

1204 1565 1288 1596 dum
1307 1571 1468 1597 uaturam
1491 1566 1634 1601 intuens
1657 1578 1824 1612 mortem,
1859 1577 1917 1608 sed
1947 1578 2050 1621 longe
2075 1584 2185 1616 mavis

1204 1615 1300 1647 dolet
1315 1616 1469 1648 sentiens
1487 1616 1522 1649 in
1538 1629 1573 1650 se
1591 1619 1725 1653 effundi
1745 1622 1831 1656 iram
1844 1625 1907 1658 Dei
1925 1629 2090 1664 adversus
2104 1610 2185 1676 ρξε-

1205 1673 1276 1698 cata
1305 1666 1441 1708 generis
1471 1665 1638 1708 humani,
1691 1672 1785 1706 videt
1814 1684 1984 1719 quantum
2014 1680 2184 1718 irascatur

1206 1715 1300 1748 Deus
1325 1724 1488 1759 peccato,
1528 1726 1560 1752 et
1585 1720 1738 1755 luctatur
1761 1736 1847 1767 pene
1872 1735 1910 1760 ut
1933 1737 2091 1765 metuens
2119 1735 2184 1767 ab·

1204 1767 1407 1808 iet-tionem,
1435 1769 1531 1802 dolet
1550 1782 1709 1813 magnam
1730 1782 1862 1816 partem
1881 1781 2016 1820 generis
2035 1780 2184 1819 humani

1203 1817 1375 1859 ingratam
1396 1830 1458 1861 pro
1477 1816 1542 1852 hac
1566 1823 1800 1865 redemtione,
1835 1839 1937 1862 ruere
1963 1831 2001 1864 in
2025 1840 2183 1870 aeternas

1204 1879 1342 1911 poenas.
1396 1868 1444 1901 Ili
1468 1870 1607 1903 dolores
1631 1875 1754 1917 quanti
1779 1877 1867 1918 sint,
1900 1881 1997 1914 nulla
2023 1893 2182 1921 creatura

1202 1918 1284 1950 satis
1302 1918 1479 1962 intelligit.
1530 1920 1600 1954 Sed
1625 1930 1745 1958 tamen
1769 1935 1890 1969 gustus
1914 1931 2042 1976 aliquis
2069 1943 2118 1969 est
2142 1938 2181 1971 in

1203 1967 1376 2006 Ecclesia,
1413 1970 1498 2003 alias
1515 1979 1629 2005 autem
1647 1975 1751 2008 dolor
1767 1980 1876 2022 magis
1895 1984 2062 2026 sentitur,
2096 1988 2182 2022 alias

1201 2027 1363 2062 snperato
1382 2020 1504 2054 dolore
1529 2035 1626 2056 mens
1649 2025 1685 2057 in
1704 2027 1766 2060 Dei
1794 2032 2043 2074 promissione,
2080 2050 2182 2080 prae-

1201 2071 1332 2110 sentia,
1360 2078 1391 2103 et
1407 2083 1466 2115 spe
1486 2073 1706 2109 liberationis
1725 2081 1930 2124 acquiescit,
1965 2092 1998 2118 et
2022 2087 2170 2123 erissitur

1201 2119 1252 2153 Ita
1269 2119 1325 2154 hic
1343 2121 1446 2155 dicit:
2075 2114 2093 2132 o
2170 2116 2180 2127 ⁸

1302 2171 1404 2206 Nunc
1427 2174 1640 2216 glorificatus
1657 2186 1706 2212 est
1730 2180 1822 2213 filius
1846 2180 2018 2225 hominis,
2050 2188 2085 2221 id
2113 2197 2177 2224 est:

1199 2222 1302 2257 Nunc
1320 2236 1441 2257 rursus
1462 2226 1574 2259 sentio
1600 2230 1893 2275 consolationem,
1927 2245 2088 2280 superata
2113 2238 2178 2275 hac

1200 2275 1291 2308 lucta
1309 2282 1341 2308 et
1359 2272 1425 2308 hoc
1443 2277 1584 2315 dolore,
1611 2290 1679 2322 quo
1698 2281 1916 2318 conflictatus
1930 2298 2027 2327 sum,
2064 2291 2177 2325 donec

1199 2326 1321 2359 aderat
1341 2326 1459 2365 ludas,
1494 2327 1606 2360 sentio
1630 2342 1761 2363 novum
1784 2335 1914 2376 robur,
1948 2350 1987 2371 ac
2008 2340 2120 2375 laetus
2144 2351 2176 2377 et

1200 2376 1320 2409 volens
1345 2378 1435 2421 patri
1452 2379 1634 2420 obediam,
1669 2387 1701 2413 et
1726 2394 1826 2426 spero
1851 2386 2097 2424 liberationem
2122 2404 2178 2426 sa-

1198 2428 1347 2460 lutarem
1384 2429 1568 2461 unixersae
1590 2427 1785 2473 Ecclesiae,
1828 2437 1974 2480 erigitur
1999 2453 2096 2475 niens
2119 2444 2175 2476 in-

1198 2485 1300 2511 tuens
1330 2479 1367 2511 in
1399 2477 1481 2512 haec
1513 2481 1601 2519 (luo,
1635 2485 1729 2526 quod
1756 2483 1830 2519 Deo
1857 2496 1993 2530 gratum
2021 2494 2174 2527 officium

1197 2529 1320 2570 faciat,
1356 2537 1389 2563 et
1412 2531 1503 2574 quod
1529 2542 1546 2562 a
1576 2530 1647 2564 Deo
1675 2534 1879 2576 adiuvetur,
1913 2547 1945 2573 et
1973 2550 2065 2576 certo
2091 2541 2177 2578 baec

1197 2580 1397 2613 obedientia
1415 2582 1530 2613 futura
1548 2581 1589 2614 sit
1605 2583 1768 2618 salutaris
1786 2586 1958 2624 Ecclesiae
1975 2590 2054 2627 Dei.
2090 2593 2173 2628 ldeo

1197 2631 1370 2676 sequitur:
1413 2629 1459 2665 Et
1483 2632 1582 2716 1351?
1605 2633 1818 2677 glorificatus
1840 2647 1889 2674 est
1910 2653 1973 2686 per
1995 2655 2092 2686 eum,
2135 2645 2172 2679 id
