2415 2942
300 131 369 166 231

303 224 446 274 propter
472 215 721 260 professionem
748 226 847 247 urae
872 216 1053 249 doctlinae
1076 228 1116 248 ex
1135 215 1289 251 Ecclesia

303 267 428 300 eiicere
446 279 510 300 con
516 272 638 305 intur,
665 266 899 301 consolemur.

477 347 526 382 In
551 346 728 382 i'udzcmm
753 349 791 382 in
814 347 911 385 hunc
932 349 1121 388 mundum,

411 416 511 450 Duae
529 425 610 451 sunt
630 418 824 451 sententiae
839 419 1085 464 gravissimae,
1112 421 1212 454 valde
1229 435 1293 466 pu-

308 474 454 511 gnantes
481 480 560 500 cum
585 469 658 512 lege
680 476 710 501 et
733 469 903 513 sapientia
930 468 1096 504 hnmana.
1160 471 1293 513 Altera,

307 519 403 563 quod
419 517 653 561 Evangelium
671 520 792 553 offerat
810 521 955 554 salutem
974 522 1140 562 indiguis.
1194 522 1293 558 Alte-

309 581 364 608 ra,
392 570 486 613 quod
513 581 571 603 eos
595 571 653 615 qui
681 570 846 604 videntur
870 573 1020 606 maxime
1039 574 1155 615 digni,
1184 582 1215 608 et
1235 587 1293 607 ex-

309 620 441 653 cellunt
467 621 657 665 sapientia,
691 622 822 655 virtute
844 630 876 656 et
897 623 1101 667 disciplina,
1130 626 1187 657 sed
1213 637 1294 668 pro-
1320 639 1321 659 1

309 677 387 714 pter
404 669 469 703 hoc
486 671 590 705 decus
606 679 836 706 contemnunt
854 686 972 707 vocem
983 672 1185 717 Evangelii,
1212 676 1293 708 reii-
1320 696 1321 709 ι

308 721 387 754 ciat.
439 720 546 755 Ratio
567 720 720 755 humana
740 725 946 757 naturaliter
960 725 1145 767 opiniones
1162 739 1202 758 ex
1221 727 1294 768 lege

308 778 403 805 ortas
435 778 544 809 tenet,
576 773 799 816 disciplinam
829 775 944 817 magni
972 775 1072 815 facit,
1107 783 1138 809 et
1164 777 1294 810 iudicat

309 821 385 855 Deo
418 823 553 865 placere
584 824 709 864 iustos,
745 831 803 857 aut
838 825 865 856 si
893 836 979 869 qnos
1011 825 1124 868 lapsos
1159 827 1322 870 recipit,

308 879 401 906 certe
435 885 507 905 nou
539 874 708 917 recipere,
744 875 811 906 nisi
843 882 987 918 propter
1017 876 1133 920 aliqua
1161 878 1293 912 merita

307 921 353 956 Et
386 924 467 968 quia
499 935 680 968 nunquam
712 925 791 964 scit,

309 973 386 1006 ideo
427 985 562 1016 semper
602 975 740 1008 dubitat
777 976 820 1008 de
853 976 974 1018 gratia.
1044 975 1140 1010 Haec
1171 978 1292 1022 opinio

307 1023 467 1056 omnium
496 1024 623 1057 animis
642 1025 762 1059 innata
779 1032 845 1065 est,
874 1027 952 1059 ideo
971 1024 1147 1060 Pharisaei
1167 1029 1294 1062 nolunt

306 1073 497 1108 Ecclesiam
530 1075 649 1118 colligi
682 1088 721 1108 ex
756 1088 796 1109 eo
821 1088 988 1118 numero,
1022 1079 1083 1123 qui
1108 1079 1195 1112 vivit
1218 1079 1293 1112 sine

306 1125 510 1169 disciplina,
538 1132 573 1159 ut
594 1138 633 1159 ex
651 1127 824 1169 gentibus-

409 1175 477 1209 Sed
510 1173 568 1209 hic
598 1177 746 1210 maxime
776 1179 990 1222 conspicitur
1012 1179 1136 1223 ingens
1157 1180 1293 1213 miseri·
1319 1185 1321 1201 ¹

307 1226 424 1259 cordia
451 1226 537 1267 Dei,
572 1229 666 1272 quod
693 1240 793 1261 suum
818 1228 1069 1273 Evangelium,
1106 1243 1204 1264 suam
1231 1243 1294 1263 vo-

307 1289 379 1310 cem
404 1289 476 1309 non
504 1278 617 1311 solum
640 1280 770 1322 spargit
795 1280 887 1313 inter
911 1292 987 1321 eos,
1021 1281 1081 1326 qui
1107 1282 1293 1326 disciplina

307 1327 434 1361 frenati
464 1335 564 1368 sunt,

307 1378 413 1412 etiam
447 1376 680 1413 horribilibus
709 1381 804 1414 vitiis
829 1382 1094 1418 contaminatos.

306 1435 407 1462 vocat
431 1430 474 1462 ad
499 1430 769 1473 poenitentiam,
798 1438 831 1465 et
854 1432 956 1466 offert
980 1433 1124 1466 salutem
1148 1440 1293 1477 propter

306 1479 418 1512 filium
442 1478 508 1513 Dei
538 1481 725 1522 omnibus,
761 1482 822 1527 qui
850 1490 1123 1524 convertuntur,
1156 1484 1291 1518 etiamsi
1318 1496 1319 1499 ¹

305 1537 407 1564 antea
438 1530 514 1563 sine
546 1532 731 1576 disciplina
763 1533 936 1568 vixerunt.
1002 1533 1055 1568 Ac
1085 1535 1290 1577 magnitudo

305 1581 566 1614 misericordiae
584 1580 650 1615 Dei
674 1583 784 1626 magis
804 1584 1014 1627 intelligitur
1038 1585 1075 1617 in
1103 1586 1291 1619 collatione

306 1638 339 1664 et
356 1631 439 1675 ipsis
455 1629 623 1668 historiis.
677 1632 808 1667 Confer
826 1632 998 1668 Nazareth
1014 1642 1046 1669 et
1058 1634 1209 1670 Romam
1221 1635 1291 1670 Ne-

305 1682 403 1715 ronis
426 1689 600 1726 tempore,
628 1683 746 1717 minus
771 1685 899 1718 mirum
925 1692 994 1727 est,
1021 1697 1146 1720 sonare
1171 1699 1290 1720 vocem

305 1731 372 1766 Dei
397 1740 428 1767 et
453 1734 570 1776 colligi
595 1734 787 1768 Ecclesiam
811 1736 848 1768 in
871 1735 1063 1775 Nazareth,
1100 1738 1162 1771 ubi
1186 1738 1291 1771 disci-

306 1783 402 1827 plina
417 1783 580 1826 florebat,
605 1783 720 1818 adhuc
735 1786 953 1820 retinebatur
969 1787 1019 1820 ibi
1036 1800 1115 1821 vera
1132 1789 1291 1822 doctrina

306 1835 349 1866 de
373 1846 443 1867 uno
466 1833 560 1876 Deo,
594 1836 775 1870 conditore
797 1837 956 1871 omnium
981 1850 1118 1878 rerum,
1147 1846 1291 1873 curante

306 1881 486 1926 homines,
520 1887 726 1920 exaudiente
748 1887 875 1929 iustOS‚
910 1895 942 1922 et
967 1890 1135 1933 puniente
1160 1890 1291 1924 atrocia

305 1936 444 1969 scelera.
498 1935 612 1970 Erant
634 1943 666 1971 et
691 1950 805 1971 mores
826 1937 984 1980 honesti,
1008 1952 1046 1973 ac
1069 1941 1291 1984 magistratus

304 1986 500 2029 puniebant
528 1987 647 2020 omnia
679 1989 860 2023 manifesta
891 1990 1031 2026 scelera.
1084 1991 1132 2025 At
1155 1991 1290 2026 Romae

306 2037 508 2080 praesertim
533 2036 685 2072 Neronis
715 2046 891 2084 ternpore,
924 2041 1038 2086 qualis
1070 2049 1145 2076 erat
1174 2042 1290 2086 turpi—

305 2087 417 2121 tudo?
469 2087 623 2122 Maxima
650 2090 840 2124 multitudo
866 2103 1008 2135 prorsus
1029 2099 1102 2126 erat
1118 2093 1289 2136 epicurea,

306 2144 339 2170 et
355 2139 571 2172 securissime
588 2140 724 2174 ridebat
741 2153 861 2175 omnes
876 2142 1062 2186 religiones
1074 2170 1083 2183 ,
1110 2143 1211 2187 pauci
1228 2143 1288 2176 alii

305 2188 466 2223 colebant
483 2190 589 2226 idola.
615 2190 752 2225 Deinde
769 2189 989 2226 horribiliter
1005 2194 1130 2236 polluti
1145 2194 1288 2228 suerunt

305 2239 449 2282 plurimi
471 2241 567 2284 vagis
588 2248 619 2275 et
642 2242 824 2285 flagitiosis
842 2243 1070 2285 libidinibus,
1096 2257 1185 2290 quae
1201 2245 1287 2278 adeo

305 2301 377 2321 non
404 2291 663 2333 puniebantur,
697 2299 737 2326 ut
760 2293 863 2326 etiam
888 2305 1069 2328 concessae
1092 2295 1287 2339 voluptates

305 2351 378 2372 esse
401 2347 625 2384 putarentur,
654 2355 692 2376 ac
715 2344 1002 2387 praestantissimi
1023 2346 1170 2379 maxime
1187 2353 1287 2380 erant
1312 2371 1313 2375 ,

306 2391 545 2426 contaminati.
602 2393 689 2427 Item
712 2405 855 2433 usurae,
883 2401 915 2427 et
939 2395 1034 2427 varia
1058 2397 1204 2439 aucupia
1226 2409 1286 2441 pe-

305 2441 428 2474 cuniae
459 2442 555 2475 laudi
577 2444 806 2480 ducebantur.

305 2498 378 2525 erat
392 2492 547 2535 gentium
565 2500 638 2528 toto
654 2495 738 2528 orbe
753 2502 938 2530 terrarum.
992 2495 1091 2530 Talis
1105 2510 1183 2531 cum
1198 2505 1285 2532 esset

302 2540 417 2576 Roma
434 2541 585 2577 Neronis
607 2550 780 2589 tempore,
806 2553 922 2580 tamen
943 2546 993 2580 ibi
1009 2555 1109 2582 sonat
1126 2561 1192 2582 vox
1207 2548 1284 2588 Dei,

303 2599 336 2626 et
352 2590 540 2627 Ecclesiam
561 2595 713 2639 colligit,
741 2608 819 2630 cum
837 2596 968 2631 Paulus
985 2598 1034 2631 ibi
1051 2596 1282 2643 Evangelium
1307 2635 1308 2638 Ἴ

541 2644 635 2679 Haec
651 2647 857 2690 magnitudo
875 2649 1134 2683 misericordiae
1153 2657 1282 2685 attente
1306 2648 1308 2665 f

301 2644 486 2686 praedicat.

299 2694 551 2730 consideranda
574 2703 634 2731 est.
686 2696 853 2732 Alienum
879 2699 971 2733 enim
996 2701 1136 2736 videtur
1155 2699 1281 2736 huma-

904 129 1029 164 PIIlL.
1056 130 1170 166 MEL.
1199 130 1406 166 SCRIPTA
1435 131 1732 170 EXEGEthA.

831 937 919 969 quae
950 926 1072 959 merita
1108 927 1293 969 sufficiant,
1321 953 1322 961 1

599 1330 657 1361 sed
686 1342 829 1374 prorsus
856 1331 948 1365 iuter
971 1344 1093 1364 omnes
1120 1330 1292 1373 homines,
1319 1342 1320 1356 ³

1156 1380 1292 1416 Omnes
1318 1407 1320 1415 .

874 2443 922 2479 Et
946 2446 1016 2478 fere
1038 2446 1162 2480 similis
1187 2448 1286 2481 furor
1311 2450 1312 2484 l

2250 140 2324 175 232

1345 232 1410 253 nae
1426 221 1574 261 rationi,
1600 232 1724 253 sonare
1741 232 1860 253 vocem
1872 221 1935 256 Dei
1955 223 2045 257 inter
2061 223 2214 267 pollutos
2232 231 2326 258 tanta

1346 271 1584 316 turpitudine,
1612 278 1644 305 et
1663 271 1825 313 colligere
1841 283 1880 305 ex
1897 274 2025 307 talibus
2042 272 2231 308 Ecclesiam
2249 273 2326 311 Dei.

1347 321 1429 355 Ideo
1465 321 1585 355 ludaei
1616 320 1841 355 vehementer
1873 321 2182 358 stomachabantur
2211 325 2327 367 initio,

1345 385 1424 406 cuin
1444 373 1602 406 viderent
1619 373 1850 416 Evangelium
1868 375 1982 418 spargi
2003 375 2093 408 inter
2108 382 2237 418 gentes.

1449 447 1542 481 Huic
1567 448 1700 481 iudicio
1726 446 1902 481 humanae
1925 449 2073 482 rationis
2096 452 2328 494 opponendae

1319 513 1321 523 ·
1346 505 1427 531 sunt
1452 496 1517 531 hae
1539 510 1639 532 voces
1664 497 1811 537 Christi,
1845 507 1878 533 et
1902 500 2046 532 similes:
2085 499 2172 533 Veni
2199 509 2231 535 et
2254 514 2327 535 non

1319 524 1321 590 l
1346 549 1503 582 videntes
1532 549 1693 593 videant,
1725 557 1763 583 ut
1789 562 1877 594 quae
1900 551 1942 583 de
1967 551 2149 584 vocatione
2172 552 2326 593 gentium

1319 591 1321 635 l
1347 600 1472 643 passim
1497 600 1774 641 concionantur,
1802 608 1833 634 et
1850 600 1979 634 Paulus
2004 601 2146 635 dimicat
2163 603 2205 635 de
2221 603 2330 647 parti-

1320 665 1321 687 :
1346 650 1422 683 cula
1448 649 1583 691 Gratis,
1617 651 1771 684 clamitat
1800 652 1985 696 disciplina
2010 664 2081 684 non
2109 653 2185 686 tolli
2209 665 2329 697 pecca—

1320 716 1321 720 *
1347 708 1421 733 tum
1446 713 1561 734 coram
1580 700 1673 742 Deo,
1700 703 1759 734 sed
1785 709 1903 744 gentes
1928 711 1959 736 et
1978 703 2124 735 Iudaeos
2140 703 2214 736 sine
2231 704 2329 746 agni-

1318 770 1322 785 t
1347 751 1442 784 tione
1466 752 1547 792 filii,
1572 753 1637 785 sub
1657 758 1795 796 peccato
1814 759 1846 785 et
1865 764 1941 785 reos
1958 764 2051 793 esse,
2078 760 2110 787 et
2128 753 2233 797 recipi
2251 764 2328 796 gra-

1320 803 1322 836 i
1346 802 1390 835 tis
1413 779 1554 846 proptei·
1573 803 1684 835 filium
1704 814 1846 842 omnes,
1873 803 1933 848 qui
1952 804 1992 836 ad
2010 815 2090 838 eum
2109 805 2329 848 confugiunt.

1320 851 1440 885 Haec
1462 860 1534 886 erat
1560 853 1678 896 ignota
1704 854 1827 886 concio
1851 851 1898 899 li)
1903 854 2061 897 pocritis,
2089 855 2148 887 sed
2170 867 2234 888 nos
2253 867 2327 888 eam

1319 897 1323 938 ἶ
1345 903 1382 934 in
1398 902 1551 937 Ecclesia
1575 916 1676 937 nosse
1701 910 1733 937 et
1756 911 1875 938 tenere
1897 911 2051 948 oportet,
2078 913 2222 950 propter
2236 906 2329 939 mul-

1345 960 1396 986 tas
1418 965 1556 995 causas,
1587 962 1626 988 ut
1648 955 1720 987 filio
1747 955 1815 988 Dei
1839 955 2017 989 tribuatur
2040 956 2179 990 debitus
2203 954 2328 996 honos,

1344 1003 1448 1042 item,
1480 1011 1519 1038 ut
1547 1006 1780 1039 conscientiae
1808 1006 1943 1038 firmam
1974 1007 2249 1040 consolationem
2275 1014 2327 1040 te-

1345 1061 1461 1087 neant.
1516 1053 1621 1095 Item,
1648 1067 1692 1088 ne
1709 1057 1945 1090 deterreamur
1961 1055 2219 1100 abEvangeHo,
2246 1069 2329 1102 pro-

1345 1111 1461 1148 pterea
1485 1107 1580 1150 quod
1598 1108 1690 1139 inter
1706 1103 1885 1147 homiues,
1912 1119 2062 1152 quorum
2082 1108 2230 1141 maxima
2248 1119 2328 1153 pars

1344 1155 1447 1199 plena
1473 1163 1523 1190 est
1546 1156 1676 1190 furoris
1701 1163 1734 1190 et
1758 1158 1948 1198 scelerum,
1982 1158 2215 1202 praedicatur.
2274 1157 2329 1192 De

1319 1208 1321 1267 i
1345 1203 1411 1239 hoc
1438 1212 1535 1240 tanto
1559 1207 1724 1241 scandalo
1745 1219 1909 1250 magnum
1933 1214 1966 1241 et
1990 1208 2131 1242 difficile
2154 1215 2328 1243 certamen

1319 1272 1321 1296 k
1344 1257 1411 1290 fuit
1427 1255 1566 1291 Christo
1592 1265 1624 1291 et
1640 1257 1821 1302 Apostolis
1840 1270 1918 1291 cum
1936 1256 2147 1303 hypocritis,
2175 1265 2208 1293 et
2221 1257 2327 1293 Chri-

1319 1326 1321 1331 *
1343 1313 1416 1341 stus
1433 1306 1499 1341 hoc
1514 1316 1719 1352 argumento
1735 1309 1964 1342 concionatur
1977 1310 2018 1341 de
2035 1321 2099 1342 ove
2114 1310 2267 1354 perdita,
2295 1317 2329 1344 et

1319 1359 1388 1391 =de
1417 1359 1489 1392 filio
1521 1360 1688 1403 prodigo,
1723 1366 1756 1393 et
1787 1359 1886 1393 addit
1918 1359 2158 1393 dulcissimam
2189 1372 2327 1394 vocem:

1345 1408 1525 1443 Gaudium
1558 1417 1607 1444 est
1640 1410 1677 1442 in
1710 1410 1814 1444 coelis
1843 1409 1955 1443 maius
1980 1411 2023 1443 de
2045 1422 2119 1443 uno
2146 1417 2328 1455 peccatore

1318 1473 1320 1477 ¹
1343 1466 1465 1502 agente
1490 1461 1764 1504 poenitentiam,
1791 1472 1895 1505 quam
1919 1461 1962 1493 de
1984 1461 2175 1504 nonaginta
2199 1473 2326 1495 novem

1318 1536 1319 1539 ,
1342 1510 1460 1549 iustis,
1488 1511 1549 1556 qui
1566 1511 1781 1555 poenitentia
1799 1523 1871 1545 non
1889 1511 2060 1555 indigent.

1443 1584 1597 1619 Econtra
1613 1598 1696 1618 vero
1715 1585 1831 1631 inquit
1841 1583 2001 1620 Christus
2017 1583 2083 1618 hoc
2098 1585 2194 1620 loco:
2223 1584 2326 1625 Veni,

1343 1642 1381 1669 ut
1397 1636 1554 1669 videntes
1570 1637 1661 1670 caeci
1676 1637 1771 1670 fiant.
1824 1635 1923 1677 Item,
1947 1636 1974 1669 si
1991 1636 2082 1669 caeci
2100 1636 2227 1677 essetis,
2251 1649 2324 1670 non

1342 1684 1518 1721 haberetis
1537 1694 1731 1731 peccatum:
1757 1685 1860 1719 Nunc
1876 1687 1993 1720 dicitis
2009 1697 2070 1719 vos
2088 1686 2220 1727 videre,
2246 1687 2325 1721 ideo

1342 1744 1520 1781 peccatum
1547 1744 1698 1771 vestrum
1723 1743 1853 1771 manet.
1918 1734 2092 1770 Omnium
2116 1748 2233 1770 rerum
2258 1735 2326 1771 hu—

1342 1800 1525 1821 manarum
1542 1789 1673 1832 optima
1688 1800 1741 1821 res
1757 1794 1825 1826 est,
1854 1794 1887 1822 et
1903 1787 2112 1832 pulcerrima
2129 1787 2326 1832 disciplina,

1341 1839 1377 1873 id
1405 1845 1471 1880 est,
1497 1840 1586 1872 ordo
1613 1839 1702 1873 vitae
1727 1845 1908 1879 externae,
1934 1849 2129 1881 congruens
2154 1838 2221 1881 legi
2246 1837 2326 1881 Dei,

1342 1887 1433 1922 nihil
1457 1890 1583 1923 melius
1608 1896 1667 1923 aut
1691 1889 1847 1933 pulcrius
1866 1886 1971 1921 habet
1989 1885 2072 1921 haec
2092 1886 2244 1922 humana
2259 1901 2323 1923 na-

1342 1947 1438 1981 tura,
1462 1947 1494 1973 et
1519 1941 1650 1974 accedit
1673 1940 1875 1973 mandatum
1901 1937 1987 1976 Dei,
2014 1950 2085 1983 quo
2107 1939 2325 1975 severissime

1341 1991 1572 2035 praecipitur,
1605 1998 1638 2024 et
1667 1997 1783 2023 tamen
1806 1987 1873 2022 hoc
1897 1994 1994 2022 tanto
2020 1989 2114 2022 bono
2138 1990 2325 2034 praeditos,

1340 2048 1374 2075 et
1399 2041 1529 2085 optime
1552 2048 1724 2080 moratos,
1757 2041 1803 2073 ait
1831 2050 1949 2072 caecos
1973 2050 2063 2080 esse,
2100 2037 2189 2073 hanc
2212 2040 2322 2084 ipsam

1340 2092 1386 2125 ob
1410 2103 1563 2133 causam,
1596 2092 1689 2137 quod
1714 2091 1841 2124 fiducia
1862 2089 2067 2134 disciplinae
2093 2097 2323 2128 contemnunt

1339 2141 1583 2185 Evangelium.
1636 2142 1704 2177 Sed
1730 2139 1820 2174 lianc
1842 2140 2039 2174 caecitatem
2064 2147 2098 2174 et
2121 2138 2187 2174 boc
2201 2153 2322 2185 pecca-

1340 2200 1415 2227 tum
1442 2194 1596 2227 mundus
1620 2205 1692 2226 non
1715 2191 1897 2235 intelligit,
1925 2197 2077 2236 suntque
2101 2192 2265 2226 tenebrae
2283 2194 2321 2228 in

1339 2251 1473 2284 mente,
1507 2244 1670 2277 videlicet
1700 2243 1939 2277 dubitationes
1965 2242 2008 2274 de
2029 2240 2122 2281 Deo,
2155 2243 2321 2279 securitas

1338 2295 1505 2336 carnalis,
1533 2295 1748 2335 diffidentia,
1774 2299 1970 2326 contemtus
1985 2292 2209 2333 mediatoris,
2233 2294 2319 2329 falsa

1337 2346 1512 2379 invocatio
1550 2346 1659 2378 animi
1696 2343 1890 2379 dubitantis
1930 2349 1964 2377 et
1995 2342 2161 2386 fugientis
2191 2341 2318 2382 Deum.

1337 2396 1428 2431 Sunt
1452 2403 1485 2430 et
1506 2396 1567 2430 alii
1589 2403 1705 2430 motus
1723 2396 1923 2429 aberrantes
1939 2405 1958 2426 a
1974 2393 2049 2436 lege
2067 2391 2132 2426 Dei
2151 2393 2317 2429 innume-

1336 2448 1475 2481 rabiles.
1535 2445 1612 2482 Etsi
1635 2447 1743 2491 igitur
1767 2456 1882 2479 mores
1905 2443 2038 2478 externi
2060 2443 2150 2477 bene
2173 2456 2316 2490 compo-

1336 2498 1392 2532 siti
1417 2506 1517 2540 sunt,
1543 2505 1660 2532 tamen
1684 2497 1766 2542 quia
1787 2507 1885 2529 mens
1905 2494 1992 2528 furit
2014 2494 2181 2528 adversus
2202 2495 2314 2531 filium

1309 2549 1311 2580 Υ
1334 2547 1419 2591 Dei,
1447 2562 1519 2583 non
1533 2549 1656 2593 accipit
1670 2547 1909 2582 remissionem
1923 2551 2143 2589 peccatorum
2154 2572 2163 2586 ‚
2189 2552 2223 2579 et
2238 2559 2314 2580 ma-

1334 2607 1393 2634 net
1407 2612 1464 2634 rea
1482 2603 1642 2634 aeternae
1658 2599 1748 2640 irae,
1776 2603 1919 2643 propter
1935 2602 2149 2629 contemtum
2164 2595 2313 2638 fitiiDei‚

1333 2657 1366 2685 et
1383 2651 1450 2684 alia
1466 2652 1575 2685 multa
1592 2656 1738 2695 peccata.
1789 2648 1867 2682 Hoc
1882 2646 2052 2680 iudicium
2067 2646 2232 2680 adversus
2247 2645 2312 2694 hy-

1331 2702 1482 2746 pocritas
1498 2703 1564 2736 sibi
1582 2702 1756 2747 placentes
1773 2704 1916 2745 propter
1931 2703 2092 2731 externos
2107 2708 2222 2732 mores
2238 2710 2311 2733 me-
