2415 2942
88 75 161 112 645
264 73 366 112 XIII.

90 163 161 198 dita
186 172 269 195 voce
297 159 482 204 Evangelii
507 159 647 203 erigunt
676 171 729 201 se,
762 165 795 193 et
826 170 945 196 veram
971 158 1074 191 fidem

89 211 313 257 concipiunt,
353 218 439 245 tunc
470 211 648 255 incipiunt
678 209 792 244 Deum
823 220 1011 252 agnoscere
1043 217 1076 243 et

90 265 273 303 invocare,
307 269 340 296 et
371 268 529 296 statuunt
560 261 628 295 sibi
654 261 806 304 ignosci,
839 271 875 293 se
903 259 1075 301 exaudiri,

89 320 271 358 expectant
296 314 390 346 bona
406 325 425 346 a
447 312 535 348 Deo.
587 311 646 346 Sic
666 313 708 344 de
732 311 892 344 libertate
917 310 1076 355 loquitur

88 367 124 401 2.
141 361 305 399 Corinth.
331 364 368 398 8.
428 362 474 397 Et
500 361 556 396 hic
581 363 650 403 ait,
676 362 921 395 liberationem
948 373 987 393 ex
1015 361 1074 394 illa

89 416 290 460 captivitate
310 415 356 448 ita
375 414 468 455 fieri,
485 414 606 448 utiam
625 414 730 446 corda
745 413 891 446 liberata
908 411 1075 444 diffiden-

89 468 158 505 tia,
186 477 268 499 vere
285 471 473 509 agnoscant
492 463 618 498 Deum.
672 462 756 497 Ideo
779 463 844 497 ait:
878 461 924 497 Ut
941 462 1075 496 servia-

87 528 166 551 mus
188 517 225 550 in
243 517 399 551 novitate
421 514 575 560 spiritus.

176 596 288 634 Nunc
310 603 426 633 aulem
444 595 595 631 liberali
617 609 641 630 a
664 593 740 642 lege
754 593 900 635 sanius,
925 600 986 633 etc.

188 668 385 712 Descripsit
401 666 603 700 servitutem
622 666 687 698 sub
712 665 786 709 lege
807 666 928 709 paucis
955 666 1072 700 verbis

86 721 123 754 iu
150 720 374 754 conclusione
398 717 574 762 proxima,
609 715 715 758 Quod
747 716 910 750 videlicet
941 717 994 749 lex
1021 724 1072 750 te-

87 778 168 805 neat
191 770 325 814 captiva
351 769 474 808 corda,
510 774 542 800 et
565 767 795 800 diffidentiam
821 779 860 799 ac
877 767 1071 801 dubitatio-

87 834 167 855 nem
191 827 328 863 augezst,
364 831 453 864 quae
476 818 621 862 pariunt
642 817 941 862 desperationem,
976 819 1070 851 blas-

86 870 281 917 phemiam,
309 877 341 904 et
366 876 531 904 avertunt
555 869 661 902 corda
685 881 703 901 a
729 867 825 908 Deo,
852 876 891 902 ut
912 875 1017 903 ruant
1033 870 1069 902 in

84 922 180 955 varia
199 927 350 965 peccata.

181 971 319 1006 Deinde
358 970 457 1004 addit
487 969 662 1003 libertatis
700 968 990 1012 descriptionem,
1035 975 1069 1002 et

83 1023 237 1067 primum
260 1022 395 1067 inquit,
429 1020 501 1055 Nos
525 1026 684 1053 mortuos
711 1032 783 1053 esse
818 1020 904 1062 legi,
936 1020 970 1052 id
1005 1026 1068 1059 est,

82 1074 248 1107 liberatos
270 1074 314 1106 ab
340 1073 400 1105 illa
418 1071 636 1116 captivitate:
661 1070 742 1115 quia
761 1068 992 1114 Evangelium
1015 1071 1068 1103 af-

82 1124 149 1158 fert
174 1124 416 1157 remissionem
442 1129 676 1166 peccatorum.
736 1120 856 1166 Neque
881 1121 975 1153 enim
1004 1134 1068 1165 po-

82 1182 147 1210 test
177 1174 336 1208 invocari
361 1173 477 1214 Deus,
504 1179 564 1206 aut
589 1171 727 1205 obediri
751 1170 844 1212 Deo,
878 1172 944 1204 nisi
971 1173 1067 1216 prius

84 1232 222 1272 accepta
247 1224 453 1258 remissione
478 1229 715 1267 peccatorum:
757 1223 839 1267 quia
865 1223 976 1256 donec
1007 1234 1066 1256 su-

83 1287 161 1309 mus
181 1275 307 1319 captivi
325 1275 430 1318 legis,
456 1286 519 1308 nec
537 1274 701 1307 audimus
724 1273 965 1306 remissionem
987 1285 1067 1317 pec-

82 1333 257 1367 catorum,
297 1327 457 1358 nondum
486 1324 687 1368 agnoscitur
716 1324 856 1356 bonitas
876 1323 960 1363 Dei,
993 1335 1065 1356 non

81 1377 238 1410 sentiunt
256 1377 359 1409 corda
376 1386 440 1408 nos
457 1375 634 1415 exaudiri,
661 1374 802 1417 fugiunt
826 1374 913 1406 iram
939 1373 1006 1407 Dei
1032 1381 1066 1408 et
1091 1379 1093 1412 j

81 1432 288 1460 avertuntur
306 1439 324 1459 a
342 1424 431 1460 Deo.
485 1425 554 1459 Sed
573 1432 757 1470 postquam
779 1431 918 1468 accepta
941 1432 989 1457 est
1009 1437 1065 1458 re-

78 1477 197 1510 missio
216 1484 435 1521 peccatorum
462 1488 523 1520 per
539 1474 772 1518 Evangelium
800 1482 833 1509 et
848 1476 1064 1519 agnitionem

77 1526 230 1566 Christi,
259 1534 342 1561 tunc
366 1528 490 1572 incipit
511 1526 730 1561 obedientia:
757 1526 839 1571 quia
863 1527 933 1559 iam
957 1538 1064 1569 agno-

79 1579 207 1612 scimus
225 1579 440 1612 voluntatem
463 1576 549 1618 Dei,
575 1578 668 1622 quod
695 1577 779 1610 velit
802 1589 867 1610 nos
889 1579 1064 1618 exaudire,

80 1629 165 1661 velit
192 1629 366 1667 misereri,
402 1629 471 1660 iam
504 1628 719 1663 invocamus.
777 1626 860 1660 ldeo
886 1625 944 1660 hic
968 1629 1064 1669 dicit,

82 1687 165 1713 tunc
181 1679 315 1712 incoari
340 1678 601 1721 obedientiam,
629 1678 771 1722 quando
796 1690 814 1710 a
838 1678 912 1720 lege
934 1678 1063 1711 libera-

81 1741 161 1762 mur
183 1742 244 1774 per
267 1730 390 1770 fidem,
430 1729 465 1762 id
496 1735 565 1767 est,
593 1730 734 1773 quando
765 1729 802 1760 in
825 1726 968 1762 Christo
994 1729 1062 1762 iam

82 1781 302 1823 agnoscimus
325 1781 542 1813 voluntatem
571 1786 604 1813 et
630 1779 822 1812 bonitatem
850 1777 926 1811 Dei.
987 1777 1062 1812 Do-

83 1838 135 1864 cet
152 1831 258 1874 igitur
276 1829 359 1863 haec
382 1830 553 1864 sententia
568 1830 676 1862 clare:
705 1828 810 1872 Quod
836 1830 911 1862 sine
938 1830 1004 1863 fide
1030 1837 1062 1864 et

81 1889 174 1915 extra
203 1882 305 1914 fidem
331 1881 366 1913 in
385 1879 584 1920 Christum,
610 1892 681 1913 non
710 1881 868 1924 placeant
891 1879 964 1913 Deo.
989 1881 1061 1914 ulla

82 1944 185 1975 opera
197 1959 205 1972 ‚
228 1944 290 1964 nec
308 1932 379 1965 sint
393 1932 528 1965 iusticia
546 1943 606 1964 seu
626 1931 825 1965 obedientia
841 1943 920 1975 erga
936 1930 1063 1973 Deum,

79 1983 135 2015 vel
152 1983 265 2016 cultus
282 1982 365 2023 Dei,
388 1983 477 2016 sicut
500 1993 605 2026 supra
631 1981 764 2027 inquit:
791 1981 860 2016 Per
880 1994 983 2028 quem
1004 1994 1062 2016 ac—

79 2044 211 2066 cessum
231 2031 400 2067 habemns
422 2034 464 2067 ad
483 2031 610 2068 Deum.

182 2082 359 2117 Discernit
383 2091 498 2118 autem
520 2095 649 2117 novam
672 2083 910 2117 obedientiam
937 2096 955 2117 a
987 2096 1063 2117 car—

83 2133 176 2177 nali,
205 2142 237 2168 et
270 2146 396 2167 novam
421 2141 518 2167 vocat
549 2135 785 2178 spiritualem,
811 2136 956 2169 alteram
981 2148 1064 2168 vero
1089 2156 1091 2160 ι

83 2192 182 2218 vocat
199 2192 401 2219 vetustatem
419 2186 552 2219 literae.
586 2184 700 2229 Supra
718 2194 833 2219 autem
851 2187 984 2220 dictum
1003 2194 1066 2227 est,

81 2234 235 2268 Literam
262 2235 456 2278 significare
481 2246 603 2269 omnes
625 2236 873 2278 cogitationes,
909 2245 1066 2278 conatus,

83 2287 193 2319 bonas
224 2286 456 2327 intentiones,
492 2287 576 2320 item
601 2298 724 2330 opera,
759 2299 847 2332 quae
870 2288 959 2321 ratio
985 2289 1068 2322 facit

85 2336 159 2369 sine
178 2349 260 2371 vero
279 2338 404 2370 timore
421 2336 508 2376 Dei,
535 2344 569 2370 et
585 2338 660 2370 sine
677 2349 756 2371 vera
779 2338 905 2372 fiducia
923 2337 1068 2381 Christi,

85 2395 117 2421 et
143 2387 214 2420 sine
238 2387 373 2432 Spiritu
406 2394 534 2422 sancto.
595 2388 693 2421 Sicut
717 2387 803 2422 Saul
832 2386 936 2423 habet
958 2391 1068 2424 bonas

88 2437 318 2480 intentiones,
345 2440 438 2473 bona
466 2439 661 2484 proposita,
687 2440 780 2484 quod
807 2440 891 2473 velit
906 2438 980 2473 Deo
997 2453 1069 2474 ser-

86 2488 172 2521 vire.
227 2487 331 2531 Item,
356 2490 524 2524 sacrificat
540 2497 573 2524 et
589 2490 722 2523 interea
739 2501 802 2523 nec
825 2490 988 2524 timorem
1007 2489 1070 2526 ha-

87 2539 158 2579 bet,
192 2550 255 2572 nec
285 2552 401 2574 veram
432 2542 548 2576 fidem.
619 2540 717 2574 Sicut
738 2541 904 2575 contritio
927 2544 1069 2587 quando

87 2601 159 2622 non
189 2597 238 2623 est
261 2602 362 2625 verus
382 2592 502 2633 dolor,
531 2592 589 2626 sed
608 2592 772 2625 accersita
795 2592 991 2632 moesticia,
1020 2601 1071 2628 est

87 2639 201 2677 litera.
236 2639 318 2674 Ideo
343 2642 435 2676 enim
452 2643 581 2677 dicitur
606 2642 726 2684 litera,
754 2643 837 2687 quia
853 2654 927 2677 non
946 2651 996 2678 est
1010 2657 1070 2679 ve-

415 75 452 109 2.
485 71 851 109 COMMENTARH
877 71 927 107 IN
953 70 1105 107 EPIST.
1133 71 1279 109 PAULI
1304 71 1371 107 AD
1398 71 1663 111 ROMANOS.
1718 75 1820 115 CAP.
1848 78 1924 114 VII.

1097 824 1098 849 ἲ
1123 830 1214 851 nova
1240 819 1460 859 obedientia,
1494 820 1536 851 de
1559 832 1625 865 qua
1655 818 1711 854 hic
1732 821 1901 867 loquitur.

1096 888 1097 893 =
1122 869 1259 902 excitati
1277 881 1294 902 3
1313 868 1447 913 Spiritu
1473 878 1612 911 sancto,
1640 872 1700 916 qui
1720 873 1755 904 in
1778 874 1837 906 illa
1856 876 2108 917 consolatione,

2046 82 2118 120 646

1130 170 1190 192 rus
1215 166 1248 193 et
1270 159 1372 193 vivus
1394 167 1510 193 motus
1535 161 1664 200 animi,
1689 164 1748 196 sed
1766 170 1815 197 est
1833 164 1942 198 otiosa
1968 166 2120 203 imitatio

1123 210 1280 248 ,interior
1305 211 1359 243 vel
1381 212 1548 252 exterior,
1586 224 1648 246 nec
1674 214 1722 247 ibi
1745 222 1857 258 potest
1875 227 1946 249 esse
1964 229 2043 252 vera
2062 219 2118 253 in-

1129 261 1287 301 vocatio,
1327 262 1390 295 ubi
1424 275 1484 295 cor
1515 275 1588 296 non
1614 262 1849 309 apprehendit
1873 268 2114 304 remissionem

1128 318 1361 354 peccatorum.

1230 360 1384 394 Econtra
1401 362 1554 406 Spiritus
1581 364 1752 407 significat
1776 380 1876 401 veros
1904 376 2019 404 motus
2041 371 2114 415 spi-

1127 411 1291 455 rituales,
1327 413 1459 447 scilicet
1492 426 1613 446 verum
1637 415 1799 449 timorem
1830 418 1895 452 Dei
1931 427 1964 453 et
1995 433 2114 455 veram

1126 461 1292 497 fiduciam
1305 489 1313 503 ,
1342 476 1429 508 quae
1445 465 1695 508 concipiuntur
1709 466 1744 498 in
1763 480 1842 501 vera
1860 472 2113 514 consolatione,

1128 525 1206 547 cum
1232 513 1363 546 scilicet
1397 516 1500 547 corda
1526 515 1561 547 in
1589 517 1783 550 terroribus
1810 520 1947 562 erigunt
1971 534 2006 555 se
2029 535 2112 567 pro-

1126 564 1294 597 missione
1317 562 1524 608 Evangelii,
1547 572 1579 598 et
1615 565 1888 610 apprehendunt
1910 572 2111 607 misericor-

1125 615 1240 656 diam,
1280 621 1424 659 propter
1458 614 1639 649 Christum
1671 619 1896 661 promissam:
1939 622 1992 655 Ibi
2029 635 2109 658 cum

1125 673 1319 709 agnoscunt
1349 666 1647 708 misericordiam,
1690 669 1864 713 incipiunt
1896 684 1976 705 vere
2006 673 2109 708 invo-

1125 728 1202 749 care
1226 715 1359 756 Deum,
1395 725 1428 751 et
1460 730 1539 750 vere
1570 726 1749 762 expectare
1781 722 1825 754 ab
1857 734 1897 755 eo
1926 724 2110 767 auxilium,

1124 779 1203 800 vere
1226 768 1372 811 diligere
1395 777 1457 803 etc.
1512 768 1557 801 Ili
1585 778 1699 803 motus
1733 779 1813 805 sunt
1843 773 1915 806 veri
1939 775 2053 808 cultus
2076 783 2109 810 et

1955 823 1999 858 Et
2026 834 2108 861 sunt

1122 932 1201 953 cum
1218 920 1285 953 fide
1303 921 1487 964 erigimur,
1509 922 1721 968 concipitur.
1765 923 1863 958 Sicut
1881 926 1994 971 inquit
2014 927 2107 962 Pau-

1121 971 1176 1004 lus
1194 969 1274 1006 Gal.
1293 972 1345 1004 3.;
1384 970 1429 1005 [Jt
1448 973 1715 1015 promissionem
1735 975 1877 1018 spiritus
1896 978 2106 1021 accipiamus

1120 1033 1183 1066 per
1197 1021 1316 1055 fidem.
1354 1021 1411 1056 Sic
1430 1023 1536 1065 igitur
1552 1023 1802 1057 discernuntur
1819 1026 1972 1070 Spiritus
1991 1036 2022 1062 et
2042 1029 2105 1063 Li-

1119 1080 1205 1107 tera.
1259 1072 1413 1116 Spiritus
1437 1073 1605 1116 significat
1631 1075 1729 1108 vivos
1755 1083 1871 1110 motus
1896 1079 2062 1113 excitatos
2085 1092 2105 1114 3

1119 1122 1257 1168 Spiritu
1277 1131 1406 1157 sancto.
1458 1123 1575 1157 Litera
1603 1136 1684 1157 vero
1706 1126 1950 1169 cogitationeS,
1986 1129 2103 1163 inten-

1118 1174 1251 1215 tiones,
1286 1174 1463 1218 proposita
1492 1182 1524 1207 et
1555 1175 1769 1209 imitationes
1798 1178 1872 1211 sine
1897 1191 1978 1213 vero
2004 1188 2103 1216 motu

1119 1225 1252 1258 cordis:
1281 1232 1314 1258 et
1331 1231 1448 1258 tamen
1466 1225 1564 1258 litera
1584 1227 1626 1258 ad
1645 1226 1868 1271 disciplinam
1894 1231 2058 1274 pertinet.

1221 1274 1343 1309 Utitur
1357 1282 1471 1308 autem
1493 1276 1664 1310 vocabulo
1682 1277 1894 1321 Serviamus,
1918 1293 1989 1314 nun
2009 1285 2104 1328 quod

1118 1337 1211 1359 nova
1233 1326 1435 1359 obedientia
1460 1327 1502 1359 sit
1532 1327 1611 1359 talis
1635 1329 1803 1370 servitus,
1831 1331 1944 1375 qualis
1971 1340 2022 1366 est
2047 1335 2104 1367 iu-

1118 1377 1214 1411 sticia
1232 1376 1337 1419 legis»,
1363 1377 1421 1409 sed
1447 1384 1485 1410 nt
1501 1379 1622 1410 doceat
1638 1379 1740 1412 etiam
1760 1392 1888 1416 novam
1909 1391 2103 1418 creaturam

1117 1428 1308 1462 subiectam
1343 1439 1414 1460 esse
1450 1427 1546 1468 Deo,
1586 1437 1616 1462 et
1642 1430 1839 1464 ordinatam
1865 1434 1906 1465 ad
1933 1434 2104 1468 obedien-

1116 1479 1222 1519 tiam,
1247 1478 1382 1511 etiamsi
1402 1478 1460 1510 illa
1480 1479 1680 1513 obedientia
1705 1489 1754 1514 est
1781 1483 1992 1518 voluntaria.
2046 1485 2104 1520 Si-

1116 1537 1174 1563 cut
1191 1531 1233 1562 ad
1251 1526 1422 1571 Ephesios
1440 1529 1575 1574 inquit:
1606 1529 1719 1574 Ipsius
1744 1544 1865 1567 snmus
1883 1546 1988 1578 opu5‚
2017 1549 2103 1571 con-

1116 1580 1181 1614 diti
1202 1581 1236 1612 in
1255 1577 1396 1612 Christo
1418 1578 1492 1612 lesu
1509 1582 1549 1612 ad
1575 1581 1666 1613 bona
1690 1595 1814 1626 opera,
1843 1597 1932 1628 quae
1957 1587 2102 1621 ordina-

1115 1631 1166 1664 vit
1190 1629 1304 1669 Deus,
1331 1636 1369 1663 ut
1396 1631 1432 1661 in
1460 1631 1508 1662 eis
1534 1632 1763 1666 ambulemus.
1816 1633 1861 1668 Et
1876 1633 2000 1670 Esaiae
2024 1638 2100 1674 GL:

1116 1680 1350 1714 vocabuntur
1370 1682 1513 1714 arbores
1535 1682 1664 1723 iustae,
1698 1690 1729 1716 et
1752 1685 1933 1728 plantulae
1955 1686 2102 1722 Domini

1114 1732 1157 1766 ad
1176 1731 1462 1775 glorificandum,
1490 1733 1525 1764 id
1543 1740 1610 1773 est,
1628 1741 1665 1767 ut
1682 1734 1876 1777 glorificent
1893 1737 2008 1772 Deum
2029 1751 2100 1774 non

1114 1783 1267 1817 afficiant
1282 1781 1397 1815 Deum
1417 1784 1630 1816 contumelia
1649 1797 1710 1828 per
1732 1787 1905 1821 scandala.

1379 1863 1483 1913 Quid
1506 1867 1622 1912 igilur
1648 1865 1805 1904 dicemus
1816 1870 1835 1902 Ρ

1216 1932 1389 1968 Absoluta
1413 1935 1647 1978 digressione,
1683 1938 1775 1972 redit
1798 1941 1840 1972 ad
1872 1940 1969 1974 illam
1992 1943 2100 1978 colla-

1114 1986 1265 2026 tionem,
1292 1997 1397 2030 quam
1421 1998 1525 2031 supra
1547 1987 1702 2022 instituit
1720 1990 1763 2022 de
1779 1990 1852 2033 lege
1868 1999 1900 2025 et
1915 1993 1958 2025 de
1980 1995 2102 2037 gratia.

1116 2035 1168 2071 Ac
1184 2036 1367 2080 praecipue
1386 2034 1443 2070 bic
1462 2038 1692 2072 concionatur
1708 2040 1750 2073 de
1768 2053 1834 2075 usu
1857 2042 1960 2086 legis,
1984 2052 2022 2078 ut
2039 2043 2102 2080 has

1117 2089 1203 2121 duas
1220 2087 1406 2131 opiniones
1429 2100 1501 2121 non
1525 2096 1659 2122 tantum
1686 2091 1722 2123 in
1747 2091 1904 2134 ludaeis,
1932 2096 1988 2127 sed
2018 2097 2101 2129 uni-

1118 2138 1300 2172 versaliter
1315 2137 1351 2170 in
1370 2140 1530 2171 omnium
1555 2141 1681 2173 animis
1705 2139 1903 2181 haerentes,
1932 2149 2102 2181 emendet.

1118 2188 1254 2224 Omnes
1279 2189 1372 2221 enim
1398 2190 1636 2233 imaginantur
1660 2192 1832 2225 iusticiam
1860 2195 1959 2238 legis,
1996 2210 2100 2242 quam

1119 2246 1293 2284 praestare
1308 2237 1416 2273 homo
1435 2248 1563 2284 potest,
1578 2243 1773 2276 satisfacere
1793 2244 1879 2287 legi,
1907 2255 1937 2279 et
1956 2260 2026 2281 esse
2046 2249 2102 2282 iu-

1119 2291 1254 2325 sticiam
1281 2303 1397 2324 coram
1422 2292 1513 2332 Det),
1543 2290 1607 2325 hoc
1625 2301 1693 2336 est,
1723 2291 1885 2329 homines
1901 2309 1964 2331 nec
1983 2299 2103 2334 vident

1120 2348 1298 2387 peccatum
1331 2349 1364 2375 et
1399 2344 1662 2386 corruptionem
1694 2352 1855 2379 naturae:
1889 2359 1952 2381 nec
1982 2350 2102 2386 vident

1120 2392 1362 2438 disciplinam,
1391 2405 1495 2438 quam
1514 2401 1692 2439 utcunque
1712 2403 1888 2438 praestant
1905 2410 1965 2442 per
1980 2400 2102 2444 legem,

1121 2455 1194 2477 non
1227 2444 1422 2478 satisfacere
1451 2444 1538 2487 legi,
1572 2457 1643 2478 non
1677 2457 1748 2479 esse
1777 2446 1952 2482 iusticiam
1985 2464 2101 2485 coram

1121 2494 1209 2529 Deo.
1263 2493 1477 2540 Quanquam
1502 2501 1617 2528 autem
1645 2496 1724 2530 illas
1753 2498 1939 2541 opiniones
1962 2503 2005 2535 de
2029 2503 2103 2547 lege

1121 2546 1271 2579 maxime
1287 2546 1521 2580 defendebant
1537 2544 1675 2588 Iudaei,
1701 2554 1817 2581 tamen
1843 2559 1924 2584 sunt
1946 2564 2104 2587 commu-

1121 2608 1183 2630 nes
1214 2596 1373 2630 omnium
1400 2594 1605 2638 hominum,
1637 2604 1670 2631 et
1692 2598 1890 2634 refutantur
1917 2603 1962 2636 ab
1985 2601 2105 2637 Evan-

1119 2647 1230 2692 gelio,
1256 2648 1351 2692 quod
1368 2647 1468 2681 docet
1489 2647 1599 2689 legem
1621 2661 1694 2683 non
1717 2661 1788 2685 esse
1812 2658 1946 2686 tantum
1964 2654 2103 2689 civilem

1460 2694 1545 2732 41*
