2415 2942
268 109 360 144 1151

263 202 295 228 ct
313 190 426 226 adliiic
445 190 551 230 siunt,
580 184 640 219 ubi
665 182 818 217 curritur
842 183 886 216 ad
910 188 1058 221 statuas,
1084 186 1119 214 et
1140 179 1243 212 invo-

261 251 384 278 cantur
402 239 530 273 mortni
549 245 581 270 et
601 236 695 269 varia
718 235 823 268 idola.

363 299 489 332 Tradit
523 297 628 339 igitur
662 293 816 336 regulam
843 291 1015 329 eandem,
1057 288 1245 333 dupliciter

261 352 391 385 faciens
418 345 629 383 antithesin,
669 345 749 389 qnia
781 343 974 386 plerunque
1002 341 1112 374 scclns
1137 339 1245 382 magis
1272 364 1273 376 ,

263 401 417 445 conspici
446 405 571 443 potest:
599 396 710 429 Nemo
730 392 862 426 liabens
881 393 1054 435 Spiritum
1075 398 1247 429 sanctum,

263 453 370 491 dicit,
402 447 598 484 Aiiatliema
627 447 751 480 lesum.
819 444 1060 477 Certissiinuni
1088 448 1155 481 est,
1191 440 1246 472 vel

263 503 379 548 palam
407 500 654 533 maledicentes
679 496 750 528 filio
774 493 859 533 Dei,
893 494 947 526 vel
974 505 1116 538 quoquo
1141 491 1246 524 inodo

264 553 472 598 praebentes
489 548 778 591 significationem
799 551 994 578 contemtus
1012 551 1044 576 et
1063 543 1147 581 odii,
1174 553 1248 574 non

265 616 337 638 esse
362 603 517 635 membra
535 599 708 632 Ecclesiae
727 597 808 630 Dei:
837 602 869 628 et
890 595 990 628 facile
1016 592 1100 626 haec
1124 593 1249 636 depre-

266 654 373 688 liendi
399 658 563 697 possunt,
597 650 678 694 quia
703 654 884 691 postquam
914 645 1040 678 exarsit
1065 643 1185 677 odium
1212 642 1248 674 in
1275 653 1276 661 ¹

268 704 532 750 persecutione,
571 701 607 734 fit
630 700 751 741 ingens
770 704 802 730 et
821 708 892 729 non
917 696 1103 728 obscurum
1128 694 1250 726 incen-

267 756 376 789 dium.
431 753 510 786 Noii
529 752 590 784 diu
609 750 756 782 occultat
775 748 894 780 odium
917 745 1031 780 ludas.
1085 744 1174 777 Nam
1192 756 1250 776 ac-

269 806 360 839 cedit
386 804 558 846 impulsor
582 800 763 837 diaboluS,
799 798 886 830 sicut
908 797 1074 840 scriptum
1092 802 1158 828 est:
1187 794 1251 827 Sa-
1277 799 1278 810 ¹

269 864 368 890 tanas
394 854 537 887 intravit
564 853 601 884 in
623 863 681 884 cor
708 850 792 882 eins.
870 847 994 881 Statim
1029 847 1136 889 igitur
1163 845 1252 878 fiunt

270 906 389 949 magni
411 906 566 942 furores,
590 902 680 935 utin
700 900 856 938 tuliano,
883 898 989 938 Ario,
1018 904 1052 931 et
1070 898 1106 929 in
1124 894 1252 929 horum

271 956 464 991 recentium
493 961 690 996 temporum
725 949 869 983 historia
900 949 1133 992 conspicitur:
1175 958 1252 979 cum

273 1007 380 1041 semel
398 1005 524 1038 exarsit
540 1004 682 1040 odium,
710 1002 747 1035 fit
772 1002 895 1043 ingens
918 1000 1035 1036 furor,
1064 1006 1103 1031 ut
1128 998 1165 1030 in
1183 996 1253 1030 Ec-

272 1059 343 1095 cio‚
379 1057 544 1095 Latomo,
586 1053 842 1091 llosmeisterO,
884 1051 945 1095 qui
971 1051 1074 1083 etiam
1101 1049 1256 1081 furentes

273 1117 352 1142 ante
368 1114 516 1140 mortem
535 1117 615 1139 suae
631 1102 883 1146 desperationis
901 1102 997 1144 signa
1015 1100 1257 1133 ostenderunt.

274 1159 317 1192 lit
338 1158 473 1191 Berlini
497 1153 708 1194 monachus,
732 1165 834 1198 quem
860 1150 916 1184 hic
941 1152 1043 1184 inulti
1068 1156 1258 1188 noverunt,
1284 1164 1285 1171 ι

274 1211 368 1242 inter
388 1207 667 1241 maledicendum
692 1206 727 1237 iii
754 1205 826 1248 ipsa
851 1203 1020 1235 concione
1046 1201 1162 1234 subito
1187 1200 1258 1233 col—

275 1262 410 1304 lapsus,
439 1258 553 1291 statim
573 1263 689 1301 postea
707 1255 878 1288 extiiictus
896 1260 956 1287 est.

377 1317 463 1350 vult
485 1317 592 1359 igitur
611 1314 801 1358 Apostolus
819 1311 971 1345 discerni
996 1309 1112 1343 hostes
1129 1308 1261 1343 Christi
1288 1318 1289 1337 ὲ
1636 1340 1644 1352 s
1722 1343 1729 1350 ‚
1863 1343 1870 1349 ,
1962 1341 1969 1348 0
1996 1341 2004 1348 ‚
2083 1341 2092 1349 ⁸
2241 1342 2248 1348 ⁸
2269 1341 2277 1348 .

1289 1362 1291 1369 ν
1316 1344 1367 1377 lta
1391 1351 1472 1377 sunt
1495 1341 1682 1377 διακονιαι
1703 1343 1890 1385 singularis
1912 1342 2058 1375 felicitas
2083 1353 2120 1374 in
2143 1353 2180 1375 re
2202 1341 2298 1374 mili-

1289 1414 1291 1417 ν
1317 1395 1383 1427 tari
1408 1401 1467 1427 aut
1491 1394 1759 1437 gubernatione.

1290 1464 1291 1468 =
1319 1445 1555 1477 excelluerunt
1579 1441 1761 1478 διακονία.

277 1382 294 1403 a
314 1369 475 1407 caeteris,
505 1375 534 1400 et
555 1367 692 1408 signum
713 1369 904 1402 monstrat,
932 1374 1001 1406 qno
1019 1361 1168 1393 discerni
1189 1361 1262 1392 sine

277 1421 350 1453 nlla
374 1418 600 1460 ambiguitate
626 1421 782 1459 possunt.
850 1412 895 1445 Et
924 1412 1028 1444 simul
1055 1418 1191 1450 monet,
1225 1417 1264 1442 ut

277 1471 363 1504 tales
390 1470 505 1513 lapsus
531 1468 698 1505 vitemus,
733 1472 764 1498 et
791 1461 988 1496 horrendae
1015 1473 1145 1505 poenae
1170 1461 1264 1503 cogi-

278 1521 411 1555 tatione
441 1527 723 1562 expavescamus,
758 1527 802 1546 ne
831 1525 993 1550 ruamus,
1028 1513 1116 1545 sicut
1146 1510 1265 1549 ludas,

279 1571 406 1610 Arius,
433 1569 618 1608 Latomus,
646 1566 903 1599 Hofmeisteriis
920 1570 951 1595 et
974 1563 1115 1596 similes.

382 1629 522 1662 Alterea
553 1638 632 1670 pars
659 1626 694 1657 in
717 1621 883 1657 antithesi
909 1622 1048 1654 videtur
1073 1619 1268 1659 obscurior,
1292 1625 1294 1655 ζ

281 1693 360 1715 cum
386 1680 450 1713 ait:
493 1678 603 1711 Nemo
628 1682 739 1719 potest
765 1674 867 1707 fateri
896 1672 1009 1705 Iesum
1045 1683 1116 1703 esse
1139 1670 1268 1703 Domi-

283 1744 387 1768 num,
415 1730 483 1762 nisi
509 1730 545 1761 in
561 1728 694 1770 Spiritu
713 1732 842 1759 sancto.

282 1833 400 1868 miles,
437 1830 496 1875 qui
533 1830 635 1862 etiam
674 1827 785 1859 videri
814 1826 938 1857 volunt
967 1823 1081 1856 lesuin
1110 1824 1269 1855 adorare.

282 1884 327 1918 Et
346 1884 418 1926 ipse
442 1880 525 1913 alibi
554 1879 692 1923 inquit:
736 1877 816 1910 Non
842 1876 957 1908 omnis
986 1875 1046 1918 qui
1072 1874 1157 1906 dicit
1183 1870 1272 1904 mihi

285 1985 352 2017 bed
374 1982 555 2026 explicatio
573 1981 686 2012 facilis
704 1986 763 2012 est.

389 2041 519 2074 Paulus
539 2039 695 2084 loquitur
721 2040 762 2071 de
786 2036 1003 2070 consessione
1023 2032 1272 2078 perseveranti,

287 2102 319 2127 et
340 2093 376 2125 in
393 2099 462 2125 tota
482 2091 653 2124 doctrina.
706 2088 919 2133 llypocritae
937 2087 1004 2119 cito
1028 2085 1214 2123 deficiunt,
1242 2090 1275 2116 et

290 2156 368 2177 cuin
386 2139 696 2186 reprehenduntur
713 2140 868 2182 ipsorum
889 2147 1040 2173 errores,
1074 2135 1161 2167 fiunt
1180 2146 1274 2166 acer-

289 2194 423 2227 hissinii
454 2191 570 2225 hostes
594 2190 795 2231 Evangelii,
835 2195 871 2221 nt
897 2199 990 2219 nunc
1016 2187 1051 2218 iii
1078 2184 1273 2228 Episcopis,

290 2242 499 2283 Monmbis,
536 2250 568 2274 et
590 2240 801 2274 Sacrificiilis
837 2239 910 2271 fieri
944 2237 1131 2270 cernimus.
1204 2235 1276 2269 Nec

291 2307 447 2339 uuquam
469 2291 661 2338 hypocrisis
680 2292 740 2323 diu
759 2291 864 2323 latere
882 2295 1005 2332 potest.

396 2360 441 2394 [t
468 2360 573 2402 igitur
592 2359 713 2391 odium
740 2359 904 2390 adversus
923 2353 1123 2393 Cliristnm,
1151 2360 1183 2386 et
1205 2364 1277 2385 ma-

294 2412 422 2445 lodice:
444 2418 523 2442 sunt
541 2410 730 2442 ‹ertissiiiia
751 2409 847 2451 signa
868 2406 993 2439 inentis
1014 2405 1141 2447 impiae
1167 2410 1199 2436 et
1223 2415 1277 2436 ca-

295 2463 411 2506 ptivae
436 2461 606 2502 diabolis,
638 2461 680 2491 ita
709 2467 849 2491 econtra
869 2457 1021 2501 Spiritus
1048 2455 1155 2488 sancti
1182 2454 1277 2487 testi-

297 2512 417 2545 nionia
433 2517 532 2549 sunt,
560 2510 734 2542 invocatio
752 2508 883 2542 Christi
897 2532 906 2550 ‚
936 2520 1008 2539 non
1026 2506 1196 2548 fugitans,
1220 2506 1276 2537 sed

296 2564 448 2595 libenter
473 2562 515 2593 ad
543 2572 618 2592 eum
646 2561 832 2600 accedens,
866 2566 897 2592 et
922 2559 959 2590 in
985 2569 1024 2590 eo
1045 2556 1279 2600 acquiescens,

298 2621 330 2646 et
353 2624 449 2645 amor
467 2610 574 2643 totius
592 2610 789 2650 doctrinae,
817 2617 849 2643 et
868 2609 1023 2642 studium
1046 2606 1221 2646 discendi,
1248 2613 1281 2639 et

298 2661 494 2697 constantia
521 2660 557 2693 in
584 2660 812 2695 consessione.
865 2659 960 2693 Haec
984 2658 1175 2692 rectissime
1198 2669 1281 2689 con-

858 95 980 130 PlllL.
1009 93 1124 129 MEL.
1164 90 1374 128 SCRIPTA
1395 90 1693 128 EXEGETICA.

1280 995 1281 1016 ³
1308 990 1387 1023 aliis
1404 989 1484 1023 alia.

1280 1039 1283 1044 ’
1309 1041 1426 1075 tionis.

897 1721 1055 1756 Obiiciet
1082 1721 1175 1754 enim
1204 1720 1268 1753 ali·
1294 1747 1295 1756 ,

283 1783 361 1827 quis
389 1779 664 1813 inniiiiiersiliiles
690 1775 888 1821 hypocritas
907 1801 916 1814 ,
951 1770 1142 1806 monachos
1166 1779 1198 1805 et
1222 1771 1270 1804 si-
1295 1788 1297 1790 ·

386 1933 392 1939 .
563 1931 570 1937 .
676 1930 683 1936 .
796 1928 803 1934 .
846 1927 852 1933 .
1296 1919 1298 1927 ι
1324 1907 1399 1932 tum
1427 1899 1497 1931 dici
1522 1899 1564 1931 de
1589 1898 1692 1931 bonis
1718 1897 1915 1930 actionibus
1940 1897 1977 1927 in
2004 1896 2169 1931 Ecclesia.

283 1935 441 1967 Domine
466 1931 638 1969 Domine,
676 1929 820 1961 intrabit
845 1940 879 1959 iii
908 1936 1054 1968 regnum
1081 1924 1272 1959 coelorum.
1296 1948 1299 1966 ᾗ

1305 2691 1309 2703 Ι
1334 2668 1424 2692 mur.

2186 94 2282 130 1132

1293 184 1425 221 gruunt
1441 179 1482 211 ad
1501 176 1567 212 hoc
1581 178 1731 212 dictum:
1766 178 1804 213 Si
1821 179 1899 224 quis
1913 179 2028 224 diligit
2047 191 2121 221 me,
2147 191 2279 213 sermo-

1296 241 1374 262 nem
1399 241 1514 262 meum
1541 230 1710 270 servabit,
1745 236 1777 263 et
1800 237 1896 273 pater
1918 234 2021 263 mens*
2039 231 2161 274 diliget
2187 242 2278 271 eum,

1296 288 1330 314 et
1352 280 1533 313 veniemus
1560 280 1602 312 ad
1627 292 1728 319 euin,
1770 288 1803 314 et
1829 281 2047 313 mansionem
2076 283 2166 325 apud
2197 293 2275 314 eum

1297 330 1473 364 faciemus.
1537 328 1589 363 Ac
1612 337 1724 373 potest
1758 331 2036 376 uniuscuiusque
2067 332 2279 365 conscientia

1299 381 1452 415 iudicare
1476 382 1518 414 de
1542 381 1683 425 propria
1711 381 1943 415 invocatione.
2004 381 2140 415 Deinde
2163 389 2195 415 et
2221 382 2282 415 alii

1273 447 1275 464 e
1299 443 1443 465 cernere
1465 433 1575 465 robur
1601 432 1710 465 animi
1738 432 1774 464 in
1801 432 2018 465 consessione
2042 439 2206 476 possunt,
2248 439 2282 466 et

1300 483 1409 515 multa
1435 483 1531 525 sigua
1555 490 1654 524 suut,
1696 483 1824 527 quibus
1852 481 2046 528 hypocrisis
2066 495 2084 515 a
2109 494 2188 516 vera
2214 483 2281 516 fide

1274 558 1276 563 s
1301 534 1450 567 discerni
1469 540 1593 577 potest.

1332 616 1531 664 Διαιρέσεις
1554 614 1592 652 δὲ
1614 614 1856 662 χαρισιιιάῑων
1882 614 1963 652 εἶσί.

1639 666 1817 701 donorum
1841 672 1940 703 sunl.

2030 615 2248 651 Divisiones

1405 735 1517 769 Antea
1539 736 1625 770 dixit
1642 736 1684 769 de
1702 736 1880 769 communi
1898 736 2013 775 dono,
2040 735 2134 780 quod
2154 735 2191 768 in
2208 744 2286 769 om-'

1303 787 1407 821 nibus
1425 787 1516 819 veris
1532 787 1699 820 membris
1714 785 1889 819 Ecclesiae
1913 798 1985 819 esse
2002 792 2158 830 oportet,
2190 786 2286 819 seili-

1278 884 1280 895 (
1309 845 1360 872 cet
1376 839 1418 870 de
1442 849 1522 869 vera
1550 837 1771 870 invocatione
1789 837 1853 870 Dei
1878 844 1911 872 et
1931 837 2111 880 agnitione
2126 836 2190 869 filii
2207 837 2288 877 Dei,

1307 896 1340 922 et
1362 889 1405 921 de
1429 888 1603 929 fugiendis
1624 888 1738 920 idolis.

1407 938 1510 971 Nunc
1527 939 1612 971 dicii
1629 940 1671 971 de
1689 938 1766 970 aliis
1784 938 1904 976 donis,
1931 949 2020 982 quae
2036 938 2222 978 accedunt,
2251 937 2288 970 iu

1537 988 1584 1023 Ut
1602 990 1644 1021 de
1661 991 1753 1021 dono
1774 989 1974 1031 linguarum
1988 1014 1998 1029 ,
2023 989 2065 1020 (le
2081 989 2175 1021 dono
2191 999 2296 1020 san:-

1478 1038 1525 1073 Et
1540 1039 1644 1073 initio
1668 1040 1860 1083 praefatur,
1889 1036 1974 1071 haec
2008 1050 2148 1083 quoqne
2175 1038 2251 1070 dari
2275 1050 2293 1071 a

1310 1092 1402 1129 Deo,
1430 1097 1468 1123 ut
1493 1091 1563 1123 sint
1586 1090 1786 1123 testimonia
1816 1089 1971 1133 Spiritus
1993 1089 2120 1127 sancti,
2154 1096 2185 1122 et
2212 1101 2294 1132 pro-

1311 1143 1381 1175 sint
1407 1139 1594 1175 Ecclesiae.
1665 1139 1910 1174 Observentur
1941 1146 2056 1172 autem
2091 1139 2294 1172 discrimina

1311 1192 1512 1226 nominum.
1557 1190 1667 1225 Vocat
1684 1190 1745 1224 lias
1763 1192 1859 1223 dotes
1871 1187 2087 1234 χαρίσματα
2105 1187 2296 1228 διακονίας

1315 1251 1348 1277 et
1388 1238 1629 1289 ἐνεργήματα.
1702 1239 1893 1276 Διακονίαι
1919 1247 2018 1281 snnt,
2060 1252 2147 1285 quae
2174 1241 2297 1273 imme-

1316 1294 1408 1326 diate
1446 1293 1602 1325 serviunt
1631 1292 1782 1325 aliorum
1810 1291 1976 1330 utilitati,
2017 1297 2055 1324 ut
2085 1291 2299 1324 sanationes.

1828 1392 1873 1427 Ut
1898 1392 2047 1426 Samson
2074 1399 2106 1425 et
2130 1391 2299 1426 Salomon

1420 1494 1555 1527 Nomen
1590 1491 1820 1541 ἐνεργήματα
1852 1491 2022 1535 significat
2054 1492 2140 1526 alias
2167 1492 2300 1524 miran-

1320 1546 1381 1577 das
1400 1545 1608 1582 ess'eciiones,
1632 1552 1672 1577 ut
1690 1544 1893 1577 resuscitare
1908 1549 2074 1581 mortuos,
2092 1543 2174 1576 item
2195 1543 2302 1574 vei-bo

1321 1595 1498 1634 occidere,
1531 1595 1620 1628 sicut
1638 1594 1762 1627 Petrus
1783 1593 1959 1626 revocavit
1982 1593 2019 1624 in
2043 1593 2151 1626 vitam
2177 1592 2303 1626 mulie-

1321 1658 1392 1678 rem
1413 1646 1449 1677 in
1472 1644 1598 1688 loppe,
1627 1645 1755 1677 occidit
1775 1644 1880 1676 verbo
1900 1641 2089 1677 Ananiam.

1425 1695 1599 1728 Generale
1615 1703 1662 1728 est
1675 1692 1903 1740 χαρίσματα,
1929 1700 1967 1727 ut
1982 1692 2179 1738 prophetia,
2205 1705 2305 1738 prae-

1323 1746 1429 1780 dictio
1446 1747 1664 1784 futurorum,
1692 1753 1729 1779 nt
1748 1746 1903 1788 Agabus-

1426 1796 1530 1839 Quod
1551 1804 1665 1830 autem
1695 1796 1796 1829 dicit:
1826 1795 1920 1828 idem
1937 1793 2032 1828 Deus
2056 1801 2124 1833 est,
2152 1794 2212 1839 qni
2233 1794 2306 1827 effi-

1325 1848 1372 1881 ci'i
1401 1848 1519 1880 omnia
1546 1849 1581 1879 in
1610 1847 1791 1885 omnibus,
1819 1846 2043 1878 manifestum
2071 1852 2119 1878 est
2143 1843 2199 1878 liic
2228 1853 2306 1878 tan-

2226 1895 2307 1929 Non

1326 1950 1434 1992 igitur
1467 1949 1707 1994 detorquenda
1742 1955 1792 1981 est
1823 1946 1906 1979 haec
1933 1947 2104 1979 sententia
2134 1947 2175 1978 ad
2201 1947 2308 1979 stoica

1327 2000 1574 2040 deliramenta,
1602 2011 1688 2043 quae
1706 1999 1840 2041 fingunt
1860 1996 1974 2030 Deum
1990 2009 2127 2030 causam
2151 2008 2224 2030 esse
2249 2009 2308 2042 pa-

1327 2051 1413 2084 riter
1431 2051 1601 2083 malarum
1620 2058 1649 2083 et
1669 2051 1839 2082 bonarum
1859 2048 2047 2081 actionum.

1432 2100 1535 2143 Quod
1563 2113 1645 2133 vero
1676 2098 1733 2133 hic
1757 2101 1798 2132 ad
1828 2106 1898 2133 tres
1927 2110 2091 2142 personas
2113 2110 2311 2132 accommo-

1329 2153 1408 2185 data
1428 2160 1508 2184 sunt
1534 2151 1697 2190 nomina,
1724 2152 1893 2194 πυεῦμα,
1920 2147 2064 2196 κύριος,
2091 2147 2198 2193 θεὸς,
2226 2150 2258 2182 id
2278 2157 2309 2182 et

1329 2200 1485 2236 Lutliero
1504 2203 1671 2247 placebat.

1675 2263 1801 2315 Λόγος
1828 2264 1973 2313 σοφίας.

1483 2333 1611 2381 Σοφία
1630 2342 1660 2369 et
1678 2337 1816 2382 γνῶσις
1833 2334 2011 2370 differunt.

1435 2401 1566 2449 qulca
1583 2409 1632 2435 est
1651 2403 1803 2445 cognitio
1829 2402 1934 2435 totius
1958 2402 2138 2434 doctrinae
2165 2402 2207 2434 de
2228 2401 2313 2441 Deo,

1333 2461 1365 2488 et
1381 2454 1592 2497 experientia
1617 2460 1791 2486 terrorum
1817 2449 1853 2484 in
1879 2452 2111 2491 contritione,
2139 2459 2170 2485 et
2191 2464 2314 2485 conso·
2361 2465 2364 2471 ¹

1304 2545 1307 2553 Ι
1333 2505 1507 2539 lationum
1531 2504 1631 2544 fidei,
1667 2504 1846 2536 illustrans
1877 2502 2094 2543 doctrinam,
2129 2511 2160 2536 et
2185 2503 2315 2535 diiudi-

1339 2567 1420 2589 cans
1454 2556 1628 2597 dogmata.
1697 2553 1744 2587 Ut
1779 2552 1927 2596 experti,
1960 2552 2099 2594 David,
2140 2551 2316 2592 Ezechias,

1335 2605 1487 2646 Paulus,
1512 2605 1613 2638 aliter
1637 2603 1837 2645 intelligunt
1861 2603 2012 2638 dictum:
2048 2603 2134 2638 Fide
2152 2604 2316 2638 iustifica—

1477 2653 1592 2688 Aliter
1614 2653 1778 2697 intelligit
1795 2651 1977 2697 Origenes.
