2415 2942
126 62 201 100 657
283 60 384 96 xm.

125 156 198 184 stus
221 149 330 182 factus
351 153 402 181 est
427 143 541 180 hostia
567 158 630 191 pro
652 146 756 180 nobis
772 144 1011 186 satisfaciens,
1046 158 1110 179 nos

123 200 252 234 deinde
269 210 388 233 sumus
406 198 544 232 liberati
565 210 582 231 a
602 205 740 242 peccato
758 204 824 231 eta
840 208 952 241 poena
975 203 1040 230 etc.

223 265 287 300 Est
304 273 418 300 autem
438 267 592 310 primum
610 265 827 300 observanda
843 261 1106 308 phrasis,¹quod

121 319 172 352 ait
201 316 383 352 Christum
414 319 544 351 factum
575 328 646 350 esse
669 321 846 360 peccatum
874 326 934 348 seu
956 313 1107 348 hostiam

122 382 186 414 pro
216 375 369 413 peccato,
429 368 518 402 Nam
544 368 579 400 in
603 365 671 401 hoc
694 368 789 400 loco:
823 364 892 399 Per
916 372 1107 410 peccatum,

121 433 189 454 vox
208 420 335 464 peccati
360 420 528 463 siguificat
545 418 719 452 Hebraico
744 429 840 450 more
865 414 1016 450 hostiam
1043 428 1105 460 pro

121 479 282 515 peccato,
310 471 344 502 id
365 478 432 510 est,
459 470 633 507 multam‚'
659 480 719 501 seu
744 468 1013 501 satisfactionem
1044 479 1105 511 pro

121 529 278 565 peccato,
307 522 394 554 sicut
412 520 530 554 Latini
556 519 734 564 piaculum
761 519 944 560 dixerunt,
979 516 1104 551 Graeci

121 569 314 616 κάθαρμα.
355 565 486 616 Estque
510 571 633 603 similis
655 569 883 614 significatio,
921 577 959 603 ut
983 570 1019 601 in
1044 581 1105 601 vo—

121 623 254 656 cabulis
274 622 497 656 maledictum
517 628 549 655 et
566 619 770 661 anathema,
798 633 887 665 quae
906 620 1104 663 significant

120 685 175 706 res
207 674 396 707 destinatas
428 673 471 705 ad
504 683 674 716 poenam,
716 671 757 704 ad
785 671 992 715 placandam
1017 671 1103 703 iram

120 725 202 760 Dei.
265 723 315 757 lta
338 722 459 757 Esaias
483 723 525 756 de
547 720 688 756 Christo
713 722 845 767 inquit:
880 722 972 765 Quia
998 729 1104 766 ponet

118 776 271 809 animam
289 786 384 807 suam
402 780 599 816 peccatum,
628 773 663 806 id
683 780 748 814 est,
776 771 925 806 hostiam
944 786 1006 816 pro
1025 784 1103 816 pec-

118 833 207 861 cato.
236 825 318 858 Ideo
335 831 367 858 et
386 824 517 858 Paulus
534 824 635 858 toties
647 824 809 866 inculcat,
829 826 863 859 2.
875 821 1037 858 Corinth.
1052 822 1103 858 5.:

116 876 207 910 Eum
225 877 286 921 qui
310 887 382 908 non
405 881 550 910 noverat
574 882 772 919 peccatum,
806 888 869 919 pro
896 875 999 908 nobis
1024 875 1103 907 fecit

116 935 317 972 peccatum,
346 927 380 959 id
399 933 465 970 est,
491 924 665 965 hostiam,
701 938 789 971 quae
811 927 997 959 sustineret
1023 937 1104 969 poe-

118 990 201 1011 nam
225 978 373 1022 peccati,
407 984 440 1010 et
465 977 676 1011 satisfaceret
699 990 761 1021 pro
787 979 935 1021 peccatis
962 977 1103 1009 nostris-

117 1029 162 1063 Et
193 1030 234 1062 ad
261 1027 377 1064 Galat.
412 1029 574 1061 similiter
598 1029 728 1061 factum
754 1040 826 1061 esse
852 1029 900 1061 ait
924 1025 1103 1061 Christum

118 1080 363 1119 maledictum,
399 1079 433 1111 id
455 1086 526 1117 est,
560 1079 757 1123 piaculum,
793 1080 969 1112 sustinens
997 1078 1105 1111 male-

117 1131 307 1165 dictionem
327 1137 359 1163 et
376 1131 461 1162 iram
478 1129 543 1162 Dei
563 1131 728 1163 adversus
744 1138 935 1173 peccatum.

219 1195 284 1229 Est
310 1197 426 1240 itaque
450 1197 602 1229 secundo
628 1196 941 1237 considerandum,
976 1204 1103 1241 quanta

122 1248 164 1281 sit
179 1244 379 1280 humiliatio
391 1244 536 1280 Christi.
571 1246 659 1280 Cum
673 1247 765 1280 enim
780 1259 841 1290 pro
852 1248 1011 1280 omniun·
1025 1260 1104 1290 pec-

120 1298 204 1331 catis
221 1310 339 1341 passus
355 1298 417 1337 sit,
445 1298 611 1331 sustinuit
629 1298 716 1331 iram
733 1297 819 1337 Dei,
855 1305 888 1331 et
914 1309 1014 1330 veros
1037 1305 1104 1330 ter-

119 1360 218 1381 rores
243 1349 410 1380 adversus
438 1355 594 1390 peccata,
630 1355 748 1381 nostra
774 1349 868 1386 vice,
901 1349 997 1381 velut
1024 1349 1103 1380 infi-

119 1411 196 1431 mus
221 1405 253 1431 et
277 1399 530 1431 abiectissimus
558 1399 714 1432 omnium
739 1406 980 1442 peccatorum,
1015 1400 1103 1432 sicut

117 1450 234 1494 inquit
258 1448 408 1505 Esaias:A
431 1448 607 1483 Dominus
632 1450 748 1494 posuit
772 1451 809 1483 in
836 1462 875 1483 eo
900 1450 1104 1495 iniquitates

117 1513 276 1534 omniurn
293 1508 465 1535 nostrum.

217 1558 314 1592 Haec
345 1560 529 1602 cogitanda
554 1566 656 1600 sunt,
691 1566 730 1593 ut
753 1560 916 1593 timorem
944 1566 976 1593 et
1001 1560 1102 1592 fidem

118 1611 329 1649 exuscitent,
347 1622 410 1642 nec
426 1611 662 1643 existimemus
681 1611 808 1644 frustra
827 1609 910 1643 haec
921 1611 1008 1643 sacta
1021 1622 1104 1650 esse,

118 1662 175 1695 sed
213 1660 490 1702 magnitudinem
526 1661 597 1693 irae
626 1660 691 1694 Dei
727 1662 892 1694 adversus
926 1668 1102 1705 peccatum

118 1712 389 1745 consideremus.
451 1710 498 1744 Et
523 1723 642 1744 rursus
665 1712 838 1754 erigamus
864 1712 987 1751 fidem,
1025 1724 1102 1744 cum

118 1762 365 1805 cogitabimus,
393 1763 505 1807 qualis
522 1759 606 1796 haec
634 1760 746 1795 hostia
772 1763 897 1803 fuerit,
926 1764 1103 1807 quomodo

118 1815 163 1847 sit
193 1811 395 1852 humiliata,
431 1826 534 1857 quam
569 1811 788 1846 horribiliter
812 1812 904 1846 Deus
937 1815 1104 1847 irascatur

116 1871 274 1909 peccato,
303 1876 381 1897 cum
398 1864 545 1897 voluerit
568 1865 677 1897 silium
696 1864 769 1898 fieri
790 1865 893 1897 talem
913 1865 1100 1897 victimam.

116 1914 163 1950 Et
193 1927 312 1948 rursus
345 1922 515 1959 quantum
540 1913 731 1948 habeamus
756 1917 881 1958 pignus
904 1916 1099 1948 misericor-

116 1968 212 2006 diae,
242 1967 334 2010 quod
354 1966 412 1998 illa
429 1967 568 1999 victima
587 1966 672 1998 iram
691 1967 726 1998 in
745 1978 778 1999 se
796 1967 975 2000 transtulit
995 1974 1056 2001 etc.

218 2025 316 2059 Haec
336 2027 452 2059 omnia
473 2033 722 2069 proponuntur
741 2026 844 2058 etiam
865 2026 900 2058 in
927 2027 997 2059 illis
1025 2039 1098 2058 ver-

119 2077 186 2109 bis:
230 2075 321 2109 Ecce
344 2088 452 2119 agnus
474 2075 561 2116 Dei,
599 2077 660 2121 qui
687 2077 779 2110 tollit
807 2084 941 2120 peccata
966 2078 1098 2110 mundi.

116 2126 257 2161 Dicitur
271 2128 366 2161 enini
384 2139 512 2171 agnus,
544 2128 625 2172 quia
645 2135 694 2161 est
715 2128 867 2161 victima.
929 2127 973 2162 Et
996 2129 1099 2161 sacri-

116 2179 191 2211 ficia
210 2179 290 2211 inde.
308 2191 417 2224 usque.
433 2180 477 2211 ab
494 2179 595 2211 initio
618 2180 739 2211 mundi
756 2180 997 2221 significarunt
1016 2192 1099 2212 ven-

118 2237 232 2263 turam
265 2230 369 2263 talem
402 2228 568 2268 hostiam,
611 2242 698 2274 quae
732 2232 897 2263 moritura
930 2239 1014 2264 esset
1040 2244 1101 2273 pru

118 2280 267 2324 peccatis
285 2279 431 2314 humani
453 2281 600 2324 generis.
651 2279 690 2312 In
709 2287 801 2314 textu
821 2289 867 2314 est
883 2281 962 2326 περὶ
982 2280 1102 2326 ὅμορ-

120 2329 217 2374 flag,
254 2334 346 2376 quod
378 2339 490 2375 potest
513 2332 638 2375 exponi
666 2339 808 2375 propter
834 2341 1029 2375 peccatum,
1066 2335 1099 2365 id

122 2389 190 2422 est,
218 2390 360 2427 propter
379 2382 548 2423 hostiam,
585 2383 638 2415 vel
664 2395 725 2426 pro
754 2384 814 2416 illa
840 2381 963 2417 hostia.
1019 2383 1099 2417 Est-

122 2445 188 2477 que
210 2434 317 2476 figura
341 2435 510 2468 orationis
538 2447 577 2467 ex
605 2433 763 2468 Levitico
787 2442 917 2474 sumta,
950 2435 1012 2467 ubi
1039 2433 1099 2467 ho-

121 2484 220 2517 stiam
241 2496 301 2527 pro
319 2493 477 2527 peccato,
508 2485 633 2519 Graeci
660 2492 837 2519 verterunt
862 2483 926 2518 hac
951 2487 1101 2519 formula

121 2532 201 2579 περὶ
218 2532 410 2581 ἁμαρτίας.
462 2537 598 2570 Poteris
621 2537 726 2579 igitur
750 2537 990 2580 interpretari,
1019 2550 1101 2570 con-

119 2587 299 2620 demnavit
323 2595 497 2630 peccatum
528 2589 564 2620 in
591 2600 714 2629 carne,
750 2588 787 2622 id
814 2595 881 2630 est,
915 2586 1100 2621 hominum

118 2644 275 2681 peccata:
303 2637 451 2682 Propter
474 2646 672 2683 peccatum,
708 2640 743 2673 id
768 2646 836 2678 est,
872 2647 1015 2685 propter
1039 2638 1102 2673 ho—

172 2690 352 2722 MELANTH.
372 2692 473 2723 Ormt.
503 2689 589 2725 Yon.
608 2693 685 2724 XV.

436 61 473 97 2.
500 57 873 99 ,COMMENTARH
902 57 951 94 IN
977 57 1132 96 EPIST.
1159 54 1309 94 PAULI
1337 57 1408 92 AD
1436 55 1700 94 ROMANOS.
1752 59 1856 96 CAP.
1886 61 1989 100 VIII.

2079 63 2154 100 658

1162 144 1266 178 stiam
1283 142 1494 185 exhibitam,
1523 145 1578 178 vel
1595 157 1659 190 pro
1678 153 1837 190 peccato,
1865 147 1898 180 id
1919 155 1984 189 est,
2008 161 2071 193 pro
2089 147 2154 184 ho-

1164 197 1227 230 stia
1245 193 1412 231 exhibita.

1267 246 1441 280 Nonnihil
1460 249 1562 281 etiam
1583 248 1624 280 ad
1649 248 1902 282 vocabulorum
1926 251 1996 283 vim
2020 252 2153 285 intelli-

1164 298 1330 337 gendam,
1369 300 1566 331 conducent
1608 296 1774 332 historiae
1810 309 1842 333 et
1879 309 2010 335 veteres
2051 303 2149 337 ritus.

1162 347 1251 380 7*Nam
1274 345 1507 392 καθάρματα
1527 350 1744 382 vocabantur
1767 351 1992 385 atrocissimis
2015 355 2151 387 delictis

1161 399 1308 442 polluti,
1351 411 1438 443 quos
1462 400 1561 432 Deus
1587 407 1618 433 et
1642 397 1801 432 homiues
1825 412 2084 445 execrarentur,
2118 412 2149 439 et

1163 456 1306 493 propter
1341 461 1428 493 quos
1454 451 1632 483 videretur
1656 451 1765 493 pollui
1792 459 1916 485 natura
1942 466 2078 498 rerum,
2117 463 2149 489 et

1162 499 1256 532 Deus
1285 501 1436 544 plectere
1470 501 1626 546 reliquos
1661 499 1839 535 homines:
1882 503 1969 537 sicut
2006 504 2148 547 Atreus,

1161 551 1220 595 qui
1239 552 1335 584 dedit
1352 551 1450 584 fratri
1475 552 1605 584 liberos
1631 553 1805 593 edendos,
1842 552 1935 587 Nero
1963 562 1994 588 et
2018 557 2146 590 similia

1161 609 1333 644 portenta.
1388 601 1494 635 Tales
1512 609 1593 636 sunt
1611 601 1829 647 blasphemi,
1852 605 2040 646 idolatrae,
2064 605 2147 640 hae-

1160 653 1281 692 retici,
1317 653 1479 698 tyranni,
1516 654 1658 692 incesti,
1695 655 1903 697 parricidae.
1964 655 2063 690 Sicut
2087 658 2147 690 ille

1160 704 1195 735 in
1226 705 1403 747 tragoedia
1428 704 1562 750 inquit:
1596 703 1775 738 Discedite
1803 717 1821 738 a
1847 718 1921 744 me,
1956 719 1999 740 ne
2024 709 2148 741 umbra

1160 762 1283 789 noceat
1301 755 1417 791 bouis.

1323 835 1592 872 Condemnacit
1607 842 1791 885 peccalum
1810 837 1846 871 in
1866 851 1984 874 carne.

1261 905 1405 940 Phrasis
1437 913 1488 940 est
1513 905 1706 940 Hebraica:
1744 905 2006 941 Condemnavit
2030 920 2150 952 pecca-

1160 966 1253 998 tum,
1289 971 1352 1003 pro
1373 958 1534 1002 punivit,
1569 955 1635 991 hoc
1659 964 1726 998 est,
1759 958 1913 992 abolexit
1938 965 1969 991 et
1992 959 2150 1000 extinxit,

1160 1011 1282 1043 utiam
1303 1010 1440 1042 irritum
1468 1016 1573 1048 esset,
1609 1009 1663 1041 vel
1691 1021 1832 1052 prorsus
1857 1022 1928 1042 non
1958 1018 2041 1042 esset
2067 1011 2149 1042 reli-

1160 1073 1281 1105 quum.
1335 1060 1525 1093 Dissimilis
1541 1056 1677 1103 phrasis
1695 1066 1762 1097 est,
1791 1060 1818 1092 si
1837 1060 1947 1093 dicas:
1976 1059 2068 1103 Lege
2085 1074 2149 1093 an-

1160 1118 1213 1144 tea
1251 1111 1356 1144 fuisse
1393 1111 1667 1143 condemnatum
1700 1117 1897 1153 peccatum,
1938 1117 2022 1144 tunc
2054 1113 2148 1144 enim

1160 1163 1327 1195 damnare
1357 1162 1547 1204 significat,
1589 1173 1662 1193 non
1695 1161 1818 1194 tollere
1851 1168 2049 1204 peccatum,
2090 1163 2148 1195 sed

1160 1225 1256 1246 reum
1278 1224 1422 1256 arguere
1441 1223 1587 1244 manens
1607 1218 1804 1254 peccatum,
1833 1219 1864 1245 et
1888 1219 2050 1245 manente
2074 1225 2149 1246 rea-

1161 1270 1195 1296 tu
1218 1270 1248 1296 et
1277 1263 1339 1296 ira.
1394 1262 1461 1296 Sed
1490 1263 1525 1294 in
1544 1259 1612 1295 hoc
1632 1263 1727 1304 loco,
1767 1275 1843 1295 cum
1863 1262 1993 1295 Paulus
2014 1263 2147 1308 inquit:

1160 1313 1345 1346 Peccatum
1392 1314 1666 1346 condemnatum
1707 1325 1779 1345 csse
1819 1322 1960 1357 propter
1997 1311 2148 1347 hostiam

1160 1362 1359 1402 Christum,
1396 1365 1563 1397 damnare
1581 1364 1750 1405 significat
1778 1365 1919 1404 tollere,
1952 1377 2012 1397 seu
2037 1366 2151 1398 extin-

1159 1427 1263 1459 guere
1282 1422 1478 1458 peccatum,
1506 1422 1538 1448 ct
1555 1415 1677 1449 tollere
1697 1422 1829 1447 reatum
1849 1422 1880 1448 et
1902 1416 2001 1448 iram.

1260 1465 1356 1499 Haec
1374 1466 1626 1499 dissimilitudo
1646 1466 1680 1498 in
1705 1463 1820 1509 phrasi
1847 1467 2064 1500 observanda
2090 1473 2148 1500 est.

1161 1516 1281 1562 Itaque
1298 1515 1379 1550 haec
1398 1525 1446 1550 est
1466 1517 1655 1549 sententia:
1695 1516 1841 1564 Propter
1860 1515 2041 1550 Christum
2069 1531 2150 1562 pec-

1160 1578 1273 1600 catum
1293 1569 1329 1600 in
1355 1579 1475 1605 carne,
1511 1568 1545 1599 id
1573 1574 1639 1608 est,
1676 1567 1713 1599 in
1736 1575 1861 1600 natura
1889 1566 2074 1600 hominum
2101 1576 2147 1602 est

1159 1619 1345 1651 abolitum.
1400 1617 1510 1662 quue
1531 1618 1721 1661 dupliciter
1738 1618 1887 1661 intelligi
1914 1619 2033 1652 debet:
2071 1618 2150 1652 Pri-

1159 1682 1255 1702 mum
1290 1669 1543 1716 imputatione,
1580 1669 1660 1714 quia
1686 1669 1778 1701 enim
1804 1670 1986 1702 remissum
2011 1675 2079 1708 est,
2116 1677 2149 1704 et

1161 1733 1231 1753 non
1257 1721 1452 1764 imputatur
1476 1720 1579 1753 nobis
1603 1721 1827 1753 credentibus
1852 1726 2050 1764 peccatum,
2084 1722 2148 1753 ad-

1159 1770 1226 1804 huc
1245 1770 1392 1804 haerens
1411 1772 1446 1803 in
1465 1778 1589 1804 natura
1614 1779 1731 1804 nostra
1746 1799 1754 1812 ,
1785 1772 1864 1804 ideo
1892 1779 1941 1804 est
1964 1772 2149 1812 abolitum,

1159 1821 1225 1855 hoc
1242 1829 1311 1864 est,
1339 1823 1477 1855 irritum
1491 1850 1499 1862 ,
1527 1834 1571 1854 ne
1590 1830 1748 1862 accuset,
1781 1834 1825 1854 ne
1844 1823 2054 1856 condemnet
2074 1835 2148 1856 cre-

1159 1876 1289 1907 dentes.
1340 1873 1522 1913 Secundo,
1550 1874 1598 1906 sic
1618 1874 1788 1906 abolitum
1812 1880 1878 1914 est,
1913 1879 1951 1906 ut
1976 1874 2044 1906 iam
2069 1886 2147 1906 coe-

1159 1925 1247 1968 perit
1267 1924 1378 1968 reipsa
1396 1924 1571 1967 extingui,
1599 1931 1631 1957 et
1650 1925 1811 1959 iucoe'tur
1828 1925 1964 1958 novitas
1979 1925 2145 1968 spiritua-

1158 1977 1218 2013 tis,
1247 1988 1335 2020 quae
1352 1976 1416 2008 erit
1435 1982 1693 2015 consummata,
1727 1988 1805 2008 cnm
1831 1976 1867 2008 in
1892 1974 2146 2008 resurrectione

1158 2027 1345 2060 vestiemur
1362 2038 1451 2059 nova
1470 2034 1594 2059 natura
1613 2033 1643 2059 et
1660 2027 1797 2060 iusticia
1817 2027 1889 2060 sine
1907 2032 2056 2071 peccato.

1258 2077 1393 2110 Eodem
1420 2077 1589 2121 pertinet,
1624 2079 1717 2122 quod
1744 2085 1861 2122 postea
1887 2078 2061 2122 sequitur:
2098 2075 2145 2110 Ut

1158 2130 1210 2162 ius
1229 2129 1313 2171 legis
1331 2129 1364 2160 in
1383 2129 1486 2161 nobis
1511 2129 1718 2172 impleatur,
1753 2129 1788 2161 id
1813 2136 1882 2167 est,
1916 2136 1955 2161 ut
1980 2140 2143 2160 consum-

1158 2188 1247 2212 mate
1265 2179 1456 2213 habeamus
1476 2180 1532 2223 id,
1562 2180 1654 2223 quod
1680 2180 1732 2212 lex
1756 2180 1923 2224 requirit,
1951 2179 1986 2211 id
2010 2185 2078 2218 est,
2106 2184 2144 2211 ut

1157 2231 1237 2263 iusti
1270 2238 1486 2274 reputemur.
1548 2230 1706 2263 Primum
1736 2242 1815 2273 ergo
1843 2231 1883 2262 de
1910 2230 2144 2273 imputatione

1158 2282 1394 2324 intelligatur,
1435 2282 1528 2326 quod
1559 2281 1626 2313 fide
1651 2288 1794 2328 propter
1819 2279 1999 2314 Christum
2029 2281 2083 2313 lex
2107 2280 2143 2312 in

1157 2333 1258 2365 nobis
1296 2333 1501 2377 impleatur,
1544 2333 1675 2364 scilicet
1706 2332 1930 2376 imputative,
1973 2329 2039 2364 hoc
2075 2337 2141 2364 est:

1158 2384 1260 2427 Quod
1283 2384 1348 2417 fide
1367 2391 1509 2427 propter
1529 2381 1709 2415 Christum
1728 2390 1932 2427 reputemur
1950 2383 2046 2422 iusti,
2064 2394 2141 2424 per-

1158 2436 1240 2468 inde
1264 2447 1301 2468 ac
1329 2435 1356 2468 si
1376 2435 1443 2477 legi
1464 2434 1756 2474 satisfaceremus,
1783 2446 1860 2467 cum
1889 2440 2004 2466 tamen
2028 2433 2141 2465 adhuc

1158 2485 1297 2520 haereat
1317 2486 1353 2518 in
1371 2486 1474 2519 nobis
1491 2491 1688 2528 peccatum,
1717 2492 1748 2518 et
1773 2485 1897 2529 procul
1922 2485 2075 2517 absimus
2099 2484 2142 2515 ab

1158 2538 1364 2580 impletione
1380 2537 1475 2579 legis,
1525 2534 1689 2568 Secundo
1708 2536 1924 2579 intelligatur
1942 2536 1984 2568 de
2006 2535 2141 2571 effectu,

1156 2589 1340 2628 videlicet,
1378 2595 1418 2621 ut
1441 2587 1605 2620 incoe'tur
1629 2587 1665 2619 in
1690 2588 1792 2620 nobis
1818 2587 1973 2627 novitas,
2013 2587 2142 2618 donato

1156 2639 1293 2684 Spiritu
1313 2645 1453 2679 sancto,
1481 2649 1589 2682 eaque
1604 2638 1742 2673 novitas
1760 2639 1823 2672 erit
1841 2638 1990 2683 perfecta
2009 2643 2041 2670 et
2062 2647 2145 2669 con-

1600 2688 1649 2724 42
