2415 2942
97 110 171 148 14²9
509 106 591 147 xn.

94 203 276 242 utcunque
300 193 469 240 intelligit
492 193 712 237 doctrinam,
745 201 779 229 et
798 194 983 242 explorare
1005 207 1091 228 con-

97 248 282 282 scientiam
311 258 410 281 suam
443 253 578 292 potest,
612 254 645 281 et
669 252 781 281 textus
802 246 905 279 dicit:
940 244 1090 287 Quoties

95 310 224 343 panem
255 296 351 332 hunc
373 298 633 332 manducabitis
660 304 744 338 etc„
777 303 925 330 mortem
951 296 1089 328 domini

96 350 311 394 praedicate.
362 348 431 382 Hic
463 361 537 382 non
569 349 637 382 alia
669 347 855 381 necessitas
882 346 1090 390 imponitur,

95 400 166 434 nisi
187 407 227 435 ut
251 400 356 434 simul
376 401 434 433 fiat
452 399 736 433 commemoratio
755 399 798 430 de
816 404 928 431 morte
943 395 1088 437 Christi,

95 462 177 484 cum
216 451 370 484 sumitur
399 456 668 484 sacramentum.
734 447 948 493 Quanquam
980 448 1088 491 igitur

95 508 192 536 aetas
210 501 283 541 illa,
311 513 400 546 quae
417 501 484 533 iam
504 499 669 543 intelligit
686 499 896 537 doctrinam,
923 499 1086 543 aliquan-

95 553 144 585 do
177 553 281 586 debet
308 552 359 585 uti
386 557 622 589 sacramento,
655 556 694 583 ut
714 550 855 593 publice
880 549 1087 593 profiteatur

95 613 196 636 suam
220 602 323 634 fidem
339 613 453 634 coram
471 599 646 641 Ecclesia,
673 607 793 634 tamen
809 601 995 634 necessitas
1013 612 1085 632 non

90 651 292 695 „imponitur
315 649 386 692 his,
413 651 473 696 qui
498 652 750 694 professionem
773 652 933 685 nondum
951 651 1085 684 intelli-

93 709 200 746 gunt,
227 708 260 736 et
283 703 365 736 satis
389 710 439 736 est
462 702 614 735 infantes
638 703 788 735 insertos
811 714 884 735 esse
908 701 1084 736 Ecclesiae

91 765 156 797 per
183 753 408 797 baptismum.
461 751 556 786 Haec
574 754 688 786 obiter
704 753 776 786 dixi
795 754 837 786 de
855 750 926 793 his,
953 753 1014 798 qui
1031 753 1084 785 lo-

95 816 176 837 cum
202 803 345 837 Ioannis
375 804 417 836 ad
444 804 680 838 ceremoniam
706 815 836 837 coenae
855 802 1000 837 Domini
1027 815 1083 836 ac-

90 856 375 893 commodarunt,
404 862 435 888 et
454 854 577 889 durius
592 855 853 889 contenderunt
872 856 915 888 de
932 854 1083 887 necessi-

92 911 179 947 tate,
205 917 311 951 quam
330 917 418 950 opus
436 911 498 940 est.

193 979 270 1024 Ego
295 978 387 1014 hanc
404 981 609 1015 concionem
627 978 734 1014 huius
750 981 835 1014 sexti
851 981 991 1025 capitis,
1019 993 1083 1014 nec

92 1032 137 1065 de
161 1032 359 1065 ceremonia
384 1044 512 1065 coenae
533 1031 700 1072 Domini,
735 1044 798 1064 nec
821 1033 865 1064 de
890 1033 1080 1064 manduca-

93 1083 189 1116 tione
213 1083 440 1116 ceremoniali
461 1083 640 1125 intelligo,
667 1083 725 1115 sed
746 1082 834 1116 sicut
853 1095 956 1126 supra
976 1079 1081 1115 Chri—

92 1140 165 1167 stus
188 1134 361 1177 praefatus
384 1140 433 1166 est
456 1134 499 1166 de
523 1134 605 1173 fide,
631 1145 698 1177 qua
718 1134 893 1166 credimus
911 1134 1080 1176 placatam

91 1196 164 1217 esse
188 1185 276 1217 iram
295 1183 360 1217 Dei
387 1191 499 1217 morte
523 1184 607 1226 filii,
635 1195 762 1227 corpus
783 1196 884 1216 suum
902 1183 1081 1216 offerentis

92 1246 158 1279 pro
180 1235 305 1275 nobis,
332 1241 365 1268 et
388 1235 593 1277 sanguinem
618 1245 720 1267 suum
741 1235 940 1274 fundentis,
966 1241 997 1267 et
1017 1245 1080 1266 nos

92 1292 237 1329 propter
264 1282 355 1318 hanc
385 1286 561 1318 victimam
591 1284 698 1328 recipi
722 1297 740 1317 a
764 1283 838 1318 Deo
864 1285 899 1317 in
921 1284 1080 1327 gratiam,

92 1342 126 1369 et
150 1335 276 1369 donari
299 1335 369 1369 vita
389 1342 541 1370 aeterna.
596 1334 646 1368 lta
666 1342 799 1368 caetera
816 1336 858 1368 de
875 1336 995 1368 eadem
1012 1335 1079 1367 fide

91 1385 272 1429 intelligo,
298 1397 367 1430 qua
392 1386 615 1418 vivificantur
633 1387 830 1426 credentes,
859 1386 940 1431 quia
955 1386 1079 1419 nitun-

91 1443 150 1470 tur
166 1434 327 1477 Christo,
361 1436 422 1481 qui
445 1448 508 1480 pro
534 1437 638 1469 nobis
661 1448 787 1480 corpus
811 1449 915 1470 suum
939 1436 1079 1476 obtulit,

91 1493 126 1521 et
155 1487 362 1531 sanguinem
392 1499 494 1520 suum
519 1487 621 1520 fudit.
687 1486 789 1520 Hanc
811 1488 1010 1521 doctrinam
1035 1489 1078 1520 de

90 1538 252 1582 passione
274 1549 354 1578 sua,
383 1545 416 1572 et
439 1539 480 1571 de
503 1538 569 1572 fide
587 1545 704 1571 nostra
724 1539 971 1581 significatam,
998 1545 1078 1572 ante

90 1588 128 1621 iu
152 1588 423 1622 manducatione
446 1589 526 1631 agni
545 1589 697 1623 inculcat
716 1588 873 1630 Iudaeis,
901 1590 960 1635 qui
978 1601 1076 1634 pror-

90 1650 148 1673 sus
170 1640 257 1672 alias
280 1637 456 1672 habebant
480 1640 666 1683 opiniones
682 1641 724 1673 de
738 1638 900 1681 Christo,
928 1653 999 1673 non
1020 1652 1077 1672 co-

91 1689 250 1731 gitabant
272 1702 350 1722 eum
369 1701 553 1733 passurum
573 1702 662 1730 esse,
689 1703 762 1723 non
781 1691 936 1724 sciebant
953 1692 1076 1723 donari

91 1740 414 1773 reconciliationem
433 1747 575 1783 propter
592 1740 718 1783 ipsum,
740 1742 892 1785 denique
907 1740 998 1774 nihil
1014 1754 1077 1774 no-

91 1797 171 1823 rant
192 1790 235 1823 de
260 1790 385 1823 fiducia
409 1787 516 1822 huius
534 1790 713 1830 victimae,
741 1792 799 1823 sed
817 1798 952 1825 tantum
969 1790 1078 1826 habe-

90 1841 175 1874 bant
193 1852 253 1874 sua
271 1840 407 1874 somnia
425 1841 468 1873 de
486 1840 636 1884 imperio
656 1842 845 1874 mundano.

192 1913 361 1949 Ostendit
378 1922 494 1949 autem
505 1914 667 1950 Christus
683 1917 871 1950 discrimen
888 1917 980 1951 inter
990 1917 1078 1951 Pro-

90 1964 212 2011 phetas
243 1973 395 1999 caeteros
425 1973 458 2000 et
481 1978 563 2002 sese.
631 1967 855 2001 Caeterorum
881 1967 1077 2012 Propheta-

90 2029 166 2051 rum
191 2029 269 2050 caro
287 2025 320 2051 et
339 2018 479 2060 sanguis
497 2030 568 2050 non
587 2020 840 2057 manducatur,
869 2020 925 2051 sed
944 2020 1077 2053 doctri-

91 2080 135 2101 na
162 2074 298 2101 tantum
324 2068 483 2102 auditur:
512 2069 606 2102 aliud
634 2076 682 2103 est
701 2082 839 2102 carnem
860 2067 965 2103 huius
981 2070 1076 2103 Mes-

91 2119 161 2151 siae
184 2120 396 2151 manducare
419 2125 451 2151 et
475 2119 596 2152 bibere
617 2121 836 2162 sanguinem.
890 2119 958 2154 Hic
982 2122 1075 2154 enim

90 2169 127 2203 fit
153 2169 293 2203 victima
319 2181 382 2212 pro
411 2169 532 2209 nobis,
569 2178 601 2204 et
627 2171 848 2204 sentiendum
877 2178 927 2205 est
949 2172 1075 2205 fiducia

90 2217 196 2253 huius
213 2220 372 2252 sacrificii
391 2220 492 2253 nobis
503 2219 614 2254 Deum
632 2222 806 2264 placatum
825 2234 906 2256 esse.
962 2221 1075 2256 Inter-

87 2270 167 2305 fecti
183 2277 265 2304 sunt
282 2277 314 2304 et
329 2271 388 2303 alii
405 2271 515 2304 sancti
527 2298 535 2311 ‚
563 2279 602 2306 ut
619 2271 725 2312 Abel,
747 2280 781 2306 et
799 2273 899 2306 multi
918 2271 1075 2318 Prophe-

89 2328 162 2362 tae,
195 2320 336 2361 Esaias,
370 2320 555 2360 Ieremias,
588 2329 621 2356 et
643 2323 723 2363 alii,
758 2325 815 2356 sed
840 2322 968 2357 horum
995 2337 1075 2357 caro

89 2384 162 2405 non
185 2378 235 2405 est
258 2373 376 2412 cibus,
403 2385 466 2405 nec
483 2374 623 2415 sanguis
639 2381 689 2408 est
706 2380 826 2417 potus,
853 2375 886 2407 id
906 2382 976 2414 est,
1003 2388 1074 2408 non

90 2432 140 2466 est
166 2423 387 2457 sentiendum
413 2420 478 2456 hos
495 2424 600 2457 fuisse
618 2424 777 2458 victimas
793 2426 969 2468 placantes
987 2426 1074 2459 iram

89 2472 173 2515 Dei,
201 2475 259 2507 sed
284 2474 378 2508 solus
395 2472 557 2508 Christus
584 2482 634 2509 est
659 2476 718 2508 illa
737 2476 896 2517 victima,
923 2489 991 2521 qua
1008 2478 1075 2511 niti

89 2535 156 2558 nos
187 2531 344 2573 oportet,
379 2532 412 2558 et
441 2526 484 2558 de
518 2538 585 2570 qua
618 2527 842 2560 statuendum
876 2533 947 2569 est,
980 2529 1074 2571 qnod

88 2581 232 2619 propter
255 2587 330 2609 eam
354 2575 449 2610 Deus
473 2577 576 2610 nobis
601 2578 754 2611 remittat
778 2584 929 2622 peccata.
980 2578 1075 2613 Haec

89 2626 175 2659 fides
206 2632 258 2660 est
284 2627 497 2668 necessaria,
532 2628 610 2661 ideo
637 2641 714 2662 cum
740 2629 783 2661 de
806 2629 1076 2664 manducatione

87 2677 282 2711 necessaria
296 2677 480 2723 loquatur,
508 2690 581 2713 non
598 2679 886 2722 ceremonialem,
911 2680 972 2714 sed
986 2678 1077 2716 hanc

650 105 1031 149 ENARRATIOJN
1056 102 1242 142 EVANG.
1270 101 1485 140 IOANNIS.

1543 103 1647 141 CAP.
1675 105 1738 142 Π.
2076 115 2146 150 150

1145 192 1250 227 fidem
1276 193 1533 237 intelligamus:
1570 193 1646 228 Nisi
1674 196 1971 232 manducaveritis
1999 212 2138 235 carnem

1143 245 1208 277 filii
1235 242 1409 282 hominis,
1438 252 1469 278 et
1494 245 1655 280 biberitis
1677 248 1904 290 sanguinem,
1932 262 2003 283 non
2027 249 2136 286 habe-

1142 295 1226 328 bitis
1253 296 1360 328 vitam
1388 296 1425 328 in
1451 296 1569 335 vobis,
1598 297 1632 329 id
1658 304 1729 341 est,
1758 299 1826 331 nisi
1846 300 1928 333 fides
1948 309 2059 335 vestra
2079 305 2134 336 ni-

1142 351 1236 379 tatur
1266 346 1335 378 mei
1367 346 1525 389 corporis
1553 348 1750 389 oblatione,
1784 357 1814 383 et
1838 352 2018 394 sanguinis
2043 354 2133 387 effu-

1140 396 1251 430 sione.
1314 394 1472 429 Multum
1498 397 1585 430 lucis
1612 400 1744 433 accedit
1769 402 1897 441 textui,
1933 415 2012 436 cum
2038 406 2133 448 cogi-

1140 446 1230 479 tabis
1260 443 1315 479 his
1340 446 1456 479 verbis
1483 446 1673 480 discrimen
1699 452 1835 483 ostendi
1862 451 1955 486 inter
1978 461 2132 489 caeteros

1139 494 1353 541 Prophetas,
1380 503 1413 530 et
1438 497 1531 529 inter
1549 497 1732 538 Messinm,
1762 502 1822 544 qui
1845 503 1939 535 solus
1956 511 2004 537 est
2021 516 2131 548 agnus

1139 549 1425 587 manducandus,
1453 548 1488 580 id
1505 554 1571 588 est,
1599 549 1708 582 solius
1727 548 1831 583 huius
1848 563 2016 594 personae
2031 557 2130 589 obla-

1138 598 1235 631 tione
1259 598 1387 631 nititur
1412 599 1508 632 fides.
1563 597 1698 633 Caeteri
1726 599 1923 645 Prophetae
1949 617 2021 637 non
2048 614 2130 641 sunt

1138 649 1396 689 manducandi,
1429 661 1492 682 nec
1515 649 1642 683 nititur
1664 651 1750 683 fides
1774 652 1931 695 ipsorum
1960 658 2128 698 personis.

1137 697 1184 733 Et
1215 700 1362 740 caeteri,
1398 712 1600 744 quanquam
1632 709 1759 735 sonant
1785 714 1903 735 vocem
1929 702 2130 750 Evangelii,

1137 757 1253 784 tamen
1279 762 1353 783 non
1377 757 1458 784 sunt
1483 763 1652 795 personae
1670 752 1792 786 dantes
1813 754 1919 786 vitam
1939 762 2128 794 aeternam.

1138 800 1232 834 Haec
1248 814 1317 834 una
1331 813 1491 845 persona,
1517 814 1604 846 quae
1618 801 1836 844 estMessias‚
1862 804 1954 838 filius
1966 805 2043 845 Dei,
2069 809 2128 842 dat

1137 853 1262 891 lucem,
1290 852 1475 892 iusticiam,
1497 859 1528 884 et
1547 852 1651 885 vitam
1671 860 1862 890 aeternam.
1891 854 1992 889 Hanc
2010 858 2127 892 iudico

1137 903 1330 947 simplicem
1347 909 1380 936 et
1398 904 1552 936 nativam
1572 905 1781 937 sententiam
1800 917 1872 938 esse
1890 904 1995 940 huius
2011 909 2108 944 dicti.

1187 987 1289 1021 Haec
1313 986 1411 1020 dixit
1438 987 1476 1020 in
1492 999 1709 1034 synagoga,
1737 993 1798 1026 etc,
1850 987 1964 1024 Item:
1992 990 2126 1028 Durus

1240 1044 1289 1072 est
1312 1036 1371 1072 lzic
1392 1050 1520 1072 sermo.

1238 1105 1395 1140 Octavus
1414 1106 1522 1140 locus.
1577 1103 1709 1138 Audita
1731 1108 1901 1141 concione
1916 1110 1959 1142 de
1975 1121 2034 1143 esu
2051 1114 2126 1145 veri

1135 1158 1234 1200 agni,
1261 1157 1371 1199 magis
1394 1157 1628 1189 offenduntur
1655 1155 1790 1197 ludaei,
1818 1171 1896 1191 cum
1923 1167 2039 1194 tamen
2068 1175 2125 1196 eos

1134 1210 1324 1241 admonere
1355 1206 1552 1239 ceremonia
1584 1206 1683 1248 agni,
1719 1208 1761 1240 de
1791 1206 1855 1242 hac
1880 1211 2041 1245 doctrina
2064 1215 2125 1246 de-

1135 1258 1260 1291 buerit.
1312 1256 1414 1290 Certe
1432 1269 1503 1289 non
1521 1258 1648 1290 frustra
1666 1258 1732 1291 fuit
1748 1259 1906 1294 instituta
1925 1259 2008 1294 haec
2024 1275 2125 1296 man-

1133 1309 1287 1343 ducatio.
1339 1308 1461 1350 Agnus
1486 1308 1704 1351 significabat
1728 1307 1930 1349 Christum,
1959 1315 2123 1347 mactatio

1134 1360 1352 1404 passionem,
1387 1370 1446 1391 seu
1478 1366 1647 1400 mortem,
1682 1362 1906 1394 manducatio
1936 1363 2040 1396 fidem
2067 1366 2124 1398 ni-

1133 1418 1265 1444 tentem
1290 1407 1355 1442 hac
1377 1410 1450 1453 ipsa
1469 1421 1634 1453 persona,
1660 1417 1691 1443 et
1711 1412 2025 1455 consociationem,
2055 1428 2123 1459 qua

1132 1462 1304 1495 efficimur
1325 1461 1448 1494 fratres
1467 1464 1500 1494 et'
1518 1458 1728 1494 cohaeredes
1746 1460 1897 1501 Christi,
1926 1476 1964 1496 ac
1980 1467 2122 1508 partici-

1133 1524 1191 1556 pes
1211 1512 1355 1556 spiritus
1382 1512 1512 1555 ipsius,
1541 1518 1573 1545 et
1599 1511 1687 1545 sicut
1710 1511 1834 1546 Petrus
1858 1514 2037 1559 loquitur,
2066 1518 2122 1550 di-

1132 1564 1233 1596 vinae
1258 1570 1415 1596 naturae.
1467 1560 1563 1595 Haec
1581 1561 1824 1605 intelligebant
1842 1564 1978 1606 Moses,
2008 1566 2122 1610 losue,

1133 1621 1164 1647 et
1196 1614 1344 1653 similes,
1377 1625 1455 1645 cum
1487 1620 1710 1646 vescerentur
1740 1626 1830 1656 agno
1856 1615 2049 1658 paschatis,
2086 1627 2121 1653 et

1133 1663 1255 1698 dehac
1273 1664 1530 1697 consociatione
1546 1664 1692 1696 fratrum
1712 1670 1743 1696 et
1760 1663 1994 1700 cohaeredum
2013 1667 2121 1702 Chri-

1131 1723 1203 1750 stus
1226 1713 1285 1749 hic
1305 1715 1553 1752 concionatur,
1581 1715 1638 1747 sed
1663 1713 1782 1747 Iudaei
1801 1717 1958 1750 fascinati
1978 1730 2120 1762 persua-

1132 1768 1230 1800 sione
1257 1767 1300 1799 de
1324 1766 1474 1808 imperio
1498 1766 1698 1805 mundano,
1726 1777 1789 1799 nec
1813 1778 1914 1800 suum
1934 1775 2056 1814 typum
2076 1772 2121 1805 de

1133 1829 1241 1860 agno,
1268 1829 1331 1849 nec
1348 1814 1481 1849 Christi
1504 1816 1709 1848 concionem
1728 1817 1982 1860 intelligebant.
2035 1820 2120 1855 Ideo

1132 1879 1285 1900 errorem
1308 1879 1429 1899 eorum
1454 1867 1581 1900 refutat
1607 1864 1787 1907 Christus,
1822 1870 1981 1913 opposita
2006 1871 2119 1906 forma

1131 1919 1183 1951 sui
1206 1918 1318 1961 regni:
1346 1917 1509 1950 Absurda
1532 1918 1631 1949 vobis
1649 1918 1769 1951 concio
1788 1920 1829 1951 de
1847 1922 2118 1956 manducatione

1131 1970 1289 2008 videtur,
1313 1968 1423 2010 magis
1448 1968 1534 2001 mira
1562 1980 1615 2000 res
1638 1969 1702 2002 erit
1727 1971 1935 2003 resurrectio
1962 1984 1980 2004 a
2005 1980 2117 2007 morte

1132 2027 1161 2052 et
1193 2020 1305 2052 forma
1338 2019 1456 2061 regni,
1503 2031 1582 2051 cum
1615 2019 1768 2061 potentia
1801 2021 1919 2054 divina
1951 2025 2116 2065 regnabo.

1130 2069 1207 2103 Hoc
1247 2070 1351 2103 sentit
1384 2081 1461 2102 cum
1496 2070 1560 2103 ait:
1611 2069 1786 2103 videbitis
1817 2072 1927 2104 filium
1961 2071 2117 2108 hominis

1130 2122 1394 2161 ascendentem,
1436 2120 1497 2153 ubi
1527 2127 1599 2154 erat
1630 2121 1745 2163 prius,
1783 2122 1817 2153 id
1850 2129 1916 2162 est,
1952 2126 2116 2160 ascendet

1129 2173 1170 2205 ad
1197 2178 1351 2215 patrem,
1386 2177 1595 2214 regnaturus
1618 2171 1737 2204 divina
1765 2173 1937 2218 potentia,
1968 2175 2115 2210 daturus

1129 2223 1301 2268 Spiritum
1334 2229 1492 2255 sanctum
1524 2229 1556 2255 et
1586 2223 1691 2254 vitam
1718 2229 1913 2262 aeternam,
1950 2226 2114 2260 defensu-

1128 2286 1187 2307 rus
1206 2272 1410 2307 Ecclesiam.
1466 2273 1538 2305 Vos
1562 2272 1746 2321 expectatis
1766 2272 1951 2316 Messiam,
1977 2277 2037 2320 qui
2057 2278 2115 2312 det

1128 2325 1228 2358 vobis
1259 2325 1446 2367 imperium
1477 2324 1620 2363 mundi,
1658 2334 1719 2363 ego
1749 2324 1941 2368 meipsum
1968 2328 2113 2361 daturus

1128 2389 1224 2416 sum,
1258 2376 1352 2420 quod
1380 2375 1457 2418 plus
1482 2381 1548 2411 est,
1574 2381 1605 2406 et
1631 2374 1829 2407 societatem
1852 2382 2013 2410 aeternae
2037 2379 2112 2422 glo-

1128 2428 1216 2461 riae:
1246 2427 1400 2469 regnabo
1418 2425 1511 2458 enim
1529 2424 1649 2457 divina
1668 2425 1841 2467 potentia,
1869 2432 1932 2460 etc.

1179 2507 1280 2546 Caro
1310 2523 1383 2545 non
1403 2507 1549 2556 prodest
1580 2506 1680 2542 vobis
1704 2507 1919 2557 quicquam,
1958 2511 2113 2558 spiritus

1231 2567 1300 2602 est,
1327 2560 1393 2609 qui
1408 2557 1576 2605 vivzficat.

1204 2629 1273 2663 Hic
1290 2640 1406 2663 nonus
1430 2628 1528 2661 locus
1554 2633 1621 2667 est,
1647 2626 1685 2659 in
1707 2639 1777 2672 quo
1796 2626 1975 2671 abrumpit
1992 2628 2115 2672 dispu-

1128 2682 1318 2726 tationem,
1345 2692 1383 2714 ac
1402 2679 1496 2713 redit
1513 2679 1554 2712 ad
1575 2678 1691 2711 locum
1710 2689 1815 2722 supra
1832 2684 2034 2718 tractatum,
2061 2679 2115 2712 vi-

1524 2727 1605 2763 10*
