2415 2942
287 82 380 120 1059

283 180 356 202 esse
379 169 421 201 de
445 164 688 200 emendatione
711 172 849 195 morum
868 187 876 201 ,
904 167 936 194 ct
969 159 1197 193 conversione
1221 157 1257 190 in

283 218 346 253 bac
372 219 458 254 xiia,
487 227 558 248 non
576 226 647 247 esse
672 213 918 256 expectandam
939 222 1055 243 veram
1073 209 1255 243 resuscita-

283 271 411 303 tionem
433 265 558 299 borum
577 276 782 308 corporum,
813 263 848 294 in
871 261 1004 295 cineres
1026 261 1257 297 redactorum,

281 321 323 353 ad
341 324 515 351 aeternam
534 317 640 349 vitain
658 322 690 347 et
706 312 995 347 consuetudinem
1014 323 1092 343 cum
1111 309 1195 343 Deo.

385 367 478 400 llaec
499 367 652 410 profecto
670 372 701 398 et
719 371 830 397 errata
850 370 882 397 et
906 362 990 395 vitia
1015 362 1110 394 illius
1135 359 1257 394 Eccle-

279 421 350 453 siae
372 430 436 451 nec
456 430 579 462 parva,
609 428 674 449 nec
695 415 840 453 srixola,
868 415 927 447 sed
950 419 1044 446 tanta
1070 411 1192 450 fuisse,
1220 417 1257 443 ut

281 478 313 504 et
331 469 478 503 Pullum
505 469 702 511 multosque
725 467 812 499 alios
839 465 915 508 pios
935 461 1158 496 xehementei
1173 473 1257 494 con-

281 520 474 558 turbatim,
511 526 543 552 et
569 517 760 551 Ecclesiam
786 516 986 548 foedissime
1017 513 1258 551 defui-marini,

280 579 312 605 et
331 570 380 603 Ex
385 570 511 612 angelii
531 580 669 602 cursum
694 579 763 600 non
782 578 904 610 parum
925 564 1169 608 impedierint,
1194 575 1256 605 ap-

279 628 377 667 paret
393 633 432 653 ex
452 620 738 664 responsionibus
755 617 866 655 Pauli,
886 623 982 649 tanto
999 615 1137 658 spiritu,
1162 626 1257 645 coiu-

280 673 454 710 motione‚
483 669 701 704 vehementi-i
724 669 826 701 etiam
855 666 1004 700 taxantis
1029 672 1061 698 et
1085 666 1257 697 damuan—

280 724 344 761 tis,
373 730 404 755 et
424 722 595 764 corrigere
612 720 783 753 studentis
802 718 860 750 illa
877 716 1051 750 scandala.

381 772 418 806 Si
440 773 544 814 igitur
571 772 632 804 illa
658 771 768 814 prima
786 767 959 807 Ecclesia,
984 778 1072 810 quae
1089 764 1257 798 Doctores

280 822 403 857 babuit
424 823 515 866 ipsos
534 821 740 865 Apostolos,
772 818 971 851 immediate
992 829 1010 850 a
1028 814 1169 849 Christo
1195 829 1256 849 vo-

279 882 390 914 catos,
419 880 450 906 et
477 873 727 906 miraculorum
757 869 1022 902 inimitabilium
1049 867 1257 900 testimoniis

279 924 526 958 certitudinem
555 930 589 956 et
611 923 769 955 doctrina
793 933 874 953 suae
898 927 930 952 et
954 918 1148 951 vocationis
1173 930 1256 950 con-

279 976 472 1013 firmantes,
503 986 574 1005 uon
594 973 707 1016 potuit
733 984 804 1004 esse
831 970 998 1003 immunis
1023 975 1057 1002 et
1080 969 1189 1001 libera
1213 969 1257 1001 ab

279 1026 484 1058 enormibus
517 1032 550 1056 et
580 1024 691 1056 foedis
726 1021 779 1054 bis
810 1021 989 1054 erroribus
1018 1026 1050 1052 et
1071 1020 1255 1059 scandalis,

278 1076 502 1109 turbantibus
519 1073 612 1107 baud
631 1074 756 1113 dubie,
786 1079 818 1105 et
837 1072 962 1104 misere
977 1071 1256 1103 excruciantibus

279 1128 417 1170 piorum
445 1126 596 1158 animos:
625 1136 691 1169 qua
716 1125 851 1162 fronte,
893 1122 947 1155 vel
964 1121 1176 1154 Pontificum
1202 1133 1255 1154 as-

277 1184 487 1215 sentatoreS,
523 1176 576 1208 vel
603 1175 744 1208 fanatici
771 1184 934 1213 errones,
967 1173 1060 1216 apud
1084 1184 1166 1210 nos,
1195 1172 1255 1217 qui

278 1240 358 1260 vere
377 1227 439 1260 Dei
458 1226 623 1260 beneficio
643 1225 784 1267 gloriari
803 1234 997 1268 possumuS,
1015 1223 1255 1265 incorruptam

278 1278 462 1321 Evangelii
484 1277 680 1310 doctrinam
701 1277 735 1308 in
757 1275 884 1308 nostris
907 1274 1046 1317 templis
1069 1281 1102 1307 et
1128 1272 1257 1307 scholis

279 1341 424 1368 sonare,
452 1339 617 1372 quaerere
641 1334 674 1359 et
701 1327 876 1370 postulare
901 1325 1032 1357 audent
1058 1325 1161 1357 talem
1188 1323 1255 1358 Ec-

279 1380 437 1419 clesiam,
467 1390 555 1423 quae
580 1377 683 1410 meris
699 1383 832 1409 constet
850 1375 998 1416 angelis,
1025 1373 1114 1407 nihil
1133 1373 1257 1409 habeat

279 1431 379 1470 labis,
411 1428 741 1467 nibilinfirmitatis,
766 1425 1142 1466 niliildissensionum,
1167 1424 1257 1459 nibil

279 1482 581 1524 disputationum,
608 1476 699 1511 nibil
720 1478 822 1510 etiam
846 1477 1007 1519 lapsuum
1026 1483 1058 1508 et
1076 1479 1179 1508 scand
1185 1477 1258 1508 alo-

280 1544 359 1565 rum
379 1531 548 1570 aliorum,
576 1541 655 1562 cum
679 1529 788 1561 sciant
813 1534 972 1560 autorem
997 1523 1122 1558 horum
1147 1528 1258 1560 malo-

280 1595 356 1615 ium
389 1581 569 1614 diabolum
606 1586 737 1623 patrem
769 1577 1052 1617 mendaciorum,
1094 1577 1259 1610 dissidio-

280 1646 377 1672 rum,
405 1632 574 1668 caedium,
603 1636 634 1662 et
652 1627 876 1662 horribilium
895 1628 1067 1670 lapsuum,
1094 1640 1158 1660 nec
1174 1629 1258 1661 dum

279 1684 438 1717 suiulitus
468 1683 622 1714 deletum
657 1692 748 1717 esse,
781 1692 845 1711 nec
876 1678 1033 1711 dormire
1059 1686 1119 1712 aut
1149 1679 1259 1712 inter-

281 1735 474 1778 quiescere,
501 1734 559 1765 sed
577 1731 762 1764 circumire
782 1741 879 1762 more
904 1729 1074 1771 rugientis
1092 1736 1123 1762 et
1149 1730 1257 1762 fame-

282 1786 337 1817 lici
366 1785 495 1821 leonis,
532 1790 564 1816 et
591 1782 732 1827 quidem
761 1781 848 1813 circa
875 1786 1084 1824 postremam
1111 1787 1258 1813 aetatem

282 1835 404 1867 inuncti
440 1833 587 1876 grassari
618 1832 817 1871 surentius,
859 1831 1065 1864 sentientem
1096 1833 1258 1865 accedere

283 1896 417 1928 tempus
438 1884 578 1924 iudicii,
606 1891 638 1917 et
663 1890 821 1916 aeternae
843 1881 1098 1921 damnationis,
1126 1889 1158 1915 et
1176 1894 1259 1925 snp-

284 1937 379 1979 plicii
411 1934 721 1967 inaestimabilium
747 1933 836 1966 etin
872 1932 1047 1964 infinitum
1081 1934 1256 1973 augendo-

282 2000 359 2020 rum
382 1993 637 2020 tormentorum
661 1984 764 2027 pleni.
802 1984 922 2015 Sciant
948 1983 1049 2015 etiam
1074 1980 1257 2016 bominum

282 2045 441 2070 naturam
470 2043 546 2080 post
573 2036 706 2078 lapsum
734 2034 856 2066 misere
880 2041 1096 2075 corruptam,
1124 2041 1155 2066 et
1180 2046 1256 2066 cum

281 2095 390 2121 aetate
407 2087 531 2120 mundi
550 2086 652 2118 etiam
675 2086 782 2127 ipsam
801 2084 1057 2126 languidiorem
1074 2085 1196 2116 factam
1215 2085 1255 2116 ad

282 2147 493 2176 extremum,
519 2136 657 2170 facilius
676 2147 769 2168 nunc
787 2147 804 2168 a
822 2135 971 2167 diabolis
990 2134 1121 2177 impelli
1139 2135 1180 2167 ad
1199 2147 1255 2167 cu-

283 2189 495 2228 riositatem,
532 2187 782 2225 ambitionem,
819 2185 1009 2225 invidiam,
1044 2185 1258 2229 superbiam,

283 2240 508 2283 cupiditatem
543 2238 746 2279 vindictae,
789 2236 894 2275 odia,
936 2243 970 2268 et
1001 2236 1257 2277 profanitatem,

283 2302 324 2323 ex
344 2291 470 2334 quibus
488 2288 681 2322 adfectibus
704 2288 870 2319 oriuntur
893 2287 1018 2318 deinde
1037 2298 1158 2319 omnes
1176 2287 1257 2319 illae

283 2350 412 2385 pestes,
454 2341 581 2384 quibus
607 2337 797 2371 Ecclesiam
825 2337 981 2375 turbari,
1015 2343 1048 2369 et
1073 2335 1257 2380 Evangelii

282 2402 421 2424 cursum
440 2398 471 2423 et
488 2390 672 2422 efficaciam
690 2388 872 2432 impediri,
901 2394 931 2421 et
954 2387 1146 2420 imbecilles
1171 2388 1255 2420 alie-

281 2442 377 2481 nari,
413 2441 489 2484 pios
515 2441 618 2474 etiam
647 2446 679 2473 et
703 2440 808 2473 fortes
834 2438 1052 2472 consternari
1077 2444 1110 2471 et
1134 2450 1256 2472 excru-

279 2492 362 2527 ciari
386 2492 596 2534 experimur·

355 2542 433 2575 Non
451 2542 710 2585 patrocinamur
727 2540 917 2577 erroribus,
943 2539 1038 2571 vitiis
1061 2546 1092 2572 et
1108 2540 1255 2572 scanda-

945 71 1191 109 EPlSTOLA
1225 70 1630 110 NUNCUPATORIA.

2197 70 2295 106 1060

1310 157 1548 199 gravissimam
1567 155 1699 192 Christi
1717 159 2044 198 comminationem,
2062 153 2191 190 Manli.
2212 157 2290 191 18.:

1314 207 1384 240 Vae
1409 206 1544 242 homini
1569 209 1641 248 illi,
1666 220 1728 252 per
1745 221 1847 253 quem
1867 210 1960 243 venit
1982 208 2196 243 scandalum.
2245 206 2293 242 Et

1313 257 1411 291 Pauli
1432 258 1546 294 Galat.
1564 257 1613 292 5.:
1642 258 1714 301 Qui
1737 261 1922 293 conturbat
1947 272 2027 300 vos,
2054 258 2208 304 portabit
2235 258 2290 292 iu-

1311 309 1460 348 dicium,
1489 311 1691 355 quicunque
1713 317 1773 343 est.
1825 309 1894 343 Sed
1923 311 2071 343 dicimus
2087 319 2165 341 cum
2183 307 2290 342 Chri-

1311 367 1362 392 sto
1395 367 1528 393 tamen:
1571 359 1718 393 Necesse
1751 371 1843 401 esse,
1876 367 1915 395 ut
1943 361 2084 393 veniant
2111 360 2287 400 scaudala,

1311 411 1405 454 quod
1430 411 1467 443 in
1484 410 1600 445 Lucae
1622 410 1677 446 17.
1704 422 1778 455 cap.
1803 411 1936 444 maiore
1962 423 2040 444 cum
2064 405 2289 444 vehementia

1312 461 1458 494 dicitur:
1496 461 1716 505 Impossibile
1741 473 1831 501 esse,
1865 469 1902 495 ut
1927 474 1999 495 non
2024 461 2165 494 veniant
2190 469 2292 493 scan-

1312 512 1400 547 dala.
1452 510 1498 546 Et
1515 512 1645 545 Paulus
1669 512 1866 547 illustribus
1892 513 2033 557 quidem
2059 519 2092 546 et
2115 508 2226 549 veris,
2253 517 2292 545 ut

1312 563 1523 606 experientia
1541 570 1703 602 testatur,
1730 564 1788 596 sed
1807 564 1997 596 admodum
2014 562 2171 595 tristibus
2191 561 2290 594 eolo·

1313 613 1411 646 ribus
1437 614 1629 657 praesentis
1652 614 1760 647 seculi
1788 612 1948 647 homines
1971 614 2146 658 depingit,
2172 610 2207 645 2.
2227 611 2291 644 Τί-

1313 662 1408 697 moth
1432 665 1467 698 3.
1485 662 1802 697 cum'simotheum
1821 676 1922 698 suurn
1943 671 2154 706 praemonet:
2178 664 2290 697 τοῦτο

1310 726 1470 761 γινωσκε
1487 741 1498 759 ,
1533 712 1588 748 ὅτι
1619 714 1657 749 ἐν
1682 712 1850 759 ἐσχάταις
1874 713 2024 776 ἡΏιιέραις
2051 713 2291 759 ἐνστήσονται

1310 763 1431 811 καιροὶ
1443 763 1607 810 χαλεποί.
1644 765 1789 799 ἔσονται
1805 763 1878 812 γὰρ
1896 765 1929 800 οἱ
1944 765 2141 812 ἄνθρωποι
2156 763 2292 822 φίλαυ-

1310 829 1385 860 τοι,
1413 813 1654 863 φιλάργυροι,
1682 813 1873 860 ἀλαζόνες,
1899 814 2151 864 ὑπερήφανοι,
2173 811 2290 861 βλάσ-

1311 880 1446 913 (ρηιιοι,
1479 880 1548 914 γοι
1552 869 1652 901 εῦσιν
1678 865 1859 906 ἀπειθεῖς
1898 865 2107 913 ἀχάριστοι,
2136 863 2290 905 ἀνόσιοι,

1311 917 1508 965 ἄστοργοι,
1535 915 1735 958 ἀσπονὸοι,
1763 915 1950 962 διάβολοι,
1983 917 2168 964 ἀκρατεῖς,
2197 913 2287 960 ἀνή-

1309 981 1432 1013 μεροι,
1469 965 1722 1015 ἀφιλάγαθοι,
1752 965 1950 1014 προδόται,
1990 969 2197 1015 προπετεῖς,
2235 979 2291 1000 τε-

1309 1018 1523 1066 τυφωλιιένοι
1539 1046 1549 1060 ,
1612 1016 1807 1065 φιλήδονοι
1851 1022 1993 1063 μᾶλλον
2038 1018 2062 1065 ἢ
2107 1015 2291 1064 φιλόθεοι,

1310 1071 1452 1115 ἔχοντες
1479 1067 1677 1116 μόρφωσιν
1709 1067 1919 1114 εὐσεβείας,
1959 1068 2026 1116 τὴν
2055 1068 2095 1106 δὲ
2125 1066 2291 1112 δύναμιν

1311 1121 1424 1167 αὐτῆς
1447 1119 1657 1167 ἠρνημένοι.
1708 1120 1825 1165 Loqui
1849 1129 1965 1156 autem
1991 1121 2141 1155 Paulum
2167 1120 2210 1152 de
2237 1119 2292 1157 iis,

1311 1174 1370 1216 qni
1391 1173 1427 1205 in
1444 1172 1596 1205 Ecclesia
1613 1178 1713 1209 sunt,
1742 1177 1774 1204 et
1799 1183 1956 1215 expresse
1977 1171 2159 1216 complecti
2185 1169 2292 1203 simul

1312 1222 1496 1263 Doctores,
1524 1234 1563 1256 ex
1582 1235 1620 1255 eo
1635 1222 1858 1255 manifestum
1876 1230 1936 1263 est,
1961 1224 2056 1267 quod
2077 1223 2161 1256 dicit
2176 1221 2219 1253 de
2245 1219 2288 1252 iis

1312 1275 1448 1318 aliquos
1467 1285 1549 1314 esse,
1569 1274 1628 1317 qui
1648 1273 1803 1316 irrepant
1822 1280 1999 1316 praetextu
2017 1272 2288 1306 communican-

1312 1326 1374 1357 dae
1393 1325 1573 1357 doctrinae
1592 1324 1628 1356 in
1651 1325 1796 1363 domos,
1823 1330 1855 1356 et
1877 1324 2026 1357 maxime
2048 1336 2083 1357 se
2107 1321 2288 1357 insinuent

1315 1375 1521 1407 mulieribus
1550 1376 1585 1407 in
1609 1374 1810 1419 gynaeceis,
1855 1382 1888 1407 et
1919 1375 2068 1408 aliorum
2103 1379 2287 1418 potentum

1312 1426 1494 1465 domibus,
1523 1436 1670 1470 quarum
1690 1425 1824 1456 anirnos
1842 1436 1920 1457 cnm
1944 1433 2160 1468 occuparunt
2184 1422 2291 1456 semel

1313 1477 1471 1509 doctrina
1492 1476 1593 1515 falsa,
1630 1475 1833 1517 intelligunt
1857 1481 1971 1517 postea
1996 1487 2031 1508 se
2054 1476 2158 1508 etiam
2186 1472 2287 1510 facile

1313 1527 1426 1560 studia
1444 1533 1477 1559 et
1491 1526 1730 1559 defensionem
1748 1525 1954 1558 maritorum
1970 1524 2152 1559 habituros
2168 1534 2250 1558 esse.

1416 1576 1521 1609 Tales
1553 1589 1632 1609 cum
1665 1576 1735 1609 sint.
1761 1572 1923 1608 homines
1957 1573 2062 1609 huius
2096 1583 2289 1619 postremae

1314 1628 1434 1660 aetatis
1452 1627 1591 1665 mundi,
1621 1633 1748 1659 etcum
1766 1626 1866 1658 furor
1883 1626 2017 1659 diaboli
2040 1628 2081 1659 ad
2103 1634 2291 1659 extremam

1315 1678 1538 1710 acerbitatem
1555 1677 1721 1721 eruperit,
1751 1677 1880 1709 mirum
1898 1677 2010 1710 videri
2027 1677 2159 1710 nemini
2177 1675 2292 1713 debet,

1314 1729 1363 1761 ibi
1391 1729 1536 1761 existere
1553 1728 1733 1766 scandala,
1761 1720 2017 1768 dissensiones,
2052 1735 2084 1761 et
2109 1728 2176 1761 alia
2203 1732 2290 1758 tetra

1313 1780 1485 1818 facinora,
1512 1780 1572 1812 ubi
1597 1778 1716 1821 purior
1740 1775 1921 1820 Evangelii
1950 1779 2108 1811 doctrina
2129 1778 2292 1816 traditur,

1313 1843 1417 1874 quam
1442 1830 1516 1863 odit
1534 1838 1566 1864 et
1582 1829 1768 1862 extinctam
1784 1828 1878 1872 cupit
1896 1829 2074 1869 diabolus,
2093 1841 2170 1862 cum
2187 1827 2288 1862 simi-

1314 1881 1359 1913 lia
1389 1878 1460 1920 his,
1501 1888 1558 1914 aut
1583 1887 1674 1913 certe
1699 1891 1770 1911 non
1802 1879 1913 1913 multo
1948 1879 2076 1912 leviora
2110 1879 2288 1913 extiterint

1315 1930 1565 1974 Apostolorum
1592 1930 1809 1974 temporibus
1839 1930 1873 1962 in
1901 1929 2012 1972 prima
2029 1930 2200 1969 Ecclesia,
2228 1930 2289 1962 illa

1312 1983 1504 2020 sedatiore,
1546 1989 1578 2015 et
1604 1981 1756 2014 firmiore
1782 1988 1814 2014 et
1835 1980 2008 2023 vegetiore
2026 1987 2136 2014 aetate
2153 1980 2290 2019 mundi,

1313 2045 1401 2077 quae
1419 2043 1639 2076 opponamus
1659 2038 1691 2064 et
1715 2031 1875 2064 fanaticis
1893 2031 2075 2074 spiritibus
2092 2030 2290 2075 Anabapti-

1313 2084 1373 2117 stis
1397 2090 1429 2116 et
1452 2081 1765 2121 Stenckseldianis,
1797 2088 1829 2114 et
1852 2082 1993 2125 perfidis
2019 2082 2201 2126 apostatis,
2227 2082 2289 2125 qni

1313 2147 1407 2167 nunc
1425 2133 1604 2167 Pontificis
1623 2134 1727 2177 pedes
1751 2130 1966 2177 (indignatio
1986 2145 2072 2175 pene
2085 2133 2179 2166 aliud
2198 2130 2288 2165 mihi

1314 2186 1461 2218 verbum
1481 2183 1709 2227 expresserat)
1727 2184 1947 2222 osculantur,
1975 2184 2073 2216 cuius
2092 2183 2188 2226 prius
2205 2183 2288 2216 uni-

1312 2247 1446 2268 versam
1478 2235 1671 2278 potentiam
1701 2241 1735 2268 et
1765 2234 1969 2277 dignitatem
2001 2235 2043 2266 de
2067 2240 2225 2276 suggesto
2249 2233 2287 2265 in

1311 2284 1365 2319 his
1392 2286 1475 2329 ipsis
1500 2285 1665 2319 Ecclesiis
1696 2285 1834 2328 publice
1861 2285 2092 2324 damnarunt,
2133 2290 2166 2318 et
2198 2283 2286 2316 diris

1311 2338 1541 2371 devoverunt.

1402 2386 1550 2430 Propter
1564 2384 1653 2419 banc
1664 2385 1890 2418 necessariam
1902 2384 2176 2417 consolationem
2190 2396 2287 2418 com-

1311 2438 1570 2471 mendatissima
1588 2443 1619 2469 et
1638 2437 1831 2479 gratissima
1857 2433 1921 2468 hoc
1943 2442 2099 2477 tempore
2123 2435 2190 2478 piis
2214 2447 2287 2469 esse

1281 2483 1283 2492 ’
1310 2489 1411 2522 debet
1436 2488 1536 2521 lectio
1561 2500 1641 2521 cum
1665 2486 1939 2530 Epistololarnm
1964 2485 2065 2518 Pauli
2091 2486 2134 2518 ad
2155 2484 2285 2519 Corin-

1310 2537 1402 2571 tbios
1418 2539 1636 2582 scriptarum,
1663 2545 1737 2571 tum
1753 2537 1855 2569 etiam
1875 2534 1978 2569 buius
1994 2537 2287 2576 commentarioli,

280 2595 339 2633 lis,
357 2604 506 2636 quorum
525 2591 704 2624 autoribus
721 2592 846 2623 scimus
863 2602 965 2633 grave
984 2590 1150 2623 iudicium
1171 2591 1252 2622 snb·
1280 2573 1284 2611 Ῑ
1309 2590 1368 2633 qni
1389 2590 1431 2622 de
1457 2589 1576 2622 multis
1599 2588 1755 2632 partibus
1779 2586 1957 2619 doctrinae
1978 2587 2135 2620 coelestis
2151 2587 2284 2629 gravis-

279 2647 446 2685 eundum,
465 2650 497 2676 et
514 2640 701 2675 horribiles
720 2652 847 2684 poenas
861 2641 1044 2674 solvendas
1060 2652 1141 2681 esse,
1161 2641 1251 2674 iuxta

1308 2640 1410 2674 simas
1438 2638 1790 2673 commonefactiones
1817 2638 1993 2679 continet,
2028 2637 2062 2671 id
2089 2638 2184 2683 quod
2212 2649 2284 2671 non
