2415 2942
94 91 168 127 429
489 88 570 124 ΧΠ.

297 182 463 231 Quorum
490 181 703 217 remiseritis
719 184 877 230 peccata.

194 275 277 310 Dixi
294 276 360 310 tria
377 275 413 308 in
430 273 497 308 hoc
518 275 594 308 loco
618 273 804 319 praecipue
824 272 1078 307 consideranda

95 340 185 370 esse,
210 327 430 361 vocationem
454 327 497 360 ad
522 325 755 360 ministerium
777 323 980 367 Evangelii,
1013 325 1078 357 do-

94 379 274 414 nationem
293 377 447 422 Spiritus
471 376 597 417 sancti,
631 382 665 410 et
686 386 857 409 summam
881 372 1076 418 Evangelii.

93 430 190 465 Haec
222 429 408 463 coniuncta
440 434 522 461 sunt
548 427 584 459 in
606 425 780 467 Ecclesia,
817 425 1076 466 ministerium,

94 481 249 526 Spiritus
282 486 440 517 sanctus,
473 485 507 512 et
541 476 698 510 remissio
732 483 964 521 peccatorum.
1028 475 1075 510 Et

94 544 172 565 cum
197 531 360 564 audimus
381 528 559 562 nominari
577 527 819 561 remissionem
841 534 1074 570 peccatorum,

93 582 198 616 simul
222 581 495 626 complectamur
520 578 746 612 donationem
771 577 926 622 Spiritus
950 578 1072 619 sancti,

91 633 185 667 vitae
211 639 390 672 aeternae,
433 637 465 664 et
486 641 607 662 omnes
637 629 887 673 promissiones
911 629 1072 673 proprias

91 682 292 727 Evangelii,
317 683 409 726 quod
428 681 556 724 recepti
574 692 591 713 a
609 678 684 714 Deo
701 680 933 713 exaudiamur
945 707 953 720 ,
971 680 1070 713 iuve-

90 746 187 775 mur,
212 740 245 768 et
261 734 490 767 defendamur
505 743 524 765 a
539 730 625 767 Deo.
679 730 841 776 Denique
863 732 983 764 omnia
1006 731 1069 764 he-

91 785 212 819 neficia
242 782 427 827 Evangelii
455 780 805 827 comprehenduntur
833 782 1070 826 appellatione

89 835 305 869 remissionis
339 840 569 878 peccatorum.
622 832 724 866 Nunc
758 833 866 876 igitur
897 844 1068 866 summam

85 884 271 928 Evangelii
292 885 398 919 tradit
422 884 623 927 discipulis,
648 895 726 917 curn
745 881 836 917 hanc
853 884 1068 917 voluntatem

85 935 152 970 Dei
178 937 227 969 eis
251 936 412 980 exponit,
453 933 567 967 Deum
593 947 672 967 vere
696 935 850 975 auferre,
892 941 924 968 et
953 935 1068 967 delere

85 994 222 1032 peccata
239 986 418 1026 omnium,
446 986 584 1030 ‘quibus
606 997 708 1026 voce,
736 993 769 1020 et
785 985 981 1019 ministerio
1003 987 1067 1018 ‹lo-

87 1039 240 1072 centium
268 1036 522 1080 Emugelium,
557 1036 592 1070 fit
615 1037 784 1070 remissio.
837 1035 906 1070 Hic
928 1037 1012 1079 legis
1035 1043 1068 1069 et

83 1087 270 1132 Evangelii
293 1089 483 1122 discrimen
505 1088 596 1131 apud
624 1098 660 1120 se
679 1087 826 1132 quisque
849 1087 994 1131 cogitet,
1022 1087 1066 1119 ita

85 1139 142 1173 hic
166 1140 264 1173 locus
288 1140 345 1172 fiet
370 1138 554 1173 illustrior.
606 1137 678 1171 Lex
706 1138 800 1170 enim
832 1145 882 1171 est
904 1138 1064 1171 doctrina

82 1197 347 1236 praeceptorum
376 1189 461 1229 Dei,
489 1189 707 1232 praecipiens
743 1189 864 1234 quales
891 1201 955 1222 nos
983 1200 1065 1229 esse,

83 1250 117 1276 et
135 1252 222 1286 quae
239 1241 367 1280 facere,
394 1247 427 1273 et
447 1240 606 1273 omittere
624 1245 798 1283 oporteat,
827 1246 859 1273 et
883 1240 1064 1284 postulans

82 1294 251 1335 integram
270 1291 518 1329 obedientiam,
535 1302 573 1323 ac
589 1291 807 1323 denuncians
827 1290 913 1323 iram
933 1289 1011 1330 Dei,
1030 1297 1061 1324 et

81 1350 238 1377 aeternas
262 1352 389 1384 poenas
412 1340 596 1381 omnibus,
624 1341 683 1385 qui
707 1352 780 1373 non
806 1347 981 1384 praestant
1006 1341 1061 1373 in-

80 1401 210 1437 tegram
230 1392 476 1426 obedientiam.
532 1391 577 1424 At
596 1390 828 1434 Evangelium
848 1398 898 1425 est
921 1392 1060 1435 praedi-

80 1445 168 1478 catio
187 1443 442 1487 poenitentiae,
468 1448 500 1475 et
519 1442 704 1486 promissio
726 1440 895 1475 exhibens
919 1450 1061 1486 propter

77 1494 255 1531 Christum
276 1494 381 1537 gratis
404 1493 644 1527 remissionem
664 1500 906 1537 peccatorum,
935 1506 1058 1526 recon-

76 1546 289 1580 ciliationem
319 1551 352 1579 et
382 1545 650 1587 imputationem
686 1544 862 1585 iusticiam,
897 1544 1059 1578 donatio-

76 1609 156 1630 nem
174 1595 326 1639 Spiritus
346 1596 456 1629 sancti
483 1604 515 1628 et
532 1596 621 1628 vitae
637 1602 814 1635 aeternae,
841 1601 873 1628 et
891 1593 954 1628 has
973 1607 1056 1638 pro-

77 1647 261 1680 missiones
278 1647 345 1679 fide
362 1646 469 1689 accipi
488 1653 637 1689 oportet.
689 1644 779 1678 Cum
802 1646 909 1688 igitur
925 1646 1057 1689 longis-

76 1698 164 1731 sime
195 1697 359 1731 differant
390 1694 474 1730 haec
503 1697 683 1729 doctrinae
709 1708 851 1740 genera,
892 1704 932 1731 ut
957 1710 1057 1742 saepe

77 1749 209 1782 dictum
226 1754 295 1787 est,
322 1748 589 1790 diligentissime
605 1750 799 1781 cavendum
818 1755 883 1786 est,
912 1762 956 1782 ne
972 1763 1056 1783 con—

74 1800 281 1833 fundantur.
334 1798 494 1843 Cumque
505 1796 666 1833 Christus
683 1797 740 1832 hic
757 1799 813 1832 det
831 1802 994 1834 mandata
1014 1803 1056 1835 de

72 1849 281 1884 remissione
312 1856 555 1893 peccatorum,
595 1850 835 1893 intelligamus
869 1853 1053 1894 gratuitam

70 1901 331 1943 remissionem,
357 1908 397 1935 ut
414 1912 514 1945 saepe
530 1913 548 1934 a
567 1900 678 1935 Paulo
697 1901 904 1938 declaratur.

170 2001 334 2036 Secundo
354 2001 501 2035 sciamus
519 1999 585 2035 hoc
604 2003 717 2043 ipsum
735 2003 1051 2039 ministeriiEvan-

71 2053 150 2097 gelii
164 2080 172 2093 ,
205 2064 278 2085 esse
301 2053 535 2085 ministerium
563 2054 723 2097 spiritus,
763 2055 797 2087 id
826 2062 894 2097 est,
935 2056 1047 2090 Deum

70 2116 151 2137 vere
167 2103 337 2136 efficacem
355 2115 426 2136 esse
443 2115 503 2147 per
518 2102 583 2137 hoc
599 2105 832 2139 ministerium
844 2134 851 2146 ‚
868 2119 949 2139 vere
965 2109 1048 2141 dare

69 2154 242 2198 Spiritum
279 2161 436 2187 sanctum
454 2179 463 2192 ‚
514 2167 575 2197 per
608 2168 727 2189 vocem
763 2164 795 2190 et
831 2159 1045 2201 agnitionem

67 2203 270 2245 Evangelii,
296 2217 376 2237 vere
397 2203 535 2238 trahere
563 2213 595 2239 et
620 2218 761 2240 movere
777 2210 900 2247 corda,
928 2216 965 2243 ut
985 2210 1047 2243 fia-

66 2268 143 2289 mus
166 2254 331 2289 haeredes
354 2256 444 2290 vitae
467 2263 636 2290 aeternae.
689 2256 765 2291 Etsi
787 2266 902 2293 autem
921 2258 1047 2293 huma-

67 2319 130 2339 nae
153 2306 343 2351 sapientiae
368 2308 468 2340 valde
495 2308 623 2341 mirum
652 2308 808 2350 videtur,
852 2323 905 2343 res
932 2318 1046 2346 tantas

67 2358 152 2391 effici
171 2370 232 2401 per
247 2358 410 2399 verbum,
445 2365 477 2392 et
497 2371 567 2391 uon
586 2359 814 2402 postulandos
835 2373 906 2394 esse
923 2362 959 2395 in
980 2361 1044 2396 hac

65 2408 135 2441 vita
153 2409 236 2441 alios
253 2409 430 2442 contuitus
446 2408 529 2448 Dei,
557 2417 672 2443 tamen
690 2411 794 2444 nobis
811 2412 1042 2447 certissimum

65 2458 107 2491 sit
132 2456 215 2492 haec
239 2458 284 2493 ita
304 2460 391 2493 effici
409 2472 471 2504 per
488 2461 654 2502 verbum,
682 2461 762 2495 ideo
785 2463 952 2507 scriptum
976 2472 1042 2498 est:

63 2507 291 2551 Evangelium
309 2517 357 2544 est
375 2512 529 2554 potentia
541 2512 610 2546 Dei
627 2514 667 2545 ad
688 2513 834 2547 salutem
853 2515 950 2547 omni
969 2528 1043 2548 cre-

63 2560 172 2595 denti.
225 2559 308 2593 Item
331 2563 359 2596 1.
376 2561 512 2599 Cor-int.
529 2564 579 2596 3.:
615 2563 845 2607 Evangelium
868 2572 917 2598 est
934 2567 1041 2599 mini-

61 2611 206 2644 sterium
226 2611 382 2653 spirituS.
422 2613 500 2647 Huc
516 2615 755 2657 adiungantur
770 2622 800 2648 et
818 2616 923 2649 verba
936 2615 1040 2650 Chri-

60 2661 102 2695 sti
121 2659 186 2695 hoc
206 2662 281 2695 loco
300 2663 456 2698 recitata:
486 2664 649 2708 Quorum
668 2666 872 2701 remiseritis
891 2676 1040 2712 peccata,

622 83 916 124 ENARRATIO
945 86 993 123 IN
1023 77 1206 125 EVANG.
1233 78 1448 126 IOANNIS.
1508 85 1612 126 CAP.
1639 88 1720 125 XX.

2047 92 2121 127 4:30

1133 173 1356 208 remittentur
1376 173 1436 209 eis,
1500 172 1568 208 Hic
1594 173 1742 210 affirmat
1766 175 1858 210 clare
1883 175 2012 210 auferri
2038 188 2117 220 pe*-

1131 230 1247 257 catum
1266 237 1328 268 per
1344 237 1465 259 vocem
1483 224 1684 269 Evangelii,
1701 239 1804 272 quam
1824 234 1923 261 sonat
1942 228 2115 267 minister,

1131 274 1166 307 id
1187 282 1255 314 est,
1283 275 1377 309 Deus
1400 287 1480 309 vere
1503 288 1575 309 eam
1597 279 1786 321 approbat,
1814 285 1846 312 et
1871 290 1933 323 per
1956 290 2030 312 eam
2057 280 2116 312 ilat

1130 324 1300 367 Spiritum
1320 334 1491 362 sanctum.
1530 326 1626 361 Ilaec
1644 329 1842 362 testimonia
1861 332 1903 362 de
1921 330 2115 373 praesentia

1129 381 1160 407 et
1179 375 1328 408 efficacia
1348 376 1410 409 Dei
1429 388 1489 420 per
1506 378 1753 419 ministerium,
1768 392 1906 413 necesse
1923 387 1971 414 est
1988 378 2116 413 hahere

1127 425 1400 459 familiarissime
1423 434 1523 467 nota,
1558 436 1595 462 ut
1620 436 1651 462 et
1675 441 1739 462 nos
1762 431 1827 473 ipsi
1852 431 1888 463 in
1916 431 2114 464 invocando

1127 476 1407 519 acquiescamus,
1434 484 1466 510 et
1490 475 1585 512 hunc
1609 478 1721 512 Deum
1747 480 1965 521 intueamur,
1993 482 2054 526 qui
2079 494 2114 515 se

1127 526 1163 558 in
1184 525 1249 560 hoc
1265 529 1372 561 verbo
1392 528 1563 572 patefecit.
1616 528 1661 563 Et
1683 530 1831 564 sciamus
1852 544 1922 564 non
1942 543 2113 576 quaeren-

1127 578 1189 609 dos
1214 589 1286 610 esse
1312 578 1398 610 alios
1423 580 1601 613 contuitus
1625 579 1710 619 Dei,
1747 588 1777 614 et
1804 584 2015 615 execrandos
2041 595 2113 616 esse

1124 628 1260 661 furores
1283 626 1613 671 Enthusiastarum,
1649 631 1708 675 qui
1734 633 1863 665 omisso
1888 633 2016 673 verbo,
2044 634 2111 666 sil-i

1124 678 1189 722 ipsi
1212 680 1348 722 fingunt
1373 680 1628 724 speculationes
1656 689 1689 715 et
1706 683 1864 725 afflatus,
1899 690 1930 716 et
1949 684 2110 717 aberrant

1122 741 1141 763 a
1166 729 1251 766 Deo.

1225 833 1348 868 Tertio
1370 833 1570 879 disputatur
1587 832 1644 869 hic
1660 837 1702 869 de
1719 837 1853 881 privata
1875 839 2108 873 absolutione.

1122 898 1167 919 an
1202 883 1286 919 haec
1324 898 1466 931 quoque
1498 887 1690 930 approbata
1719 888 1763 922 sit
1792 887 1858 922 hoc
1895 891 2110 925 testimonio.

1123 936 1282 970 Breviter
1313 937 1526 980 respondeo:
1570 937 1809 973 Ministerium
1838 938 2025 985 Evangelii
2058 950 2108 976 est

1121 987 1351 1023 annunciatio
1378 988 1594 1021 remissionis
1619 997 1858 1033 peccatorum,
1887 1005 1976 1038 quae
2001 993 2108 1027 offer-

1121 1046 1178 1073 tur
1195 1039 1360 1072 omnibus
1378 1039 1601 1072 credentibus
1620 1041 1655 1072 in
1674 1040 1867 1077 Christum.
1921 1042 2016 1077 Haec
2042 1057 2106 1077 an-

1121 1090 1301 1123 nunciatio
1317 1095 1428 1133 potest
1447 1089 1541 1130 fieri,
1559 1097 1617 1123 aut
1635 1091 1672 1123 in
1688 1103 1813 1134 genere
1830 1105 1892 1136 pro
1911 1095 2048 1134 multis,
2068 1104 2105 1129 ut

1119 1141 1155 1173 in
1173 1140 1343 1174 concione
1359 1140 1422 1173 ubi
1441 1140 1607 1181 audiens,
1635 1148 1666 1174 et
1684 1143 1720 1175 in
1738 1155 1817 1176 vera
1836 1145 2051 1188 poenitentia
2071 1158 2105 1180 se

1118 1191 1254 1233 erigens
1276 1202 1359 1223 voce
1377 1189 1584 1234 Evangelii,
1621 1192 1688 1225 fide
1713 1194 1837 1238 accipit
1862 1202 1954 1229 certo
1979 1197 2104 1230 remis-

1116 1242 1250 1276 sionem
1267 1248 1485 1285 peccatorum
1503 1248 1535 1275 et
1545 1241 1718 1286 Spiritum
1733 1247 2002 1287 sanctum,sicut
2014 1247 2103 1281 Cor-

1115 1293 1230 1325 nelius
1267 1299 1301 1325 et
1334 1292 1395 1324 alii
1428 1291 1465 1324 in
1499 1293 1638 1336 publica
1673 1296 1842 1329 concione
1883 1298 2102 1345 accipiebant

1114 1342 1287 1387 Spiritum
1303 1349 1471 1376 sanctum.
1517 1343 1589 1377 Aut
1610 1351 1721 1388 potest
1737 1346 1810 1379 fieri
1829 1347 2004 1391 privatim,
2022 1362 2101 1383 cum

1112 1393 1260 1437 singulis
1277 1394 1477 1437 petentibus
1495 1396 1733 1430 annunciatur
1749 1398 1922 1441 remissio,
1941 1406 1980 1434 ut
1995 1398 2102 1434 Chri-

1111 1453 1184 1478 stus
1199 1444 1350 1478 absolvit
1366 1444 1550 1477 mulierem
1569 1446 1605 1478 in
1625 1447 1730 1481 domo
1749 1448 1890 1492 leprosi.
1943 1449 1990 1484 Et
2009 1451 2100 1485 Pau-

1112 1496 1165 1529 lus
1191 1495 1361 1536 absolvit,
1393 1502 1425 1529 et
1452 1495 1550 1529 iubet
1574 1497 1710 1531 absolvi
1738 1499 1922 1534 incestum.
1976 1501 2099 1548 Itaque

1111 1546 1342 1579 certissimum
1362 1546 1605 1588 est,privatam
1623 1548 1882 1584 absolutionem
1896 1563 1967 1585 esse
1977 1550 2098 1586 Evan-

1110 1597 1190 1640 gelii
1211 1609 1350 1635 vocem,
1367 1595 1609 1630 confirmatam
1630 1605 1661 1632 et
1679 1597 1744 1633 hoc
1763 1601 1838 1644 ipso
1855 1603 1966 1636 dicto:
1996 1604 2098 1647 Quo-

1110 1660 1188 1680 rum
1207 1647 1413 1681 remiseritis
1427 1654 1582 1691 peccata,
1600 1655 1663 1683 etc.
1700 1650 1850 1696 Semper
1866 1653 1973 1696 igitur
1991 1655 2097 1688 fuisse

1110 1710 1184 1731 eam
1210 1698 1247 1730 in
1271 1698 1424 1732 Ecclesia
1449 1699 1675 1733 manifestum
1701 1708 1770 1742 est,
1808 1714 1889 1737 nam
1914 1711 1947 1738 et
1971 1704 2096 1739 Petrus

1109 1748 1370 1782 Alexandrinus
1399 1749 1483 1783 citat
1515 1762 1648 1783 morem
1685 1750 1863 1788 Ecclesiae
1892 1756 2094 1800 superioris,

1107 1807 1227 1833 contra
1247 1800 1382 1833 furores
1401 1799 1539 1834 Meletii
1566 1808 1598 1835 et
1620 1800 1874 1847 Catharorum‚
1906 1819 1995 1851 quae
2018 1808 2094 1852 lap-

1107 1861 1162 1883 sos
1179 1850 1311 1895 privata
1330 1850 1553 1884 absolutione
1571 1863 1708 1897 semper
1724 1856 1871 1900 recepit,
1906 1858 1977 1891 imo
2004 1857 2092 1893 Pro-

1109 1899 1232 1944 phetae
1249 1913 1323 1934 eam
1341 1902 1444 1936 etiam
1463 1902 1499 1934 in
1518 1904 1626 1936 veteri
1647 1911 1872 1947 testamento,
1890 1907 2093 1952 intelligen-

1106 1958 1155 1985 tes
1174 1951 1425 1996 vagelium,
1453 1953 1764 2000 administrarunt,
1793 1964 1832 1991 ut
1859 1957 1998 1992 Nathan
2018 1961 2091 2004 pri-

1106 2009 1182 2036 vata
1212 2003 1436 2037 absolutione
1464 2006 1657 2039 annunciat
1689 2005 1817 2041 Das-,idi
1847 2010 2088 2044 remissionem

1104 2061 1323 2095 peccatorum
1343 2081 1352 2095 ‚
1392 2054 1518 2089 Daniel
1548 2056 1620 2099 regi
1651 2056 1871 2104 Babylonico
1894 2059 2086 2096 Nabucho-

1100 2105 1268 2139 donosor.

1199 2202 1268 2237 Sed
1286 2203 1398 2246 ignari
1415 2204 1622 2248 Evangelii,
1641 2207 1877 2242 vociferantur
1892 2210 2000 2246 solius
2018 2211 2084 2248 Dei

1098 2265 1170 2287 esse
1186 2254 1363 2288 remittere
1380 2262 1529 2298 peccata,
1582 2255 1676 2290 Haec
1697 2259 1873 2293 cavillatio
1899 2269 1947 2296 est
1970 2264 2085 2298 insul-

1097 2305 1230 2338 sissima
1242 2330 1253 2345 ,
1282 2305 1364 2350 quia
1382 2313 1421 2339 ut
1438 2305 1474 2338 in
1492 2307 1666 2350 baptismo
1686 2309 1845 2343 minister
1862 2311 1939 2345 loco
1950 2312 2082 2350 Christi

1096 2356 1220 2400 recipit
1237 2353 1428 2397 hominem,
1445 2363 1479 2391 et
1494 2369 1575 2390 vere
1592 2358 1739 2392 remittit
1760 2369 1896 2404 peccata
1912 2369 2081 2412 tanquam

1095 2418 1217 2450 gerens
1234 2407 1307 2441 vice
1325 2404 1477 2448 Christi,
1504 2408 1550 2442 ita
1568 2408 1605 2441 in
1622 2411 1897 2446 annunciatione
1915 2413 2078 2460 Evange-

1095 2459 1155 2499 lii,
1181 2455 1273 2491 nihil
1290 2470 1350 2491 sna
1369 2465 1427 2492 aut
1449 2456 1604 2492 humana
1619 2461 1806 2496 autoritate
1822 2464 1891 2507 agit
1908 2466 2079 2507 minister,

1094 2510 1152 2542 sed
1175 2509 1388 2554 pronuntiat
1412 2510 1619 2543 sententiam
1638 2523 1656 2544 a
1672 2510 1747 2545 Deo
1766 2513 1832 2557 ipsi
1854 2520 2078 2551 commenda-

1093 2567 1175 2595 tam.
1216 2559 1287 2593 Nec
1304 2560 1523 2603 intelligunt,
1542 2561 1627 2606 quid
1646 2562 1690 2596 sit
1707 2563 1939 2599 ministerium
1958 2566 2077 2602 Evan-

1093 2611 1196 2654 gatii,
1218 2611 1277 2655 qui
1304 2617 1448 2654 propter
1470 2611 1567 2644 illam
1592 2612 1862 2649 insulsissimam
1882 2618 2075 2653 cavillatio-

1093 2674 1173 2695 nem
1191 2661 1332 2696 abolent
1351 2661 1524 2705 privatam
1540 2663 1811 2700 absolutionem.
