2415 2942
489 112 572 151 XII.

97 198 243 234 ctiones;
297 196 391 242 Quia
412 210 536 243 magna
552 210 633 243 pars
650 199 807 244 sequitur
822 198 1021 237 fortunam,
1048 205 1082 232 et

97 249 246 284 inclinat
266 249 309 282 ad
336 249 435 282 navis
457 250 547 284 latus
571 250 719 284 felicius.
771 247 924 281 Maxime
941 260 1022 281 vero
1041 249 1078 280 in

93 297 251 333 Ecclesia
273 306 354 333 sunt
387 300 615 339 defectiones,
656 299 737 345 quia
763 311 836 332 non
866 299 981 331 solum
1014 296 1079 331 ho-

95 350 200 384 stium
231 351 331 391 odia,
372 352 593 391 acerbitates,
633 349 775 383 saevitia
805 350 989 382 subeunda
1016 356 1076 390 est,

94 402 154 434 sed
179 401 282 434 etiam
302 401 477 435 sociorum
504 400 684 440 scandala,
715 400 916 444 aliquorum
941 400 1077 432 animos

93 451 374 494 languefaciunt:
408 458 446 485 ut
469 451 616 484 Davidis
638 450 850 483 adulterium
876 450 1006 483 multos
1031 451 1075 483 ab

95 514 136 535 eo
152 501 328 536 alienavit.
381 501 525 535 Discant
548 501 654 544 igitur
670 501 720 544 pii
737 512 772 533 se
791 500 997 533 confirmare
1016 513 1075 534 co-

92 552 251 596 gnitione
272 552 472 593 doctrinae,
513 558 547 584 et
570 549 661 584 hanc
682 557 839 592 teneant,
875 552 1012 585 etiamsi
1036 552 1073 584 in

91 603 250 648 personis
267 609 349 636 sunt
365 602 478 636 naevi.
532 600 671 635 Rursus
696 602 799 635 etiam
818 602 949 646 singuli
968 614 1007 635 eo
1025 602 1075 635 si-

88 664 167 686 mus
183 652 422 695 diligentiores
439 651 476 685 in
494 653 658 685 cavendis
676 653 868 691 scandalis,
896 665 942 686 ne
956 654 1073 686 deter-

87 713 226 736 reamus
252 703 421 738 infirmos,
481 699 644 736 Christus
666 703 784 748 inquit
806 703 926 737 Petro:
961 701 1009 737 Et
1035 710 1072 737 tu

86 764 275 787 conversus
292 753 459 786 confirma
482 753 607 787 fratres
623 760 713 788 tuos.
757 753 834 786 Hoc
850 761 1072 798 praeceptum

90 815 226 848 semper
239 804 343 837 nobis
360 804 405 838 sit
422 804 459 837 in
475 811 680 848 conspectu,
708 816 747 837 ac
766 802 927 838 hortetur
947 817 1013 838 nos
1034 812 1073 838 ut

85 854 195 888 simus
221 854 412 897 cautiores,
451 861 490 889 ut
521 855 640 892 omnia
664 861 786 889 nostra
808 855 900 889 dicta
925 862 959 890 et
982 856 1072 889 facta

82 904 221 950 prosint
238 904 327 940 aliis.

102 110 174 148 155

186 971 260 1006 Iam
291 972 334 1006 de
364 972 584 1007 confessione
617 970 872 1018 Apostolorum
905 974 1071 1014 dicamus,

82 1023 175 1059 clare
209 1023 385 1058 affirmant
410 1035 445 1057 se
475 1024 671 1071 approbare
701 1025 896 1058 doctrinam
928 1022 1071 1066 Christi,

83 1086 150 1109 nec
174 1074 218 1108 ab
244 1086 284 1108 eo
314 1075 529 1108 discessuros
555 1086 638 1110 esse.
690 1073 764 1107 Alii
793 1075 887 1107 enim
913 1076 1071 1108 discede-

84 1126 171 1160 bant
186 1125 342 1159 novitate
359 1125 538 1158 doctrinae
557 1125 701 1165 offensi,
728 1123 764 1157 hi
785 1132 905 1158 contra
924 1137 1070 1169 respon-

81 1177 184 1210 dent:
231 1175 348 1209 Verba
380 1175 471 1209 vitae
500 1184 661 1209 aeternae
694 1173 811 1211 habes.
880 1175 1070 1210 Affirmant

83 1224 266 1260 Christum
279 1237 361 1259 vera
385 1226 529 1267 docere,
564 1233 596 1259 et
621 1225 702 1270 quia
734 1228 880 1260 credunt
907 1227 981 1259 eins
1005 1228 1068 1260 do·

82 1277 234 1318 ctrinae,
269 1277 348 1310 ideo
373 1283 568 1320 agnoscunt
594 1288 667 1308 eam
693 1276 879 1309 salutarem
909 1289 1000 1319 esse,
1036 1285 1069 1311 et

82 1329 174 1361 clare
191 1328 416 1370 profitentur:
445 1326 502 1359 Tu
519 1338 552 1359 es
569 1325 731 1360 Christus
751 1327 842 1360 filius
858 1328 927 1360 Dei
946 1328 1067 1360 viven-

81 1378 137 1412 tis.
190 1376 258 1410 Hic
273 1384 322 1410 est
340 1377 507 1410 articulus
526 1378 732 1420 praecipuus
752 1378 945 1417 Ecclesiae,
979 1379 1067 1411 sicut

81 1428 152 1461 alio
182 1428 257 1460 loco
283 1427 429 1461 dicitur:
467 1427 582 1470 Super
607 1425 695 1460 hanc
721 1436 851 1470 petram
878 1429 1066 1461 aedificabo

81 1477 276 1512 Ecclesiam
303 1490 426 1511 meam.
480 1477 533 1511 De
553 1491 593 1510 eo
612 1479 760 1511 articulo
786 1486 869 1511 tune
892 1487 1066 1512 certamen

82 1537 155 1562 erat
174 1527 349 1561 Ecclesiae
372 1540 450 1561 cum
476 1529 607 1572 populo
634 1528 856 1563 ludaeorum.
910 1529 1067 1572 Populus

82 1579 291 1613 ludaeorum
317 1580 465 1622 negabat
490 1577 584 1613 hunc
610 1579 725 1612 lesum
749 1587 869 1613 natum
892 1592 931 1612 ex
950 1579 1066 1614 Maria

82 1642 155 1663 esse
164 1629 330 1662 Messiam
351 1631 574 1677 promissum,
601 1631 749 1672 negabat
766 1631 847 1662 item
865 1642 936 1663 esse
953 1632 1064 1664 filium

82 1680 165 1720 Dei,
199 1681 257 1712 sed
282 1678 444 1723 Apostoli
477 1687 653 1724 utrunque
680 1681 905 1723 profitentur,
946 1688 978 1714 et
1004 1679 1067 1714 hac

82 1730 298 1774 professione
318 1730 537 1763 constituunt
554 1729 765 1770 Ecclesiam,
793 1738 827 1764 et
851 1743 922 1764 sese
939 1734 982 1765 ab
1000 1732 1065 1764 im-

81 1780 149 1825 piis
165 1779 365 1823 seiungunt.

182 1847 254 1880 Iam
275 1847 568 1880 considerandum
596 1854 663 1887 est,
700 1859 803 1891 quam
833 1848 939 1881 multa
971 1861 1066 1881 com—

81 1899 252 1943 plectatur
271 1896 327 1930 hic
351 1898 535 1930 articulus:
573 1897 628 1930 Tu
648 1910 682 1930 es
702 1897 845 1930 Messias
863 1899 1066 1941 promissuS‚

80 1956 119 1983 ut
135 1949 268 1981 auferas
292 1956 468 1991 peccatum
494 1955 526 1981 et
549 1955 695 1980 mortem
711 1975 718 1986 ,
756 1955 787 1980 et
811 1950 936 1980 reddas
964 1950 1065 1982 insti-

79 2000 185 2039 ciam,
211 2011 249 2032 ac
266 1999 372 2032 vitam
393 2006 606 2044 perpetuam.
661 1997 774 2030 Filius
792 1998 856 2031 Dei
877 1999 989 2039 imago
1008 2012 1064 2032 ae-

78 2050 167 2084 terni
186 2050 311 2094 patris,
339 2049 454 2092 genita
470 2062 487 2081 a
509 2056 621 2092 patre,
649 2057 841 2088 coaeterua,
864 2050 1063 2092 intelligens

78 2108 229 2144 patrem,
256 2112 334 2133 cum
361 2112 401 2132 eo
425 2112 562 2136 creans,
598 2100 684 2131 dans
710 2099 881 2143 Spiritum
906 2109 1062 2134 sanctum

78 2158 110 2184 et
126 2150 231 2183 vitain
249 2157 433 2182 aeternam.
487 2149 580 2182 Haec
605 2162 724 2182 revera
749 2148 1000 2192 comprehendi
1026 2153 1062 2184 in

79 2199 146 2235 hac
176 2201 394 2233 consessione
427 2208 560 2233 constat
588 2212 628 2232 ex
659 2201 957 2234 declarationibus
985 2214 1063 2246 pas-

77 2252 140 2285 sim
158 2251 285 2298 sparsis
307 2251 344 2283 in
361 2251 520 2284 doctrina
538 2250 808 2293 Apostolorum,
837 2259 869 2284 et
894 2264 970 2285 cum
997 2251 1062 2286 hoc

75 2303 182 2335 breve
201 2302 332 2335 dictum
355 2301 535 2341 audimus,
571 2301 774 2344 colligamus
800 2302 918 2335 animo
947 2304 1061 2336 decla-

75 2353 228 2386 rationes
253 2352 330 2385 illas
353 2352 389 2384 in
417 2352 495 2385 aliis
521 2352 607 2384 locis
632 2352 793 2392 traditas,
830 2359 861 2385 et
887 2354 1061 2387 discamus
1086 2373 1087 2377 =

74 2415 140 2436 nos
170 2403 348 2446 agnitione
373 2410 405 2436 et
429 2402 651 2436 invocatione
684 2400 790 2436 huius
813 2404 950 2436 domini
977 2416 1061 2438 con-

74 2454 216 2490 firmari.

175 2521 365 2566 Postquam
398 2528 513 2555 autem
542 2518 704 2554 Christus
727 2521 980 2554 confessionem
1001 2534 1060 2556 eo-

73 2584 151 2605 rum
176 2572 329 2611 audivit,
380 2584 502 2605 rursus
527 2578 731 2614 praemonet
764 2573 922 2604 nondum
956 2573 1059 2606 finem

73 2634 145 2655 esse
160 2623 395 2655 defectionum
407 2647 416 2661 ‚
446 2620 511 2656 hoc
528 2623 607 2655 ideo
623 2623 848 2664 significatur,
875 2629 913 2655 ut
931 2623 1060 2665 singuli

74 2673 145 2707 sint
162 2672 366 2717 vigilantes,
393 2685 457 2708 nec
482 2674 694 2718 negligentia
710 2681 768 2708 aut
787 2672 987 2708 curiositate
1004 2675 1060 2708 in·
1085 2720 1088 2725 Ι

624 110 924 149 ENARRATIO
963 112 1014 147 IN
1045 110 1226 151 EVANG.
1252 111 1467 152 IOANNIS.
1516 112 1621 149 CAP,
1649 113 1731 148 VII.

2043 114 2117 150 154

1134 199 1245 234 vitent
1268 200 1473 242 diabolum,
1497 200 1586 234 sicut
1608 199 1748 243 ingenia
1772 198 1930 242 curiosa,
1958 200 2043 233 dum
2059 200 2118 233 ni-

1132 251 1243 283 mium
1262 251 1328 284 sibi
1347 251 1550 295 indulgent,
1578 258 1610 285 et
1633 251 1852 284 delectantur
1874 251 1946 284 suis
1970 251 2116 294 argutiis

1132 307 1164 334 et
1181 302 1352 340 inventis,
1387 303 1570 345 implicant
1593 313 1628 335 se
1651 302 1784 347 laqueis
1809 302 1962 345 diaboli,
1996 308 2116 346 postea

1131 352 1273 393 prodest
1291 352 1394 384 etiam
1412 353 1665 395 praemonitio,
1697 359 1736 386 ut
1759 364 1838 386 cum
1862 353 2028 387 deficiunt
2046 352 2113 385 ali-

1130 401 1208 446 qui,
1237 402 1361 435 caeteri
1379 414 1452 434 non
1470 403 1674 445 desperent,
1701 404 1760 437 sed
1783 404 1893 438 sciant
1909 410 2026 437 tamen
2043 401 2113 437 Ec-

1128 452 1268 486 clesiam
1285 463 1359 485 non
1376 452 1600 486 interituram
1615 464 1697 486 esse.

1485 585 1622 639 Caput
1666 586 1730 627 Vl
1736 587 1768 628 Ι.

1228 666 1329 703 Erat
1346 673 1466 703 aulem
1481 680 1591 716 prope
1608 667 1748 716 fesium
1768 666 2008 706 Iudaeorum.

1228 743 1378 778 Ioannes
1411 751 1488 788 post
1510 741 1690 777 Paschatis
1713 744 1948 783 mentionem,
1984 744 2112 779 omissa

1125 806 1250 838 magna
1268 803 1365 839 parte
1382 793 1561 836 historiae,
1588 795 1657 827 iam
1674 796 1793 829 attexit
1811 794 1961 829 hiemem
1977 802 2112 841 postre—

1125 846 1175 878 mi
1193 847 1278 879 anni
1303 846 1577 890 praedicationis
1598 842 1750 886 Christi,
1782 853 1814 879 et
1834 847 1971 881 orditur
1986 859 2004 880 a
2023 846 2110 879 festo

1126 897 1454 937 tabernaculorum,
1495 897 1590 941 quod
1622 897 1832 931 incoabatur
1860 898 1917 931 die
1946 897 2003 932 15.
2021 896 2110 940 Sep-

1125 948 1293 987 tembris,
1320 954 1354 980 et
1378 948 1573 981 celebratur
1597 954 1669 980 toto
1692 948 1854 989 octiduo,
1879 956 1919 982 ut
1944 948 2110 982 scribitur

1124 997 1238 1033 Levit.
1255 998 1314 1032 23.
1333 1006 1366 1031 et
1382 998 1588 1040 significatio
1604 998 1683 1030 festi
1700 999 1874 1043 adscripta
1899 1007 1965 1034 est:
2001 998 2109 1041 Quod

1126 1049 1162 1081 in
1182 1050 1418 1083 tabernaculis
1435 1049 1574 1082 fecerim
1594 1046 1753 1083 habitare
1770 1050 1860 1083 filios
1880 1049 1999 1091 lsrael,
2027 1061 2108 1082 cum

1124 1100 1304 1132 educerem
1322 1111 1378 1132 eos
1397 1101 1439 1133 de
1457 1106 1547 1132 terra
1567 1098 1729 1144 Aegypti.
1782 1099 1846 1134 Est
1868 1112 1948 1143 ergo
1975 1111 2109 1132 memo-

1123 1151 1173 1183 ria
1194 1150 1391 1183 eductionis
1417 1162 1456 1182 ex
1474 1148 1652 1194 Aegypto,
1690 1156 1724 1182 et
1748 1151 1962 1184 defensionis
1985 1151 2022 1183 in
2046 1152 2108 1183 de-

1122 1207 1232 1241 serto,
1260 1212 1349 1244 quae
1372 1200 1526 1242 ingentia
1547 1200 1715 1233 miracula
1740 1203 2001 1246 complectitur,
2035 1202 2107 1234 imo

1122 1258 1171 1284 est
1191 1252 1349 1283 omnium
1362 1248 1601 1290 historiarum,
1628 1253 1788 1285 omnium
1807 1260 1959 1286 aetatum
1974 1265 1991 1284 a
2009 1252 2108 1296 prin-

1122 1302 1212 1345 cipio
1229 1301 1352 1334 mundi
1372 1313 1482 1345 usque
1500 1303 1542 1333 ad
1569 1301 1672 1333 finem
1685 1328 1694 1342 ‚
1721 1311 1859 1348 excepta
1878 1305 1950 1346 ipsa
1971 1302 2107 1336 Christi

1121 1352 1280 1395 passione
1313 1358 1345 1384 et
1375 1351 1648 1391 resurrectione,
1687 1354 1790 1396 longe
1816 1356 1975 1389 maxima.
2035 1353 2106 1386 Nec

1120 1403 1234 1435 solum
1266 1410 1316 1436 est
1345 1403 1460 1444 imago
1497 1401 1672 1436 Ecclesiae
1707 1406 1866 1438 omnium
1899 1414 2109 1448 temporum,

1120 1455 1179 1486 sed
1212 1464 1291 1496 pars
1324 1454 1528 1497 praecipua,
1576 1466 1665 1498 quae
1703 1457 1847 1489 caeteris
1885 1455 2106 1499 temporibus

1120 1504 1275 1547 exempla
1292 1504 1442 1547 insignia
1467 1512 1655 1545 monstrat,
1683 1518 1772 1550 quae
1796 1514 1967 1541 testantur
1982 1505 2104 1540 Eccle-

1120 1555 1208 1588 siam
1226 1555 1357 1587 servari
1377 1562 1408 1588 et
1425 1555 1495 1597 regi
1516 1568 1533 1587 a
1547 1554 1622 1588 Deo
1642 1557 1715 1589 siue
1734 1559 1914 1600 praesidiis
1930 1556 2105 1599 humanis,

1120 1612 1154 1639 et
1170 1606 1276 1637 variis
1301 1605 1556 1638 calamitatibus
1581 1608 1750 1647 exerceri,
1786 1621 1946 1653 magnam
1971 1615 2102 1652 partem

1120 1656 1262 1700 populi,
1303 1668 1391 1700 quae
1419 1656 1508 1698 gerit
1541 1669 1670 1690 nomen
1701 1658 1874 1692 Ecclesiae
1900 1660 1984 1700 Dei,
2026 1671 2104 1692 cor-

1120 1707 1236 1749 rumpi
1254 1714 1285 1738 et
1301 1707 1440 1749 puniri,
1461 1708 1519 1739 sed
1538 1708 1673 1751 aliquas
1693 1711 1814 1755 populi
1839 1710 2005 1756 reliquias
2029 1721 2104 1743 ma-

1121 1769 1202 1790 nere
1218 1758 1457 1801 incorruptas,
1486 1765 1519 1790 et
1541 1759 1691 1791 retinere
1709 1761 1887 1794 doctrinae
1906 1762 2104 1804 puritatem,

1119 1809 1221 1840 fidem
1235 1834 1243 1846 ‚
1271 1815 1303 1842 et
1321 1820 1436 1840 veram
1456 1808 1726 1849 invocationem,
1755 1818 1786 1843 et
1803 1812 1950 1855 experiri
1968 1812 2104 1844 miran-

1119 1859 1179 1890 das
1211 1858 1456 1897 liberationes,
1502 1859 1590 1891 sicut
1625 1861 1750 1893 ordine
1783 1860 1927 1895 historia
1958 1862 2103 1902 indicat,

1118 1910 1237 1941 datum
1265 1916 1313 1941 est
1329 1908 1482 1948 Manna,
1518 1911 1617 1942 datae
1641 1923 1779 1953 carnes,
1812 1925 1972 1960 percussa
1999 1923 2103 1956 rupes

1119 1960 1213 2001 virga
1231 1958 1323 1992 Mosi
1344 1960 1467 1992 effudit
1488 1960 1601 2003 largos
1619 1963 1753 2002 fontes,
1790 1972 1876 1996 tecta
1904 1971 1953 1997 est
1980 1963 2102 1996 multi-

1119 2012 1203 2042 tudo
1221 2011 1313 2042 nube
1331 2010 1506 2051 interdiu,
1535 2019 1566 2044 et
1584 2020 1688 2045 noctu
1706 2015 1986 2056 praelucentil-ms
2002 2015 2102 2046 flam-

1117 2061 1199 2100 mis,
1226 2061 1318 2103 lapsa
1344 2067 1376 2093 et
1402 2061 1533 2104 polluta
1558 2070 1606 2095 est
1627 2064 1818 2097 multitudo
1845 2077 1970 2108 magno
1994 2065 2100 2098 scele-

1117 2123 1172 2147 re,
1209 2123 1287 2143 cuin
1313 2113 1454 2144 ahsente
1477 2111 1577 2145 Mose
1600 2115 1719 2148 colunt
1747 2117 1907 2151 vitulum.
1969 2116 2099 2158 Magna

1118 2162 1225 2204 igitur
1242 2162 1432 2195 multitudo
1450 2163 1670 2207 interficitur,
1699 2167 1786 2199 fiunt
1804 2167 1990 2199 seditiones
2002 2166 2098 2200 Clio-

1116 2225 1174 2244 rae
1204 2219 1235 2245 et
1265 2213 1435 2252 aliorum,
1473 2220 1506 2246 et
1541 2227 1660 2247 rursus
1694 2218 1958 2260 quatuordecim
1987 2217 2098 2250 millia

1116 2260 1301 2295 hominum
1320 2270 1351 2295 et
1370 2264 1578 2306 septingenti
1600 2267 1774 2309 perierunt
1792 2268 1932 2301 coelesti
1949 2269 2099 2308 flamma,

1113 2314 1267 2361 populus
1285 2315 1516 2355 scortatione,
1544 2323 1575 2348 et
1591 2317 1694 2349 idolis
1714 2330 1821 2350 novas
1838 2330 1965 2361 poenas
1982 2331 2097 2351 accer-

1114 2365 1172 2403 sit,
1201 2366 1288 2398 fiunt
1307 2371 1339 2397 et
1359 2365 1500 2398 interim
1525 2367 1618 2398 varia
1647 2369 1794 2409 praelia,
1831 2376 1863 2402 et
1887 2368 2098 2403 exhibentur

1112 2415 1263 2448 illustria
1282 2416 1479 2448 testimonia
1508 2418 1720 2457 praesentiae
1740 2417 1817 2453 Dei.
1871 2418 2030 2465 Denique
2061 2421 2097 2452 in

1112 2467 1247 2499 deserto
1267 2466 1379 2498 maior
1396 2466 1459 2498 fuit
1479 2466 1587 2508 gloria
1609 2465 1712 2500 huius
1731 2469 1872 2516 populi,
1908 2483 2012 2515 quarn
2031 2484 2098 2505 un-

1111 2529 1214 2561 quam
1233 2516 1380 2549 florente
1400 2527 1505 2558 regno
1525 2517 1560 2548 in
1577 2524 1667 2550 terra
1685 2518 1842 2553 Canaan.

1214 2574 1392 2607 Docemur
1407 2575 1512 2616 igitur
1528 2577 1705 2610 mentione
1735 2576 1840 2611 huius
1867 2580 2099 2623 solennitatis,

1112 2625 1155 2657 de
1194 2625 1354 2657 miranda
1393 2627 1645 2667 gubernatione
1676 2636 1708 2661 et
1740 2632 2005 2663 conservatione
2033 2632 2100 2665 Ec-

1113 2676 1253 2715 clesiae,
1294 2676 1394 2721 quod
1413 2676 1574 2711 videlicet
1603 2680 1755 2723 coeperit
1777 2679 1871 2714 Deus
1891 2694 1907 2714 a
1924 2683 2099 2727 principio
