2415 2942
294 103 387 139 1091

293 195 357 224 cat.
398 187 475 220 lluc
498 186 629 219 dictum
654 190 794 224 monet,
825 181 1074 227 Cognitionem
1098 197 1172 219 non
1199 198 1271 219 esse

294 241 476 274 virtutem,
504 248 566 269 nec
591 246 680 279 opus
707 236 847 279 placens
868 234 946 269 Deo
973 236 1048 269 sine
1071 237 1273 272 obedientia

292 287 504 327 voluntatis,
537 292 575 319 ut
608 287 711 320 etiam
740 284 963 332 philosophia
988 287 1110 332 dccet,
1144 287 1274 334 Cogni-

293 341 424 373 tiouem
441 349 513 369 non
530 349 601 370 esse
619 337 797 373 virtutem.
848 338 918 373 Sed
944 352 1081 374 necesse
1104 349 1153 375 est
1178 353 1274 376 acce-

294 391 376 422 dere
394 389 582 421 voluntatis
608 389 871 421 conversionem
896 391 938 423 ad
959 391 1093 432 Deum,
1121 404 1188 438 qua
1213 405 1274 426 vo-

294 441 410 473 luntas
427 438 500 471 Deo
522 439 726 478 subiicitur,
759 447 790 473 et
819 439 922 474 babet
944 440 1177 487 προαίρεσιν,
1205 455 1275 483 seu,

295 498 332 524 ut
367 490 563 533 loquuntur
596 490 738 528 usitate,
772 492 904 524 bonnm
936 493 1155 536 propositum
1184 501 1275 527 recte

293 541 462 579 faciendi,
506 541 600 574 iuxta
621 541 732 573 illud:
778 541 912 585 Diligas
943 544 1133 577 Dominum
1161 543 1274 577 Deum

294 598 393 625 tuum
413 603 451 623 ex
469 598 540 624 toto
566 593 670 624 corde
688 599 758 625 tuo.

396 665 499 700 Extat
531 664 588 699 hic
620 667 722 700 etiam
756 668 994 702 testimonium
1028 670 1071 702 de
1094 682 1176 703 vero
1200 669 1276 703 Deo

295 717 465 760 patefacto
493 717 528 749 in
554 718 719 749 missione
750 718 833 759 filii,
874 720 1028 752 crucifixi
1063 727 1095 753 et
1128 721 1275 754 resusci-

295 767 376 810 tati,
415 768 646 800 discernendo
679 769 722 800 ab
755 769 919 802 munibus
950 771 1028 802 aliis
1059 772 1276 810 numinibus,

295 829 385 862 quae
408 825 500 851 extra
527 816 621 850 hunc
645 818 755 851 Deum
788 820 986 862 cogitantur
1013 828 1072 855 aut
1101 822 1276 856 coluntur.

294 868 385 902 Nam
426 866 532 901 huius
570 869 760 902 testimonii
798 871 967 904 sententia
1002 873 1175 905 exclusiva
1217 879 1277 913 est,

293 925 432 962 praeter
458 917 552 952 bunc
574 920 783 962 patefactum
808 920 922 954 Deum
957 920 1047 955 nibil
1078 923 1175 956 aliud
1205 934 1277 956 esse

294 981 427 1003 numen
454 976 646 1005 aeternum.
711 970 861 1005 Deducit
891 972 998 1015 igitur
1028 985 1091 1006 nos
1115 974 1151 1006 in
1177 974 1276 1017 agni-

294 1020 392 1055 tione
415 1017 480 1053 Dei
505 1021 548 1053 ad
570 1017 665 1054 hunc
691 1033 821 1061 unum,
858 1023 920 1067 qui
942 1034 977 1056 se
1004 1025 1163 1068 patefecit
1188 1025 1277 1058 datis

293 1070 612 1115 promissionibus,
645 1071 747 1106 editis
777 1073 972 1112 miraculis,
1007 1082 1041 1108 et
1061 1075 1167 1109 misso
1192 1076 1276 1110 filio.

295 1121 340 1155 In
363 1119 459 1155 hunc
478 1122 552 1155 vult
572 1133 638 1155 nos
661 1123 791 1156 intueri
818 1124 1038 1164 invocantes,
1067 1134 1100 1160 et
1122 1127 1197 1160 vult
1214 1138 1277 1159 nos

294 1183 456 1216 separare
488 1172 746 1206 invocationem
779 1182 932 1208 nostram
964 1177 1008 1209 ab
1041 1175 1205 1218 ethnica,
1245 1184 1278 1210 et

293 1223 384 1258 aliis.
422 1222 505 1257 Ideo
523 1223 570 1257 sic
586 1224 724 1258 locutus
740 1231 805 1258 est:
840 1224 940 1259 Unus
956 1234 1004 1261 est
1023 1228 1138 1268 Dens,
1165 1227 1278 1268 Pater,

297 1288 337 1307 ex·
356 1286 424 1319 quo
441 1282 522 1308 sunt
547 1276 683 1314 omnia,
711 1283 744 1310 et
762 1288 853 1309 unus
869 1275 1044 1311 Dominus
1064 1277 1157 1311 Iesus
1175 1276 1277 1312 Chri-

298 1333 382 1365 stus,
411 1325 509 1369 quasi
527 1325 637 1358 dicat:
663 1325 756 1358 Volo
773 1327 908 1360 excludi
929 1340 944 1360 a
963 1329 1168 1369 divinitate,
1194 1340 1278 1370 gen-

297 1376 385 1409 tium
409 1376 667 1408 commentitios
691 1375 806 1417 Deos,
846 1384 877 1411 et
905 1378 1040 1411 affirmo
1069 1391 1179 1412 unum
1209 1391 1278 1411 esse

297 1426 430 1466 Deum,
456 1438 559 1470 quem
585 1438 685 1465 ver0,
713 1434 745 1460 et
769 1428 828 1461 ubi
853 1429 1138 1471 agnoscendum?
1172 1428 1277 1461 llunc

300 1477 463 1522 inquam,
491 1477 550 1521 qui
568 1483 617 1509 est
636 1484 732 1520 pater
750 1477 893 1511 Domini
913 1481 1023 1512 nostri
1040 1479 1117 1513 lesu
1135 1477 1278 1517 Christi,

298 1535 330 1560 et
354 1528 415 1572 qui
438 1539 473 1560 se
497 1528 657 1570 patefecit
688 1529 791 1561 misso
819 1529 902 1563 filio.
975 1529 1141 1573 Cogitans
1173 1530 1280 1572 igitur

296 1577 422 1618 Deum,
447 1578 583 1610 intuere
601 1576 695 1610 bunc
711 1586 843 1622 patrem
864 1580 987 1612 filium.
1023 1580 1167 1614 Tribuit
1185 1580 1278 1612 enim

298 1635 332 1662 et
348 1629 419 1661 filio
444 1629 686 1667 divinitatem,
715 1641 791 1662 cnm
818 1630 950 1675 inquit:
980 1630 1048 1664 Per
1072 1643 1174 1676 quem
1198 1638 1279 1664 sunt

298 1680 430 1714 omnia.
464 1679 536 1712 Nec
559 1679 711 1712 excludit
735 1680 906 1724 Spiritum
933 1689 1112 1722 sanctum,
1138 1682 1214 1721 sed,
1241 1688 1277 1714 ut

298 1730 391 1770 dixi,
429 1730 601 1763 exclusiva
626 1731 819 1773 opponitur
840 1732 1006 1764 omnibus
1030 1732 1280 1766 commentitiis

302 1780 529 1821 numinibus,
556 1781 646 1813 sicut
664 1781 858 1826 plerunque
884 1783 919 1815 in
938 1781 1123 1827 Prophetis
1140 1784 1280 1824 dicitur,

300 1837 338 1864 ut
361 1829 484 1864 Esaiae
509 1830 586 1865 44:
626 1831 768 1865 Praeter
796 1845 849 1866 me
879 1845 951 1866 non
976 1841 1025 1867 est
1050 1835 1163 1874 Deus,
1197 1834 1282 1867 dicit

299 1879 429 1915 lehova
452 1894 509 1915 rex
535 1881 660 1926 lsrael,
690 1882 724 1916 id
750 1890 819 1924 est,
847 1892 982 1928 praeter
1000 1897 1055 1917 me
1072 1885 1280 1930 patefactum

301 1933 338 1965 in
357 1931 476 1969 lsrael.

618 2080 749 2135 Caput
795 2095 959 2124 novum.

402 2188 520 2222 Prima
554 2200 633 2233 pars
669 2195 702 2221 et
730 2189 870 2231 longior
901 2189 1122 2223 consumitur
1153 2189 1189 2222 in
1215 2188 1281 2224 boc

302 2246 506 2284 praecepto:
552 2239 772 2273 Docentibus
804 2238 1036 2283 Evangelium
1072 2240 1193 2274 deberi
1229 2242 1281 2274 vi-

302 2297 416 2332 ctum,
445 2291 549 2335 idque
573 2298 793 2334 praeceptum
820 2291 1001 2324 confirmat
1028 2292 1149 2324 multis
1165 2304 1279 2325 exem-

302 2341 388 2384 plis,
415 2348 447 2376 et
465 2342 630 2385 allegoria
650 2340 806 2374 Mosaica
825 2348 858 2375 et
876 2343 1041 2376 mandato
1061 2340 1206 2378 Christi.

400 2414 578 2459 Allegoria
603 2416 757 2451 Mosaica
784 2415 867 2451 haee
890 2424 957 2451 est:
984 2416 1064 2452 Non
1088 2418 1213 2462 ligabis
1240 2431 1279 2452 os

300 2465 384 2499 bovi
408 2466 600 2503 trituranti.
667 2467 768 2501 Hanc
792 2468 980 2511 imaginem
1002 2469 1090 2502 ritus
1115 2471 1277 2503 servandi

301 2517 338 2548 in
357 2524 515 2550 armento
533 2518 707 2559 eleganter
718 2520 886 2553 transfert
902 2521 945 2553 ad
956 2517 1128 2560 homines,
1148 2521 1207 2565 qui
1225 2521 1276 2554 sa-

301 2567 398 2601 ciunt
416 2578 556 2611 operas:
584 2568 628 2601 [t
648 2581 786 2602 necesse
809 2576 859 2604 est
873 2577 1069 2604 armentum
1088 2571 1203 2619 pasci,
1230 2571 1276 2605 ita

298 2617 413 2651 multo
438 2618 548 2661 magis
572 2616 769 2661 hominem,
804 2621 902 2656 cuius
923 2621 1105 2656 laboribus
1122 2622 1276 2656 fruimur

297 2668 341 2700 ali
357 2680 495 2702 necesse
512 2675 573 2705 est.

894 97 1018 133 P111L.
1046 97 1162 134 MEL.
1189 99 1396 136 SCRIPTA
1422 99 1722 139 EXEGETICA.

2211 105 2308 142 1092

1423 186 1530 231 Quod
1555 194 1671 222 autem
1695 187 1827 234 inquit:
1854 188 1948 223 Num
1971 191 2078 225 boves
2100 189 2179 225 Deo
2203 202 2305 225 curae

1322 239 1427 272 sunt?
1463 250 1535 272 non
1559 239 1654 273 tollit
1678 240 1936 283 providentiam
1953 268 1962 281 ‚
1995 242 2055 275 sed
2077 239 2145 275 hoc
2168 247 2306 275 tantum

1323 290 1426 326 dicit:
1467 290 1547 325 Non
1572 290 1679 325 scribi
1699 291 1791 335 leges
1819 291 1926 325 boum
1952 303 2073 331 causa,
2116 294 2176 325 sed
2200 293 2305 326 disci-

1325 343 1439 387 plinae
1472 340 1658 376 bominum
1685 354 1805 384 causa,
1848 342 2033 384 videlicet,
2068 350 2106 377 ut
2141 341 2301 377 homines

1325 394 1460 427 discant
1478 394 1565 427 iusta
1583 393 1708 427 officia.

1426 444 1536 479 Addit
1562 451 1676 478 autem
1692 443 1840 481 Paulus,
1868 454 1903 476 se
1929 441 1995 477 hoc
2018 442 2094 476 iure
2112 456 2184 477 non
2202 456 2304 478 usum

1326 506 1416 535 esse,
1443 502 1479 528 ut
1503 496 1547 528 ali
1575 507 1610 528 se
1634 508 1651 527 a
1679 492 1874 528 Corinthiis
1900 500 2051 538 peteret,
2077 506 2121 528 ne
2141 495 2307 528 malevoli

1327 544 1390 578 bac
1415 547 1588 580 calumnia
1608 545 1840 587 Evangelium
1867 545 2123 586 deformarent,
2157 545 2307 579 circum-

1326 596 1407 628 ferri
1435 597 1648 637 doctrinam,
1683 608 1772 641 quae
1789 597 1993 630 doctoribus
2008 596 2196 639 aucupium
2220 602 2308 629 esset

1327 648 1545 691 quaerendae
1574 649 1762 691 pecuniae,
1791 654 1823 680 et
1847 654 1884 679 ut
1910 647 1994 679 vitet
2019 646 2232 687 calumnias,
2260 646 2307 680 ait

1327 709 1361 730 se
1386 698 1488 731 etiam
1516 699 1625 731 multa
1649 698 1817 734 tolerare,
1863 708 1951 741 quae
1976 708 2048 728 non
2074 708 2210 729 necesse
2235 704 2308 730 crat

1327 749 1422 786 ferri,
1451 750 1511 781 ubi
1532 761 1593 781 suo
1611 748 1767 791 exemplo
1785 749 1896 787 docet,
1914 748 2184 789 gubernatorem
2201 759 2309 791 opor-

1328 806 1399 832 tere
1425 806 1456 832 et
1482 799 1674 832 necessaria
1690 799 1821 839 facere,
1857 805 1889 831 et
1916 798 2069 841 perferre
2092 810 2166 831 non
2192 798 2307 831 solum

1327 850 1504 883 saevitiam
1529 856 1786 895 tyrannorum,
1821 860 1923 893 quam
1948 848 2123 892 depellere
2150 860 2222 882 non
2244 861 2308 893 po-

1328 907 1408 934 test:
1446 902 1506 933 sed
1530 898 1633 933 etiam
1658 899 1807 932 iniurias
1831 900 2023 932 amicorum
2040 925 2049 938 ‚
2076 899 2204 944 quibus
2229 911 2307 932 curn

1326 951 1503 984 adversari
1528 958 1662 994 posset,
1700 956 1817 982 tamen
1841 961 1900 982 eos
1924 950 2099 982 condonet
2127 949 2308 983 communi

1328 1002 1595 1046 tranquillitati,
1624 1013 1667 1034 ne
1684 1000 1883 1034 alienentur
1900 1000 2116 1041 voluntates,
2144 1011 2232 1044 quae
2251 1011 2308 1032 re-

1327 1052 1433 1086 tineri
1450 1060 1483 1086 et
1499 1049 1645 1096 provehi
1667 1057 1826 1095 possunt.
1880 1048 1963 1083 Ideo
1981 1046 2104 1085 πάντα
2120 1048 2310 1098 στέγομεν,

1329 1105 1422 1148 quod
1455 1103 1645 1146 significat,
1681 1108 1742 1135 aut
1771 1112 1861 1134 onus
1892 1101 2097 1145 impositum
2125 1101 2309 1144 sustinere,

1329 1161 1367 1187 ut
1391 1154 1575 1186 columnae
1599 1152 1775 1186 sustinent
1798 1151 1995 1194 fastigium,
2019 1158 2081 1185 aut
2106 1163 2248 1195 capere,
2271 1159 2310 1185 ut

1330 1216 1389 1237 vas
1406 1205 1497 1248 capit
1513 1203 1676 1246 congium
1699 1203 1785 1238 vini.
1838 1202 1907 1236 Sed
1931 1202 2028 1246 prior
2042 1198 2248 1245 significatio
2267 1203 2310 1235 de

1331 1267 1437 1287 onere
1460 1255 1605 1287 serendo
1634 1251 1690 1286 bic
1714 1260 1763 1286 est
1786 1253 2093 1286 accommodatior.
2146 1252 2227 1286 Non
2252 1264 2309 1286 so·-

1331 1306 1403 1338 lum
1423 1306 1535 1338 tolero
1551 1305 1730 1338 saevitiam
1742 1303 1892 1337 Neronis
1909 1309 1941 1336 et
1951 1301 2232 1345 Pharisaeorum,
2249 1304 2309 1337 sed

1331 1356 1433 1388 etiam
1456 1356 1611 1389 sustineo
1629 1355 1725 1387 aliud
1744 1366 1850 1395 onuS,
1875 1354 2007 1387 scilicet
2026 1354 2172 1387 fratrum
2191 1366 2313 1388 moro-

1331 1406 1447 1439 sitates
1474 1413 1505 1439 et
1530 1405 1841 1448 ingratitudinem,
1869 1411 1901 1437 et
1928 1416 2043 1436 meum
2061 1405 2220 1437 dolorem
2237 1405 2310 1438 dis-

1330 1457 1468 1489 simulo.
1523 1456 1633 1490 Docet
1658 1456 1765 1498 igitur
1790 1455 1949 1498 exemplo
1974 1465 2037 1487 suo
2061 1455 2211 1495 illustri,
2247 1467 2309 1488 ne·

1332 1507 1518 1540 nessariam
1562 1518 1635 1539 esse
1668 1505 1895 1548 gubernatori
1930 1502 2142 1548 ἐπιείκειαν,
2181 1505 2312 1539 multos

1331 1558 1523 1590 multorum
1540 1557 1759 1589 infirmitates
1775 1562 1807 1588 et
1824 1555 1971 1588 iniurias
1992 1555 2212 1591 tolerantem.
2253 1555 2313 1590 Si-

1332 1614 1389 1641 cut
1409 1614 1526 1651 postea
1545 1607 1648 1641 dicit:
1679 1606 1855 1639 Omnibus
1871 1605 1989 1638 omnia
2006 1605 2117 1639 factus
2133 1617 2221 1640 sum.
2263 1604 2311 1640 Et

1332 1670 1431 1701 saepe
1455 1658 1582 1691 citatur
1598 1657 1732 1690 dictum
1756 1657 1845 1689 illud
1865 1663 1986 1689 contra
2014 1657 2159 1690 nimiam
2181 1657 2312 1690 severi-

1332 1716 1456 1748 tatem,
1485 1709 1577 1753 quod
1598 1714 1690 1742 extat
1709 1708 1746 1739 in
1764 1706 1907 1740 Graecis
1924 1705 2109 1750 Epistolis:
2143 1707 2227 1741 ἴσθι
2250 1719 2310 1752 μι-

1331 1757 1498 1805 Λιιουμίνη
1522 1757 1568 1793 τὰ
1594 1758 1759 1806 ὄργανα,
1799 1756 1821 1791 ἃ
1846 1755 2031 1803 διαφωνεῖ
2049 1759 2192 1802 μᾶλλον
2214 1755 2311 1793 ἄνει-

1332 1809 1445 1854 μέιά,
1489 1806 1696 1855 ἐκρήττεται
1721 1806 1760 1843 δὲ
1785 1810 1927 1853 μᾶλλον
1950 1805 2213 1853 ἐπιτεινόμενα.
2248 1807 2311 1843 καὶ

1332 1859 1405 1908 γὰρ
1424 1858 1480 1895 ἐπὶ
1495 1863 1572 1895 τῶν
1588 1860 1828 1905 θεραπαινῶν
1841 1856 1991 1893 ταυτὸν.
2017 1856 2039 1903 ἡ
2056 1856 2125 1903 μὲν
2140 1857 2213 1906 γὰρ
2229 1858 2312 1894 ἄνε-

1335 1923 1388 1950 σις
1403 1909 1617 1958 διαφωνίαν
1634 1912 1837 1954 ἐμποιοῦσα
1854 1911 1918 1954 τῆς
1940 1907 2197 1955 πειθαρχείας,
2222 1908 2244 1955 ἡ
2269 1907 2310 1944 δὲ

1335 1960 1495 2001 ἐπίτασις
1509 1965 1571 2007 τῆς
1587 1958 1768 2009 ἀνάγκης,
1795 1956 1965 1995 διάλυσιν
1980 1961 2043 2004 τῆς
2058 1957 2221 2006 φύσεως.
2248 1958 2311 1994 καὶ

1335 2011 1391 2047 ἐπὶ
1424 2013 1560 2048 τούτου
1595 2011 1653 2048 &ez
1683 2013 1799 2052 νοεῖν,
1835 2009 1972 2057 μέτρον
1999 2008 2056 2045 ἐπὶ
2090 2013 2204 2047 πᾶσιν
2230 2009 2311 2058 ‹iign-

1334 2076 1432 2099 στον.
2024 2096 2032 2110 ,

1435 2113 1486 2147 De
1509 2112 1573 2148 hac
1596 2114 1667 2158 ipsa
1693 2113 1866 2159 aequitate
1887 2124 1988 2157 saepe
2012 2112 2181 2156 praecipit
2198 2110 2312 2156 Spiri-

1334 2173 1389 2199 tus
1413 2172 1569 2205 sanctus,
1596 2172 1633 2198 ut
1652 2164 1883 2198 Ecclesiastae
1902 2165 1955 2198 7.:
1982 2163 2034 2197 Ne
2058 2164 2103 2196 sis
2126 2164 2237 2196 iustus
2252 2163 2310 2195 ni-

1333 2217 1409 2249 mis.
1474 2214 1520 2249 Et
1538 2215 1669 2249 Paulus
1695 2217 1738 2249 de
1759 2227 1831 2248 sese
1854 2215 1992 2260 inquit:
2029 2213 2253 2257 Sapientibus
2276 2220 2310 2247 et

1332 2267 1580 2311 insipientibus
1603 2267 1743 2300 debitor
1767 2278 1864 2307 sum,
1908 2266 1942 2298 id
1970 2271 2039 2304 est,
2079 2270 2309 2307 attemperare

1332 2331 1387 2351 me
1416 2319 1460 2351 ad
1492 2325 1631 2361 captum
1666 2317 1897 2351 imbecillium
1929 2316 2057 2355 debeo,
2099 2326 2163 2347 nec
2191 2315 2307 2348 statim

1331 2369 1453 2402 acerbe
1471 2369 1717 2412 perfectionem
1741 2368 1927 2410 postulare.
1980 2365 2026 2398 Et
2050 2365 2079 2398 1.
2099 2362 2240 2398 Thesal.
2258 2366 2309 2401 2:

1331 2419 1378 2454 Ut
1399 2419 1576 2453 nutricula
1599 2419 1671 2452 fovi
1694 2419 1858 2452 infantes.
1916 2415 1981 2449 His
2010 2415 2241 2449 concionibus
2266 2417 2310 2449 de

1330 2471 1503 2516 aequitate
1528 2471 1824 2514 obtemperemus,
1851 2473 1884 2501 et
1907 2467 2102 2500 amicorum
2124 2466 2309 2500 infirmita-

1329 2528 1379 2555 tes
1402 2521 1591 2555 toleremus
1612 2520 1773 2564 publicae
1797 2517 2003 2552 concordiae
2026 2528 2147 2556 causa,
2173 2524 2212 2551 ut
2235 2517 2307 2550 usi-

1328 2578 1396 2606 tate
1421 2565 1565 2605 dicitur:
1599 2571 1719 2604 Mores
1746 2568 1848 2602 amici
1876 2567 2016 2602 noveris
2033 2594 2042 2609 ‚
2082 2579 2157 2601 non
2179 2568 2305 2601 oderis.

1328 2622 1429 2656 Hanc
1445 2623 1652 2656 sententiam
1670 2622 1707 2653 in
1723 2618 1790 2653 hoc
1807 2619 1936 2663 capite,
1964 2625 1997 2652 et
2022 2625 2141 2664 postea
2166 2618 2304 2663 aliquo-

1327 2674 1390 2707 ties
1416 2673 1540 2718 repetit
1564 2671 1710 2713 Paulos,
1750 2670 1892 2705 interim
1914 2677 2029 2705 tamen
2053 2669 2180 2703 retinet
2201 2679 2304 2713 regu-
