2415 2942
79 113 150 147 981

82 196 272 232 Ecclesiam
298 197 441 231 electam
469 198 514 231 ab
537 198 605 231 alia
631 197 879 237 multitudine,
913 209 1002 242 quae
1023 198 1068 231 ti-
1091 199 1096 210 “

82 250 195 283 tulum
221 246 326 281 habet
350 256 383 282 et
407 249 539 282 iactitat
566 249 852 293 propagationem
879 249 1067 287 carnalem,

81 311 140 332 seu
160 299 376 332 ordinariam
402 299 656 332 successionem
676 299 712 331 in
731 305 870 331 externa
892 300 1066 341 guberna—

80 352 188 384 tione.
244 350 340 383 Scias
365 350 472 392 igitur
496 348 586 383 hanc
605 361 677 382 esse
694 347 800 382 huius
817 349 1066 392 disputationis

80 412 266 436 summam.
321 399 407 434 Vult
420 400 553 433 Paulus
572 400 723 433 discerni
740 410 857 432 veram
873 397 1067 432 Ecclesiam

80 463 99 484 a
125 452 230 489 falsa,
276 458 380 496 atque
405 452 452 485 ita
476 452 518 483 de
542 451 665 483 effectu
689 449 870 483 electionis
894 450 1065 495 loquitur.

81 501 165 535 Ideo
191 502 323 547 inquit:
357 501 439 535 Non
465 513 587 534 omnes
613 500 673 545 qui
698 507 779 533 sunt
801 512 840 533 ex
867 499 996 541 Israel,
1030 501 1065 533 id

81 560 148 591 est,
176 564 248 585 non
275 564 396 586 omnes
420 552 601 597 propagati
623 551 667 584 ab
688 550 797 584 Israel
814 552 1066 596 propagatione

79 604 232 644 carnali,
269 611 329 637 aut
354 609 539 646 regnantes
564 603 601 634 in
635 602 854 635 successione
884 602 1065 636 ordinaria

79 662 160 687 sunt
187 665 267 686 vera
291 653 464 687 Ecclesia:
501 653 582 697 quia
608 650 764 685 Ecclesia
788 665 861 685 non
887 653 1066 696 colligitur

78 705 331 749 propagatione
363 704 494 737 carnali
524 710 584 736 aut
615 703 833 736 successione
865 702 1063 748 Episcopo-

78 768 175 794 rum,
202 756 259 787 sed
285 756 468 788 vocatione
490 766 551 798 per
573 753 826 796 Evangelium‚
862 761 894 787 et
921 767 1064 797 regene-

78 806 234 844 ratione,
263 807 298 838 in
322 817 388 849 qua
414 806 504 838 filius
530 804 595 837 Dei
622 804 774 837 vivificat
800 806 905 838 corda
923 804 1060 849 Spiritu

78 863 214 897 sancto,
242 863 280 889 ut
298 854 418 889 Iohan.
438 857 468 890 1.
497 855 644 888 dicitur:
681 854 753 897 Qui
772 867 844 888 non
863 868 901 888 ex
920 857 1062 899 sangui-

76 907 197 946 nibus,
226 918 338 951 neque
359 919 398 939 ex
421 906 604 939 voluntate
628 906 762 947 carnis,
797 918 911 952 neque
935 919 975 939 ex
1003 920 1063 940 vo-

75 957 209 990 luntate
228 957 314 996 viri,
341 958 400 990 sed
418 970 457 990 ex
474 956 550 990 Deo
573 956 646 990 nati
665 964 755 990 sunt.

177 1031 339 1077 Opponit
367 1040 481 1067 autem
507 1032 640 1066 Paulus
662 1045 849 1066 commuue
875 1046 1062 1078 argumen-

75 1090 151 1117 tum
178 1084 334 1117 rationis.

178 1159 216 1194 Si
244 1172 341 1203 pares
365 1167 445 1193 sunt
472 1159 574 1193 Iacob
593 1168 623 1194 et
644 1159 754 1194 Esau:
790 1173 853 1194 cur
873 1173 944 1194 non
965 1167 1059 1194 uter-

75 1223 142 1255 que
169 1211 330 1254 eligitur,
372 1211 452 1256 quia
488 1212 626 1245 iusticia
658 1214 717 1245 dat
747 1212 907 1257 aequalia
933 1224 1060 1258 aequa-

75 1261 193 1295 libus?

177 1335 381 1379 Respondet
413 1336 563 1370 Paulus:
604 1336 692 1370 Cum
717 1337 866 1370 solvitur
889 1338 1060 1379 debitum,

331 109 430 148 XIII.
465 111 498 148 3.
525 107 825 147 ENARRATIO
850 109 1004 148 EPIST.
1030 109 1178 147 PAULI
1207 108 1273 146 AD
1299 107 1560 146 ROMANOS.

1619 107 1723 144 CAP.
1752 107 1816 144 IX.

1223 195 1364 230 Phrasis
1390 197 1426 230 in
1460 196 1588 236 verbo,
1616 194 1718 229 Tulit
1746 207 1824 229 vasa
1853 195 1948 236 irae,
2003 196 2107 229 etiam

1124 246 1257 281 Graeca
1290 248 1544 281 cousuetudine
1584 247 1752 290 significat
1789 247 1884 280 idem
1927 249 2020 291 quod
2053 255 2107 280 to-

1120 299 1256 332 leravit.

1219 347 1295 380 Hac
1322 348 1544 381 enarratione
1569 347 1677 380 simus
1703 348 1876 388 contenti,

1117 398 1160 430 tis
1185 399 1302 431 stoicis
1328 399 1524 439 furoribus,
1558 398 1706 431 sciamus
1738 410 1874 431 causam
1899 399 2102 432 reiectionis

1117 455 1295 492 peccatum
1314 461 1385 481 esse
1404 449 1439 481 in
1458 449 1587 492 impiis.
1641 448 1778 481 Deinde
1796 449 1945 482 sciamus
1964 449 2104 483 miseri-

1117 500 1273 532 cordiam
1295 498 1361 532 Dei
1393 507 1535 542 propter
1559 498 1671 532 filium
1697 511 1834 532 causam
1865 511 1936 532 esse
1960 500 2103 533 electio-

1116 551 1191 590 nis,
1219 550 1308 583 sicut
1327 548 1384 583 hic
1402 551 1546 583 dicitur:
1574 549 1654 582 Non
1674 557 1723 582 est
1744 550 1912 590 volentis,
1941 563 2003 583 nec
2021 563 2103 583 cur-

1284 602 1343 634 sed
1371 600 1436 634 Dei
1471 601 1679 633 miserentis.
1752 599 1855 641 Item,
1898 599 2024 644 Ephes.
2049 603 2099 635 1.:

2031 111 2108 147 982

1923 355 1956 381 Εἰ
1983 360 2104 380 remo-

1116 710 1183 743 est,
1211 703 1292 747 quia
1311 703 1419 745 gratis
1438 710 1581 746 propter
1601 701 1711 733 filium
1731 701 1939 744 recipimur,
1967 704 2025 734 sed
2049 709 2100 735 ta-

1116 765 1196 786 men
1222 755 1344 786 audire
1369 765 1432 786 nos
1448 752 1683 795 Evangelium
1703 758 1841 795 oportet
1859 758 1890 784 et
1906 763 1977 784 non
1996 765 2101 795 repu-

1116 815 1242 846 gnare,
1270 816 1308 837 ac
1328 804 1520 837 assentiens
1545 801 1698 836 trahitur
1718 803 1857 842 volens,
1884 803 1971 835 sicut
1993 810 2023 836 ct
2044 800 2102 836 hic

1115 867 1256 900 quoquc
1276 855 1468 899 requiritur
1488 855 1650 887 voluntas
1668 851 1745 898 (sed
1764 853 1926 886 meritum
1946 853 2101 899 tollitur)

1114 918 1192 938 cum
1211 906 1276 938 ait:
1305 905 1385 939 Non
1406 913 1452 939 est
1474 905 1632 940 volentis.
1687 902 1731 937 Et
1750 916 1853 948 supra
1875 904 2007 937 dictum
2029 911 2097 938 est:

1115 955 1241 990 Trahit
1260 956 1372 997 Deus,
1398 959 1456 990 sed
1481 957 1655 989 xolentem
1675 953 1794 990 trahit.
1846 954 1889 988 Et
1906 966 2042 999 semper
2064 955 2101 988 in

1112 1014 1301 1052 conspectu
1326 1009 1370 1041 sit
1394 1005 1460 1040 hoc
1488 1007 1672 1039 immotum
1696 1013 1727 1039 et
1753 1006 1974 1038 immutabile
1998 1018 2100 1038 man—

1113 1059 1231 1092 datum
1251 1057 1337 1099 Dei,
1364 1060 1457 1104 quod
1484 1058 1669 1101 praecipit,
1697 1064 1734 1090 ut
1762 1057 1946 1089 audiamus
1970 1057 2098 1089 filium:

1111 1107 1194 1142 huic
1217 1111 1384 1143 mandato
1404 1111 1702 1150 obtemperemus,
1731 1115 1763 1141 et
1783 1108 1932 1141 sciamus
1951 1107 2098 1151 gratiam

1112 1161 1300 1194 exuberare
1322 1173 1425 1205 supra
1450 1160 1630 1193 delictum.

1249 1267 1309 1303 Tu
1334 1269 1401 1316 qni
1422 1281 1474 1308 es,
1504 1268 1570 1316 qui
1594 1266 1723 1312 litigas
1750 1278 1827 1299 cum
1854 1265 1964 1300 Dee-³

1212 1344 1404 1389 Abrumpit
1421 1345 1662 1389 quaestionem
1675 1370 1682 1383 ,
1700 1350 1732 1375 et
1749 1354 1950 1387 quanquam
1971 1342 2099 1375 fatetur

1116 601 1242 641 rentis,

1116 650 1246 685 Sumus
1271 652 1388 685 dilecti
1414 652 1449 684 in
1474 652 1567 690 filio,
1602 657 1633 683 et
1652 651 1760 693 gratia
1780 651 1857 683 ideo
1883 651 1985 683 nohis
2010 659 2101 685 certa

75 1387 210 1421 iusticia
229 1388 288 1419 dat
305 1388 462 1431 a··qualia
482 1389 705 1432 aequalibus,
733 1389 791 1421 sed
812 1389 847 1420 in
867 1389 1059 1422 donatione
1084 1416 1086 1454 Χ
1111 1397 1242 1430 multus
1266 1397 1411 1429 reiectos
1437 1407 1528 1435 esse,
1563 1401 1679 1427 tamen
1703 1406 1774 1426 non
1799 1391 1864 1425 hoc
1889 1393 1990 1433 dicit,
2026 1406 2098 1426 non

75 1446 105 1470 et
126 1437 274 1480 gratuita
300 1439 539 1471 misericordia
557 1450 628 1470 non
649 1446 698 1471 est
718 1440 887 1478 iniustus,
916 1440 976 1483 qui
1001 1442 1059 1472 dat
1111 1460 1182 1480 <3550
1216 1459 1354 1480 causam
1389 1446 1595 1479 reiectiones
1623 1445 1659 1477 in
1688 1444 1780 1488 ipsis.
1835 1443 1949 1477 Simul
1983 1452 2097 1477 autem

75 1489 179 1522 ssliCUl
206 1500 277 1520 ¹¹0⁰
302 1489 460 1522 debifflm
486 1489 716 1529 bPflfffiClUffi,
760 1490 858 1522 ‘stiffi
885 1498 957 1521 ¹¹00
984 1491 1060 1531 dat,
1083 1523 1085 1550 Χ
1110 1499 1208 1531 iubet
1239 1510 1303 1530 nos
1336 1498 1459 1530 audire
1489 1495 1743 1539 Emugelium,
1788 1502 1818 1527 et
1854 1495 2097 1538 obtemperare

76 1540 165 1591 sicut
191 1540 291 1572 docet
318 1546 350 1571 et
378 1540 543 1582 parabola
569 1541 611 1571 de
638 1541 820 1572 conductis
846 1541 883 1572 in
907 1541 1058 1576 vineam.
1083 1555 1085 1599 Χ
1110 1548 1184 1582 Deo
1209 1549 1367 1588 vocanti,
1395 1555 1428 1580 et
1454 1559 1525 1580 non
1552 1547 1687 1589 frangi,
1725 1552 1783 1578 aut
1806 1545 1952 1577 deficere
1981 1558 1997 1577 a
2022 1546 2095 1579 Deo

75 1589 153 1622 lNon
173 1596 221 1622 est
238 1589 388 1622 iniustus
406 1588 500 1622 Deus
516 1591 644 1632 eligens
661 1588 1008 1630 Nabuchodonosor,
1027 1599 1058 1624 et
1084 1612 1085 1646 Χ
1110 1607 1253 1643 propter
1278 1599 1475 1642 exemplum
1503 1597 1761 1636 multitudinis,
1804 1598 1861 1628 sed
1888 1607 1988 1638 agere
2016 1607 2097 1638 gra-

74 1651 146 1672 non
173 1639 303 1681 eligens
326 1637 588 1680 Sennacherib,
618 1652 698 1672 cum
724 1647 872 1685 uterque
897 1642 940 1674 sit
964 1642 1057 1674 indi·
1083 1666 1085 1679 2
1110 1651 1195 1689 1535,
1223 1651 1316 1694 quod
1344 1660 1464 1682 omues
1489 1655 1599 1682 vocat,
1655 1645 1782 1680 Trahit
1808 1653 1923 1679 autem
1949 1647 2096 1680 audien-

74 1701 175 1732 gnus.
243 1688 343 1722 Hanc
380 1691 645 1731 responsionem
677 1691 861 1724 confirmat
890 1692 983 1725 dicto
1017 1693 1059 1725 de

74 1740 334 1773 misericordia:
365 1740 538 1774 Misereor
561 1742 660 1774 cuius
685 1743 862 1775 misereor.

176 1815 298 1849 Postea
317 1816 382 1856 ait,
410 1829 512 1860 quem
534 1817 609 1850 vult
632 1817 792 1850 indurat:
822 1817 881 1849 ubi
908 1824 988 1850 nota
1016 1817 1058 1851 sit

74 1866 210 1901 Ebraea
231 1865 386 1911 phrasis,
421 1867 456 1899 in
490 1880 556 1912 qua
584 1869 689 1900 verba
715 1868 825 1900 activa
851 1880 951 1910 saepe
979 1880 1058 1911 per-

74 1918 508 1961 missionemsignificant:
540 1919 702 1958 indurat,
731 1919 765 1951 id
793 1926 859 1959 est,
887 1919 968 1951 sinit
988 1930 1059 1952 esse
1083 1932 1085 1946 ι

74 1971 222 2009 durum,
250 1981 313 2001 nec
333 1970 503 2002 convertit
523 1982 611 2004 eum.
668 1969 718 2002 Ac
736 1981 956 2014 nequaquam
976 1970 1058 2002 inde

74 2020 358 2053 ratiocinandum
385 2026 451 2060 est,
480 2019 592 2053 Deum
620 2021 708 2053 velle
724 2028 755 2053 et
774 2021 911 2052 efficere
938 2032 1057 2064 pecca-

75 2078 127 2110 ta,
172 2077 230 2103 aut
255 2082 376 2112 cogere
407 2071 604 2104 voluntates
628 2072 669 2104 ad
697 2073 931 2115 peccandum,
976 2072 1057 2116 quia
1082 2096 1084 2101 .

75 2122 207 2153 dictum
236 2127 302 2153 est:
340 2120 419 2153 Non
446 2120 540 2154 Deus
565 2122 686 2154 volens
711 2123 923 2165 impietatem
949 2129 984 2154 tu
1011 2134 1057 2158 es.

74 2171 296 2205 Removendi
324 2178 404 2204 sunt
429 2179 460 2204 et
487 2171 595 2205 Stoici
620 2173 755 2205 furores
778 2174 819 2205 de
845 2173 1057 2208 necessitate.

74 2219 212 2255 Pharao
240 2222 361 2254 volens
385 2222 482 2255 ardet
509 2223 560 2255 ira
579 2229 610 2255 et
630 2224 838 2267 cupiditate,
866 2230 898 2256 et
923 2225 1057 2256 obtem·
1082 2239 1083 2249 π

74 2280 171 2316 perat
196 2272 348 2305 diabolis
380 2284 458 2305 eum
489 2273 738 2306 incitantibus:
775 2281 893 2319 estque
918 2275 954 2307 in
983 2275 1057 2318 ipso

74 2321 259 2356 Pharaone
293 2335 393 2357 causa
429 2323 638 2358 reiectionis.
699 2323 791 2357 Sinit
823 2332 939 2358 autem
964 2323 1058 2358 Deus

76 2374 158 2406 talia
178 2375 271 2415 fieri,
301 2375 382 2418 quia
409 2375 483 2407 vult
504 2374 657 2418 conspici
683 2375 869 2408 discrimen
896 2376 933 2407 in
959 2376 1057 2408 omni

77 2426 280 2457 aeternitate
305 2426 396 2458 inter
420 2425 593 2458 iusticiam
617 2432 647 2458 et
667 2426 900 2464 iniusticiam‚
928 2434 961 2459 et
984 2427 1059 2459 vult

78 2475 174 2507 cerui
193 2472 398 2508 horribilem
420 2477 507 2508 iram
529 2488 625 2509 suam
646 2478 812 2510 adversus
827 2477 964 2520 impios,
982 2479 1059 2510 ideo

79 2525 161 2558 sinit
183 2525 254 2558 labi
273 2533 304 2559 et
322 2527 436 2559 furere
453 2527 592 2571 aliquos
608 2527 749 2570 angelos
766 2535 798 2561 et
813 2525 995 2568 homines,
1022 2535 1060 2562 ut

78 2576 116 2609 in
149 2588 260 2619 poena
291 2578 526 2621 conspiciatur
565 2579 601 2610 in
632 2577 696 2610 hac
729 2579 818 2620 vita,
859 2585 891 2611 et
921 2579 958 2611 in
989 2586 1060 2612 tota

78 2629 300 2672 aeternitate,
337 2629 522 2662 discrimen
550 2629 641 2662 inter
665 2629 839 2664 iusticiam
864 2636 896 2662 et
918 2630 1060 2664 iniusti-

78 2688 178 2711 enam.

1084 1688 1085 1705 ἶ
1109 1708 1160 1734 tes
1183 1698 1436 1743 Evangelium,
1473 1708 1504 1732 et
1532 1711 1604 1731 uon
1630 1704 1884 1742 repugnante8‚
1920 1698 2008 1731 sicut
2033 1710 2096 1741 po—

1083 1728 1086 1777 i
1112 1759 1182 1785 stea
1201 1753 1243 1784 de
1267 1751 1426 1784 omnium
1450 1750 1633 1783 vocatione
1650 1757 1681 1782 et
1700 1749 1892 1782 multorum
1912 1756 2096 1782 contuma-

1083 1781 1086 1823 ἶ
1112 1803 1163 1835 cia
1187 1813 1346 1846 expresse
1370 1802 1549 1846 loquitur:
1597 1800 1688 1833 Tota
1714 1800 1770 1832 die
1797 1799 1946 1841 expandi
1971 1811 2095 1832 manus

1084 1845 1085 1885 i
1110 1865 1203 1886 meas
1227 1855 1269 1885 ad
1294 1853 1464 1896 populum
1489 1858 1751 1890 contumacem,
1792 1858 1823 1883 et
1850 1850 2094 1883 contradicen-

1083 1923 1084 1927 =
1112 1911 1192 1939 tem.
1246 1902 1313 1937 Hic
1342 1904 1503 1936 nominat
1531 1914 1669 1935 causan]
1698 1901 1966 1944 reprobationis.
2025 1900 2090 1933 Nc-

1112 1967 1289 1999 quaquam
1323 1955 1430 1998 igitur
1464 1955 1512 1987 sic
1547 1953 1776 1995 intelligenda
1811 1959 1860 1984 est
1897 1951 2093 1984 similitudo

1109 2008 1152 2038 de
1176 2006 1251 2039 luto
1275 2013 1306 2038 et
1331 2005 1456 2048 figulo,
1499 2005 1596 2050 quasi
1622 2001 1687 2036 hoc
1719 2003 1830 2043 dicat,
1872 2001 1961 2034 nihil
1995 2014 2094 2043 agere

1109 2057 1253 2100 impios:
1299 2056 1497 2088 firmissime
1532 2055 1625 2087 enirn
1654 2056 1803 2086 tenenda
1830 2060 1877 2086 est
1911 2053 2093 2091 sententia,

1082 2116 1083 2126 ³
1109 2108 1202 2152 quod
1222 2106 1317 2140 Deus
1340 2119 1412 2140 non
1437 2107 1481 2140 sit
1506 2117 1606 2139 causa
1635 2106 1784 2149 peccati,
1811 2106 1867 2137 sed
1896 2104 2092 2136 similitudo

1108 2159 1168 2191 illa
1185 2165 1328 2191 eatenus
1347 2158 1528 2199 congruit,
1559 2158 1651 2201 quod
1681 2168 1720 2188 ex
1739 2168 1807 2187 una
1829 2166 1935 2187 massa
1956 2153 2091 2195 generis

1082 2235 1083 2238 η
1107 2207 1256 2242 humani
1276 2209 1374 2242 Deus
1395 2216 1428 2242 et
1453 2208 1624 2242 convertit
1643 2207 1790 2247 multos,
1818 2213 1849 2239 et
1872 2213 2092 2238 contumaces

1082 2266 1083 2275 ¹
1108 2260 1233 2294 reiicit.

1082 2311 1085 2401 i
1232 2349 1391 2384 Verbum
1417 2361 1674 2384 consummans
1698 2353 1728 2381 el
1753 2346 1985 2384 abbrevians.

1083 2403 1085 2414 ι

1083 2415 1085 2422 Α
1210 2426 1402 2472 Postquam
1434 2425 1524 2460 hanc
1548 2425 1787 2458 dulcissimam
1817 2424 2094 2457 consolationem

1084 2497 1086 2510 t
1110 2478 1277 2519 tradidit,
1313 2480 1405 2523 quod
1433 2488 1567 2520 semper
1592 2476 1709 2520 aliqua
1737 2476 1780 2509 sit
1804 2474 1958 2508 Ecclesia
1989 2475 2095 2506 electa

1112 2537 1256 2573 propter
1278 2529 1407 2572 filium,
1446 2528 1535 2561 sicut
1557 2526 1684 2560 Psalin.
1707 2526 1766 2560 16.
1793 2526 1936 2558 dicitur:
1966 2525 2023 2558 Tu
2049 2536 2096 2562 es,

1113 2581 1172 2624 qui
1206 2586 1378 2614 sustentas
1411 2578 1660 2612 haereditatem
1695 2588 1808 2609 meam
1841 2574 1939 2608 mihi.
1986 2574 2098 2608 Addit

1112 2643 1207 2664 nunc
1234 2631 1432 2664 testimonia
1453 2631 1494 2661 de
1511 2629 1748 2662 destructione
1774 2628 1917 2671 politiae
1935 2625 2096 2658 Iudaicae

1114 2689 1147 2716 et
1166 2683 1209 2715 de
1226 2682 1432 2715 collectione
1448 2679 1624 2713 Ecclesiae
1642 2692 1681 2713 ex
1700 2678 1839 2712 ludaeis
1861 2685 1893 2712 et
1912 2675 2099 2710 Gentibus,

1236 2729 1312 2766 62*
