2415 2942
275 128 370 166 1187

275 216 310 248 in
329 213 481 247 carmine
495 208 658 256 ἕπινικίῳ
675 210 823 244 affirmat
841 218 987 244 mortem
1005 217 1038 244 et
1054 212 1144 246 vires
1160 224 1254 245 mor-

276 266 320 299 tis
345 265 510 297 extinctas
533 273 616 297 esse.
670 259 778 306 quue
799 261 949 294 voluisse
966 260 1114 295 Paulum
1138 269 1256 296 osteu—

277 316 326 348 dit
353 315 426 347 eius
451 313 553 346 lectio
579 319 610 345 et
634 312 809 345 enarratio
834 323 938 356 quam
967 313 1080 346 addit:
1117 312 1185 347 Ubi
1210 320 1260 346 est

278 376 372 398 mors
392 364 529 396 aculeus
553 362 658 396 tuus?
701 360 746 395 Et
770 369 885 404 postea
913 362 1048 406 inquit,
1081 370 1259 406 peccatum

281 427 352 448 esse
381 413 475 448 huuc
503 412 680 451 aculeum,
715 413 795 456 quia
832 423 908 445 cum
938 420 1116 456 peccatum
1142 421 1260 447 osten-

282 466 396 503 ditur,
426 475 528 497 sensu
554 463 624 495 irae
644 461 708 495 Dei
737 460 896 495 homines
922 463 1190 506 extinguuntur,
1224 471 1261 497 ut

283 515 420 548 Psalmo
439 514 496 548 89.
529 513 674 546 dicitur:
711 512 863 546 Posuisti
892 513 1096 558 iniquitates
1127 521 1263 547 nostras

284 567 320 598 iu
337 572 523 608 conspectu
546 571 625 602 tuo,
652 564 737 596 etin
761 564 810 596 ira
837 570 896 596 tua
916 564 1115 597 defecimus.
1167 563 1266 604 Item,

285 616 405 649 Esaiae
431 615 506 650 38.:
542 614 640 648 Sicut
660 614 712 647 leo
746 614 910 647 contrivit
935 615 1052 646 omnia
1076 626 1151 647 ossa
1178 627 1263 646 mea.

287 666 360 699 llus
385 667 540 709 ingentes
567 665 726 704 dolores,
767 672 799 698 et
834 665 950 705 fugam
982 664 1018 696 iu
1043 672 1154 697 morte
1181 665 1264 697 dicit

287 717 373 750 oriri
397 730 413 748 a
441 721 578 759 peccato
603 722 633 747 et
665 715 736 758 lege
769 715 975 748 ostendente
1001 722 1195 756 peccatum,
1228 721 1266 748 ut

288 767 498 811 experienti-i
535 766 696 798 ostendit.
760 763 841 797 ldeo
872 764 955 797 dicit
984 772 1159 807 peccatum
1195 776 1267 797 esse

289 818 447 850 aculeum
473 816 605 850 mortis.
658 813 703 848 Et
728 815 763 847 iu
791 815 904 847 verbis
928 812 1042 847 Oseae
1067 816 1165 859 ponit
1187 814 1266 849 κέν-

293 880 398 913 Τρον,
424 867 516 912 quod
537 867 572 897 iu
593 865 726 898 Graeca
744 865 904 897 versione
922 865 957 897 in
978 865 1086 898 altero
1111 868 1266 898 membro

291 919 454 963 ponitur:
498 918 569 949 ποῦ
594 914 634 949 τὸ
657 913 811 960 κέντρον
837 917 904 949 σοῦ
937 913 1030 960 ᾅδης
1079 915 1120 948 ln
1152 917 1268 960 priore

289 970 446 1001 meu-‚bro
463 975 541 999 511111
560 966 612 998 1151
629 964 719 998 hanc
735 978 818 998 voce
834 963 933 1010 δίκηῑ
967 968 1040 1000 ποῦ
1062 964 1185 1011 ἡὸίκη
1202 969 1269 1001 σοῦ
1293 987 1295 1000 ;

292 1016 450 1058 &diram
483 1017 550 1052 Ubi
578 1023 627 1049 est
650 1016 821 1049 indicium
837 1023 935 1049 tuum
955 1028 1068 1057 mors,
1098 1018 1151 1049 vel
1169 1029 1268 1050 accu-

292 1071 397 1109 satio,
441 1068 494 1100 vel
520 1079 649 1110 poena,
686 1079 752 1111 qua
786 1078 851 1100 nos
875 1066 1008 1100 afficis?
1043 1066 1083 1100 Id
1111 1068 1271 1109 congruit

293 1133 370 1154 cum
398 1119 568 1152 sententia
594 1117 714 1157 Pauli,
754 1116 834 1150 Non
857 1123 991 1150 tantum
1017 1118 1150 1151 aboleri
1177 1130 1270 1150 mor-

293 1179 382 1209 tem,
411 1171 446 1202 id
470 1177 537 1205 est,
568 1169 680 1212 ipsum
706 1168 904 1207 interitum,
933 1169 989 1200 sed
1014 1169 1269 1201 accusationem

293 1234 352 1254 seu
377 1233 521 1265 poenam
553 1231 710 1264 quoqne,
754 1219 787 1251 id
822 1225 890 1258 est,
933 1230 1072 1251 sensum
1099 1220 1169 1251 irae
1193 1218 1267 1252 Dei.

294 1272 387 1304 Ilaec
414 1271 566 1303 breviter
591 1269 752 1308 recitavi,
796 1276 832 1302 ut
858 1280 946 1313 quae
969 1269 1013 1302 sit
1036 1268 1209 1313 emphasis
1235 1270 1271 1301 in

293 1329 440 1366 utraque
465 1321 612 1352 lectione
642 1320 892 1352 consideretur.
961 1318 1000 1351 In
1026 1331 1160 1352 summa
1190 1332 1271 1352 sen-

293 1373 420 1407 tentiae
444 1383 513 1403 11011
540 1377 589 1403 est
611 1370 830 1412 ambiguitas.
883 1368 971 1402 Nam
997 1376 1143 1413 utraque
1168 1370 1270 1402 lectio

292 1425 411 1463 docet,
438 1421 602 1454 Messiam
628 1421 850 1453 credentibus
875 1419 1095 1452 redditurum
1127 1432 1198 1452 esse
1219 1420 1272 1453 iu—

292 1474 425 1508 sticiam
443 1479 476 1505 et
494 1472 597 1505 vitam
616 1477 804 1510 aeternam,
832 1470 972 1503 abolitis
990 1476 1139 1514 peccato,
1161 1477 1272 1504 morte

292 1524 469 1558 etiuseris.

394 1574 507 1607 Addit
537 1581 649 1607 autem
684 1571 815 1604 Paulus
849 1571 991 1603 brevem
1027 1570 1271 1614 repetitionem

295 1626 475 1659 doctrinae
494 1636 573 1657 suae
594 1625 636 1657 de
654 1624 736 1665 lege.
786 1622 940 1655 Aculeus
957 1622 1077 1654 mortis
1097 1628 1272 1664 peccatum

295 1684 361 1716 est,
397 1676 548 1719 potentia
576 1687 658 1707 vero
685 1674 814 1717 peccati
841 1673 895 1705 lex
919 1679 982 1705 est.
1044 1671 1271 1716 Nequaquam

294 1725 350 1759 hic
366 1727 524 1771 loquitur
541 1727 582 1757 de
601 1724 741 1768 politico
761 1735 825 1756 usu
844 1723 937 1764 legis,
954 1723 1010 1754 sed
1028 1721 1225 1756 utl‘loman.
1239 1721 1273 1757 7.

295 1778 338 1809 de
366 1778 426 1809 illo
452 1776 649 1810 tristissimo
682 1775 831 1810 iudicio,
866 1774 903 1805 in
932 1785 1001 1817 quo
1027 1772 1119 1805 Deus
1144 1773 1272 1815 cogita-

295 1829 389 1860 tione
412 1828 495 1868 legis
519 1826 672 1859 ostendit
698 1826 784 1858 iram
812 1835 910 1856 suam
936 1824 1100 1855 adversus
1123 1829 1270 1866 peccata.

294 1878 341 1912 [It
364 1879 476 1912 David
509 1876 719 1919 expavescit,
752 1887 831 1908 cum
862 1875 1068 1916 obiurgatur
1095 1886 1176 1906 voce
1200 1874 1272 1906 Na-

295 1927 393 1962 than.
447 1926 492 1961 Et
515 1929 557 1960 de
575 1939 609 1959 se
627 1928 741 1970 inquit
757 1925 908 1965 Paulus,
935 1923 1086 1959 Roman.
1108 1923 1157 1957 7,;
1186 1923 1268 1956 Pec-

296 1988 409 2012 catum
429 1985 467 2011 ut
491 1979 547 2011 fiet
574 1978 780 2010 excellenter
795 1982 989 2018 peccatum,
1017 1975 1052 2007 id
1069 1981 1138 2012 est,
1164 1987 1274 2015 reum,

297 2042 356 2073 per
383 2031 535 2068 bouum,
573 2029 607 2059 in
637 2040 689 2059 me
714 2027 826 2059 effecit
857 2032 1017 2059 mortem.
1084 2024 1177 2057 Haec
1202 2032 1272 2058 tota

295 2081 452 2114 dot-trina
478 2090 578 2121 saepe
602 2078 745 2120 repetita
771 2084 819 2109 est
842 2076 878 2108 111
904 2075 1004 2108 Pauli
1024 2076 1171 2118 scriptis.
1227 2074 1272 2108 Et

296 2133 504 2173 opponenda
541 2136 591 2162 est
626 2128 772 2160 somniis
801 2125 1020 2170 pharisaiciS,
1048 2126 1107 2170 qui
1137 2126 1271 2167 fingunt

294 2180 454 2215 11011111185
488 2181 561 2221 lege
595 2179 723 2211 mereri
765 2177 1003 2210 remissionem
1044 2183 1273 2218 peccatorum,

294 2245 370 2265 cum
395 2232 449 2264 lex
473 2238 608 2264 tantum
637 2230 682 2262 sit
711 2228 900 2266 iudicium,
943 2227 1037 2270 quod
1060 2225 1152 2259 Deus
1189 2225 1270 2259 hor-

293 2284 437 2315 rendam
463 2283 550 2315 iram
575 2292 671 2313 suam
697 2281 861 2313 adversus
890 2284 1065 2321 peccatum
1099 2278 1135 2309 iu
1169 2277 1270 2310 nobis

292 2333 453 2366 ostendit.

392 2383 459 2416 Hic
484 2389 599 2415 autem
624 2380 721 2413 addit
743 2378 873 2412 Paulus
900 2375 1108 2411 antithesin:
1145 2376 1267 2411 Gratia

291 2434 386 2476 Deo,
416 2434 475 2476 qui
498 2435 556 2466 dat
579 2432 682 2464 nobis
706 2430 887 2463 victoriam
911 2441 972 2472 per
990 2427 1184 2461 Dominum
1203 2440 1266 2461 no-

291 2493 400 2519 strum
426 2484 540 2516 Iesum
564 2480 743 2516 Christum
761 2508 770 2520 ‚
805 2480 903 2524 quasi
927 2480 1036 2512 dicat:
1071 2477 1159 2512 Cum
1192 2479 1265 2521 lege

290 2534 527 2580 perterrefacti
553 2544 687 2571 sumus,
728 2532 875 2563 sciamus
903 2528 990 2562 banc
1013 2529 1121 2561 solam
1147 2540 1262 2561 veram

288 2595 320 2620 et
339 2587 507 2619 t-sficacem
525 2583 799 2617 consolationem
825 2581 927 2613 nobis
952 2581 1163 2622 propositam
1180 2591 1262 2619 esse,

287 2639 328 2670 de
345 2649 411 2682 qua
428 2636 554 2668 dicitur
572 2633 606 2665 in
629 2630 800 2664 lohanne:
829 2631 886 2663 Sic
907 2632 999 2664 Deus
1017 2630 1138 2664 dilexit
1156 2641 1260 2662 mun—

285 2691 379 2728 dum,
407 2694 445 2721 ut
464 2686 572 2719 filiuni
589 2695 689 2717 suum
708 2682 928 2726 unigenitum
948 2683 1060 2719 daret,
1088 2688 1125 2714 ut
1146 2681 1259 2713 omnis

864 123 990 163 PHIL.
1017 125 1133 164 MEL.
1161 127 1370 165 SCRIPTA
1407 131 1711 170 EXEGEthA.

2203 134 2299 170 1188

1308 217 1367 260 qui
1387 218 1498 252 credit
1516 219 1552 252 in
1572 231 1671 259 eum,
1697 230 1769 252 non
1787 225 1925 263 pereat,
1955 220 2012 253 sed
2033 217 2160 254 babeat
2186 219 2296 254 vitam

1309 275 1494 301 aeternam.
1550 269 1588 301 ln
1616 267 1671 302 his
1695 269 1888 302 terroribus
1914 270 1981 303 fide
2003 277 2193 304 statuamus
2212 282 2296 314 pro-

1311 324 1384 360 pter
1408 319 1518 352 filium
1541 318 1606 353 Dei
1633 331 1790 363 passum,
1818 321 2060 354 resuscitatum
2086 328 2119 354 et
2144 332 2299 364 regnan-

1310 374 1377 400 tem
1401 377 1493 403 certo
1519 371 1623 404 nobis
1648 370 1779 403 remitti
1804 377 1962 414 peccata,
1998 371 2165 414 imputari
2192 371 2300 404 nobis

1312 419 1420 461 ipsius
1437 421 1628 461 iusticiam,
1656 432 1719 453 nos
1739 420 1811 453 fieri
1834 421 1941 454 iustos
1959 428 1992 455 et
2016 418 2181 454 haeredes
2204 421 2300 454 vitae

1312 477 1480 505 aeternae.
1533 470 1607 504 Hac
1631 472 1698 504 fide
1723 471 1897 504 vincimus
1925 483 1984 514 per
2008 471 2119 504 filium
2139 470 2205 504 Dei
2224 477 2300 504 ter-

1313 532 1408 552 rores
1438 522 1564 564 peccati
1599 529 1631 555 et
1660 522 1800 559 mortis,
1844 528 1882 554 ut
1906 520 2058 556 Roman.
2084 520 2118 556 5.
2147 521 2293 555 dicitur:

1318 569 1490 604 iustificati
1515 571 1581 604 tide
1604 584 1722 615 pacem
1750 570 1919 605 babemus
1946 573 2038 615 apud
2065 571 2189 606 Deum.
2249 570 2295 605 Et

1315 621 1456 664 quidem
1484 622 1520 654 in
1553 620 1615 655 hac
1642 623 1714 665 ipsa
1747 623 1987 655 consolatione
2012 623 2116 655 datur
2142 621 2299 665 Spiritus

1316 679 1470 709 sauctus,
1497 672 1556 716 qui
1580 673 1683 705 eflicit
1707 685 1840 716 pacem,
1868 673 1902 705 id
1929 680 1997 710 est,
2025 672 2194 705 laetitiam
2221 684 2302 705 cor-

1317 722 1386 761 dis,
1415 731 1445 755 et
1464 723 1603 755 initium
1622 724 1711 756 vitae
1736 731 1913 763 aeternae,
1941 724 2034 756 iuxta
2058 723 2208 756 dictum:
2236 720 2304 755 Ef-

1318 772 1461 804 fundam
1487 785 1590 814 super
1613 775 1756 805 domum
1785 772 1899 805 David
1925 773 2086 817 spiritum
2113 772 2244 814 gratiae
2269 779 2303 806 et

1320 835 1478 865 precum,
1505 824 1541 855 id
1569 830 1636 864 est,
1669 824 1762 868 qnod
1790 824 1940 857 sentient
1966 835 2000 857 58
2023 835 2095 856 8558
2117 823 2154 855 111
2177 823 2301 865 gratia,

1319 879 1349 905 et
1367 873 1531 906 liberatos
1549 885 1587 906 ex
1605 874 1792 917 pavoribus
1810 881 1843 907 et
1862 882 1973 907 morte
1994 880 2154 913 aeterna,
2179 879 2212 906 et
2238 884 2302 916 po-

1320 930 1437 956 terunt
1461 923 1529 956 iam
1552 936 1631 956 vere
1663 924 1782 957 laetari
1808 924 1844 956 111
1874 923 1948 957 080
1973 931 2005 957 et
2027 936 2105 957 eum
2127 923 2302 964 invocare,

1318 974 1406 1007 sicut
1423 972 1574 1009 Roman,
1591 974 1625 1010 8.
1648 974 1791 1007 dicitur:
1824 974 2016 1017 Accepistis
2029 974 2191 1016 spiritum
2208 974 2296 1006 ado-

1321 1024 1450 1068 ptionis
1468 1024 1634 1065 filiorum,
1653 1037 1722 1069 quo
1740 1025 1929 1057 clamamus
1946 1025 2047 1057 Abba
2065 1031 2172 1067 pater.
2198 1022 2302 1057 Hanc

1320 1075 1595 1108 consolationem
1619 1086 1755 1108 necesse
1779 1081 1829 1108 est
1857 1075 2041 1115 omnibus,
2069 1074 2107 1106 iu
2131 1073 2303 1108 exercitiis

1323 1125 1555 1168 poenitentiae
1587 1132 1706 1159 notam
1742 1125 1834 1165 fieri,
1868 1137 1972 1170 quam
2006 1126 2065 1169 qui
2091 1124 2305 1167 intelligunt,

1323 1176 1460 1216 vident,
1487 1188 1591 1220 quam
1610 1176 1688 1210 tetri
1707 1176 1775 1208 sint
1793 1187 1927 1208 errores
1945 1173 2219 1215 monachorum,
2241 1174 2303 1219 qui

1323 1227 1458 1269 fingunt
1485 1224 1646 1260 homines
1674 1227 1798 1258 mereri
1827 1226 2067 1259 remissionem
2091 1225 2162 1258 suis
2187 1225 2304 1268 operi-

1323 1278 1406 1317 bus,
1437 1285 1469 1310 et
1485 1277 1606 1310 iubent
1627 1289 1766 1309 manere
1787 1277 1823 1309 iu
1849 1276 2080 1309 dubitatione.
2131 1274 2178 1307 Hi
2206 1275 2303 1308 suro-

1324 1339 1376 1359 res
1395 1335 1550 1370 pugnant
1575 1328 1678 1361 etiam
1705 1340 1783 1360 cum
1801 1324 1866 1359 hoc
1882 1324 2084 1369 triumphali
2109 1325 2305 1369 praeconio,

1324 1379 1417 1421 quod
1438 1376 1492 1410 hic
1507 1378 1626 1411 recitat
1643 1377 1789 1410 Paulus:
1819 1376 1942 1410 Gratia
1957 1376 2032 1410 Deo
2049 1376 2109 1422 qui
2123 1377 2180 1410 dat
2196 1376 2306 1409 victo-

1324 1428 1410 1460 riam
1436 1440 1497 1471 per
1515 1427 1629 1461 lesum
1649 1426 1841 1461 Christum.

1370 1515 1535 1564 Ἕδραῖοι
1569 1515 1740 1565 γίνεσθε,
1785 1514 2054 1562 ἅλιιετακίνητοι.
2130 1513 2257 1549 1ῗῖνωί

1719 1571 1825 1600 estole
1847 1571 1907 1600 etc.

1425 1632 1614 1678 Postquam
1641 1634 1805 1666 refutavit
1837 1634 1972 1666 furores
1997 1645 2138 1674 eorum,
2175 1632 2235 1678 qni
2261 1633 2304 1666 de

1326 1685 1580 1717 resurrectione
1595 1685 1697 1717 falsas
1715 1684 1899 1728 opiniones
1913 1691 2127 1727 sparserant,
2154 1683 2252 1716 addit
2268 1683 2304 1715 in

1325 1735 1392 1767 fine
1419 1736 1558 1767 brevem
1578 1733 1880 1775 adhortationem,
1914 1735 1949 1767 in
1969 1747 2036 1779 qua
2054 1734 2238 1778 praecipit,
2266 1739 2305 1767 ut

1326 1793 1526 1819 constanter
1542 1786 1712 1818 retineant
1730 1785 1898 1827 integram
1927 1786 2121 1818 doctrinam
2148 1787 2191 1818 ab
2208 1784 2305 1828 Apo-

1325 1836 1422 1869 stolis
1440 1836 1622 1875 traditam,
1647 1848 1710 1869 nec
1728 1837 1913 1870 admittant
1931 1836 2145 1880 corruptelas
2170 1836 2206 1867 in
2231 1835 2304 1868 ullo

1324 1887 1483 1920 articulo.

1427 1952 1537 1988 Addit
1556 1960 1672 1987 autem
1698 1959 1728 1986 et
1754 1953 2027 1986 consolationem
2052 1952 2305 1985 dulcissimam:

1326 2004 1443 2037 Labor
1468 2012 1578 2038 vester
1609 2016 1678 2036 non
1706 2011 1753 2037 est
1783 2004 1896 2036 inanis
1923 2003 1958 2035 111
1979 2002 2145 2036 Domino.
2206 2002 2302 2036 Haec

1325 2056 1494 2089 sententia
1511 2055 1614 2087 nobis
1631 2055 1796 2087 omuibus
1821 2065 1957 2097 semper
1981 2054 2016 2085 in
2041 2060 2227 2097 conspectu
2243 2053 2303 2086 sit:

1325 2107 1476 2149 primum
1509 2113 1545 2138 ut
1580 2106 1750 2137 leniamus
1781 2104 1920 2137 dolores
1949 2104 2102 2147 privatos
2139 2102 2203 2137 hac
2234 2115 2304 2147 spe,

1324 2158 1416 2201 quod
1445 2163 1522 2198 post
1548 2154 1636 2188 hauc
1663 2156 1766 2188 vitam
1791 2162 1883 2188 certo
1908 2155 2016 2188 simus
2036 2155 2146 2187 suturi
2165 2155 2200 2187 in
2217 2166 2300 2187 con-

1324 2207 1507 2240 suetudine
1531 2214 1689 2239 aeternae
1708 2204 1899 2245 Ecclesiae,
1926 2205 1963 2237 in
1989 2216 2058 2249 qua
2082 2204 2303 2238 Deus'nobis

1323 2256 1596 2289 communicabit
1638 2257 1863 2300 sapientiam,
1907 2256 2099 2289 bonitatem
2135 2262 2168 2288 et
2201 2255 2302 2288 laeti-

1322 2309 1404 2341 tiam
1429 2319 1538 2342 suam.

1422 2375 1559 2408 Deinde
1579 2381 1617 2407 ut
1637 2371 1718 2406 huic
1735 2373 1869 2411 dolori,
1897 2384 1998 2417 quem
2017 2370 2197 2415 habemus,
2223 2384 2300 2406 cum

1320 2438 1391 2459 11011
1407 2426 1572 2458 videntur
1589 2425 1690 2457 multi
1714 2424 1879 2467 proficere
1897 2435 1935 2456 ex
1959 2423 2087 2455 nostris
2110 2423 2301 2463 laboribus,

1317 2487 1538 2521 opponamus
1559 2473 1648 2508 hanc
1680 2475 1987 2511 asseverationem,
2023 2474 2159 2518 aliquos
2184 2480 2300 2507 tamen

1316 2527 1517 2565 emendari,
1544 2526 1634 2559 etad
1654 2526 1883 2567 colligendam
1902 2531 1934 2557 et
1958 2525 2000 2557 ad
2023 2526 2297 2557 conservandam

1314 2568 1505 2610 Ecclesiam
1524 2576 1642 2620 aliquo
1661 2577 1765 2608 modo
1783 2581 1935 2607 nostram
1954 2586 2072 2607 vocem
2092 2581 2123 2607 et
2139 2581 2297 2608 nostram

1313 2629 1532 2660 sedulitatem
1569 2627 1742 2669 prodesse.
1807 2623 1882 2658 Hac
1916 2625 2156 2658 consolatione
2191 2626 2298 2658 nobis

1312 2679 1411 2712 valde
1433 2688 1520 2722 opus
1537 2683 1597 2711 est.
1661 2675 1753 2719 Quia
1769 2687 1847 2709 cum
1869 2673 1974 2709 bomo
1993 2676 2183 2718 existimat,
2211 2687 2298 2710 suos
