2415 2942
488 447 916 494 ctmnffi'rAP-lt
955 446 1020 486 lx
1061 444 1412 487 EmSTOLAM
1450 442 1633 485 PAULI
1671 442 1755 483 AD
1793 439 2097 483 ROMANOS.

336 678 661 722 Argumentum
698 670 946 715 Epistolae
980 669 1119 702 Pauli
1163 666 1217 700 ad

655 725 890 756 Romanos.

286 800 406 856 Duae
417 824 497 851 sunt
516 815 682 860 epistolae
701 819 829 856 partes:
860 810 956 854 prior
966 809 1271 851 continetlongam

287 870 576 914 disputationem:
606 866 640 897 in
654 863 843 907 posteriore
855 869 933 894 sunt
953 861 1180 904 praeceptade
1197 871 1271 890 mo-

288 924 395 957 ribus.
432 920 483 952 Ac
499 916 744 949 multitantum
767 911 856 945 hanc
875 920 1082 956 postremam
1104 909 1272 954 pagellam

289 976 332 1007 de
350 970 509 1003 moribus
528 973 669 998 censent
687 976 779 997 nunc
798 964 885 996 lectu
906 964 1045 1003 dignam
1066 973 1154 1000 esse,
1181 972 1274 992 eam-

291 1035 358 1070 que
376 1022 493 1062 legunt
511 1025 544 1049 ut
565 1016 709 1050 Hesiodi
730 1022 782 1047 aut
804 1013 1005 1058 Puocylidis
1023 1014 1157 1055 poema.
1205 1009 1274 1043 Su·-

292 1074 429 1119 periora
453 1068 543 1102 nihil
569 1068 788 1101 arbitrantur
814 1066 855 1098 ad
883 1076 946 1097 nos
968 1063 1158 1106 pertinere,
1195 1061 1275 1106 quia

293 1130 418 1171 putant
444 1127 579 1154 tantum
604 1120 693 1152 rixas
719 1128 791 1149 esse
815 1117 858 1147 ‹le
886 1114 1034 1148 Iudaicis
1058 1112 1275 1149 ceremoniis,

294 1178 337 1209 de
368 1173 496 1217 quibus
522 1182 616 1202 nuuc
641 1181 743 1201 nemo
767 1167 888 1209 litigat.
955 1165 1024 1198 Sed
1050 1165 1153 1206 longe
1176 1163 1276 1196 aliter

295 1224 516 1260 sentiendum
536 1228 595 1255 est.
650 1219 752 1252 Prior
770 1229 849 1261 pars
874 1215 976 1250 habet
1002 1214 1275 1258 disputationem

296 1276 447 1309 maxime
462 1271 690 1305 necessariam
709 1269 872 1300 omnihus
895 1267 1021 1299 seculis
1037 1273 1070 1299 et
1095 1266 1277 1299 universae

297 1324 482 1361 Ecclesiae.
525 1321 691 1355 Continet
718 1320 809 1351 enim
837 1318 1040 1361 praecipuos
1063 1322 1097 1349 et
1117 1314 1279 1359 proprios

298 1380 393 1411 loros
425 1373 604 1407 doctrinae
638 1369 876 1406 Christianae,
918 1367 1085 1400 discernit
1117 1364 1279 1406 Evange-

300 1430 386 1462 lium
406 1437 423 1458 a
440 1425 530 1466 Lege
550 1430 581 1455 et
607 1434 623 1454 a
642 1418 891 1463 Philosophia,
919 1423 1092 1450 monstrat
1114 1414 1280 1448 beneficia

300 1476 443 1516 Christi,
471 1473 710 1507 remissionem
732 1477 950 1514 peccatorum
968 1468 1166 1510 gratuitam,
1193 1466 1281 1498 libe—

301 1529 471 1562 rationem
499 1536 515 1556 a
552 1531 663 1556 morte
695 1530 854 1559 aeterna,
889 1519 1157 1562 imputationem
1182 1515 1283 1548 iusti-

304 1581 395 1618 ciae,
431 1575 657 1608 donationem
680 1572 832 1615 Spiritus
859 1570 967 1602 sancti
999 1575 1029 1601 et
1053 1569 1143 1601 vitae
1173 1573 1285 1599 aeter—

305 1642 380 1664 nae.
434 1626 486 1659 De
512 1624 564 1658 his
582 1623 688 1656 tantis
709 1623 813 1655 rebus
838 1620 1083 1657 concionatur,
1111 1629 1182 1650 non
1207 1623 1284 1649 tan-

305 1690 380 1714 tum
406 1679 515 1718 litigat
540 1677 581 1708 de
606 1672 822 1707 ceremoniis.
890 1670 961 1704 Nec
987 1670 1194 1706 absurdam,
1222 1678 1285 1699 nec

307 1742 435 1764 novam
464 1725 787 1770 interpretationem
814 1723 929 1764 gigno.
983 1719 1060 1764 Ipsa
1086 1720 1190 1752 series
1216 1719 1287 1750 dis-

306 1779 499 1826 putationis
518 1777 684 1810 Paulinae
702 1774 805 1807 efficit
822 1772 910 1805 hanc
927 1771 1132 1804 sententiam
1147 1797 1156 1810 ‚
1184 1780 1287 1813 quam

309 1833 430 1867 reddo.
507 1827 568 1861 [st
600 1833 714 1859 autem
739 1825 782 1857 ah
811 1825 886 1867 ipso
910 1822 1100 1866 apostolico
1131 1830 1290 1853 sermone

310 1882 478 1917 sumenda
514 1878 703 1915 sententia,
742 1887 814 1908 nou
846 1875 911 1907 alia
944 1872 1148 1914 imaginatio
1180 1870 1291 1903 adlin-

311 1934 422 1977 genda
456 1936 576 1963 contra
613 1928 784 1960 sermonis
817 1925 1081 1969 proprietatem.
1156 1921 1294 1955 Deinde.

313 1991 432 2018 nostra
455 1979 697 2022 interpretatio
716 1978 893 2021 aptissime
917 1975 1090 2007 consentit
1114 1984 1192 2006 cum
1216 1983 1294 2015 per—

313 2042 418 2081 petua
440 2031 598 2065 doctrina
622 2029 748 2062 tradita
773 2029 808 2060 iu
834 2024 1018 2070 Prophetis
1041 2031 1072 2057 et
1089 2021 1295 2065 Evangelio.

315 2086 443 2119 Extant
468 2088 500 2115 et
525 2080 669 2122 vestigia
694 2079 731 2111 in
756 2077 964 2118 Ambrosio,
997 2075 1148 2115 Basilio,
1173 2073 1297 2115 Augu-

316 2137 425 2175 stino,
461 2131 653 2175 Gregorio,
688 2136 720 2162 et
747 2128 940 2161 Bernardo.
1016 2125 1183 2170 Denique
1205 2122 1298 2156 iudi-

317 2188 409 2220 cium
427 2183 602 2219 Ecclesiae
619 2186 773 2214 nostram
796 2177 1120 2222 interpretationem
1138 2185 1298 2218 compro-

318 2240 393 2271 bat:
428 2234 592 2268 videlicet
618 2232 695 2276 piae
719 2237 751 2264 et
777 2229 907 2273 peritae
931 2226 1164 2261 conscientiae
1191 2236 1299 2268 agno-

322 2295 421 2321 scunt
436 2287 474 2319 in
491 2284 582 2318 veris
601 2280 851 2316 certaminibus
869 2279 1092 2313 statuendum
1118 2288 1208 2317 esse,
1236 2285 1300 2307 nos

321 2350 393 2371 non
411 2343 553 2382 propter
570 2340 687 2367 nostra
704 2333 793 2365 bene
807 2331 905 2371 facta,
933 2341 1005 2362 non
1023 2335 1163 2373 propter
1178 2327 1301 2369 legem,

324 2390 381 2422 sed
400 2388 505 2430 gratis
524 2392 663 2430 propter
679 2380 859 2416 Christum
875 2380 1040 2425 consequi
1061 2378 1300 2412 remissionem

322 2446 543 2483 peccatorum
576 2442 607 2468 ct
639 2433 904 2477 imputationem
935 2430 1111 2468 iusticiae,
1145 2429 1232 2468 fide,
1267 2427 1302 2459 id

325 2496 392 2530 est,
414 2487 538 2520 fiducia
556 2485 745 2528 promissae
761 2481 1022 2516 misericordiae
1039 2487 1181 2525 propter
1198 2477 1304 2512 Chri-

326 2548 429 2574 stum.
481 2536 556 2570 Hac
574 2535 743 2568 sententia
768 2535 878 2567 deleta
904 2534 941 2566 in
957 2532 1128 2572 Ecclesia,
1156 2536 1304 2575 quantae

326 2590 489 2624 tenebrae
508 2585 725 2631 sequuntur?
753 2585 832 2617 'Non
859 2584 1008 2626 intelligi
1034 2591 1177 2625 possunt
1199 2581 1304 2613 bene-

328 2642 403 2675 ficia
433 2636 589 2675 Christi,
637 2647 707 2668 non
745 2635 896 2678 conspici
933 2634 1119 2667 discrimen
1156 2632 1241 2679 legis
1274 2637 1306 2663 ct

1322 657 1523 702 Evangelii,
1555 669 1626 690 non
1650 657 1749 690 firma
1773 654 1967 689 consolatio
1994 654 2299 695 conscientiarum,

1324 721 1396 742 non
1421 721 1500 742 vera
1526 708 1700 741 invocatio
1717 707 1858 740 retineri
1878 712 2000 749 potest.
2054 704 2158 748 Quod
2182 711 2299 738 antem

1326 760 1455 793 Paulus
1478 760 1521 792 de
1546 757 1610 792 hae
1634 760 1706 802 ipsa
1732 757 1901 792 sententia
1933 756 2177 796 condonetur,
2218 755 2301 789 satis

1326 811 1433 855 liquet
1459 822 1497 843 ex
1521 810 1630 853 ipsius
1659 820 1830 843 sermone.
1896 806 2105 841 Retinemus
2128 806 2235 850 igitur
2258 817 2300 839 w

1326 859 1452 905 ῥητὸν,
1481 861 1559 905 quia
1584 861 1625 892 ad
1653 859 1686 892 id
1714 865 1911 901 congruunt
1934 868 2123 891 consensus
2148 856 2304 902 reliquae

1330 909 1555 954 propheticae
1579 917 1612 943 et
1632 908 1861 951 Evangelicae
1889 909 2081 952 scripturae
2104 915 2304 952 perpetuus,

1327 970 1358 995 et
1376 962 1583 994 eruditiores
1602 967 1736 1007 patres,
1765 966 1795 992 et
1814 959 1941 992 iudicia
1963 959 2152 1002 peritarum
2173 964 2206 990 et
2228 957 2304 1000 pia-

1329 1024 1404 1046 rum
1436 1011 1726 1044 conscientiarum
1762 1010 1797 1041 in
1825 1008 1991 1045 Ecclesia.
2058 1008 2155 1041 Haec
2186 1007 2306 1041 omnia

1328 1075 1406 1096 cum
1431 1061 1668 1099 consentiant,
1709 1060 1790 1093 satis
1814 1060 1912 1093 firma
1941 1059 2141 1093 testimonia
2166 1065 2305 1092 nostrae

1328 1112 1626 1156 interpretationis
1660 1108 1852 1148 habemus,
1892 1122 1956 1143 nec
1985 1109 2177 1143 calumnias
2203 1108 2309 1142 Men-

1329 1164 1476 1207 singeri,
1504 1162 1696 1203 Mustelae,
1724 1159 1914 1208 Campani,
1942 1167 2002 1194 aut
2022 1160 2172 1193 aliorum
2200 1159 2307 1203 perti-

1329 1214 1533 1254 mescimus,
1569 1213 1629 1258 qui
1652 1212 1888 1245 vociferantur
1913 1222 1977 1244 nos
2000 1208 2175 1253 adfingere
2197 1208 2308 1244 Paulo

1331 1277 1457 1298 novam
1483 1271 1517 1297 et
1540 1264 1727 1297 absurdam
1752 1262 1982 1300 sententiam,
2023 1273 2062 1295 ac
2086 1260 2219 1294 interea
2242 1260 2309 1304 ipsi

1332 1316 1519 1349 iussectunt
1534 1314 1636 1348 Pauli
1665 1314 1757 1347 dicta
1784 1314 1826 1346 ad
1853 1313 1971 1346 civiles
1997 1318 2031 1345 et
2047 1310 2218 1345 humanas
2233 1311 2311 1355 opi-

1332 1368 1476 1404 niones,
1498 1367 1540 1398 de
1556 1365 1692 1398 iusticia
1710 1370 1741 1397 et
1759 1363 1917 1396 moribus
1932 1388 1940 1404 ‚
1977 1374 2016 1395 ac
2039 1373 2201 1405 magnam
2226 1373 2311 1405 pru-

1333 1416 1471 1449 dentiae
1495 1416 1634 1448 laudem
1670 1426 1742 1446 esse
1766 1421 1912 1458 putant,
1948 1413 2141 1456 excogitare
2168 1412 2313 1445 concin-

1333 1479 1412 1500 nam
1445 1465 1793 1509 interpretationem,
1838 1476 1925 1508 quae
1960 1476 2038 1496 cum
2078 1460 2314 1507 philosophia,

1334 1529 1411 1550 cum
1429 1516 1608 1549 communi
1627 1527 1728 1548 sensu
1746 1514 1905 1547 omnium
1923 1514 2111 1557 impiorum
2135 1520 2316 1556 congruat.

1334 1568 1490 1610 fingunt
1523 1566 1670 1599 Paulum
1701 1563 1785 1597 haec
1816 1565 1932 1604 velle,
1980 1562 2140 1596 homiues
2175 1570 2317 1606 propter

1337 1619 1458 1657 sidem,
1485 1617 1519 1649 id
1544 1623 1612 1656 est,
1641 1615 1890 1659 professionem
1918 1612 2084 1647 historiae
2109 1614 2150 1646 de
2166 1611 2318 1654 Christo,

1337 1676 1369 1702 et
1397 1669 1506 1701 honos
1532 1678 1662 1706 mores,
1690 1666 1818 1699 habere
1843 1665 2137 1698 condonationem
2162 1671 2318 1706 peccato-

1340 1732 1436 1760 rum,
1463 1725 1495 1751 et
1513 1718 1579 1750 dici
1601 1718 1722 1750 iustos.
1769 1715 1820 1750 Ac
1838 1715 2009 1748 iusticiam
2029 1727 2144 1748 coram
2156 1713 2230 1748 Deo
2248 1727 2319 1748 esse

1340 1769 1429 1803 hanc
1453 1769 1733 1814 qualemcunque
1757 1767 1979 1810 disciplinam
2009 1778 2113 1811 quam
2146 1773 2320 1809 praestant

1340 1819 1521 1859 homines,
1549 1826 1577 1853 et
1602 1817 1692 1851 hanc
1716 1818 1781 1861 legi
1811 1817 1876 1850 Dei
1902 1817 2120 1850 satisfacere:
2156 1816 2320 1850 reiiciunt

1341 1870 1425 1905 haec
1455 1871 1645 1914 paradoxa,
1681 1876 1842 1901 naturam
1872 1865 2027 1900 hominis
2055 1867 2210 1900 vitiatam
2237 1879 2320 1907 esse,

1343 1929 1375 1955 ct
1393 1933 1465 1953 non
1491 1932 1587 1964 posse
1610 1920 1674 1962 legi
1695 1919 1759 1952 Dei
1777 1918 1990 1951 satisfacere:
2016 1924 2048 1950 et
2064 1915 2153 1950 hanc
2178 1924 2322 1951 naturae

1344 1971 1602 2011 infirmitatem,
1643 1969 1897 2003 dubitationem
1928 1969 1970 2001 de
2003 1966 2078 2000 Deo
2110 1975 2141 2001 et
2174 1974 2325 2001 caeteros

1345 2024 1497 2062 morbos,
1524 2032 1611 2065 quos
1628 2020 1870 2064 complectitur
1887 2025 2064 2063 peccatum
2080 2018 2236 2062 originis,
2252 2031 2325 2052 esse

1345 2085 1424 2107 vere
1448 2078 1583 2117 peccata
1609 2084 1724 2104 coram
1751 2070 1837 2104 Deo.
1916 2069 2073 2113 Spuerbe
2101 2070 2262 2104 derident
2288 2083 2325 2103 ca

1348 2135 1434 2170 quae
1457 2124 1499 2155 (le
1525 2130 1664 2170 peccato
1691 2121 1838 2164 originis
1868 2120 2036 2161 dicimus,
2074 2127 2237 2153 revocant
2263 2133 2326 2153 nos

1348 2176 1388 2208 ad
1416 2170 1690 2218 philosophiam:
1719 2171 1765 2205 Et
1782 2173 1818 2204 in
1843 2182 1995 2212 summa,
2022 2182 2093 2204 non
2118 2170 2213 2202 aliud
2239 2171 2326 2204 ima-

1350 2226 1515 2268 ginantur
1532 2235 1602 2257 esse
1622 2223 1793 2256 iusticiam
1814 2234 1930 2256 coram
1950 2221 2040 2260 Deo,
2068 2226 2124 2253 aut
2145 2232 2247 2264 quam
2274 2222 2326 2254 lex

1348 2276 1412 2310 Dei
1439 2275 1610 2319 postulat,
1638 2275 1705 2307 nisi
1729 2274 1824 2306 illam
1848 2274 1957 2317 ipsam
1983 2270 2224 2314 disciplinam,
2261 2285 2327 2316 qua

1350 2333 1513 2361 contenta
1530 2332 1579 2359 est
1597 2322 1830 2369 philosophia.
1891 2322 1991 2355 Hane
2007 2322 2210 2366 opinionem
2229 2322 2329 2356 Pela-

1354 2378 1429 2422 gius
1463 2377 1636 2421 professus
1668 2382 1741 2415 est,
1783 2374 1841 2407 sed
1865 2373 1996 2405 semina
2029 2384 2145 2414 sparsa
2178 2380 2260 2407 sunt
2293 2374 2330 2406 in

1353 2427 1613 2462 commentariis
1631 2424 1808 2469 Origenis.
1874 2422 1918 2457 Et
1936 2435 2013 2456 cum
2032 2423 2075 2456 sit
2098 2423 2219 2467 opinio
2244 2436 2329 2458 con-

1354 2486 1516 2513 sentanea
1538 2477 1669 2511 iudicio
1693 2476 1838 2509 rationis
1855 2473 2049 2512 humanae,
2078 2486 2166 2518 quae
2190 2486 2260 2508 non
2280 2483 2331 2508 est

1355 2537 1492 2574 experta
1518 2541 1600 2562 vero
1625 2538 1771 2573 pavores
1798 2532 1831 2559 et
1854 2525 2129 2558 consolationem
2155 2537 2270 2558 veram
2295 2526 2329 2558 in

1356 2580 1588 2625 poenitentia,
1621 2578 1720 2611 facile
1745 2575 1904 2609 homines
1929 2574 2012 2608 haec
2036 2573 2179 2609 πιθανὰ
2202 2577 2332 2619 ample-

1356 2639 1505 2665 ctuntur.
1562 2629 1609 2662 lta
1628 2639 1763 2671 semper
1779 2624 1962 2671 Prophetis
1980 2627 2123 2659 suerunt
2142 2628 2329 2660 certamina
