2415 2942
99 109 171 146 129
506 105 588 143 ΧΠ.

97 194 246 229 Iudaeos
274 199 307 227 et
329 198 459 237 gentes.

93 245 236 283 Sermo,
262 256 365 290 quem
382 244 518 277 locutus
543 255 638 284 sum,
665 242 835 276 iudicabit
860 253 938 274 eum
965 241 1085 273 novis-
1111 263 1112 271 1

93 296 182 329 simo
200 295 270 329 die.
322 293 578 338 Complectitur
592 294 685 327 enirn
695 290 857 326 Christus
875 298 908 325 et
926 292 1085 331 verbum,

94 353 128 380 et
144 345 264 380 omnia
279 345 481 379 testimonia
498 345 590 378 edita
607 344 650 376 de
668 343 795 383 verbo,
822 353 911 387 quae
935 341 1085 374 convin-

93 403 178 432 cunt
194 407 316 430 omnes
333 395 481 440 impios,
509 393 656 428 Iudaeos
673 399 705 426 et
722 399 852 436 gentes.

144 477 337 528 Quomodo
365 478 516 525 potestis
550 488 610 510 vos
635 472 789 518 credere,
829 474 895 523 qui
920 473 1084 521 gloriam

197 530 298 564 alius
316 529 363 563 ab
379 528 458 562 alio
475 525 669 574 accipitis?

169 596 249 631 Duo
266 596 303 628 in
318 596 386 628 fine
402 594 512 633 addit,
540 604 692 635 causam,
715 604 822 638 quare
839 604 911 625 non
929 593 1085 633 credant,

95 655 128 682 et
144 646 464 680 comminationem.
518 643 628 677 Causa
656 650 722 683 est,
750 643 833 687 quia
851 643 999 685 gloriam
1017 640 1084 675 hu-

94 709 234 730 manam
265 701 450 741 quaerunt.
516 694 688 737 Blagnum
716 694 1009 737 impedimentum
1033 701 1084 728 est

93 748 175 781 fidei
206 754 239 781 et
268 745 516 785 confessionis,
567 745 755 777 solicitudo
782 745 824 776 de
851 745 944 777 victu
981 751 1013 777 et
1042 746 1084 777 de

93 799 185 837 vita,
216 798 273 830 sed
292 797 401 830 multo
421 796 534 829 maius
562 801 612 828 est
639 796 683 828 de
705 795 816 837 gloria
842 801 874 828 et
901 795 1082 839 opinione.

92 848 311 882 Praestantes
326 847 393 879 viri
418 847 546 879 nolunt
570 846 682 878 videri
709 845 864 878 seditiosi
889 853 920 878 et
945 853 1083 889 pertur-

92 900 231 932 batores
250 898 408 941 publicae
426 897 536 940 pacis,
563 903 596 929 et
612 896 795 929 constituti
820 902 927 928 status
954 897 990 928 in
1016 897 1084 928 im-

93 949 220 994 periis,
247 948 406 981 iudicant
431 945 618 980 honestum
644 958 717 979 esse
741 946 869 979 sentire
886 958 964 979 cum
983 958 1082 990 prae-

94 1000 224 1044 cipuis,
264 999 326 1043 qui
351 998 537 1031 autoritate
561 998 793 1037 antecellunt,
826 1004 858 1030 et
885 997 1084 1030 defensores

95 1062 167 1084 esse
183 1049 389 1083 concordiae
406 1048 625 1085 communis,
649 1055 681 1081 et
699 1054 748 1080 est
767 1048 964 1091 plausibilis
982 1060 1083 1080 men-

94 1101 144 1135 tio
164 1101 271 1133 studii
291 1100 382 1143 pacis
399 1105 431 1132 et
447 1099 665 1133 concordiae.
718 1097 807 1130 Nam
825 1109 945 1130 revera
973 1096 1083 1130 hone-

93 1158 184 1185 stum
201 1157 269 1190 est,
297 1162 416 1194 pacem
444 1156 476 1182 et
492 1149 717 1182 concordiam
744 1160 806 1181 suo
832 1148 957 1181 ordine
983 1149 1084 1189 tueri,

96 1202 156 1235 sed
197 1213 276 1234 cum
313 1207 477 1233 taxantur
510 1206 693 1243 potentum
733 1199 827 1231 idola
869 1206 902 1232 et
939 1210 1084 1237 errores,

96 1252 212 1286 sciunt
241 1251 413 1294 sapientes
438 1250 534 1294 sequi
560 1261 703 1292 magnas
728 1261 844 1281 rerum
872 1250 1085 1282 mutationes

97 1309 130 1336 et
146 1301 437 1346 perturbationes.
493 1300 576 1332 ldeo
598 1300 737 1342 fugiunt
756 1301 1006 1343 professionem
1025 1312 1085 1331 ve-

97 1353 231 1392 ritatis,
264 1358 323 1384 aut
347 1351 451 1384 etiam
481 1351 650 1389 oderunt,
682 1362 745 1382 nec
767 1350 934 1393 possibile
958 1356 1008 1383 est
1031 1362 1085 1382 san

97 1403 276 1447 pientibus
292 1402 367 1434 sine
384 1401 460 1434 luce
486 1400 607 1433 divina
632 1398 726 1433 hunc
747 1400 908 1434 affectum
933 1400 1084 1441 vincere,

96 1453 169 1486 imo
186 1452 309 1485 durius
326 1458 376 1485 est
392 1457 524 1490 morte,
549 1451 670 1483 venire
685 1451 722 1483 in
740 1451 859 1483 odium
878 1451 1087 1495 sapientum,
1112 1455 1113 1468 ³

96 1509 130 1537 et
146 1503 216 1536 dici
232 1502 455 1542 seditiosum,
480 1508 513 1534 et
530 1513 725 1534 eversorem
738 1500 924 1542 Ecclesiae,
951 1508 983 1534 et
1002 1502 1086 1534 boni

97 1561 216 1588 status.
275 1551 454 1586 Adversus
488 1549 580 1584 hanc
614 1552 844 1585 tentationem
885 1553 1087 1585 consolatur

95 1616 161 1637 nos
178 1603 299 1637 Esaias
317 1615 389 1647 cap.
405 1604 482 1638 51.:
524 1602 643 1636 Nolite
670 1603 792 1636 timere
818 1604 946 1646 probra
970 1601 1086 1636 homi-

97 1667 205 1692 num,
247 1661 281 1687 et
312 1651 549 1696 blasphemias
581 1665 704 1686 eorum
735 1666 778 1686 ne
810 1654 983 1687 metuatis.
1041 1652 1087 1687 Et

97 1703 229 1737 Paulus
245 1702 328 1736 huic
345 1703 483 1736 affectui
502 1704 649 1746 opponit
673 1704 800 1736 multas
822 1705 1029 1743 sententias,
1056 1712 1088 1738 et

99 1755 137 1787 in
154 1752 210 1787 his
237 1765 393 1798 quoque:
427 1752 508 1786 Non
534 1754 642 1796 pudet
665 1766 718 1786 me
734 1752 918 1796 Evangelii
944 1752 1087 1789 Christi.

99 1803 338 1839 Comminatio
356 1810 416 1838 est.
469 1802 571 1836 Alius
588 1803 705 1836 veniet
724 1804 760 1836 in
778 1805 921 1837 nomine
939 1816 1020 1845 suo,
1043 1805 1087 1837 il-

98 1855 173 1888 lum
190 1854 376 1898 accipietis.
430 1852 548 1886 Poena
566 1860 616 1887 est
633 1854 798 1887 contemti
815 1853 997 1897 Evangelii
1016 1867 1089 1887 ma-

98 1905 153 1938 ior
177 1905 318 1938 caecitas
340 1910 371 1937 et
394 1904 564 1943 amentia,
597 1905 640 1937 ad
666 1903 770 1938 Rom.
793 1905 863 1937 1t.:
901 1904 1025 1938 Oculis
1046 1917 1089 1937 ue

98 1956 261 1996 videant,
286 1962 347 1988 etc.
390 1957 426 1989 2.
441 1951 547 1988 Thes.
565 1956 617 1989 Q:
645 1953 738 1997 Quia
757 1955 980 1988 dilectionem
998 1956 1088 1988 veri-

98 2006 180 2040 tatis
203 2018 275 2039 non
297 2012 521 2049 receperunt3
556 2005 637 2037 ideo
662 2005 770 2038 mittit
795 2006 843 2038 eis
860 2004 957 2038 Dens
975 2007 1089 2039 effica-

100 2069 174 2091 cem
190 2057 452 2100 deceptionem,
479 2062 518 2089 ut
537 2062 681 2088 eventus
704 2057 869 2099 ostendit,
898 2057 933 2089 in
953 2056 1089 2090 ludaeis

100 2108 148 2141 ita
168 2113 352 2140 creverunt
373 2106 565 2150 pertinacia
586 2113 618 2139 et
635 2106 744 2147 furor,
772 2114 811 2141 ut
828 2109 969 2140 tandem
987 2119 1089 2151 pror-

99 2169 157 2192 sus
177 2159 363 2202 perderent
379 2164 486 2191 totam
505 2163 652 2199 gentem.
688 2156 836 2191 Punitae
855 2165 934 2191 sunt
956 2165 989 2192 et
1006 2170 1090 2202 gen-

97 2309 311 2343 Pontificum
329 2317 362 2343 et
376 2306 638 2342 Monachorum
651 2335 660 2350 ,
687 2311 747 2354 qui
762 2308 954 2344 Ecclesiam
974 2309 1091 2344 horri-

101 2361 222 2396 biliter
239 2367 432 2396 vastarunt.

462 2477 600 2532 Caput
652 2478 730 2520 VI.

201 2562 309 2597 Initio
325 2560 432 2597 huius
449 2562 572 2607 capitis
590 2562 725 2607 aliquid
743 2561 785 2594 de
803 2562 890 2595 serie
913 2559 1092 2606 historiae,

102 2620 135 2648 et
158 2614 283 2648 ordine
312 2626 488 2648 annorum
515 2613 790 2658 praedicationis
813 2610 945 2647 Christi
971 2614 1093 2648 dicen-

99 2666 184 2700 dum
209 2671 271 2700 est.
332 2664 426 2708 Quia
451 2664 546 2698 enim
569 2662 627 2697 hic
652 2665 690 2699 fit
713 2663 845 2698 mentio
863 2662 1034 2708 Paschae,
1060 2673 1094 2701 et

155 2717 335 2749 Mummi.
356 2718 459 2749 Oeen.
489 2714 575 2751 V01..
593 2717 672 2748 XV.

642 104 939 143 ENARRATIO
969 105 1020 141 IN
1046 102 1229 142 EVANG.
1258 100 1472 138 lOANNtS.
1524 100 1627 137 CAP.
1654 103 1715 138 YI.

512 191 595 226 Ideo
614 192 700 227 dicit
712 189 875 226 Christus
892 190 988 225 Ioan.
1011 191 1084 226 12:
1110 194 1113 214 ῑ
1137 187 1284 223 historia
1305 188 1466 222 miraculi
1484 185 1549 221 hoc
1571 195 1729 233 tempore
1753 189 1853 231 facti,
1880 191 1982 224 etiam
2008 204 2025 224 a
2044 193 2127 225 reli-

1111 245 1113 257 l

2059 110 2130 142 130

1138 240 1215 284 quis
1266 240 1379 273 tribus
1420 239 1638 282 evangelicae
1681 238 1847 274 historiae
1889 242 2128 285 scriptoribus,

1138 301 1280 333 prorsus
1303 291 1426 322 eodem
1451 292 1555 322 modo
1581 299 1760 324 narratur:
1808 299 1939 325 certum
1967 299 2016 326 est
2040 300 2128 326 tem-

1137 351 1202 383 pus
1225 351 1437 381 congruere,
1481 341 1575 384 quod
1607 341 1738 374 factum
1764 342 1869 376 fuerit
1895 343 1997 376 initio
2023 344 2126 381 veris,

1137 397 1171 422 et
1189 390 1253 421 snb
1270 390 1396 422 festum
1417 390 1511 422 illius
1534 389 1705 431 Paschae,
1733 405 1810 425 cum
1830 406 1902 426 non
1921 394 2031 426 multo
2047 401 2127 427 ante

1137 440 1341 473 interfectus
1367 447 1453 473 esset
1473 439 1639 480 Ioannes,
1664 441 1751 475 sicut
1769 443 1858 475 clare
1876 444 2031 478 scribunt
2051 457 2127 477 cae-

1136 490 1213 530 teri,
1241 491 1298 522 sed
1318 490 1415 534 quoti
1433 490 1517 522 anui
1534 490 1568 522 id
1580 489 1709 523 Pascha
1727 492 1816 525 suit?
1842 492 1929 526 Nam
1948 495 1990 527 (le
2012 495 2127 538 primo

1136 538 1306 574 Paschate
1333 551 1437 583 supra
1462 540 1543 573 satis
1563 541 1744 586 perspicue
1764 543 1895 576 dictum
1916 552 1984 582 est,
2019 543 2127 578 Chri-

1137 597 1229 624 stum
1253 602 1271 623 a
1297 590 1410 634 primo
1437 591 1605 623 miraculo
1630 591 1720 625 sacto
1745 592 1782 624 in
1807 594 1940 637 nuptiis
1967 595 2002 626 in
2020 595 2127 634 Cana,

1136 641 1331 674 ascendisse
1352 639 1599 686 lerosolymam
1626 643 1668 674 ad
1692 643 1836 683 festum,
1872 656 1909 676 ac
1934 645 2050 678 iudico
2067 647 2128 678 de-

1137 692 1244 725 scribi
1264 691 1469 724 continuam
1490 690 1671 725 historiam
1692 693 1867 734 eiusdem,
1892 695 2007 736 primo
2024 708 2128 735 anno,

1136 743 1173 774 in
1192 742 1372 786 prioribus
1388 742 1546 786 quinque
1570 742 1761 785 capitibus,
1798 745 1840 776 de
1863 745 1978 778 reditu
1995 743 2128 778 Christi

1137 793 1173 825 in
1192 792 1386 826 Galilaeam
1406 799 1437 825 et
1451 793 1599 826 transitu
1618 805 1677 836 per
1694 793 1887 826 Samariam
1905 802 1935 828 et
1953 797 2068 829 reditu
2084 797 2128 829 ad

1109 853 1111 882 ζ
1136 844 1262 877 festum
1288 842 1526 877 Pentecostes:
1568 845 1626 876 sed
1654 845 1691 876 in
1721 842 1785 877 hoc
1812 847 1923 889 capite
1957 858 2046 879 nova
2073 858 2129 879 sc-

1136 894 1205 926 ries
1228 894 1444 934 instituitur,
1478 901 1510 927 et
1536 901 1679 937 apparet
1703 895 1871 928 omissum
1902 908 1973 929 esse
1996 909 2129 931 annum

1136 945 1331 988 integrum,
1360 944 1396 976 in
1414 957 1482 989 quo
1503 951 1532 977 et
1552 943 1712 978 Christus
1735 946 1846 990 coepit
1873 948 1999 990 passim
2028 959 2129 991 prae-

1137 996 1272 1033 dicare,
1309 995 1512 1038 praesertim
1538 996 1573 1027 in
1598 994 1776 1036 Galilaea,
1814 1004 1996 1042 postquam
2023 998 2128 1031 Ioan-

1136 1057 1197 1078 nes
1215 1052 1355 1089 captus,
1383 1052 1416 1078 et
1438 1053 1556 1090 postea
1581 1046 1783 1080 interfectus
1811 1054 1879 1085 est,
1914 1060 1991 1081 cum
2011 1046 2129 1082 hacte-

1136 1109 1203 1129 nus
1220 1097 1334 1140 primo
1354 1108 1416 1128 suo
1433 1108 1527 1129 anno
1550 1097 1621 1129 fere
1646 1097 1681 1128 in
1704 1096 1829 1129 Iudaea
1855 1105 1886 1131 et
1905 1097 2130 1135 lerosolvmis

1137 1154 1223 1180 esset
1239 1147 1486 1184 concionatus,
1515 1153 1548 1178 et
1570 1145 1693 1179 loanni
1715 1145 1910 1180 Galilaeam
1927 1139 2077 1185 cesserit.

1241 1196 1347 1238 Quod
1375 1208 1456 1228 vero
1483 1197 1527 1228 ab
1557 1194 1623 1229 hoc
1663 1198 1775 1240 capite
1819 1200 1959 1231 tertium
1996 1197 2128 1233 Pascha

1137 1248 1397 1279 numerandum
1416 1247 1459 1279 sit
1477 1247 1551 1279 eius
1566 1248 1744 1290 temporis,
1772 1261 1841 1293 quo
1852 1247 2012 1282 Christus
2031 1263 2130 1292 prae-

1111 1339 1113 1346 λ
1138 1298 1285 1335 dicavit,
1326 1298 1543 1341 reliquorum
1570 1296 1875 1341 Evangelistarum
1907 1302 2129 1335 narrationes

1112 1392 1113 1401 ἵ
1139 1348 1316 1386 indicant,
1342 1359 1381 1379 ex
1403 1348 1531 1392 quibus
1557 1349 1675 1391 colligi
1700 1357 1829 1393 potest,
1866 1349 2033 1384 Ioannem
2062 1352 2131 1384 cir-

1116 2189 1117 2204 }
1142 2156 1282 2191 Christo
1303 2170 1341 2191 ex
1360 2170 1496 2191 carcere
1522 2159 1628 2193 mittit
1652 2161 1853 2204 discipulos.

100 2216 150 2242 tes
181 2215 326 2256 propter
366 2207 623 2249 neglectionem
663 2206 869 2252 Evangelii,
916 2216 1090 2243 venerunt
1144 2208 1288 2242 Ioannis
1317 2221 1388 2241 non
1408 2210 1524 2242 subito
1554 2211 1669 2253 perfici
1687 2212 1829 2254 potuit,
1855 2212 1914 2244 sed
1938 2212 2133 2246 intercessit

97 2259 253 2303 primum
279 2256 462 2298 haeretici,
491 2264 607 2301 postea
626 2256 871 2303 Mahomems,
899 2267 931 2293 et
956 2271 1091 2293 errores
1116 2261 1117 2297 ζ
1143 2267 1282 2304 tempus
1305 2261 1457 2303 amplius
1480 2272 1592 2301 anno,
1635 2274 1711 2294 cum
1739 2259 1904 2295 Christus
1929 2262 2070 2296 interim
2095 2263 2133 2296 in

1139 1399 1226 1431 citer
1250 1398 1432 1430 biennium
1458 1399 1704 1432 concionatum
1737 1413 1822 1433 esse.
1886 1399 1971 1434 Nam
1998 1414 2075 1434 cum
2102 1403 2131 1436 is

1138 1449 1313 1494 principio
1331 1449 1367 1481 in
1384 1449 1460 1481 loco
1479 1449 1628 1482 maxime
1651 1451 1766 1483 vicino
1785 1451 1932 1485 Iudaeae
1949 1454 1988 1485 ad
2012 1453 2132 1487 lorda—

1138 1512 1220 1533 11em
1256 1500 1427 1533 incoasset
1458 1511 1560 1532 suurn
1593 1502 1825 1544 baptismum,
1864 1515 1933 1547 quo
1969 1515 2132 1546 magnam

1139 1550 1404 1584 multitudinem
1432 1563 1471 1583 ex
1493 1551 1579 1583 urbe
1604 1551 1811 1597 ierosolyma
1843 1565 2012 1596 egressam
2045 1566 2131 1596 esse,

1139 1602 1261 1635 scribit
1280 1601 1441 1641 Marcus,
1470 1609 1585 1644 postea
1604 1603 1742 1635 secessit
1762 1604 1797 1635 in
1819 1603 2035 1645 Galilaeam,
2064 1605 2132 1637 cir-

1141 1652 1297 1685 cumiens
1322 1651 1415 1694 ripas
1438 1651 1613 1692 iordanis,
1642 1660 1675 1687 et
1702 1654 1854 1698 reliquas
1875 1667 1954 1687 oras
1979 1655 2133 1696 accessit,

1141 1704 1252 1736 donec
1269 1699 1431 1735 Christus
1457 1703 1560 1735 etiam
1579 1716 1617 1735 cx
1634 1703 1825 1743 Nazareth,
1852 1717 1929 1738 cum
1948 1706 1983 1738 in
2004 1706 2133 1739 vicinia

1141 1760 1226 1787 esset
1252 1754 1293 1785 ad
1313 1751 1546 1785 Betharabam
1567 1752 1646 1800 (scu
1665 1753 1915 1797 Bethabaram)
1941 1757 2133 1798 accederet,

1141 1811 1180 1838 ut
1197 1804 1240 1836 ab
1266 1816 1306 1836 eo
1333 1804 1587 1846 baptizaretur,
1618 1806 1744 1838 deinde
1765 1807 2019 1851 aliquantisper
2036 1820 2132 1840 com-

1141 1860 1298 1887 moratus
1325 1854 1362 1886 in
1380 1853 1559 1895 Galilaea,
1594 1857 1635 1888 ad
1656 1856 1766 1889 Salim
1788 1857 1931 1897 urbem,
1965 1865 2004 1892 ut
2026 1869 2133 1902 supra

1143 1916 1215 1948 cap.
1240 1905 1272 1937 3.
1305 1905 1461 1938 narravit
1487 1904 1655 1944 Ioannes,
1700 1914 1732 1940 et
1765 1907 1992 1951 baptizasset,
2033 1916 2134 1941 ante-

1142 1967 1248 2000 quam
1270 1955 1314 1988 ab
1334 1954 1474 1987 Herode
1493 1964 1691 1999 caperetur,
1728 1965 1759 1991 et
1785 1959 1990 2003 aliquandiu
2013 1965 2133 2002 postea

1143 2006 1370 2039 concionatus
1395 2013 1444 2038 est
1467 2005 1625 2047 Herodi,
1662 2015 1694 2041 et
1719 2020 1821 2052 saepe
1847 2010 1890 2042 ab
1915 2021 1955 2042 eo
1979 2010 2132 2050 auditus,

1143 2057 1202 2089 sed
1225 2058 1366 2089 tandem
1393 2057 1429 2088 in
1455 2069 1625 2090 carcerem
1653 2060 1847 2100 coniectus,
1890 2062 1921 2093 et
1947 2061 1984 2092 in
2006 2072 2045 2093 eo
2068 2061 2134 2092 ali-

1143 2107 1302 2152 quandiu
1329 2108 1490 2141 detentus
1517 2109 1719 2154 priusquam
1748 2111 2018 2151 interficeretur,
2050 2111 2133 2156 quia

1918 2160 1985 2194 Hic
2011 2172 2133 2195 cursus

1145 2310 1273 2343 Iudaea
1309 2311 1480 2344 incoasset
1509 2312 1766 2353 ministerium,
1802 2319 1834 2345 et
1859 2325 1953 2346 nunc
1977 2314 2131 2357 primum

1144 2361 1272 2395 tradito
1290 2360 1423 2394 Ioanne
1440 2362 1475 2394 in
1494 2374 1681 2403 carcerem,
1708 2363 1746 2395 in
1766 2362 1924 2396 Galilaea
1944 2364 2133 2397 conciona-

1146 2419 1261 2450 retur,
1300 2419 1331 2446 et
1356 2424 1430 2444 eam
1462 2413 1679 2454 circumiret,
1715 2415 1830 2459 quoad
1867 2415 1971 2447 etiam
1997 2414 2133 2448 Herodi

1146 2463 1321 2504 innotuit,
1352 2463 1440 2495 sicut
1457 2462 1599 2495 Marcus
1617 2475 1691 2508 cap.
1707 2466 1736 2499 1.
1756 2465 1814 2505 ait,
1839 2462 2020 2498 Christum
2037 2472 2135 2509 post-

1146 2526 1251 2558 quam
1278 2513 1427 2547 Ioannes
1453 2514 1601 2546 traditus
1620 2521 1689 2556 est,
1715 2516 1851 2548 venisse
1868 2516 1906 2548 in
1926 2514 2133 2555 Galilaeam.

1146 2563 1242 2598 Hinc
1259 2564 1327 2598 iam
1348 2564 1504 2608 sequitur
1514 2562 1656 2604 Pascha,
1684 2567 1779 2611 quod
1797 2566 1864 2599 fuit
1881 2566 2022 2600 initium
2039 2566 2135 2600 tertii

1147 2616 1268 2649 annia
1287 2615 1546 2659 praedicatione
1564 2614 1720 2657 Ioannis,
1747 2617 1845 2650 cuius
1864 2615 1922 2649 hic
1939 2617 1976 2651 fit
1993 2617 2137 2656 mentio,

1146 2678 1227 2701 cum
1243 2672 1277 2700 et
1291 2664 1452 2700 Christus
1475 2666 1544 2699 iam
1564 2667 1635 2699 fere
1658 2668 1908 2713 sesquianuum
1939 2668 2137 2713 praedicas-

1606 2717 1630 2751 9
