2415 2942
384 89 483 127 XIII.

261 176 307 212 Si
328 177 422 212 enim
441 175 637 212 Abraham
655 190 701 213 ex
719 178 886 227 operibus
902 183 963 216 etc.

124 93 196 130 889

221 253 380 288 Primum
405 267 563 299 expressa
588 255 796 289 asseveratio
821 255 858 288 in
879 261 972 288 textu
995 253 1113 287 consi-

122 306 275 340 deranda
300 312 369 346 est,
403 307 498 351 quod
522 314 639 350 aperte
665 306 815 339 affirmat
838 305 970 339 Paulus
996 303 1112 338 Abra-

122 355 203 391 bam
226 368 299 389 non
322 357 429 390 fuisse
449 357 579 390 iustum
602 369 719 390 coram
736 355 811 390 Deo
838 363 982 401 propter
1005 366 1110 399 opera

121 419 201 448 sua,
228 408 317 440 sicut
334 415 367 441 et
385 419 489 451 supra
509 409 640 441 dictum
658 414 726 441 est:
755 404 807 439 Ex
827 407 993 450 operibus
1022 406 1110 449 legis

123 471 196 491 nou
214 458 460 492 iustificabitur
482 458 597 492 omnis
623 470 715 492 caro,
769 455 816 490 Et
842 455 932 490 nibil
959 457 1108 490 dubium

122 516 172 542 est
207 510 389 553 complecti
419 509 568 542 Paulum
602 520 706 552 opera
745 509 914 541 moralia:
961 520 1040 541 nam
1076 514 1109 540 et

122 557 300 593 Abrabam
320 560 500 593 antecessit
520 559 678 603 politiam
690 557 799 592 Moisi
818 559 919 592 annis
935 559 1108 605 quadrin-

121 611 232 654 gentis
249 617 282 644 et
299 611 441 654 triginta
461 611 515 643 vel
534 610 684 645 circiter.

221 677 357 711 Deinde
398 677 641 711 consideretur
682 675 961 710 accommodatio
1004 676 1107 709 dicti:

119 727 278 762 Credidit
304 727 481 762 Abraham
507 728 600 768 Deo,
633 733 666 761 et
692 727 905 771 imputatum
932 733 982 760 est
1007 727 1038 759 ei
1064 727 1107 759 ad

120 779 304 814 iusticiam.
357 779 456 812 Alibi
480 779 561 811 citat
583 776 668 811 baec
690 777 800 813 dicta:
832 777 947 811 Iustus
972 789 1033 811 sua
1054 778 1107 810 vi-

119 836 186 863 vet.
238 831 341 863 Item:
369 829 439 872 Qui
458 829 569 863 credit
587 829 623 861 in
643 841 742 870 eum,
768 841 841 862 non
859 829 1107 864 confundetur.

118 879 185 913 Hic
210 887 324 913 autem
351 881 471 914 recitat
503 881 656 924 primum
685 880 837 918 dictum,
875 880 911 912 in
946 892 1016 925 quo
1049 891 1106 912 ex-

118 942 232 974 presse
260 931 296 962 fit
324 932 455 963 mentio
478 931 571 965 fidei.
628 930 714 964 Vult
739 933 832 964 enim
859 937 891 963 ct
907 928 972 963 hoc
989 937 1107 963 osten-

118 983 217 1020 dere,
246 993 318 1013 non
339 982 455 1014 afferri
473 994 568 1014 nunc
586 982 783 1015 doctrinam
806 982 961 1025 ignotam
984 979 1106 1014 Eccle-

117 1033 186 1065 siae
203 1031 347 1064 Patrum
367 1039 399 1065 et
421 1030 697 1076 Prophetarum,
726 1033 784 1066 sed
803 1032 947 1066 eandem
967 1032 1003 1064 in
1025 1044 1105 1065 vera

115 1080 270 1116 Ecclesia
290 1084 488 1116 doctrinam
506 1085 547 1116 de
568 1084 704 1117 iusticia
723 1095 861 1127 semper
877 1083 997 1116 fuisse.
1059 1082 1107 1117 Ut

117 1141 232 1167 autem
258 1135 500 1167 accomodatio
527 1141 620 1167 recte
644 1135 882 1177 intelligatur,
910 1133 1106 1166 cavillatio-

117 1196 178 1217 nes
204 1185 409 1217 refutandae
426 1183 537 1231 1sunt,
571 1197 660 1230 quae
682 1192 932 1230 opponuntur,
955 1197 1105 1231 quarum

116 1236 228 1280 prima
255 1232 339 1268 baec
368 1242 427 1269 est.

218 1340 361 1372 Prima
391 1339 621 1370 cavillatio
645 1341 1004 1373 adversariorum.

216 1408 422 1441 Adversarii
450 1408 592 1449 dicunt,
628 1407 778 1441 Paulum
799 1409 899 1443 abuti
915 1407 981 1443 hoc
999 1411 1104 1453 dicto,

114 1460 195 1504 quia
220 1459 268 1492 ibi
295 1459 425 1492 dicitur
451 1460 493 1491 de
517 1459 584 1491 fide
615 1466 818 1502 expectante
852 1461 1104 1505 posteritatem.

114 1512 161 1545 At
180 1508 411 1552 Evangelium
437 1510 594 1554 loquitur
616 1510 658 1543 de
687 1510 754 1544 fide
771 1519 980 1555 agnoscente
999 1511 1102 1547 Chri-

114 1568 205 1595 stum
223 1560 428 1594 crucifixum
446 1568 478 1593 et
497 1561 758 1602 resuscitatum,
787 1569 819 1595 et
835 1563 1029 1606 accipiente
1049 1576 1102 1596 re-

114 1611 316 1644 missionem
336 1618 555 1653 peccatorum
569 1638 578 1651 ,
605 1610 699 1654 Ergo
718 1613 761 1645 de
779 1613 846 1646 alia
869 1612 937 1647 fide
957 1613 1101 1656 Moises‚

114 1663 156 1695 de
174 1662 241 1695 alia
258 1660 389 1694 Paulus
406 1661 576 1706 loquitur.

214 1728 445 1772 Respondeo:
476 1728 528 1762 De
546 1729 711 1763 omnibus
728 1731 894 1775 exemplis
912 1732 948 1765 in
973 1733 1102 1777 quibus

114 1781 278 1814 laudatur
296 1780 390 1819 fides,
419 1785 457 1812 ut
478 1778 639 1818 Gedeon,
669 1779 792 1821 David,
821 1783 970 1816 credunt
988 1783 1101 1818 Deum

113 1832 197 1876 ipsis
217 1831 471 1874 praeliantibus
489 1830 682 1863 affuturum
700 1843 793 1865 esse:
828 1833 930 1866 etiam
950 1846 1028 1867 cum
1047 1847 1101 1869 res

112 1890 252 1916 externa
275 1882 406 1924 petitur
426 1888 457 1914 et
473 1888 684 1924 expectatur,
711 1895 848 1927 semper
863 1891 978 1917 tamen
995 1897 1100 1929 opor—

110 1940 159 1967 tet
184 1932 385 1976 praelucere
413 1929 502 1964 hanc
528 1932 650 1971 fidem,
688 1946 756 1978 qua
781 1935 953 1979 accipitur
975 1949 1100 1970 recou-

110 1984 241 2018 ciliatio
260 1991 403 2027 propter
421 1983 648 2016 mediatorem
662 2009 670 2022 ,
699 1985 794 2018 iuxta
811 1986 963 2020 dictum:
987 1987 1099 2022 Nemo

112 2042 222 2077 potest
245 2034 365 2066 venire
392 2035 434 2066 ad
463 2040 597 2076 patrem
631 2035 699 2068 nisi
734 2048 795 2079 per
827 2037 951 2071 filium.
1013 2037 1098 2072 Item

112 2084 215 2120 Rom.
236 2083 288 2118 5.:
316 2081 487 2117 Perbunc
505 2081 673 2119 hahemus
690 2098 864 2120 accessum
883 2088 960 2122 fide.
997 2088 1099 2122 Sem-

110 2148 172 2179 per
196 2136 304 2179 igitur
322 2135 474 2178 primum
495 2141 525 2167 et
546 2136 739 2179 principale
757 2139 933 2172 obiectum
950 2138 1032 2173 fidei
1049 2149 1099 2175 est

108 2186 203 2220 Deus
229 2198 301 2218 non
325 2186 494 2225 irascens,
521 2186 581 2218 sed
608 2195 751 2231 propter
778 2189 890 2223 filium
916 2202 980 2223 nos
1003 2193 1094 2225 reci-

107 2238 228 2282 piens,
256 2244 288 2271 et
314 2237 426 2280 prima
454 2237 546 2270 lucta
570 2245 641 2279 est,
670 2239 728 2272 An
753 2240 851 2274 Deus
877 2242 961 2276 velit
983 2248 1016 2275 te
1042 2255 1097 2276 re-

108 2300 234 2332 cipere.

208 2354 368 2400 Cumque
391 2355 460 2388 iam
487 2356 665 2390 credimus
690 2369 769 2391 eum
796 2371 869 2393 esse
886 2362 1096 2405 propicium,

111 2413 226 2450 postea
249 2414 469 2450 expectamus
495 2407 539 2440 ab
565 2419 604 2440 eo
630 2415 764 2442 caetera
788 2410 968 2447 beneficia.
1022 2412 1095 2446 Ge-

110 2460 221 2498 deon,
254 2456 368 2490 David
395 2470 467 2491 non
501 2465 642 2500 possent
670 2472 688 2492 a
714 2459 790 2493 Deo
817 2469 932 2505 petere
957 2464 1012 2496 vel
1037 2476 1094 2497 ex-

110 2515 245 2552 pectare
262 2508 442 2549 victorias,
471 2509 538 2541 nisi
559 2510 655 2552 prius
675 2513 857 2546 crederent
876 2525 911 2546 se
936 2522 1093 2558 receptos

108 2570 181 2592 esse
195 2566 229 2592 et
244 2559 377 2602 placere
392 2558 478 2592 Deo.
512 2559 639 2595 Sciunt
656 2569 772 2596 autem
793 2575 831 2596 ex
849 2565 1093 2608 promissione,

107 2611 202 2655 quod
219 2610 431 2653 recipiantur
446 2608 608 2645 homines
625 2625 688 2656 per
705 2614 983 2648 misericordiam
1010 2629 1091 2661 pro-

106 2668 182 2705 pter
203 2661 446 2703 mediatorem,
479 2662 573 2696 iuxta
600 2664 750 2698 dictum:
795 2664 836 2699 In
868 2668 1002 2701 semine
1029 2676 1089 2703 tuo

529 92 564 128 3.
591 90 891 129 ENARRATIO
924 91 1079 132 EPIST.
1104 91 1250 128 PAULI
1278 91 1344 127 AD
1372 90 1634 132 ROMANOS.
1688 95 1792 131 CAP.
1823 96 1882 131 IV.

2083 100 2157 134 890

1167 179 1423 213 benedicentur
1439 192 1560 214 omnes
1585 188 1713 225 gentes.
1765 182 1809 217 Et
1832 183 1921 218 sicut
1946 191 2078 218 certum
2104 192 2154 219 est

1165 227 1358 263 Ecclesiam
1384 232 1501 275 colligi
1527 239 1671 277 propter
1697 233 1829 276 filium,
1856 235 1902 268 ita
1922 243 2052 269 norunt
2071 247 2152 268 sau-

1165 280 1210 312 cti
1228 287 1260 313 et
1278 281 1528 324 promissiones
1548 284 1724 318 bonorum
1748 286 1984 329 corporalium
2004 288 2151 320 traditas

1164 341 1236 362 esse
1251 338 1395 374 propter
1412 332 1536 372 filium,
1558 335 1640 378 quia
1656 335 1831 369 Ecclesiae
1850 338 2039 370 necessaria
2058 345 2150 370 sunt.

1164 379 1247 413 Ideo
1269 382 1304 414 2.
1320 380 1483 418 Corinth.
1500 383 1534 418 7.
1556 385 1702 419 dicitur:
1739 384 1874 421 Omnes
1899 389 2149 432 promissiones

1163 431 1199 463 in
1218 428 1357 465 Christo
1376 439 1468 466 ratae
1486 441 1579 470 sunt.

1263 490 1518 526 Discernantur
1544 506 1625 537 ergo
1646 495 1780 530 obiecta
1806 497 1902 531 fidei:
1937 499 2088 542 primum
2115 506 2147 532 ct

1161 541 1355 586 principale
1374 551 1423 577 est
1441 542 1536 577 Deus
1553 546 1729 589 propicius
1748 556 1890 591 propter
1906 550 2147 589 mediatorem,

1163 599 1279 635 postea
1298 601 1444 640 possunt
1466 597 1629 629 accedere
1656 597 1722 630 alia
1749 606 1888 632 externa
1913 600 2057 635 obiecta.
2101 599 2147 633 Ut

1161 641 1342 676 Abraham
1369 645 1453 688 petit
1480 647 1733 689 protectionem
1759 649 1851 682 inter
1877 650 2001 693 impias
2018 657 2147 693 gentes,

1163 695 1247 737 petit
1277 696 1513 738 posteritatem
1548 704 1580 730 et
1618 700 1920 733 conservationem
1956 699 2146 734 Ecclesiae.

1161 745 1326 790 Denique
1351 746 1386 778 in
1411 748 1617 792 quotidiana
1641 749 1864 784 invocatione
1888 751 2018 794 singuli
2037 752 2146 785 multa

1161 797 1446 840 complectimur,
1474 800 1531 831 sed
1553 812 1623 833 uno
1646 808 1677 834 et
1699 803 1820 834 eodem
1843 803 1948 835 modo
1968 803 2009 834 ad
2031 801 2144 835 Deum

1160 849 1331 881 accedunt
1352 861 1473 882 omnes
1491 851 1620 891 sancti,
1648 852 1797 893 scilicet,
1826 852 2016 886 Credentes
2032 852 2145 886 Deum

1161 909 1233 930 esse
1258 899 1454 942 propicium
1486 908 1630 944 propter
1655 903 1883 937 mediatorem
1903 931 1912 943 ,
1958 904 2047 937 sicut
2074 905 2146 947 ipse

1160 947 1336 982 Dominus
1360 950 1490 995 inquit:
1536 951 1714 997 Quicquid
1747 955 1918 1002 petieritis
1951 962 2081 1000 patrem
2108 956 2144 987 in

1161 1000 1305 1033 nomine
1322 1013 1419 1042 meo,
1448 1002 1548 1037 dabit
1567 1004 1679 1040 vobis,

1242 1058 1315 1092 Iam
1336 1061 1604 1096 considerentur
1622 1063 1728 1097 verba
1746 1070 1869 1100 textus.
1904 1064 1944 1098 In
1961 1066 2073 1113 capite
2088 1066 2146 1100 12.

1161 1108 1272 1146 Geue.
1305 1111 1391 1144 dicit
1415 1111 1608 1146 Dominus:
1645 1113 1859 1148 Benedicam
1892 1116 1967 1149 tibi.
2040 1116 2135 1149 Item:

1161 1160 1202 1193 ln
1228 1168 1261 1194 te
1279 1162 1533 1196 benedicentur
1550 1176 1672 1197 omnes
1697 1173 1826 1208 gentes.
1879 1166 2001 1200 Postea
2029 1167 2065 1200 in
2088 1179 2145 1199 ca-

1160 1212 1230 1255 pite
1249 1211 1304 1247 15.
1329 1213 1479 1247 dicitur:
1505 1213 1587 1247 Noli
1606 1216 1749 1260 timere,
1777 1229 1838 1260 ego
1863 1225 2040 1262 protector
2064 1225 2144 1251 tuus

1159 1269 1191 1295 et
1216 1274 1339 1304 magna
1366 1276 1497 1297 merces
1520 1265 1634 1300 valde.
1689 1266 1729 1299 In
1755 1265 1809 1300 his
1834 1269 2046 1302 dulcissimis
2063 1281 2144 1313 pro-

1159 1313 1387 1346 missionibus
1408 1315 1589 1349 manifeste
1607 1319 1807 1351 ostenditur
1828 1320 2083 1360 reconciliatiO,
2110 1327 2144 1354 et

1159 1371 1261 1397 norat
1291 1362 1472 1397 Abraham
1504 1366 1653 1409 primam
1687 1369 1973 1411 promissionem:
2016 1370 2145 1404 Semeu

1158 1414 1316 1448 mulieris
1350 1422 1507 1450 conteret
1537 1425 1640 1461 caput
1670 1421 1852 1463 serpentis.
1919 1419 1967 1455 Et
1999 1422 2144 1467 quidem

1157 1465 1289 1499 sciebat
1305 1464 1394 1500 hanc
1414 1468 1697 1510 promissionem,
1717 1471 1784 1503 iam
1804 1472 1968 1516 restringi
1985 1474 2027 1506 ad
2045 1484 2145 1506 suam

1158 1517 1417 1560 posteritatem,
1445 1519 1526 1563 quia
1543 1520 1674 1552 dictum
1693 1528 1784 1556 erat:
1815 1522 1855 1555 In
1876 1530 1908 1556 te
1931 1524 2144 1557 benedicen-

1157 1575 1214 1600 tur
1241 1579 1362 1600 omnes
1384 1576 1514 1611 gentes.
1582 1569 1721 1614 Accipit
1745 1573 1852 1615 igitur
1879 1574 1985 1608 simul
2007 1581 2038 1608 et
2063 1587 2145 1618 pro—

1156 1617 1359 1651 missionem
1400 1620 1700 1654 reconciliationis
1733 1630 1764 1657 et
1794 1625 1937 1658 seminis
1968 1626 2144 1659 benedicti

1156 1676 1188 1702 et
1206 1669 1437 1712 posteritatis,
1466 1670 1500 1703 id
1519 1678 1587 1712 est,
1614 1676 1858 1717 propagandae
1875 1673 2066 1710 Ecclesiae.

1257 1727 1330 1761 Has
1354 1731 1605 1773 promissiones
1627 1744 1706 1765 cum
1732 1734 1799 1767 fide
1824 1736 1971 1778 accipiat
1995 1737 2144 1770 manife-

1155 1785 1248 1812 stum
1273 1786 1347 1818 est,
1384 1783 1528 1815 eandem
1555 1794 1627 1815 esse
1652 1784 1755 1817 fidem
1780 1783 1946 1819 Abrahae
1973 1794 2005 1820 et
2030 1786 2145 1829 Pauli,

1155 1836 1188 1863 et
1211 1831 1371 1863 omnium
1400 1840 1602 1866 sanctorum
1627 1834 1663 1867 in
1689 1848 1768 1868 vera
1784 1835 1940 1870 Ecclesia
1966 1838 2143 1882 accipien-

1154 1888 1222 1915 tem
1248 1883 1574 1917 reconciliationem
1595 1892 1739 1929 propter
1766 1888 2004 1924 mediatorem.
2059 1889 2142 1924 Ideo

1154 1938 1186 1964 et
1204 1931 1380 1966 Dominus
1406 1934 1540 1979 inquit:
1580 1935 1679 1970 Vidit
1701 1935 1882 1971 Abraham
1907 1940 2001 1973 diem
2027 1952 2144 1975 meum

1153 1982 1189 2015 id
1223 1990 1290 2024 est,
1334 1986 1479 2027 agnovit
1511 1987 1548 2018 in
1581 1988 1815 2030 promissione
1848 1991 2076 2024 mediatorem
2111 1999 2144 2026 et

1152 2034 1279 2067 fiducia
1308 2036 1512 2070 mediatoris
1544 2039 1677 2082 accepit
1708 2040 1949 2074 remissionem
1984 2051 2144 2085 peccato-

1152 2097 1249 2125 rum,
1288 2093 1322 2120 et
1353 2087 1523 2121 liberatus
1555 2096 1605 2123 est
1636 2090 1680 2122 ab
1714 2090 1835 2125 inferis
1862 2100 1892 2126 et
1920 2094 1963 2126 ab
1988 2094 2037 2127 ira
2063 2092 2140 2129 Dei.

1152 2134 1310 2170 Credidit
1329 2136 1509 2172 Abraham
1529 2138 1605 2173 Deo
1625 2148 1689 2177 etc.

1253 2194 1348 2229 Haec
1373 2198 1555 2241 responsio
1581 2211 1660 2232 vera
1690 2206 1722 2234 et
1749 2200 1846 2234 firma
1873 2209 1943 2243 est,
1991 2203 2080 2237 sicut
2107 2213 2142 2239 et

1151 2247 1364 2290 experientia
1389 2254 1533 2282 testatur
1550 2250 1584 2282 in
1604 2251 1763 2284 omnium
1780 2252 1919 2296 piorum
1937 2255 2114 2288 cordibus.

1254 2313 1351 2347 Idem
1371 2322 1483 2349 textus
1504 2317 1538 2349 iu
1559 2317 1672 2350 Moise
1689 2319 1862 2360 ostendit,
1889 2321 1973 2366 quid
2001 2322 2050 2356 ibi
2076 2336 2143 2358 no-

1150 2365 1260 2399 minet
1283 2364 1427 2404 Fidem,
1465 2367 1629 2401 videlicet
1655 2381 1725 2401 non
1751 2376 1887 2403 tantum
1916 2373 2082 2408 noticiam
2110 2383 2143 2409 te

1149 2414 1235 2456 Deo,
1264 2417 1378 2461 qualis
1396 2425 1446 2451 est
1466 2419 1501 2450 in
1521 2419 1691 2460 diabolis,
1721 2421 1775 2452 vel
1794 2421 1828 2453 in
1846 2420 2022 2463 Ethnicis,
2046 2428 2143 2470 quod

1147 2467 1191 2501 sit
1209 2466 1322 2508 Deus,
1349 2470 1443 2513 quod
1472 2470 1514 2501 sit
1539 2470 1703 2503 conditor
1721 2472 1864 2512 mundi,
1892 2475 2051 2518 sapiens,
2082 2490 2142 2510 ve-

1146 2530 1223 2559 rax,
1253 2520 1382 2558 iustuS,
1417 2527 1549 2558 castus,
1587 2522 1767 2563 postulans
1793 2524 2032 2559 obedientiam
2060 2540 2144 2561 con·

1144 2576 1327 2612 gruentem
1355 2570 1464 2614 ipsius
1494 2571 1687 2614 sapientiae
1718 2580 1751 2607 et
1787 2575 1982 2615 voluntati,
2020 2586 2052 2611 et
2090 2579 2145 2612 iu-

1145 2620 1266 2654 dicans
1310 2633 1350 2653 ac
1394 2622 1544 2664 puniens
1593 2623 1861 2666 inobedientes,
1908 2627 1998 2661 sicut
2037 2628 2145 2663 Lato-

1115 2683 1222 2717 ‚mus
1252 2671 1485 2706 Lovaniensis
1528 2673 1664 2720 inquit,
1706 2674 1785 2709 Non
1823 2677 1928 2710 aliam
1974 2679 2080 2713 fuisse
2109 2682 2147 2713 iu
