2415 2942
221 55 291 89 511

227 151 290 172 res.
351 137 433 171 Ideo
461 138 561 171 toties
585 137 707 169 clamat
733 135 846 169 David
875 135 1001 169 Psalm.
1028 137 1132 171 118.:
1166 136 1214 170 Da

226 187 313 223 mihi
337 189 562 222 intellectum.
618 186 718 218 lteni:

230 241 383 272 cundum
414 237 688 270 misericordiam
728 243 843 276 tuam,
893 244 922 269 et
956 237 1216 270 iustificationes

231 293 314 322 doce
335 300 404 326 me,
432 295 463 320 et
479 288 513 321 2.
534 286 646 320 Paral.
665 286 726 320 20.
743 287 888 320 dicitur:
910 285 998 319 Cum
1018 288 1217 330 ignoramus

232 341 315 383 qnid
350 350 448 381 agere
478 337 686 377 debeamus,
721 337 811 370 oculi
840 338 950 370 nostri
975 339 1016 370 ad
1046 346 1079 372 te
1109 338 1217 381 respi-

233 391 341 422 ciunt.
399 387 498 420 Hanc
532 387 728 420 doctrinam
760 399 978 421 exerceamus
1016 389 1052 421 in
1091 389 1217 422 nostris

234 439 394 482 periculis
412 438 644 482 quotidianis,
679 439 774 483 quod
795 450 873 471 cum
898 439 1082 479 faciemus,
1116 451 1216 482 expe-

233 490 358 522 rientia
377 489 516 522 docebit
536 500 616 526 nos,
654 485 715 521 bas
740 489 988 533 promissiones
1013 502 1111 522 veras
1137 501 1219 531 esse,

233 553 271 572 :nc
298 552 375 572 vere
399 551 463 571 nos
486 539 559 582 regi
585 539 751 578 consilio,
792 546 824 573 et
847 540 958 572 iuvari
983 541 1219 573 consolatione

233 591 387 637 Spiritus
405 590 532 629 sancti,
548 589 637 623 sicut
654 590 767 635 inquit
787 588 962 623 Christus:
987 590 1128 633 Quanto
1147 602 1219 623 ma—

234 642 285 683 gis
309 649 408 685 pater
431 647 543 674 vester
563 640 719 673 coelestis
745 641 841 673 dabit
867 641 1038 684 Spiritum
1064 649 1220 674 sanctum

234 692 443 734 petentibus.
511 690 617 724 Item:
657 689 737 724 Non
772 691 969 735 relinquam
1000 703 1060 724 vos
1092 690 1219 735 orplia-

234 754 319 783 nos,
347 748 408 776 etc.

576 821 776 859 P'obiscum
811 823 889 858 erit.

335 890 395 923 Est
413 897 445 924 et
463 890 646 933 promissio
673 891 715 923 de
741 891 969 933 perpetuitate
993 890 1222 928 observanda,

233 942 383 976 affirmat
415 947 580 984 perpetuo
607 939 779 984 Spiritum
814 947 971 973 sanctum
1006 940 1042 972 in
1068 939 1221 972 Ecclesia

233 1003 437 1025 mansurum
464 1002 553 1028 esse,
593 990 680 1023 sicut
707 988 837 1025 Mattb.
861 991 924 1024 ult.
947 991 1090 1023 dicitur:
1132 989 1220 1023 Ecce

232 1054 293 1083 ego
315 1042 493 1075 vobiscum
512 1053 586 1073 sum
604 1052 712 1085 usque
736 1042 779 1073 ad
804 1042 1142 1074 consummationem
1168 1052 1220 1073 se-

232 1094 321 1132 culi,
355 1099 385 1125 et
406 1094 436 1125 1.
456 1091 548 1125 Tim.
571 1091 603 1123 5.
633 1089 788 1124 Ecclesia
814 1091 944 1124 dicitnr
969 1093 1065 1124 sedes
1091 1092 1219 1124 verita-

232 1145 286 1178 tis.
341 1142 407 1175 llic
426 1149 540 1175 autem
558 1150 735 1185 utrunque
755 1142 934 1174 sciendum
961 1149 1027 1175 est:
1064 1148 1097 1175 et
1121 1153 1201 1174 man

231 1205 353 1226 surum
375 1205 445 1225 esse
465 1192 499 1224 in
517 1190 671 1224 Ecclesia
690 1191 859 1235 Spiritum
879 1199 1055 1233 sanctum,
1082 1204 1125 1224 ne
1145 1192 1218 1225 ullo

233 1253 388 1287 tempore
414 1245 597 1286 desperent
623 1239 800 1283 homines,
841 1250 901 1276 aut
925 1243 1041 1286 aliqua
1068 1250 1160 1276 aetas
1185 1254 1218 1275 se

234 1295 402 1327 abiectam
421 1305 491 1325 esse
509 1299 624 1336 putet,
652 1299 684 1325 et
706 1299 821 1325 tamen
845 1305 919 1325 non
942 1293 1122 1335 alligatum
1148 1305 1218 1325 esse

232 1346 274 1377 ad
293 1344 545 1377 successionem
566 1343 799 1383 ordinariam,
824 1349 863 1376 ut
880 1351 1023 1383 vocant,
1052 1350 1110 1377 aut
1135 1343 1218 1376 titu-

231 1396 283 1428 los
301 1395 529 1437 dignitatum,
555 1394 614 1426 sed
639 1393 687 1426 ibi
711 1393 785 1426 sine
809 1393 880 1426 ulla
901 1393 1121 1426 dubitatione
1137 1393 1218 1437 Spi-

231 1447 320 1479 ritus
338 1452 477 1478 sanctus
493 1445 606 1484 adest,
633 1450 665 1477 et
684 1451 733 1477 est
752 1444 889 1484 efficax,
924 1444 984 1476 ubi
1006 1452 1097 1478 recte
1121 1451 1217 1477 sonat

232 1508 299 1528 vox
325 1495 527 1538 Evangelii,
562 1500 621 1527 aut
645 1501 736 1527 certe
764 1494 825 1527 ubi
847 1494 1115 1527 fundamentum
1138 1495 1217 1527 fidei

232 1547 415 1580 retinetur.
474 1544 597 1578 Blanet
639 1545 732 1576 enim
766 1544 826 1576 illa
860 1545 1030 1578 sententia
1064 1546 1218 1585 immota,

231 1599 266 1631 2.
288 1592 451 1629 Corinth.
480 1595 512 1628 3.
541 1593 774 1638 Evangelium
792 1606 863 1628 esse
881 1595 1116 1628 ministerium
1137 1595 1219 1638 Spi-

231 1647 321 1680 ritus
345 1645 466 1680 sancti.
530 1643 635 1686 Item,
670 1644 902 1688 Evangelium
925 1657 997 1678 esse
1027 1646 1219 1690 potentiam

232 1696 297 1731 Dei
313 1698 356 1730 ad
375 1696 519 1729 salutem
537 1696 635 1729 omni
659 1695 825 1728 credenti.
878 1695 1090 1741 Ubicunque
1113 1697 1220 1738 igitur

231 1754 333 1782 sonat
350 1759 415 1780 vox
432 1744 629 1789 Evangelii,
647 1746 694 1778 ibi
706 1745 859 1789 Spiritus
874 1753 1011 1780 sanctus
1029 1753 1078 1780 est
1091 1747 1219 1781 efficax.

336 1796 405 1830 Hic
421 1797 626 1830 observetur
644 1803 674 1830 et
692 1794 758 1829 hoc
776 1796 898 1838 ingens
918 1797 1124 1830 beneficium
1143 1796 1221 1837 Dei,

234 1849 329 1893 quod
360 1859 561 1893 quanquam
593 1847 653 1880 lux
675 1844 859 1889 Evangelii
883 1847 1110 1888 obscuratur,
1145 1848 1221 1880 dia-

233 1900 316 1932 bolo
335 1899 505 1931 excitante
524 1907 675 1937 erroreS,
696 1903 728 1929 et
744 1895 946 1930 hominibus
963 1898 1220 1941 negligentibus

234 1950 291 1993 pia
309 1949 443 1987 studia,
471 1955 587 1981 tamen
606 1948 697 1981 filius
709 1947 771 1981 Dei
789 1949 911 1980 sedens
926 1949 966 1980 ad
985 1949 1140 1981 dextram
1158 1960 1219 1992 pa-

234 2002 316 2037 tris,
351 2011 389 2032 ac
405 2001 498 2031 dona
517 1999 604 2031 dans
620 1996 842 2036 hominibus,
876 1999 1026 2031 subinde
1050 1999 1220 2032 instaurat

233 2050 468 2083 ministerium
494 2046 700 2091 Evangelii,
740 2055 779 2081 ut
802 2047 932 2081 Paulus
963 2050 1006 2081 ad
1036 2047 1162 2092 Ephes.
1187 2047 1219 2081 4.

235 2101 367 2144 inquit:
395 2098 441 2132 Et
466 2110 604 2132 causam
629 2096 733 2131 huius
757 2098 961 2141 amplissimi
987 2099 1142 2131 muneris
1167 2111 1220 2132 re—

238 2151 338 2191 citat,
373 2162 417 2183 ne
433 2147 607 2183 Ecclesiae
624 2149 786 2193 procellis
805 2149 968 2190 agitatae,
1001 2149 1096 2182 velut
1122 2150 1218 2192 pueri

236 2202 330 2233 varia
350 2201 528 2233 doctrinae
545 2210 673 2242 genera
698 2199 971 2242 amplectantur,
999 2207 1029 2232 et
1055 2206 1219 2244 tanquam

236 2251 346 2284 ventis
363 2251 601 2284 doctrinarum
626 2250 916 2283 circumferantur
942 2251 983 2281 ad
1010 2250 1097 2282 alios
1119 2257 1221 2295 atque

237 2302 323 2333 alios
337 2302 489 2341 furores,
514 2307 553 2334 ut
570 2298 715 2335 Ethnici
738 2311 832 2332 nunc
847 2297 1096 2341 Bacchanalia,
1125 2313 1220 2334 nunc

237 2350 366 2384 Martis
384 2351 515 2391 Salios,
543 2363 638 2384 nunc
656 2349 891 2395 Corybantes,
926 2362 1020 2383 nunc
1045 2352 1111 2384 alia
1139 2364 1219 2395 por-

239 2408 333 2435 tenta
360 2401 609 2444 excogitabant.
669 2398 848 2434 Omnibus
877 2401 1001 2434 seculis
1026 2414 1137 2435 novae
1164 2403 1220 2435 in-

239 2452 469 2485 staurationes
489 2449 664 2485 Ecclesiae
696 2452 805 2485 sactae
836 2458 929 2486 sunt.
985 2451 1069 2486 Post
1093 2452 1218 2486 Mosen

239 2502 406 2535 excitatus
448 2508 499 2535 est
533 2501 693 2542 Samuel,
743 2508 819 2545 post
859 2501 1057 2536 Samuelem
1090 2502 1220 2544 David,

237 2559 314 2596 post
338 2551 507 2586 Davidem
533 2550 649 2593 Elias,
688 2553 814 2586 deinde
838 2550 1014 2594 Elisaeus‚
1053 2561 1128 2598 post
1155 2552 1218 2587 lios

237 2602 380 2650 Esaias,
421 2602 604 2642 Ieremias,
646 2602 793 2645 Daniel,
830 2601 1033 2646 Zacharias,
1079 2604 1218 2647 Esdras,

818 51 942 86 PtttL.
975 49 1092 86 MEL.
1119 51 1329 87 SCRIPTA
1360 48 1668 88 EXEGETICA.

754 186 822 219 Fac
847 198 923 219 cum
950 198 1052 219 servo
1079 194 1140 220 tuo
1164 199 1215 219 se—
1239 205 1241 214 ·

2184 56 2259 91 312

1270 134 1414 174 Simon,
1459 133 1669 177 mathatias,
1700 134 1909 180 Zacharias,
1942 137 2118 183 Baptista,
2155 137 2260 172 Chri-

1270 192 1359 223 stus,
1389 185 1564 230 Apostoli,

1453 265 1542 302 LVon
1567 265 1772 315 relinquam
1801 281 1861 303 cos·
1889 267 2086 318 orphanos.

1372 333 1484 368 Antea
1514 335 1656 368 recitata
1681 342 1730 369 est
1753 337 1938 379 promissio
1963 338 2114 382 Spiritus
2140 340 2262 376 sancti,

1272 398 1365 418 nnnc
1382 388 1424 417 ‹le
1443 397 1503 418 sua
1521 397 1669 432 persona
1686 384 1847 420 Christus
1868 389 2043 432 loquitur,
2077 401 2115 422 ac
2140 402 2261 423 occur-

1273 437 1316 468 rit
1335 437 1456 469 tacitae
1475 436 1955 480 quaestioniApostolorum,
1989 439 2049 483 qui
2077 437 2170 473 haud
2195 442 2261 474 du-

1275 487 1327 519 bie
1347 487 1438 529 apud
1455 497 1527 518 sese
1553 487 1798 533 disputabant,
1832 489 1895 522 etsi
1920 489 2135 532 promittitur
2160 491 2262 523 nobis

1274 537 1361 569 alius
1381 537 1613 577 guberuator,
1647 544 1763 570 tamen
1783 539 1869 572 scire
1894 540 2076 587 cupimus,
2110 541 2195 585 quid
2221 542 2262 573 de

1275 587 1349 629 ipso
1367 588 1524 620 futurum
1542 588 1596 620 sit.
1648 586 1871 631 Respondet:
1909 589 1982 623 lino
2003 591 2064 623 etsi
2088 591 2265 638 paulisper

1274 638 1469 679 discedam,
1495 638 1643 678 moriar,
1678 638 1826 672 videbor
1851 652 1869 672 a
1891 641 1989 673 vobis
2016 641 2178 681 avulsus,
2211 648 2263 675 ta-

1274 700 1354 721 men
1369 700 1449 720 mox
1467 689 1668 721 rexiviscam
1687 701 1726 721 ex
1744 697 1874 730 morte,
1909 692 1952 723 ad
1971 703 2031 724 vos
2054 692 2198 734 redibo,
2232 698 2265 724 et

1275 750 1408 782 semper
1429 740 1606 771 vobiscum
1634 751 1702 771 ero.

1275 789 1352 822 cula
1371 789 1407 821 in
1426 796 1538 832 textu,
1567 790 1766 822 describens
1783 791 1895 834 qualis
1913 792 1957 824 sit
1971 791 2126 824 Ecclesia
2143 792 2180 824 in
2197 789 2263 825 hoc

1275 842 1426 880 mundo,
1468 841 1562 883 quod
1594 841 1637 872 ad
1663 841 1832 883 praesidia
1858 839 2009 875 humana
2034 842 2175 882 attinet,
2215 843 2263 876 sic

1275 901 1396 921 omnes
1429 887 1588 923 homines
1626 891 1895 924 ratiocinantur:
1938 891 2084 926 Nullum
2126 900 2263 926 coetum

1274 940 1470 972 din-abilem
1502 952 1590 977 esse,
1634 941 1700 972 nisi
1730 939 1854 974 habeat
1876 950 2003 975 certam
2031 943 2184 986 aliquam
2209 955 2263 975 se-

1274 991 1351 1021 dem
1370 997 1402 1022 et
1419 990 1578 1023 ordinata
1596 991 1757 1033 imperia,
1775 1004 1792 1024 a
1810 993 1936 1036 quibus
1953 993 2178 1034 defendatur,
2194 991 2262 1025 Ec·

1274 1039 1375 1072 clesia
1393 1051 1455 1072 nec
1470 1043 1587 1072 sedem
1605 1048 1732 1073 certam
1752 1040 1866 1082 habet,
1885 1055 1946 1075 nec
1963 1043 2164 1076 defenditur
2179 1055 2264 1076 con-

1273 1101 1376 1122 se·tStl
1399 1101 1537 1132 regum,
1571 1091 1629 1123 sed
1653 1092 1766 1134 potius
1791 1093 2003 1136 opprimitur
2025 1100 2058 1126 et
2080 1094 2264 1134 laceratur,

1273 1147 1305 1173 et
1324 1140 1388 1182 ipsi
1405 1141 1496 1172 inter
1511 1151 1582 1172 sese
1601 1141 1760 1174 doctores
1776 1143 1864 1174 male
1881 1140 2084 1183 cohaerent,
2110 1156 2183 1177 non
2201 1142 2264 1177 ha-

1274 1191 1357 1223 bent
1381 1191 1652 1232 gubernatores,
1688 1203 1838 1234 quorum
1864 1193 2050 1225 autoritate
2076 1195 2264 1227 concordia

1275 1241 1365 1273 inter
1382 1252 1440 1273 eos
1458 1241 1668 1280 retineatur,
1703 1254 1774 1273 non
1802 1239 1933 1275 habent
1955 1248 2123 1285 patronos
2146 1255 2184 1276 ac
2204 1244 2264 1276 de-

1273 1292 1426 1323 fensores
1444 1292 1607 1323 adversus
1623 1292 1843 1335 tyrannidem
1856 1315 1864 1330 ,
1901 1300 1957 1325 aut
1976 1293 2055 1325 odia
2082 1293 2202 1337 populi
2227 1305 2267 1327 ac

1274 1353 1429 1374 suornm.
1481 1340 1642 1385 Denique
1660 1342 1868 1375 miserabilis
1886 1349 2002 1375 coetus
2019 1349 2085 1383 est,
2110 1351 2150 1376 ut
2166 1343 2265 1387 Apo-

1273 1392 1443 1424 stolorum
1462 1403 1667 1432 aerumnae,
1701 1399 1733 1425 et
1751 1399 1888 1425 nostrae
1911 1393 2138 1437 quotidianae
2161 1394 2264 1426 mise-

1274 1443 1344 1475 riae
1375 1443 1576 1477 ostendunt.
1643 1442 1733 1484 Quis
1763 1443 1855 1475 enim
1890 1455 1954 1476 nos
1978 1443 2134 1487 respicit,
2168 1456 2264 1481 com-

1275 1493 1456 1536 plectitur,
1484 1493 1598 1532 fovet,
1625 1500 1684 1526 aut
1701 1493 1881 1526 defendit?
1916 1493 2065 1527 Plurimi
2083 1505 2202 1537 regum
2231 1501 2264 1527 et

1275 1544 1473 1586 principum
1492 1544 1700 1586 profitentur
1719 1555 1753 1576 se
1770 1555 1842 1576 esse
1860 1542 1975 1577 hostes
1985 1545 2265 1578 nostraedoctri-

1275 1606 1359 1634 nae,
1377 1600 1407 1625 et
1426 1605 1488 1625 nos
1507 1600 1672 1637 tanquam
1692 1594 1848 1626 victimas
1863 1595 1906 1627 ad
1923 1595 2092 1638 supplicia
2110 1596 2264 1638 rapiunt,

1275 1644 1335 1676 ubi
1355 1650 1510 1687 possunt.
1563 1643 1736 1687 Populus,
1764 1645 1824 1688 qui
1843 1655 1907 1677 nos
1921 1645 2039 1686 audit,
2075 1651 2109 1678 et
2132 1645 2265 1688 princi-

1275 1706 1332 1738 pes
1350 1694 1434 1737 ipsi,
1450 1695 1509 1738 qui
1528 1694 1639 1727 videri
1657 1695 1782 1728 volunt
1800 1706 1872 1728 non
1889 1693 2077 1728 abhorrere
2093 1697 2136 1729 ab
2146 1694 2265 1729 Evan-

1275 1745 1384 1787 gelio,
1417 1751 1477 1777 aut
1501 1744 1625 1777 leviter
1648 1752 1772 1778 curant
1796 1757 1879 1783 nos,
1913 1753 1973 1779 aut
1995 1752 2068 1778 arte
2092 1753 2265 1788 premunt.
2294 1762 2297 1769 ι

1275 1795 1435 1839 Denique
1451 1793 1604 1827 humana
1623 1796 1793 1839 praesidia
1811 1807 1954 1839 prorsus
1971 1796 2069 1829 nulla
2085 1793 2266 1837 habemus,

1274 1847 1364 1878 sicut
1380 1845 1416 1877 in
1434 1844 1581 1878 Psalmis
1599 1846 1766 1889 scriptum
1792 1853 1856 1878 est:
1893 1844 1995 1879 Pater
2016 1853 2048 1880 ct
2071 1853 2181 1880 mater
2203 1847 2265 1879 de-

1275 1896 1493 1940 reliquerunt
1519 1907 1583 1928 me.
1641 1895 1771 1929 Sumus
1788 1895 1913 1938 igitur,
1941 1897 2033 1940 quod
2051 1897 2093 1928 ad
2111 1893 2263 1930 humana

1273 1946 1445 1989 praesidia
1462 1946 1604 1984 attinet,
1631 1943 1792 1988 orphani.

1375 1995 1442 2028 Sed
1463 1997 1626 2028 adversus
1644 1993 1734 2028 banc
1752 1995 1899 2038 speciem
1918 1993 2078 2029 Christus
2094 2008 2157 2030 nos
2179 2009 2264 2029 con-

1275 2045 1423 2086 solatur,
1452 2046 1630 2091 inquiens:
1660 2045 1733 2079 Imo
1753 2058 1822 2079 non
1840 2046 2035 2091 relinquam
2054 2059 2116 2080 vos
2134 2039 2263 2091 orpha-

1276 2108 1357 2137 nos,
1384 2096 1538 2136 etiamsi,
1572 2108 1686 2139 reges,
1729 2097 1921 2140 principes,
1954 2097 2118 2140 imperia,
2152 2110 2263 2142 popu-

1276 2147 1348 2184 lns,
1376 2147 1534 2179 doctores
1551 2159 1611 2179 vos
1631 2159 1700 2180 non
1719 2154 1858 2190 tegunt,
1885 2158 1946 2190 ego
1963 2154 2078 2181 tamen
2096 2159 2158 2180 vos
2181 2160 2263 2191 pro-

1274 2204 1386 2238 tegam
1403 2209 1440 2229 ac
1458 2199 1614 2232 servabo.
1667 2197 1740 2230 Hac
1757 2197 1994 2231 consolatione
2016 2209 2103 2240 opus
2128 2204 2178 2231 est
2193 2196 2263 2231 Ec-

1274 2248 1394 2280 clesiae
1420 2247 1505 2288 Dei,
1537 2255 1576 2281 ut
1605 2248 1754 2282 sciamus
1780 2260 1977 2281 mansuram
2003 2259 2093 2288 esse,
2125 2247 2262 2282 etiamsi

1275 2310 1345 2331 non
1366 2297 1469 2331 habet
1492 2306 1618 2332 certam
1643 2300 1776 2337 sedem,
1810 2305 1870 2332 aut
1891 2298 2117 2341 imperiorum
2140 2299 2262 2332 defen-

1273 2349 1419 2384 sionem.
1473 2348 1554 2382 Ideo
1568 2362 1667 2394 saepe
1682 2350 1826 2393 repetita
1843 2355 1892 2382 est
1907 2346 1991 2381 haec
2006 2349 2208 2391 consolatio,
2227 2357 2264 2385 ut

1273 2398 1395 2432 Esaiae
1409 2401 1519 2444 capite
1537 2401 1614 2436 51.:
1650 2400 1755 2433 Posui
1774 2400 1878 2433 verba
1896 2411 1970 2432 mea
1986 2399 2021 2431 in
2039 2411 2099 2432 ore
2122 2406 2202 2439 tuo,
2229 2407 2263 2435 et

1274 2451 1397 2484 umbra
1414 2463 1537 2484 manus
1553 2463 1647 2484 meae
1665 2457 1809 2497 protego
1835 2457 1885 2490 te,
1918 2456 1956 2483 ut
1979 2450 2115 2493 plantes
2137 2451 2262 2491 coelos,

1274 2502 1308 2534 id
1327 2508 1393 2536 est:
1425 2501 1574 2535 Instituo
1593 2501 1824 2534 ministerium
1839 2499 2043 2542 Evangelii,
2078 2501 2113 2533 id
2134 2502 2177 2534 ab
2194 2501 2261 2534 im-

1274 2552 1376 2594 periis
1408 2565 1480 2585 non
1507 2553 1733 2592 defendetur,
1770 2552 1829 2584 sed
1860 2551 1976 2595 potius
2006 2552 2171 2585 atrociter
2197 2562 2261 2594 op-

1271 2604 1502 2647 pugnabitur‚
1528 2603 1606 2637 ideo
1623 2602 1791 2647 polliceor
1808 2602 1881 2646 ipse
1898 2601 2152 2644 defensionem,
2175 2613 2258 2646 pro-

1755 738 1818 773 Est
1842 748 1956 773 autem
1982 741 2129 784 insignis
2154 742 2263 785 parti-
2290 771 2293 774 Δ
