2415 2942
247 100 316 136 351

600 193 735 244 Caput
767 190 886 231 ΧΠ.

493 284 595 318 Ilaec
617 281 757 315 loculus
779 292 859 313 sum
878 278 989 315 robis.

353 362 442 397 Cum
461 359 593 393 mentio
612 358 698 391 facta
718 363 767 390 est
783 356 989 396 ministerii,
1015 367 1095 388 mox
1114 354 1237 390 attexi-
1262 354 1264 388 Ῐ

255 425 311 450 tur
328 411 538 459 praedicatio
555 411 598 442 de
617 420 715 442 cruce
727 434 735 447 ,
764 419 851 451 quae
874 407 1062 440 comitatur
1076 405 1237 448 Evange-

256 468 294 500 lii
324 463 587 509 professionem.

258 576 329 601 stus
348 565 439 601 vult,
467 574 544 595 cnm
566 562 629 594 ait:
659 559 703 592 Se
729 557 812 592 baec
839 559 972 598 (licere,
1001 570 1043 590 ne
1068 558 1239 590 scandalis

259 618 340 650 xicti
358 617 388 648 d·
403 614 519 647 tir-iant
539 614 582 643 ab
600 609 805 651 Evangelio.
857 608 929 642 Nec
955 608 1160 652 simpliciter
1184 605 1240 640 hic

259 668 342 702 dicit
361 669 373 699 l
390 664 534 698 liristus:
564 661 752 695 Ecclesiam
773 660 967 693 subituram
992 670 1063 691 esse
1083 658 1242 701 ingentes

263 727 467 754 aerumnas,
494 714 550 746 sed
580 711 793 744 mentionem
812 710 892 743 facit
917 709 1095 752 praecipui
1123 708 1242 741 crimi-

265 770 337 805 nis,
371 767 464 811 qnod
493 763 676 800 obiicitur,
713 762 771 793 illa
795 760 924 803 species
948 766 1048 801 auget
1073 759 1243 791 dolorem.
1270 785 1271 791 ,

264 821 347 853 Duo
365 824 478 849 autem
505 813 652 846 crimina
676 811 894 843 obiiciuutur
920 808 1116 850 Ecclesiae,
1157 821 1244 853 quo-

263 882 342 904 rum
367 869 514 900 alterum
541 863 669 904 lex-ins,
702 861 849 894 alterum
882 859 1021 902 gravius
1050 865 1110 892 est.

264 918 476 964 praetexitur
493 913 655 947 saevitiae
671 910 754 944 baec
778 911 927 954 species,
963 911 1055 954 qnod
1081 909 1246 953 discipuli

264 968 394 1003 Cllslsli
412 967 482 999 §lut
507 971 645 997 3¹¹t⁰s⁰⁵
671 961 888 1004 l¹¹¹bh⁰³¹¹¹um
913 960 1188 1001 d¹⁵e⁰rd¹³rum⁹
1215 966 1247 992 et
1274 976 1275 1008 l
1301 981 1342 1010 de,
1361 979 1434 1010 eins
1451 979 1601 1010 estin-acia
1622 979 1657 1010 in
1675 979 1869 1010 ministerio
1888 979 2037 1021 publice,
2066 986 2097 1011 et
2114 978 2281 1022 privatim

265 1021 430 1053 dicuntur
449 1014 619 1048 seditiosi.
671 1011 748 1044 Hoc
767 1012 897 1044 crimen
914 1011 1087 1044 obiiciunt
1103 1010 1152 1043 eis
1168 1009 1246 1042 Ma-

265 1070 423 1106 xentius,
461 1064 722 1102 Diocletianus,
765 1070 798 1095 et
825 1062 967 1096 similes.

267 1120 351 1154 haec
367 1117 540 1152 calumnia
560 1121 661 1157 auget
681 1113 912 1156 prudentibus
931 1112 1101 1149 dolorem,
1130 1118 1247 1145 tamen

268 1233 326 1253 eos
345 1219 557 1253 accusandos
573 1227 666 1259 esse,
694 1215 751 1259 qui
771 1220 878 1247 tetros
897 1225 1031 1246 errores
1055 1213 1248 1245 defendunt

270 1270 415 1305 immani
435 1267 653 1305 crudelitate,
682 1265 798 1298 minus
816 1262 881 1297 hoc
898 1264 1042 1297 crimine
1063 1269 1248 1296 moventur

271 1323 336 1361 illi,
364 1321 423 1365 qui
442 1320 484 1352 ad
501 1317 673 1361 supplicia
692 1315 887 1358 rapiuntur.
939 1313 1099 1347 Alterum
1117 1314 1249 1345 crimen

270 1373 423 1406 atrocius
446 1376 512 1409 est,
546 1368 640 1412 quod
667 1366 834 1399 obiicitur
858 1364 1038 1407 discipulis
1057 1362 1188 1396 Christi
1213 1364 1248 1395 in

271 1424 331 1456 illo
350 1423 424 1465 ipso
448 1426 567 1461 coetu,
593 1417 654 1462 qni
678 1422 820 1449 vocatur
836 1414 988 1448 Ecclesia
1008 1413 1092 1451 Dei,
1122 1414 1250 1446 videli-

272 1481 334 1511 cet,
362 1472 456 1517 quod
475 1470 544 1502 sint
562 1475 700 1501 autores
719 1467 906 1509 impiorum
925 1466 1138 1508 dogmatum,
1166 1462 1249 1496 bae-

273 1524 390 1560 retici,
434 1522 608 1553 laedentes
633 1525 665 1551 et
689 1518 841 1549 delentes
867 1516 1012 1558 gloriam
1038 1513 1114 1547 Dei.
1183 1513 1252 1547 Hic

271 1586 350 1608 cnm
371 1573 468 1615 pauci
495 1569 691 1610 intelligant
716 1579 834 1599 veram
857 1566 1074 1603 doctrinam,
1101 1565 1251 1598 maxima

273 1635 351 1669 pars
369 1621 560 1655 necessario
581 1631 638 1651 eos
654 1618 828 1652 tollendos
852 1622 984 1655 censet,
1012 1622 1177 1659 tanquam
1197 1627 1252 1648 ca-

272 1674 464 1712 tliarmata,
493 1671 631 1703 inimica
652 1676 683 1702 et
710 1668 821 1700 invisa
838 1666 931 1706 Deo,
959 1673 991 1699 et
1012 1667 1172 1709 pestifera
1189 1665 1253 1698 toti

274 1725 390 1769 generi
410 1722 577 1756 bumauo.
629 1719 705 1751 Iloc
722 1719 890 1762 probrum
908 1717 1050 1750 difficile
1073 1724 1123 1749 est
1149 1716 1253 1749 susti-

274 1788 374 1812 nere,
409 1773 571 1805 videlicet
603 1769 741 1802 iudiciis
772 1775 974 1813 potentum,
1016 1767 1052 1799 in
1084 1767 1144 1799 illo
1179 1767 1253 1809 ipso

276 1833 393 1865 coetu,
425 1823 485 1868 qui
512 1828 654 1853 voratur
679 1820 833 1852 Ecclesia
858 1818 946 1858 Dei,
980 1818 1090 1850 videri
1120 1817 1253 1849 bostem

274 1876 360 1916 Dei,
403 1874 483 1919 quia
521 1872 572 1904 illi
608 1871 763 1904 iactitant
794 1869 1045 1912 promissiones
1080 1866 1282 1900 Ecclesiae·

275 1929 400 1966 factas,
426 1924 519 1968 quod
540 1935 610 1954 non
628 1928 730 1954 erret.
783 1920 826 1953 Et
851 1931 971 1952 verum
999 1926 1066 1957 est,
1094 1930 1254 1961 magnam

276 1976 505 2010 reverentiam
525 1971 700 2005 Ecclesiae
725 1970 856 2005 deberi.
910 1971 1028 2012 Quare
1054 1969 1104 2000 illi
1129 1968 1256 2006 coetui,

277 2028 338 2072 qui
362 2025 467 2059 babet
492 2024 712 2055 autoritatem
738 2021 857 2053 multis
878 2020 1023 2059 seculis,
1055 2026 1085 2052 et
1111 2030 1255 2061 magno-

277 2090 355 2111 rum
378 2075 562 2110 hominum
586 2073 752 2115 exemplis
781 2071 1040 2109 confirmatam,
1078 2068 1255 2101 adversari

278 2131 407 2162 durum
425 2132 486 2159 est.

377 2193 430 2228 De
441 2191 507 2225 hac
526 2190 716 2224 tentatione
727 2185 888 2222 Christus
904 2184 961 2219 hic
978 2186 1106 2230 inquit:
1128 2175 1257 2218 O¹muis

279 2246 338 2290 qui
365 2256 426 2278 vos
453 2241 636 2281 interficit,
681 2238 819 2283 putabit
843 2249 877 2270 se
901 2237 1025 2269 offerre
1051 2236 1256 2268 sacrificium

278 2296 362 2329 Deo.
415 2294 630 2329 facultates,
658 2290 858 2331 coniugem,
888 2288 1035 2327 liberos,
1072 2286 1175 2319 vitam
1203 2299 1256 2318 re-

279 2347 439 2390 linquere
458 2343 599 2376 diflicile
616 2349 681 2380 est,
719 2341 775 2372 sed
801 2338 912 2370 multo
938 2337 1114 2370 difficilius
1140 2337 1257 2369 subire

279 2395 346 2429 hoc
372 2396 559 2438 probrum,
598 2393 691 2436 quod
722 2391 766 2422 sis
793 2387 902 2422 hostis
924 2388 989 2421 Dei
1018 2395 1049 2420 et
1072 2387 1257 2420 Ecclesiae.

282 2446 363 2479 Ideo
386 2443 546 2478 Christus
578 2454 641 2475 nos
671 2447 892 2485 praemonet,
935 2446 968 2472 et
995 2445 1086 2471 vetat
1109 2439 1257 2470 abiicere

280 2495 533 2536 Evangelium,
560 2494 685 2525 fractos
703 2490 767 2524 boc
787 2491 950 2527 crimine,
979 2495 1011 2522 et
1028 2490 1173 2532 opponit
1193 2486 1257 2520 hoc

281 2547 429 2579 dictum:
470 2543 548 2576 -Xon
584 2549 714 2574 norunt
745 2549 896 2584 patrem,
938 2552 999 2572 nec
1022 2551 1090 2573 me.
1148 2536 1257 2572 Atrox

281 2597 412 2630 crimen
437 2601 502 2632 est,
538 2593 606 2625 dici
630 2591 853 2629 seditiosum,
885 2592 943 2623 sed
971 2590 1082 2623 multo
1108 2590 1258 2623 atrocius

280 2654 347 2686 est,
383 2645 452 2679 dici
483 2642 615 2676 bostem
653 2641 715 2674 Dei
754 2648 786 2674 (t
817 2638 1060 2684 blasphemum
1094 2641 1259 2674 adversus

822 91 945 126 PtltL,
973 89 1089 125 MEL.
1118 86 1327 124 SCRIPTA
1356 84 1652 121 EXEGEthA.

655 458 706 491 Ne
735 464 850 490 autem
882 457 1089 500 frangantur
1119 457 1239 497 animi,
1265 476 1266 485 η

258 513 476 561 praemoneri
495 519 527 544 et
545 509 742 543 confirm-ri
760 520 817 541 eos
835 519 971 541 necesse
989 514 1048 540 cst.
1085 506 1122 539 ld
1135 505 1239 541 Clu-i-
1264 501 1267 506 ⁴

1174 857 1246 891 Aut
1272 886 1273 891 ,

1025 1059 1102 1093 Etsi
1130 1067 1246 1093 autem
1274 1066 1275 1084 l

2189 84 2264 122 352

1287 171 1419 211 Deum,
1445 171 1504 204 sed
1522 176 1665 214 propter
1689 167 1773 203 haec
1799 169 1946 204 crimina
1971 183 2044 203 non
2069 169 2268 204 abiicienda

1287 229 1338 256 est
1353 222 1522 255 confessio
1546 220 1748 262 Evangelii,
1773 220 1866 254 iuxta
1886 221 1992 255 illud:
2023 222 2094 263 Qui
2122 232 2271 264 negave-

1289 275 1333 306 rit
1351 285 1405 305 me
1423 284 1538 305 coram
1557 271 1782 311 hominibus,
1816 272 1949 314 negabo
1968 279 2001 305 et
2017 284 2078 313 ego
2104 284 2184 305 euin
2213 284 2271 304 co-

1290 336 1362 356 ram
1380 329 1479 369 patre
1507 334 1582 354 meo
1605 321 1755 356 coelesti.
1815 320 1894 354 Hoc
1919 323 2125 355 mandatum
2152 322 2273 365 regula

1291 382 1360 414 est,
1403 385 1507 418 quam
1543 372 1640 416 sequi
1666 371 1821 405 Ecclesia
1845 371 1966 412 debet,
2003 381 2275 417 quantacunque

1293 424 1446 469 pericula
1465 431 1495 456 et
1513 423 1683 467 supplicia
1701 429 1962 466 proponuntur.

1499 505 1633 552 Argue!
1658 503 1837 539 mundum
1855 503 1900 541 de
1917 514 2071 553 peccalo„

1397 575 1675 609 praemonitioui
1694 575 1735 607 de
1753 587 1852 607 cruce
1868 586 1989 607 rursus
2005 575 2103 608 addit
2120 575 2280 609 consola-

1295 628 1444 666 tionem,
1486 634 1517 659 et
1542 627 1736 659 doctrinam
1762 627 1804 657 de
1840 625 2036 658 ministerio
2069 626 2279 668 evangelice.

1298 677 1370 720 Ego
1388 678 1429 709 ad
1448 684 1579 720 patrem
1596 679 1707 717 abeo,
1731 676 1764 707 id
1784 683 1853 713 est,
1888 687 1950 719 per
1977 687 2115 709 crucem
2140 677 2278 709 veniam

1297 731 1338 760 ad
1364 728 1530 770 gloriam,
1574 729 1632 760 sed
1659 727 1756 759 robis
1782 728 1958 769 ingentem
1986 727 2221 767 moesticiam,
2245 733 2280 760 et

1299 780 1430 811 luctum
1450 790 1523 810 mea
1539 790 1634 810 mors
1652 777 1781 814 afferet,
1811 788 1930 809 xerum
1948 777 2069 810 scitote
2081 778 2181 810 vobis
2198 789 2282 821 pro-

1300 830 1451 861 futuram
1485 840 1568 861 esse.
1632 825 1795 871 Opponit
1827 827 1934 869 igitur
1962 828 2052 860 tristi
2084 827 2279 872 spectaculo

1301 879 1438 917 mortis,
1465 879 1616 910 fructum
1636 886 1667 911 et
1686 880 1788 917 bona,
1815 890 1904 922 quae
1921 884 2122 922 sequentur,
2149 885 2183 911 et
2200 890 2280 910 rur-

1300 941 1356 960 sus
1382 929 1554 969 promittit
1578 929 1831 961 consolatorem
1849 928 2021 971 Spiritum
2040 936 2218 969 sanctum,
2247 935 2282 961 et

1303 1030 1337 1061 in
1358 1029 1522 1061 cordibus
1541 1029 1775 1072 credentium,
1801 1029 1973 1071 insignem
1993 1036 2023 1062 rt
2042 1031 2189 1061 maxime
2209 1040 2282 1061 me-

1303 1079 1507 1112 morabilem
1532 1079 1735 1110 concionem
1762 1079 1939 1121 proponit.
1994 1079 2038 1112 L't
2059 1077 2140 1111 haec
2161 1091 2283 1111 narra-

626 1165 633 1170 ,
711 1165 717 1169 ,
952 1163 958 1168 ,
1152 1162 1159 1169 ,
1274 1140 1276 1146 ’
1302 1131 1350 1162 tio
1375 1136 1485 1162 textus
1512 1129 1588 1161 ideo
1612 1129 1816 1169 diligentius
1841 1129 2037 1170 aspicienda
2065 1137 2096 1162 et
2121 1131 2284 1162 conside-

268 1171 349 1216 quia
373 1168 482 1201 facilis
509 1172 559 1199 est
580 1168 761 1203 retntatm,
803 1169 835 1195 et
859 1163 961 1196 multi
989 1162 1102 1206 palam
1127 1162 1249 1194 Vident
1275 1182 1276 1189 1

1303 1181 1410 1213 randa
1431 1188 1499 1218 est,
1527 1180 1586 1222 qui
1608 1181 1799 1211 multorum
1822 1179 2030 1221 scriptorum
2056 1179 2200 1212 insulsis
2227 1179 2283 1211 in-

1303 1230 1612 1274 terpretationibus
1642 1229 1742 1261 valde
1776 1229 1960 1261 obscurata
1992 1236 2061 1269 est,
2110 1229 2171 1273 qui
2205 1230 2283 1262 ideo

1303 1280 1510 1314 hallucinati
1535 1286 1636 1320 sunt,
1669 1280 1750 1324 quia
1775 1291 1838 1311 nec
1865 1279 2060 1311 doctrinam
2086 1280 2128 1311 de
2149 1279 2286 1312 iusticia

1303 1332 1402 1369 fidei,
1430 1343 1493 1363 nec
1519 1331 1707 1363 discrimen
1732 1329 1816 1372 legis
1838 1336 1870 1361 et
1890 1327 2075 1370 Evangelii
2104 1329 2286 1362 intellexe-

1304 1388 1406 1420 runt,
1438 1393 1501 1413 nec
1524 1379 1667 1424 phrasin
1695 1380 2024 1412 consideraverunt.
2082 1379 2184 1412 Nunc
2207 1391 2286 1422 gra—

1305 1433 1370 1464 tias
1387 1431 1459 1463 Deo
1477 1442 1635 1473 agamus,
1669 1432 1762 1474 quod
1782 1427 1844 1462 hae
1871 1441 1923 1461 res
1948 1436 2063 1462 tantae
2083 1430 2285 1474 aliquantu-

1305 1483 1377 1514 lum
1400 1482 1589 1514 illustratae
1614 1487 1714 1518 snut,
1750 1488 1783 1514 et
1814 1481 1922 1513 simus
1954 1480 2198 1518 studiosiores,
2242 1492 2286 1513 ne

1307 1531 1388 1565 haec
1408 1532 1465 1564 lux
1484 1543 1602 1564 rursus
1621 1532 1851 1573 extinguatur.

1622 1611 1758 1658 Argue!
1782 1611 1970 1649 mundum.

1409 1682 1503 1725 Quid
1537 1681 1643 1722 igitur
1681 1680 1751 1723 agit
1781 1680 1934 1724 Spiritus
1959 1689 2096 1713 sanctus
2124 1680 2289 1713 veniens?

1309 1747 1393 1767 num
1419 1733 1606 1765 constituet
1633 1743 1760 1763 novam
1787 1731 1964 1774 politiam,
1999 1737 2036 1764 ut.
2062 1730 2180 1764 Moses
2204 1742 2289 1764 con-

1309 1784 1438 1821 stituit,
1481 1790 1539 1815 aut
1564 1782 1722 1814 domabit
1746 1788 1863 1823 gentes
1885 1782 2008 1821 armis,
2050 1788 2087 1814 ut
2111 1781 2288 1814 somniant

1311 1835 1430 1868 ludaei
1464 1833 1613 1866 Messiae
1643 1832 1854 1874 imperium?
1914 1831 1987 1864 Has
2021 1832 2288 1874 imaginationes

1309 1885 1482 1918 removeri
1502 1884 1612 1922 iubet,
1639 1889 1669 1914 et
1686 1883 1813 1914 diserte
1831 1882 1934 1919 dicit,
1963 1882 2046 1926 qnid
2073 1889 2212 1914 acturus
2235 1883 2288 1915 sit.

1309 1937 1462 1977 Arguet,
1507 1933 1644 1977 inquit,
1686 1933 1873 1966 mundum.
1925 1931 2019 1964 Haec
2044 1944 2108 1964 vox
2135 1933 2288 1975 primum

1309 1987 1352 2018 (le
1385 1984 1581 2016 ministerio
1611 1981 1811 2024 Evaugrlii,
1853 1989 1969 2026 postea
1999 1983 2041 2015 de
2073 1983 2223 2015 efficacia
2250 1983 2287 2015 in

1310 2035 1528 2077 singulorum
1567 2032 1733 2065 cordibus
1767 2033 1991 2075 intelligatur.
2059 2032 2209 2075 Arguet,
2250 2034 2287 2066 id

1311 2093 1376 2125 est,
1405 2097 1476 2117 non
1494 2085 1605 2122 ferro,
1632 2095 1705 2115 non
1728 2084 1852 2122 arinis,
1879 2084 1937 2115 sed
1967 2094 2049 2115 voce
2072 2095 2109 2116 ac
2127 2084 2286 2117 docendo

1310 2135 1503 2176 accusabit,
1551 2133 1735 2167 convincet
1769 2140 1802 2165 et
1832 2134 2013 2166 damnabit
2043 2146 2115 2166 non
2148 2146 2287 2177 paucos,

1310 2198 1381 2219 non
1404 2186 1558 2218 infimam
1586 2190 1720 2217 tantum
1748 2184 1982 2226 plebeculam,
2018 2187 2074 2215 sed
2103 2186 2286 2224 mundum,

1310 2238 1345 2270 id
1364 2243 1431 2276 est,
1460 2242 1568 2268 totum
1589 2245 1697 2277 genus
1715 2232 1906 2267 humanum
1919 2261 1928 2273 ,
1955 2241 1987 2267 et
2005 2234 2094 2266 clare
2111 2232 2194 2267 haec
2211 2247 2287 2275 vox,

1310 2299 1388 2320 cum
1417 2286 1550 2331 inquit:
1604 2284 1754 2327 Arguet,
1797 2291 1942 2317 testatur
1967 2285 2216 2328 poenitentiam
2249 2285 2287 2319 in

1309 2336 1462 2370 Ecclesia
1487 2336 1755 2380 praedicandam
1779 2347 1868 2375 esse,
1912 2347 1950 2367 ac
1975 2335 2074 2367 valde
2097 2335 2287 2368 observan-

1311 2390 1392 2421 dum
1421 2395 1488 2425 est,
1532 2387 1624 2431 quod
1652 2386 1778 2418 diserte
1805 2385 1937 2430 inquit:
1972 2384 2124 2427 Spiritus
2149 2394 2287 2420 sanctus

1310 2445 1439 2481 arguet.
1492 2437 1573 2470 Non
1603 2436 1710 2479 igitur
1733 2433 1885 2468 humana
1910 2433 2133 2479 reprehensio
2161 2443 2210 2470 est
2231 2437 2287 2469 in-

1310 2490 1428 2522 stituta
1445 2486 1599 2521 humano
1625 2486 1790 2524 consilio,
1826 2493 1865 2519 ut
1887 2497 1964 2519 cum
1990 2486 2148 2520 Socrates
2173 2487 2288 2531 arguit

1312 2540 1400 2572 vitia
1417 2551 1561 2572 suorum
1579 2537 1726 2578 civium,
1752 2548 1816 2569 nec
1831 2543 1881 2569 est
1898 2548 1963 2568 vox
1979 2537 2095 2575 irrita,
2129 2539 2187 2571 scd
2213 2538 2287 2570 effi-

1311 2603 1371 2623 cax
1403 2590 1625 2633 penetratura
1658 2587 1693 2619 in
1729 2593 1862 2620 mentes
1888 2593 1921 2619 et
1944 2588 2066 2628 corda,
2101 2599 2286 2621 accensura

1312 2641 1526 2684 agnitionem
1561 2637 1691 2683 peccati
1716 2643 1749 2672 et
1772 2637 1843 2671 irae
1862 2637 1950 2679 Dei,
1994 2638 2075 2671 item
2099 2638 2287 2683 promissae
