2415 2942
226 116 300 152 643

234 214 331 239 mus,
358 206 394 232 ut
419 199 485 230 iam
505 196 576 229 Deo
597 193 813 229 obediamus.
865 193 956 227 Sunt
981 202 1095 228 autem
1122 195 1212 228 duae

235 259 349 298 partes
374 247 580 281 collationis.
626 244 729 277 Prior
761 246 860 278 docet
884 245 996 289 qualis
1021 253 1145 279 natura
1170 247 1214 280 sit

238 302 389 337 subiecta
410 297 488 339 legi.
543 295 721 328 Posterior
740 306 818 338 pars
837 296 1038 329 collationis
1056 297 1215 342 loquitur

238 355 280 386 de
299 361 398 383 causa
421 347 536 386 finali,
565 346 693 379 scilicet
718 346 759 378 de
777 357 867 379 nova
886 347 1095 382 obedientia.

340 400 442 433 Prior
467 409 545 442 pars
570 395 653 429 haec
676 403 736 435 est,
764 396 835 430 Lex
856 398 1006 441 pertinet
1024 400 1066 431 ad
1093 398 1215 431 viven-

240 460 308 486 tem
343 449 517 483 carnalem
553 455 725 482 naturam.
789 446 858 479 vos
893 457 1007 482 autem
1038 449 1105 482 iam
1136 449 1216 482 estis

242 500 460 537 mortificati,
485 499 615 531 scilicet
634 498 660 530 si
682 509 759 530 vere
785 498 866 531 estis
890 500 926 532 in
944 498 1098 535 Christo.
1152 498 1218 532 Er-

243 565 285 595 go
306 552 357 584 lex
375 562 445 582 non
470 556 625 588 accusat,
652 560 723 580 non
750 550 957 583 condemnat
975 562 1049 584 νος.
1103 549 1219 583 Maio-

245 615 317 636 rem
348 601 471 645 probat
500 600 751 639 similitudine,
783 598 881 633 Sicut
911 601 1037 634 mulier
1067 601 1220 634 subiecta

247 659 296 686 est
313 652 437 685 marito
455 650 639 693 tantisper,
667 651 777 682 donce
794 650 880 684 vivit
898 652 1055 690 vmaritus
1068 677 1076 692 ‚
1104 651 1150 683 ita
1168 651 1222 683 lex

248 702 488 737 dominabitur
504 701 712 734 viventibus.

351 752 528 786 Posterior
543 751 679 784 collatio
699 750 775 783 talis
792 758 854 794 cst,
876 750 971 785 Sicut
993 759 1132 785 mortuo
1149 762 1223 784 ma-

250 805 317 838 rito
336 803 464 836 mulier
489 810 595 845 nupta
615 801 732 840 alteri,
760 802 862 834 debet
886 803 916 834 ei
942 799 1149 842 adhaerere,
1177 801 1224 835 ita

251 866 316 888 nos
343 853 478 886 liberati
506 866 522 884 a
550 852 665 895 priore
689 852 874 892 servitute,
905 853 985 885 facti
1012 853 1079 885 iam
1107 863 1226 886 sumus

254 904 472 941 liberatoris,
505 902 597 944 Ergo
623 903 652 933 ci
678 900 867 935 adhaerere
894 909 926 936 et
955 904 1097 936 obedire
1121 904 1227 936 dehe-

253 967 342 989 mus.
395 953 488 986 llaec
513 960 561 986 est
584 952 730 996 simplex
753 960 785 986 et
805 964 878 986 non
902 955 1065 998 perplexa
1090 965 1228 987 accom-

253 1005 422 1039 modatio.

356 1055 458 1088 Prior
475 1060 589 1086 autem
607 1065 684 1097 pars
702 1053 880 1096 significat,
894 1055 1138 1088 liberationem
1156 1066 1230 1087 non

255 1103 486 1140 esse'tantum
512 1104 820 1146 imaginationem,
843 1107 901 1138 sed
925 1106 1000 1138 fieri
1023 1106 1229 1139 mortificata

257 1150 365 1191 veteri
395 1163 536 1192 natura,
565 1166 652 1199 quae
677 1156 774 1198 prius
797 1163 869 1189 erat
894 1157 958 1189 sub
983 1157 1067 1199 lege.
1127 1156 1231 1189 Nunc

258 1208 365 1251 igitur
383 1219 458 1240 cum
479 1206 545 1238 alia
567 1206 611 1238 sit
638 1213 779 1246 natura,
808 1218 878 1239 non
903 1208 1051 1250 pertinet
1076 1208 1118 1240 ad
1143 1205 1232 1240 hanc

258 1259 312 1292 ius
330 1258 433 1299 legis,
459 1257 546 1289 sicut
572 1257 611 1288 ad
644 1264 813 1296 vett-rem,
840 1259 898 1290 sed
926 1265 1097 1302 quatenus
1120 1257 1233 1290 credi-

260 1321 355 1349 mus,
390 1309 442 1340 tex
469 1319 538 1339 non
561 1313 697 1339 accusat
722 1319 785 1339 nec
808 1308 949 1342 damnat
976 1320 1050 1341 nos.
1111 1309 1233 1341 Altera

261 1372 339 1404 pars
357 1358 526 1391 illustrior
544 1363 610 1394 est,
639 1357 769 1390 scilicet
793 1370 879 1402 quae
902 1358 1058 1402 loquitur
1074 1360 1116 1391 de
1133 1369 1234 1392 causa

261 1410 376 1449 finali,
405 1408 499 1441 Facti
520 1418 640 1440 sumus
658 1407 871 1449 liberatoris,
890 1406 982 1452 Ergo
1000 1409 1029 1442 ei
1047 1407 1235 1443 adhaerea-

261 1472 339 1493 mus
358 1467 389 1493 et
408 1459 624 1492 obediamus.

311 1541 461 1579 Mortui
484 1540 568 1575 estis
585 1539 677 1586 legi,
701 1552 765 1588 per
791 1553 917 1588 corpus
936 1536 1098 1585 Christi,
1125 1548 1186 1579 alc.

364 1609 573 1648 Conclusio,
609 1609 644 1641 in
669 1621 736 1653 qua
763 1608 893 1643 Paulus
917 1612 1156 1645 accommodat
1180 1623 1237 1644 su-

264 1663 436 1709 periorem
469 1660 736 1693 similitudinem
768 1660 804 1693 in
835 1659 925 1694 hanc
958 1662 1067 1704 ipsam
1099 1670 1239 1696 senten-

265 1715 369 1754 tiam,
403 1712 491 1745 sicut
527 1711 814 1747 accommodavit.
882 1711 1017 1745 Mortui
1049 1713 1131 1746 estis
1160 1713 1240 1755 legi,

264 1776 326 1809 per
347 1774 471 1806 corpus
494 1759 645 1800 Christi,
681 1762 715 1794 id
739 1769 808 1802 est,
843 1761 982 1796 liberati
1006 1764 1086 1796 estis
1111 1775 1128 1796 a
1154 1764 1240 1806 lege,

267 1817 302 1848 id
327 1820 395 1851 est,
423 1824 465 1846 ne
489 1813 650 1850 damnet,
678 1824 722 1844 ne
748 1820 883 1846 accuset
908 1825 968 1846 vos
991 1814 1062 1853 lex,
1090 1813 1134 1848 Et
1160 1814 1240 1859 qni-

267 1867 346 1899 dem
366 1864 504 1896 liberati
533 1863 612 1895 estis
628 1875 688 1907 per
706 1875 831 1907 corpus
849 1861 1002 1904 Christi,
1031 1865 1064 1897 id
1084 1872 1152 1903 est,
1179 1876 1240 1908 per

267 1916 445 1949 victimam
463 1911 661 1954 Christum,
688 1914 747 1958 qui
773 1926 834 1957 pro
853 1915 953 1947 nobis
978 1915 1140 1948 satisfecit
1161 1915 1241 1959 legi,

268 1975 299 2001 et
323 1964 462 1999 sustulit
485 1964 813 1997 condemnationem
838 1972 871 1998 et
886 1973 1061 1998 aeternam
1080 1975 1241 2002 mortem.

267 2017 450 2051 Praeterea
470 2021 612 2058 propter
628 2022 774 2048 mortem
792 2012 923 2048 Christi
943 2016 1158 2050 instauratur
1180 2028 1241 2049 na-

268 2075 366 2105 tura,
401 2066 490 2098 sicut
520 2076 622 2108 supra
662 2065 749 2098 dixi:
794 2064 996 2110 Consepulti
1030 2078 1149 2100 sumus
1182 2079 1243 2112 per

266 2118 479 2162 baptismum
497 2115 533 2147 in
550 2122 715 2157 mortem,
743 2123 805 2150 etc.

421 2193 514 2233 Cum
532 2198 625 2232 enim
652 2210 806 2234 essemus
827 2199 864 2233 in
885 2212 1011 2243 carne,
1038 2206 1097 2235 etc.

369 2265 502 2300 Attexit
521 2266 739 2299 conclusioni
757 2265 946 2300 antithesin
959 2295 968 2308 ,
996 2275 1033 2301 ut
1052 2268 1166 2302 obiter
1184 2269 1244 2302 de-

270 2317 412 2350 scribat:
442 2316 565 2359 Qualis
583 2317 688 2350 fuerit
712 2317 808 2360 prior
831 2319 980 2351 servitus
995 2320 1060 2352 sub
1091 2319 1183 2362 lege,
1210 2326 1245 2353 et

271 2374 429 2408 econtra,
455 2368 568 2412 qualis
591 2379 644 2400 res
670 2367 713 2400 sit
737 2368 796 2401 illa
823 2369 977 2408 novitas,
1007 2382 1095 2414 quae
1119 2370 1244 2410 existit,

272 2429 349 2450 cum
374 2429 493 2450 sumus
517 2418 654 2451 liberati
678 2430 696 2450 a
719 2418 804 2462 lege.
865 2418 980 2459 Talis,
1007 2420 1137 2464 inquit,
1172 2427 1244 2453 erat

272 2469 439 2507 servitus,
479 2475 517 2501 ut
549 2469 603 2501 lex
627 2469 729 2501 etiam
749 2476 889 2511 augeret
909 2477 1099 2513 peccatum.
1151 2470 1244 2512 Quia

271 2529 348 2550 cum
374 2525 509 2551 accusat
532 2525 562 2551 et
587 2520 842 2562 perterrefacit,
877 2521 1078 2553 incenditur
1103 2521 1244 2554 dubita--

270 2568 338 2607 tio,
365 2574 398 2600 et
414 2568 571 2613 sequitur
598 2569 790 2611 indignatio
813 2571 977 2604 adversus
994 2569 1106 2604 Deum
1133 2579 1165 2605 et
1183 2573 1244 2603 de-

268 2617 432 2661 speratio.
483 2616 535 2650 De
552 2615 755 2651 huiusmodi
780 2622 926 2663 peccatis
949 2622 1088 2666 proprie
1113 2619 1168 2655 hic
1190 2621 1243 2654 10-

268 2668 408 2713 quitur,
431 2680 508 2702 cum
524 2668 591 2702 ait:
618 2667 774 2703 Affectus
790 2678 1009 2715 peccatorum
1028 2672 1164 2707 excitati
1182 2683 1245 2717 per

818 108 938 143 PlllL.
967 108 1081 145 MEL.
1110 109 1320 145 SCRIPTA
1346 108 1645 146 EXEGET1CA.

2172 113 2247 150 644

1269 198 1378 240 legem
1394 203 1495 229 erant
1518 196 1671 229 efficaces
1697 196 1734 229 in
1759 199 1926 232 membris
1949 199 2098 240 nostris,
2124 198 2159 232 id
2184 207 2246 238 est,

1265 248 1438 282 dubitatio
1463 254 1496 281 et
1521 246 1717 289 indignatio
1751 249 1917 283 adversus
1934 249 2047 284 Deum
2082 257 2247 285 avertunt

1266 311 1326 333 cor
1343 311 1360 332 a
1380 298 1451 332 Deo
1464 322 1474 341 ,
1504 295 1693 341 prohibent
1711 298 1971 333 invocationem
1990 308 2052 335 etc.

1369 348 1527 382 Primum
1546 348 1639 381 enim
1658 349 1717 381 illa
1737 349 1859 393 ingens
1877 351 2050 384 dubitatio
2063 375 2072 389 ‚
2101 362 2190 395 quae
2210 350 2247 383 in

1269 399 1427 434 omnium
1454 397 1638 432 hominum
1663 400 1790 433 animis
1814 397 1951 442 haeret,
1984 408 2075 434 certe
2099 408 2150 434 est
2174 401 2249 434 effi·

1271 463 1330 484 cax
1348 451 1385 482 in
1403 450 1587 488 membris,
1616 450 1696 494 quia
1716 458 1859 494 propter
1878 451 1974 484 illam
1992 450 2249 484 dubitationem

1272 509 1380 535 ruunt
1397 498 1557 533 homines
1579 508 1700 534 contra
1729 501 1943 535 voluntatem
1962 500 2048 542 Dei,
2073 508 2130 542 ut,
2165 500 2248 545 quia

1272 563 1345 584 non
1368 551 1548 585 confidunt
1565 550 1657 591 Deo,
1687 552 1796 585 multa
1826 552 1958 585 faciunt
1984 559 2077 586 metu
2102 558 2135 585 et
2156 551 2251 584 diffi-

1273 601 1391 635 dentia
1408 609 1528 635 contra
1545 602 1762 635 voluntatem
1780 600 1865 643 Dei,
1893 603 1928 635 in
1948 602 2157 647 quaerendis
2173 601 2252 646 opi-

1274 654 1360 694 bus,
1386 652 1526 685 auxiliis
1543 659 1606 685 etc.
1658 652 1760 686 Hanc
1783 660 1898 686 autem
1914 653 2172 687 dubitationem
2191 663 2252 685 seu

1275 703 1506 750 diffidentiam
1531 709 1632 745 auget
1658 703 1730 742 lex,
1768 716 1855 748 quae
1882 705 1963 749 quia
1987 715 2124 748 semper
2150 714 2253 736 accu-

1275 760 1345 795 sat,
1379 753 1461 786 facit
1489 761 1526 787 ut
1558 754 1663 787 corda
1693 754 1763 787 sint
1790 766 1910 788 aversa
1941 767 1960 788 a
1983 753 2076 793 Deo,
2116 753 2254 796 fugiant

1277 803 1410 844 Deum,
1440 816 1512 836 non
1541 804 1723 846 invocent,
1757 817 1830 838 non
1861 805 2057 846 confidant,
2092 816 2164 838 non
2195 815 2254 837 ex-

1277 861 1414 899 pectent
1429 866 1447 887 a
1463 853 1537 887 Deo
1554 855 1735 890 auxilium.
1790 854 1905 889 Multo
1930 855 2037 898 magis
2056 853 2139 888 haee
2154 854 2254 895 fiunt,

1279 912 1310 938 et
1329 905 1437 947 magis
1458 905 1722 948 conspiciuntur
1738 905 1775 938 in
1792 906 1875 949 ipsis
1888 907 2080 940 terroribus
2099 913 2130 938 et
2145 916 2255 948 agone

1279 955 1528 988 conscientiae:
1557 963 1595 988 ut
1625 955 1661 987 in
1688 955 1773 989 Saul
1796 964 1944 989 terrores
1968 956 2105 989 excitati
2124 967 2184 999 per
2205 955 2254 987 le-

1280 1017 1376 1049 gem,
1414 1005 1568 1048 profecto
1598 1012 1697 1038 erant
1730 1007 1882 1040 efficaces
1914 1008 1950 1039 in
1982 1007 2056 1040 eius
2080 1005 2258 1044 membris,

1282 1057 1463 1099 pariebant
1498 1055 1777 1098 indignationem
1816 1065 1848 1090 et
1879 1057 2057 1090 fremitum
2091 1057 2257 1089 adversus

1281 1106 1415 1147 Deum,
1446 1107 1726 1150 desperationem
1760 1113 1794 1141 et
1817 1115 1985 1148 mortem,
2021 1104 2258 1152 prohibebant

1282 1157 1553 1191 invocationem.

1384 1207 1447 1241 Est
1464 1215 1579 1241 autem
1597 1204 1654 1240 hic
1677 1207 1773 1240 locus
1796 1207 1984 1251 diligenter
2006 1207 2259 1247 observandus,

1283 1266 1322 1293 ut
1352 1259 1526 1292 discamus
1553 1258 1649 1290 illam
1682 1258 1939 1292 dubitationem
1972 1269 2045 1291 esse
2073 1264 2262 1302 peccatum,

1284 1317 1322 1343 ut
1345 1320 1579 1351 repugnemus
1615 1315 1647 1341 et
1680 1308 1853 1350 erigamus
1884 1321 1947 1342 nos
1978 1307 2187 1353 Evangelio,
2227 1314 2261 1340 et

1284 1360 1434 1393 sciamus
1457 1371 1528 1391 esse
1558 1359 1691 1391 cultum
1717 1357 1782 1391 Dei
1811 1359 1847 1391 in
1877 1359 1948 1391 illis
1980 1360 2172 1392 terroribus
2204 1369 2261 1390 re-

1286 1421 1441 1455 pugnare
1458 1408 1668 1441 dubitationi
1692 1415 1723 1441 et
1744 1409 1970 1444 diffidentiae.
2022 1408 2090 1442 Sed
2109 1407 2261 1440 maxima

1286 1471 1366 1505 pars
1391 1458 1575 1492 hominum
1599 1458 1686 1492 vivit
1708 1459 1744 1491 in
1771 1459 1831 1492 illa
1851 1466 2015 1502 perpetua
2041 1457 2262 1492 dubitatione

1288 1519 1319 1545 et
1344 1510 1556 1550 diffidentia,
1591 1521 1653 1542 nec
1678 1509 1818 1543 invocat
1837 1510 1968 1549 Deum,
1989 1522 2052 1543 nec
2069 1509 2172 1553 petit,
2199 1519 2262 1540 nec

1289 1567 1443 1604 expectat
1469 1560 1655 1603 quicquam
1678 1571 1696 1592 a
1718 1557 1804 1592 Deo.
1858 1559 1953 1593 Ilaec
1977 1571 2100 1593 arcana
2124 1564 2264 1603 peccata

1289 1623 1361 1644 non
1380 1616 1527 1643 cernunt
1546 1607 1717 1644 homines.
1769 1608 1837 1643 Sed
1856 1608 2048 1645 Christiani
2074 1621 2111 1642 ea
2129 1607 2264 1640 intelli—-

1289 1673 1369 1705 gere
1400 1661 1546 1699 debent,
1578 1667 1616 1693 ut
1649 1660 1784 1692 discant
1815 1672 2006 1703 repugnare
2039 1658 2266 1698 diffidentiae,

1290 1719 1323 1746 et
1340 1711 1512 1745 consolari
1535 1721 1570 1743 se
1596 1722 1678 1743 voce
1695 1708 1897 1754 Evangelii,
1925 1718 1963 1744 ut
1990 1710 2189 1755 concipiant
2207 1720 2266 1741 ve—

1289 1775 1363 1796 ram
1378 1763 1493 1795 fidem.

1391 1812 1522 1845 Paulus
1557 1822 1640 1844 usus
1678 1816 1728 1844 est
1767 1811 1956 1844 admodum
1989 1811 2266 1854 significantibus

1291 1863 1422 1903 verbis,
1450 1875 1526 1895 cum
1546 1862 1704 1895 nominat
1721 1861 1879 1901 affectus,
1907 1869 1939 1896 et
1956 1863 2083 1895 diserte
2101 1862 2185 1895 dicit
2208 1872 2266 1894 eos

1292 1926 1353 1959 per
1384 1914 1493 1955 legem
1526 1912 1687 1953 excitari,
1727 1919 1761 1945 et
1792 1912 1907 1953 addit,
1946 1913 2097 1945 efficaces
2126 1923 2199 1945 esse
2230 1911 2267 1943 in

1292 1965 1469 1999 membris.
1527 1961 1603 1995 Ilae
1631 1970 1712 1997 sunt
1742 1963 1932 1995 admodum
1960 1963 2113 1996 illustres
2138 1962 2268 1995 descri-

1293 2016 1440 2060 ptiones.
1484 2012 1582 2046 Sicut
1599 2013 1634 2045 in
1654 2012 1759 2046 Saule
1777 2013 1953 2054 videmus,
1982 2025 2084 2058 quam
2102 2013 2146 2046 sit
2165 2011 2269 2046 vehe-

1293 2077 1392 2099 mens
1416 2064 1630 2106 indignatio,
1656 2076 1759 2107 quam
1778 2064 1847 2096 sint
1862 2066 2023 2097 ardentes
2041 2072 2176 2104 motus,
2219 2063 2268 2097 sie

1295 2117 1330 2149 in
1355 2115 1501 2159 singulis
1531 2112 1734 2147 bominibus
1762 2114 1936 2147 dubitatio
1970 2114 2097 2149 avertit
2121 2115 2224 2147 corda
2248 2125 2267 2146 a

1295 2167 1388 2206 Deo,
1415 2173 1447 2199 et
1473 2171 1564 2198 tenet
1588 2165 1734 2208 captiva.
1790 2164 1886 2198 Haec
1910 2177 1979 2198 non
2005 2166 2171 2198 dicuntur
2192 2163 2269 2197 vul-

1295 2218 1366 2261 gari
1395 2216 1524 2249 indicio
1550 2227 1566 2247 a
1592 2214 1722 2254 Paulo,
1749 2217 1807 2249 sed
1826 2216 2067 2259 spiritualibus
2081 2214 2191 2247 oculis
2213 2213 2269 2246 in·

1295 2275 1413 2302 tuetur
1429 2266 1559 2299 Paulus
1576 2266 1811 2308 captivitatem
1836 2267 1993 2299 cordium
2018 2262 2266 2304 humanorum,

1295 2325 1329 2352 et
1359 2328 1521 2352 arcanam
1547 2316 1780 2349 diffidentiam
1809 2323 1842 2350 et
1874 2315 2147 2356 dubitationem,
2180 2326 2269 2360 quae

1295 2376 1411 2413 postea
1428 2367 1564 2400 infinita
1585 2374 1719 2410 peccata
1738 2367 1838 2409 parit.

1395 2417 1530 2452 Eodem
1552 2417 1701 2461 pertinet
1723 2417 1815 2460 quod
1836 2423 1951 2459 postea
1975 2415 2105 2460 inquit:
2134 2415 2271 2449 Mortui

1294 2470 1380 2513 legi,
1408 2481 1474 2516 qua
1502 2468 1627 2512 captivi
1651 2468 1867 2501 tenebamur.
1900 2466 2080 2508 Significat
2101 2467 2194 2499 enim
2226 2466 2271 2499 il-

1295 2521 1363 2553 lam
1396 2519 1652 2563 captivitatem,
1694 2529 1761 2562 qua
1788 2517 1891 2550 corda
1925 2515 2077 2550 hnmana
2107 2528 2269 2561 oppressa

1295 2571 1532 2609 dubitatione,
1568 2567 1780 2610 diffidentia,
1821 2568 2030 2610 pavoribus,
2063 2575 2270 2601 avertuntur

1293 2633 1313 2654 a
1337 2620 1432 2659 Deo,
1472 2620 1610 2662 fugiunt
1637 2617 1770 2655 Deum,
1805 2629 1868 2650 nec
1898 2624 2044 2661 possunt
2069 2630 2147 2651 vere
2168 2617 2271 2652 invo-

1295 2682 1392 2714 care,
1419 2683 1481 2705 nec
1498 2675 1656 2704 statuunt
1674 2668 1742 2702 sibi
1761 2668 1906 2712 ignosci.
1956 2668 2025 2704 Sed
2051 2670 2191 2715 quando
2207 2680 2270 2703 au·
