<?xml version="1.0" encoding="UTF-8"?>
<!DOCTYPE html PUBLIC "-//W3C//DTD XHTML 1.0 Transitional//EN"
    "http://www.w3.org/TR/xhtml1/DTD/xhtml1-transitional.dtd">
<html xmlns="http://www.w3.org/1999/xhtml" xml:lang="en" lang="en">
 <head>
  <title>
</title>
<meta http-equiv="Content-Type" content="text/html;charset=utf-8" />
  <meta name='ocr-system' content='tesseract 3.04.00' />
  <meta name='ocr-capabilities' content='ocr_page ocr_carea ocr_par ocr_line ocrx_word'/>
</head>
<body>
  <div class='ocr_page' id='page_1' title='image "./operaquaesupersu15melauoft/operaquaesupersu15melauoft_0411.png"; bbox 0 0 2415 2942; ppageno 0'>
   <div class='ocr_carea' id='block_1_1' title="bbox 83 74 362 112">
    <p class='ocr_par' dir='ltr' id='par_1_1' title="bbox 83 74 362 112">
     <span class='ocr_line' id='line_1_1' title="bbox 83 74 362 112; baseline 0.004 -1"><span class='ocrx_word' id='word_1_1' title='bbox 83 74 156 111; x_wconf 84' lang='lat'>805</span> <span class='ocrx_word' id='word_1_2' title='bbox 262 74 362 112; x_wconf 88' lang='lat' dir='ltr'><strong>XIII.</strong></span> 
     </span>
    </p>
   </div>
   <div class='ocr_carea' id='block_1_2' title="bbox 64 160 1068 2696">
    <p class='ocr_par' dir='ltr' id='par_1_2' title="bbox 76 160 1068 805">
     <span class='ocr_line' id='line_1_2' title="bbox 80 160 1068 204; baseline -0.001 -9"><span class='ocrx_word' id='word_1_3' title='bbox 80 160 191 195; x_wconf 92' lang='lat' dir='ltr'>Erant</span> <span class='ocrx_word' id='word_1_4' title='bbox 216 160 340 200; x_wconf 91' lang='lat' dir='ltr'>etiam,</span> <span class='ocrx_word' id='word_1_5' title='bbox 364 173 442 194; x_wconf 90' lang='lat' dir='ltr'>cum</span> <span class='ocrx_word' id='word_1_6' title='bbox 460 161 563 194; x_wconf 86' lang='lat' dir='ltr'>fidem</span> <span class='ocrx_word' id='word_1_7' title='bbox 590 161 795 204; x_wconf 88' lang='lat' dir='ltr'>intelligunt</span> <span class='ocrx_word' id='word_1_8' title='bbox 813 167 948 194; x_wconf 87' lang='lat' dir='ltr'>tantum</span> <span class='ocrx_word' id='word_1_9' title='bbox 973 162 1068 194; x_wconf 91' lang='lat' dir='ltr'>noti-</span> 
     </span>
     <span class='ocr_line' id='line_1_3' title="bbox 81 209 1068 254; baseline -0.002 -9"><span class='ocrx_word' id='word_1_10' title='bbox 81 213 169 245; x_wconf 86' lang='lat' dir='ltr'>ciam</span> <span class='ocrx_word' id='word_1_11' title='bbox 190 209 375 253; x_wconf 77' lang='lat' dir='ltr'>historiae,</span> <span class='ocrx_word' id='word_1_12' title='bbox 397 219 430 246; x_wconf 87' lang='lat' dir='ltr'>et</span> <span class='ocrx_word' id='word_1_13' title='bbox 449 212 572 246; x_wconf 89' lang='lat' dir='ltr'>iubent</span> <span class='ocrx_word' id='word_1_14' title='bbox 593 210 754 245; x_wconf 85' lang='lat' dir='ltr'>homines</span> <span class='ocrx_word' id='word_1_15' title='bbox 770 223 907 254; x_wconf 80' lang='lat' dir='ltr'>semper</span> <span class='ocrx_word' id='word_1_16' title='bbox 927 224 1068 244; x_wconf 90' lang='lat' dir='ltr'>manere</span> 
     </span>
     <span class='ocr_line' id='line_1_4' title="bbox 81 262 1067 308; baseline -0.001 -13"><span class='ocrx_word' id='word_1_17' title='bbox 81 263 119 296; x_wconf 90' lang='lat' dir='ltr'>in</span> <span class='ocrx_word' id='word_1_18' title='bbox 147 263 386 302; x_wconf 72' lang='lat' dir='ltr'>dubitatione,</span> <span class='ocrx_word' id='word_1_19' title='bbox 435 263 517 308; x_wconf 90' lang='lat' dir='ltr'>quia</span> <span class='ocrx_word' id='word_1_20' title='bbox 556 262 687 296; x_wconf 89' lang='lat' dir='ltr'>Paulus</span> <span class='ocrx_word' id='word_1_21' title='bbox 725 262 907 295; x_wconf 84' lang='lat' dir='ltr'>manifeste</span> <span class='ocrx_word' id='word_1_22' title='bbox 939 262 1067 307; x_wconf 81' lang='lat' dir='ltr'>inquit,</span> 
     </span>
     <span class='ocr_line' id='line_1_5' title="bbox 81 311 1065 358; baseline -0.002 -11"><span class='ocrx_word' id='word_1_23' title='bbox 81 311 234 358; x_wconf 89' lang='lat' dir='ltr'>Oportet</span> <span class='ocrx_word' id='word_1_24' title='bbox 253 313 520 358; x_wconf 87' lang='lat' dir='ltr'>promissionem</span> <span class='ocrx_word' id='word_1_25' title='bbox 543 314 611 346; x_wconf 85' lang='lat' dir='ltr'>fide</span> <span class='ocrx_word' id='word_1_26' title='bbox 627 313 748 356; x_wconf 89' lang='lat' dir='ltr'>accipi.</span> <span class='ocrx_word' id='word_1_27' title='bbox 800 311 978 356; x_wconf 85' lang='lat' dir='ltr'>Loquitur</span> <span class='ocrx_word' id='word_1_28' title='bbox 1002 314 1065 356; x_wconf 87' lang='lat' dir='ltr'>igi-</span> 
     </span>
     <span class='ocr_line' id='line_1_6' title="bbox 79 362 1066 410; baseline -0.001 -12"><span class='ocrx_word' id='word_1_29' title='bbox 79 371 137 399; x_wconf 89' lang='lat' dir='ltr'>tur</span> <span class='ocrx_word' id='word_1_30' title='bbox 153 366 195 398; x_wconf 92' lang='lat' dir='ltr'>de</span> <span class='ocrx_word' id='word_1_31' title='bbox 213 365 297 406; x_wconf 86' lang='lat' dir='ltr'>fide,</span> <span class='ocrx_word' id='word_1_32' title='bbox 320 377 387 410; x_wconf 90' lang='lat' dir='ltr'>qua</span> <span class='ocrx_word' id='word_1_33' title='bbox 406 371 439 398; x_wconf 91' lang='lat' dir='ltr'>et</span> <span class='ocrx_word' id='word_1_34' title='bbox 457 371 610 398; x_wconf 86' lang='lat' dir='ltr'>caeteros</span> <span class='ocrx_word' id='word_1_35' title='bbox 626 362 792 397; x_wconf 88' lang='lat' dir='ltr'>articulos</span> <span class='ocrx_word' id='word_1_36' title='bbox 822 362 909 396; x_wconf 88' lang='lat' dir='ltr'>fidei</span> <span class='ocrx_word' id='word_1_37' title='bbox 932 365 1066 408; x_wconf 84' lang='lat' dir='ltr'>ample·</span> 
     </span>
     <span class='ocr_line' id='line_1_7' title="bbox 80 413 1064 460; baseline -0.002 -10"><span class='ocrx_word' id='word_1_38' title='bbox 80 416 228 456; x_wconf 87' lang='lat' dir='ltr'>ctimur,</span> <span class='ocrx_word' id='word_1_39' title='bbox 257 423 289 450; x_wconf 87' lang='lat' dir='ltr'>et</span> <span class='ocrx_word' id='word_1_40' title='bbox 311 416 521 450; x_wconf 71' lang='lat' dir='ltr'><strong>assentimur</strong></span> <span class='ocrx_word' id='word_1_41' title='bbox 539 413 784 460; x_wconf 89' lang='lat' dir='ltr'>promissioni,</span> <span class='ocrx_word' id='word_1_42' title='bbox 813 420 845 447; x_wconf 87' lang='lat' dir='ltr'>et</span> <span class='ocrx_word' id='word_1_43' title='bbox 866 415 1064 456; x_wconf 87' lang='lat' dir='ltr'>statuimus,</span> 
     </span>
     <span class='ocr_line' id='line_1_8' title="bbox 78 461 1063 511; baseline -0.001 -11"><span class='ocrx_word' id='word_1_44' title='bbox 78 466 291 511; x_wconf 85' lang='lat' dir='ltr'>promissum</span> <span class='ocrx_word' id='word_1_45' title='bbox 307 466 514 500; x_wconf 88' lang='lat' dir='ltr'>beneficium</span> <span class='ocrx_word' id='word_1_46' title='bbox 537 463 675 498; x_wconf 84' lang='lat' dir='ltr'>nobis</span> <span class='ocrx_word' id='word_1_47' title='bbox 691 461 868 503; x_wconf 86' lang='lat' dir='ltr'>exbiberi,</span> <span class='ocrx_word' id='word_1_48' title='bbox 897 477 974 498; x_wconf 90' lang='lat' dir='ltr'>cum</span> <span class='ocrx_word' id='word_1_49' title='bbox 996 479 1063 511; x_wconf 88' lang='lat' dir='ltr'>qua</span> 
     </span>
     <span class='ocr_line' id='line_1_9' title="bbox 78 514 1064 562; baseline 0 -12"><span class='ocrx_word' id='word_1_50' title='bbox 78 518 146 550; x_wconf 88' lang='lat' dir='ltr'>fide</span> <span class='ocrx_word' id='word_1_51' title='bbox 171 524 221 552; x_wconf 88' lang='lat' dir='ltr'>est</span> <span class='ocrx_word' id='word_1_52' title='bbox 247 517 374 551; x_wconf 88' lang='lat' dir='ltr'>fiducia</span> <span class='ocrx_word' id='word_1_53' title='bbox 399 517 622 562; x_wconf 88' lang='lat' dir='ltr'>acquiescens</span> <span class='ocrx_word' id='word_1_54' title='bbox 647 516 685 548; x_wconf 90' lang='lat' dir='ltr'>in</span> <span class='ocrx_word' id='word_1_55' title='bbox 712 514 954 549; x_wconf 85' lang='lat' dir='ltr'>misericordia</span> <span class='ocrx_word' id='word_1_56' title='bbox 981 529 1064 560; x_wconf 80' lang='lat' dir='ltr'>pro-</span> 
     </span>
     <span class='ocr_line' id='line_1_10' title="bbox 77 565 1064 613; baseline 0 -12"><span class='ocrx_word' id='word_1_57' title='bbox 77 568 183 601; x_wconf 86' lang='lat' dir='ltr'>missa</span> <span class='ocrx_word' id='word_1_58' title='bbox 200 575 342 613; x_wconf 91' lang='lat' dir='ltr'>propter</span> <span class='ocrx_word' id='word_1_59' title='bbox 359 568 488 608; x_wconf 86' lang='lat' dir='ltr'>filium,</span> <span class='ocrx_word' id='word_1_60' title='bbox 516 578 577 600; x_wconf 91' lang='lat' dir='ltr'>seu</span> <span class='ocrx_word' id='word_1_61' title='bbox 600 565 825 612; x_wconf 82' lang='lat' dir='ltr'>acquiescens</span> <span class='ocrx_word' id='word_1_62' title='bbox 843 566 879 599; x_wconf 93' lang='lat' dir='ltr'>in</span> <span class='ocrx_word' id='word_1_63' title='bbox 898 567 988 606; x_wconf 88' lang='lat' dir='ltr'>filio,</span> <span class='ocrx_word' id='word_1_64' title='bbox 1007 580 1064 601; x_wconf 87' lang='lat' dir='ltr'>ac-</span> 
     </span>
     <span class='ocr_line' id='line_1_11' title="bbox 77 617 1061 663; baseline 0 -11"><span class='ocrx_word' id='word_1_65' title='bbox 77 620 204 652; x_wconf 85' lang='lat' dir='ltr'>cedens</span> <span class='ocrx_word' id='word_1_66' title='bbox 226 621 269 653; x_wconf 90' lang='lat' dir='ltr'>ad</span> <span class='ocrx_word' id='word_1_67' title='bbox 289 618 420 663; x_wconf 86' lang='lat' dir='ltr'>Deum,</span> <span class='ocrx_word' id='word_1_68' title='bbox 449 618 617 651; x_wconf 88' lang='lat' dir='ltr'>invocans</span> <span class='ocrx_word' id='word_1_69' title='bbox 642 624 675 651; x_wconf 87' lang='lat' dir='ltr'>et</span> <span class='ocrx_word' id='word_1_70' title='bbox 691 617 846 650; x_wconf 89' lang='lat' dir='ltr'>clamans</span> <span class='ocrx_word' id='word_1_71' title='bbox 868 619 971 651; x_wconf 84' lang='lat' dir='ltr'>Abba</span> <span class='ocrx_word' id='word_1_72' title='bbox 996 618 1061 652; x_wconf 87' lang='lat' dir='ltr'>Pa-</span> 
     </span>
     <span class='ocr_line' id='line_1_12' title="bbox 78 668 1061 714; baseline -0.002 -10"><span class='ocrx_word' id='word_1_73' title='bbox 78 676 131 704; x_wconf 82' lang='lat' dir='ltr'>ter</span> <span class='ocrx_word' id='word_1_74' title='bbox 155 676 218 703; x_wconf 89' lang='lat' dir='ltr'>etc.</span> <span class='ocrx_word' id='word_1_75' title='bbox 280 669 388 709; x_wconf 90' lang='lat' dir='ltr'>Item,</span> <span class='ocrx_word' id='word_1_76' title='bbox 423 668 483 714; x_wconf 92' lang='lat' dir='ltr'>qui</span> <span class='ocrx_word' id='word_1_77' title='bbox 510 675 627 701; x_wconf 89' lang='lat' dir='ltr'>manet</span> <span class='ocrx_word' id='word_1_78' title='bbox 650 668 687 700; x_wconf 92' lang='lat' dir='ltr'>in</span> <span class='ocrx_word' id='word_1_79' title='bbox 714 668 954 709; x_wconf 75' lang='lat' dir='ltr'>dubitatione,</span> <span class='ocrx_word' id='word_1_80' title='bbox 990 681 1061 703; x_wconf 90' lang='lat' dir='ltr'>non</span> 
     </span>
     <span class='ocr_line' id='line_1_13' title="bbox 76 718 1062 764; baseline -0.001 -10"><span class='ocrx_word' id='word_1_81' title='bbox 76 720 197 755; x_wconf 82' lang='lat' dir='ltr'>statuit</span> <span class='ocrx_word' id='word_1_82' title='bbox 221 720 289 754; x_wconf 90' lang='lat' dir='ltr'>sibi</span> <span class='ocrx_word' id='word_1_83' title='bbox 307 720 532 753; x_wconf 75' lang='lat' dir='ltr'>mediatorem</span> <span class='ocrx_word' id='word_1_84' title='bbox 553 731 624 752; x_wconf 90' lang='lat' dir='ltr'>esse</span> <span class='ocrx_word' id='word_1_85' title='bbox 642 719 754 752; x_wconf 90' lang='lat' dir='ltr'>filium</span> <span class='ocrx_word' id='word_1_86' title='bbox 773 719 854 753; x_wconf 83' lang='lat' dir='ltr'>Dei.</span> <span class='ocrx_word' id='word_1_87' title='bbox 898 718 979 754; x_wconf 91' lang='lat' dir='ltr'>Non</span> <span class='ocrx_word' id='word_1_88' title='bbox 997 721 1062 764; x_wconf 85' lang='lat' dir='ltr'>igi-</span> 
     </span>
     <span class='ocr_line' id='line_1_14' title="bbox 76 767 700 805; baseline -0.005 0"><span class='ocrx_word' id='word_1_89' title='bbox 76 778 135 805; x_wconf 88' lang='lat' dir='ltr'>tur</span> <span class='ocrx_word' id='word_1_90' title='bbox 150 771 274 805; x_wconf 81' lang='lat' dir='ltr'>tribuit</span> <span class='ocrx_word' id='word_1_91' title='bbox 292 771 322 803; x_wconf 90' lang='lat' dir='ltr'>ei</span> <span class='ocrx_word' id='word_1_92' title='bbox 340 770 497 804; x_wconf 89' lang='lat' dir='ltr'>debitum</span> <span class='ocrx_word' id='word_1_93' title='bbox 515 767 700 803; x_wconf 83' lang='lat' dir='ltr'>honorem.</span> 
     </span>
    </p>

    <p class='ocr_par' dir='ltr' id='par_1_3' title="bbox 65 819 1061 1778">
     <span class='ocr_line' id='line_1_15' title="bbox 177 819 1059 867; baseline -0.001 -12"><span class='ocrx_word' id='word_1_94' title='bbox 177 821 247 856; x_wconf 88' lang='lat' dir='ltr'>Sed</span> <span class='ocrx_word' id='word_1_95' title='bbox 270 822 384 855; x_wconf 90' lang='lat' dir='ltr'>altera&#39;</span> <span class='ocrx_word' id='word_1_96' title='bbox 400 821 556 866; x_wconf 88' lang='lat' dir='ltr'>quaestio</span> <span class='ocrx_word' id='word_1_97' title='bbox 582 819 640 854; x_wconf 91' lang='lat' dir='ltr'>hic</span> <span class='ocrx_word' id='word_1_98' title='bbox 668 820 839 864; x_wconf 76' lang='lat' dir='ltr'>agitatur,</span> <span class='ocrx_word' id='word_1_99' title='bbox 875 828 1059 867; x_wconf 77' lang='lat' dir='ltr'>postquam</span> 
     </span>
     <span class='ocr_line' id='line_1_16' title="bbox 73 870 1059 913; baseline 0.001 -8"><span class='ocrx_word' id='word_1_100' title='bbox 73 870 181 906; x_wconf 88' lang='lat' dir='ltr'>homo</span> <span class='ocrx_word' id='word_1_101' title='bbox 203 883 391 906; x_wconf 86' lang='lat' dir='ltr'>conversus</span> <span class='ocrx_word' id='word_1_102' title='bbox 408 879 475 913; x_wconf 84' lang='lat' dir='ltr'>est,</span> <span class='ocrx_word' id='word_1_103' title='bbox 502 878 535 906; x_wconf 88' lang='lat' dir='ltr'>et</span> <span class='ocrx_word' id='word_1_104' title='bbox 558 872 626 905; x_wconf 88' lang='lat' dir='ltr'>iam</span> <span class='ocrx_word' id='word_1_105' title='bbox 643 884 786 906; x_wconf 88' lang='lat' dir='ltr'>accensa</span> <span class='ocrx_word' id='word_1_106' title='bbox 811 880 863 907; x_wconf 89' lang='lat' dir='ltr'>est</span> <span class='ocrx_word' id='word_1_107' title='bbox 880 874 917 906; x_wconf 94' lang='lat' dir='ltr'>in</span> <span class='ocrx_word' id='word_1_108' title='bbox 939 885 978 906; x_wconf 91' lang='lat' dir='ltr'>eo</span> <span class='ocrx_word' id='word_1_109' title='bbox 996 885 1059 906; x_wconf 89' lang='lat' dir='ltr'>no-</span> 
     </span>
     <span class='ocr_line' id='line_1_17' title="bbox 73 922 1061 969; baseline 0.001 -14"><span class='ocrx_word' id='word_1_110' title='bbox 73 923 162 956; x_wconf 89' lang='lat' dir='ltr'>vitas</span> <span class='ocrx_word' id='word_1_111' title='bbox 184 922 395 966; x_wconf 85' lang='lat' dir='ltr'>spiritualis,</span> <span class='ocrx_word' id='word_1_112' title='bbox 421 935 499 964; x_wconf 93' lang='lat' dir='ltr'>seu,</span> <span class='ocrx_word' id='word_1_113' title='bbox 529 930 566 956; x_wconf 92' lang='lat' dir='ltr'>ut</span> <span class='ocrx_word' id='word_1_114' title='bbox 589 923 648 956; x_wconf 92' lang='lat' dir='ltr'>alii</span> <span class='ocrx_word' id='word_1_115' title='bbox 665 923 881 969; x_wconf 90' lang='lat' dir='ltr'>loquuntur,</span> <span class='ocrx_word' id='word_1_116' title='bbox 908 924 1061 964; x_wconf 87' lang='lat' dir='ltr'>dilectio,</span> 
     </span>
     <span class='ocr_line' id='line_1_18' title="bbox 72 973 1060 1018; baseline 0.001 -12"><span class='ocrx_word' id='word_1_117' title='bbox 72 974 193 1007; x_wconf 89' lang='lat' dir='ltr'>dicunt</span> <span class='ocrx_word' id='word_1_118' title='bbox 225 985 303 1006; x_wconf 89' lang='lat' dir='ltr'>eum</span> <span class='ocrx_word' id='word_1_119' title='bbox 329 974 459 1007; x_wconf 88' lang='lat' dir='ltr'>iustum</span> <span class='ocrx_word' id='word_1_120' title='bbox 489 985 561 1007; x_wconf 90' lang='lat' dir='ltr'>esse</span> <span class='ocrx_word' id='word_1_121' title='bbox 592 981 671 1018; x_wconf 90' lang='lat' dir='ltr'>post</span> <span class='ocrx_word' id='word_1_122' title='bbox 699 976 965 1009; x_wconf 87' lang='lat' dir='ltr'>conversionem</span> <span class='ocrx_word' id='word_1_123' title='bbox 997 973 1060 1008; x_wconf 87' lang='lat' dir='ltr'>hac</span> 
     </span>
     <span class='ocr_line' id='line_1_19' title="bbox 72 1024 1060 1070; baseline 0.002 -13"><span class='ocrx_word' id='word_1_124' title='bbox 72 1024 227 1058; x_wconf 87' lang='lat' dir='ltr'>novitate</span> <span class='ocrx_word' id='word_1_125' title='bbox 251 1036 310 1057; x_wconf 88' lang='lat' dir='ltr'>seu</span> <span class='ocrx_word' id='word_1_126' title='bbox 333 1025 542 1066; x_wconf 84' lang='lat' dir='ltr'>dilectione,</span> <span class='ocrx_word' id='word_1_127' title='bbox 575 1025 610 1058; x_wconf 91' lang='lat' dir='ltr'>id</span> <span class='ocrx_word' id='word_1_128' title='bbox 645 1032 711 1067; x_wconf 87' lang='lat' dir='ltr'>est,</span> <span class='ocrx_word' id='word_1_129' title='bbox 747 1038 932 1070; x_wconf 81' lang='lat' dir='ltr'>personam</span> <span class='ocrx_word' id='word_1_130' title='bbox 964 1038 1060 1059; x_wconf 89' lang='lat' dir='ltr'>acce-</span> 
     </span>
     <span class='ocr_line' id='line_1_20' title="bbox 72 1073 1060 1121; baseline 0.001 -12"><span class='ocrx_word' id='word_1_131' title='bbox 72 1083 166 1119; x_wconf 85' lang='lat' dir='ltr'>ptam</span> <span class='ocrx_word' id='word_1_132' title='bbox 184 1087 256 1108; x_wconf 89' lang='lat' dir='ltr'>esse</span> <span class='ocrx_word' id='word_1_133' title='bbox 272 1075 347 1109; x_wconf 89' lang='lat' dir='ltr'>Deo</span> <span class='ocrx_word' id='word_1_134' title='bbox 366 1085 395 1108; x_wconf 85' lang='lat' dir='ltr'>et</span> <span class='ocrx_word' id='word_1_135' title='bbox 421 1073 605 1109; x_wconf 77' lang='lat' dir='ltr'>haeredem</span> <span class='ocrx_word' id='word_1_136' title='bbox 628 1076 718 1110; x_wconf 86' lang='lat' dir='ltr'>vitae</span> <span class='ocrx_word' id='word_1_137' title='bbox 736 1085 898 1110; x_wconf 81' lang='lat' dir='ltr'>aeternae</span> <span class='ocrx_word' id='word_1_138' title='bbox 917 1085 1060 1121; x_wconf 89' lang='lat' dir='ltr'>propter</span> 
     </span>
     <span class='ocr_line' id='line_1_21' title="bbox 70 1124 1059 1167; baseline 0.001 -8"><span class='ocrx_word' id='word_1_139' title='bbox 70 1126 314 1167; x_wconf 87' lang='lat' dir='ltr'>dilectionem,</span> <span class='ocrx_word' id='word_1_140' title='bbox 350 1134 381 1159; x_wconf 90' lang='lat' dir='ltr'>et</span> <span class='ocrx_word' id='word_1_141' title='bbox 401 1124 485 1159; x_wconf 89' lang='lat' dir='ltr'>haec</span> <span class='ocrx_word' id='word_1_142' title='bbox 503 1126 729 1161; x_wconf 85' lang='lat' dir='ltr'>cumularunt</span> <span class='ocrx_word' id='word_1_143' title='bbox 753 1135 852 1162; x_wconf 86' lang='lat' dir='ltr'>antea</span> <span class='ocrx_word' id='word_1_144' title='bbox 884 1125 1059 1167; x_wconf 84' lang='lat' dir='ltr'>monachi,</span> 
     </span>
     <span class='ocr_line' id='line_1_22' title="bbox 68 1175 1058 1212; baseline 0.002 -2"><span class='ocrx_word' id='word_1_145' title='bbox 68 1177 234 1210; x_wconf 87' lang='lat' dir='ltr'>dixerunt</span> <span class='ocrx_word' id='word_1_146' title='bbox 258 1175 348 1210; x_wconf 87' lang='lat' dir='ltr'>hanc</span> <span class='ocrx_word' id='word_1_147' title='bbox 378 1178 570 1210; x_wconf 86' lang='lat' dir='ltr'>novitatem</span> <span class='ocrx_word' id='word_1_148' title='bbox 598 1190 671 1210; x_wconf 89' lang='lat' dir='ltr'>esse</span> <span class='ocrx_word' id='word_1_149' title='bbox 692 1179 856 1212; x_wconf 88' lang='lat' dir='ltr'>meritum</span> <span class='ocrx_word' id='word_1_150' title='bbox 884 1179 974 1212; x_wconf 71' lang='lat' dir='ltr'>vitae</span> <span class='ocrx_word' id='word_1_151' title='bbox 1000 1191 1058 1211; x_wconf 88' lang='lat' dir='ltr'>ae—</span> 
     </span>
     <span class='ocr_line' id='line_1_23' title="bbox 65 1228 1057 1273; baseline 0.001 -12"><span class='ocrx_word' id='word_1_152' title='bbox 65 1235 187 1262; x_wconf 84' lang='lat' dir='ltr'>ternae</span> <span class='ocrx_word' id='word_1_153' title='bbox 210 1229 252 1261; x_wconf 91' lang='lat' dir='ltr'>de</span> <span class='ocrx_word' id='word_1_154' title='bbox 267 1228 460 1271; x_wconf 88' lang='lat' dir='ltr'>condigno,</span> <span class='ocrx_word' id='word_1_155' title='bbox 483 1229 517 1261; x_wconf 87' lang='lat' dir='ltr'>id</span> <span class='ocrx_word' id='word_1_156' title='bbox 537 1235 607 1271; x_wconf 82' lang='lat' dir='ltr'>est,</span> <span class='ocrx_word' id='word_1_157' title='bbox 627 1230 777 1272; x_wconf 86' lang='lat' dir='ltr'>pretium</span> <span class='ocrx_word' id='word_1_158' title='bbox 804 1239 947 1273; x_wconf 87' lang='lat' dir='ltr'>propter</span> <span class='ocrx_word' id='word_1_159' title='bbox 964 1230 1057 1273; x_wconf 85' lang='lat' dir='ltr'>quod</span> 
     </span>
     <span class='ocr_line' id='line_1_24' title="bbox 68 1279 1057 1318; baseline 0.002 -7"><span class='ocrx_word' id='word_1_160' title='bbox 68 1279 238 1312; x_wconf 85' lang='lat' dir='ltr'>debeatur</span> <span class='ocrx_word' id='word_1_161' title='bbox 256 1279 326 1312; x_wconf 91' lang='lat' dir='ltr'>vita</span> <span class='ocrx_word' id='word_1_162' title='bbox 343 1287 501 1318; x_wconf 88' lang='lat' dir='ltr'>aeterna,</span> <span class='ocrx_word' id='word_1_163' title='bbox 523 1286 552 1312; x_wconf 89' lang='lat' dir='ltr'>et</span> <span class='ocrx_word' id='word_1_164' title='bbox 572 1280 798 1313; x_wconf 80' lang='lat' dir='ltr'>declamitant</span> <span class='ocrx_word' id='word_1_165' title='bbox 819 1293 890 1313; x_wconf 91' lang='lat' dir='ltr'>non</span> <span class='ocrx_word' id='word_1_166' title='bbox 909 1292 980 1313; x_wconf 84' lang='lat' dir='ltr'>esse</span> <span class='ocrx_word' id='word_1_167' title='bbox 1001 1292 1057 1312; x_wconf 91' lang='lat' dir='ltr'>ex-</span> 
     </span>
     <span class='ocr_line' id='line_1_25' title="bbox 65 1329 1057 1371; baseline 0 -8"><span class='ocrx_word' id='word_1_168' title='bbox 65 1331 285 1363; x_wconf 88' lang='lat' dir='ltr'>tenuandum</span> <span class='ocrx_word' id='word_1_169' title='bbox 311 1331 443 1362; x_wconf 90' lang='lat' dir='ltr'>donum</span> <span class='ocrx_word' id='word_1_170' title='bbox 475 1330 536 1363; x_wconf 90' lang='lat' dir='ltr'>Dei</span> <span class='ocrx_word' id='word_1_171' title='bbox 562 1329 597 1362; x_wconf 93' lang='lat' dir='ltr'>in</span> <span class='ocrx_word' id='word_1_172' title='bbox 631 1332 828 1371; x_wconf 78' lang='lat' dir='ltr'>conversis,</span> <span class='ocrx_word' id='word_1_173' title='bbox 865 1343 944 1363; x_wconf 91' lang='lat' dir='ltr'>cum</span> <span class='ocrx_word' id='word_1_174' title='bbox 979 1331 1057 1363; x_wconf 90' lang='lat' dir='ltr'>ideo</span> 
     </span>
     <span class='ocr_line' id='line_1_26' title="bbox 66 1378 1057 1421; baseline 0.002 -8"><span class='ocrx_word' id='word_1_175' title='bbox 66 1380 126 1414; x_wconf 85' lang='lat' dir='ltr'>fiat</span> <span class='ocrx_word' id='word_1_176' title='bbox 152 1381 352 1421; x_wconf 81' lang='lat' dir='ltr'>conversio,</span> <span class='ocrx_word' id='word_1_177' title='bbox 386 1388 423 1413; x_wconf 91' lang='lat' dir='ltr'>ut</span> <span class='ocrx_word' id='word_1_178' title='bbox 447 1378 554 1413; x_wconf 86' lang='lat' dir='ltr'>homo</span> <span class='ocrx_word' id='word_1_179' title='bbox 578 1392 617 1413; x_wconf 81' lang='lat' dir='ltr'>ex</span> <span class='ocrx_word' id='word_1_180' title='bbox 642 1381 772 1414; x_wconf 88' lang='lat' dir='ltr'>iniusto</span> <span class='ocrx_word' id='word_1_181' title='bbox 791 1382 848 1415; x_wconf 87' lang='lat' dir='ltr'>fiat</span> <span class='ocrx_word' id='word_1_182' title='bbox 866 1382 996 1420; x_wconf 87' lang='lat' dir='ltr'>iustus,</span> <span class='ocrx_word' id='word_1_183' title='bbox 1024 1388 1057 1415; x_wconf 86' lang='lat' dir='ltr'>et</span> 
     </span>
     <span class='ocr_line' id='line_1_27' title="bbox 68 1431 1055 1470; baseline 0.001 -6"><span class='ocrx_word' id='word_1_184' title='bbox 68 1444 146 1464; x_wconf 90' lang='lat' dir='ltr'>cum</span> <span class='ocrx_word' id='word_1_185' title='bbox 171 1432 314 1464; x_wconf 88' lang='lat' dir='ltr'>dilectio</span> <span class='ocrx_word' id='word_1_186' title='bbox 338 1432 381 1465; x_wconf 87' lang='lat' dir='ltr'>sit</span> <span class='ocrx_word' id='word_1_187' title='bbox 404 1431 561 1470; x_wconf 84' lang='lat' dir='ltr'>iusticia,</span> <span class='ocrx_word' id='word_1_188' title='bbox 598 1432 837 1465; x_wconf 81' lang='lat' dir='ltr'>vociferantur</span> <span class='ocrx_word' id='word_1_189' title='bbox 864 1433 1055 1466; x_wconf 86' lang='lat' dir='ltr'>absurdum</span> 
     </span>
     <span class='ocr_line' id='line_1_28' title="bbox 67 1480 1056 1526; baseline 0.001 -11"><span class='ocrx_word' id='word_1_190' title='bbox 67 1494 139 1515; x_wconf 88' lang='lat' dir='ltr'>esse</span> <span class='ocrx_word' id='word_1_191' title='bbox 173 1494 299 1525; x_wconf 81' lang='lat' dir='ltr'>negare</span> <span class='ocrx_word' id='word_1_192' title='bbox 324 1480 504 1515; x_wconf 77' lang='lat' dir='ltr'>hominem</span> <span class='ocrx_word' id='word_1_193' title='bbox 538 1491 680 1526; x_wconf 87' lang='lat' dir='ltr'>propter</span> <span class='ocrx_word' id='word_1_194' title='bbox 717 1496 790 1515; x_wconf 91' lang='lat' dir='ltr'>eam</span> <span class='ocrx_word' id='word_1_195' title='bbox 818 1484 948 1517; x_wconf 90' lang='lat' dir='ltr'>iustum</span> <span class='ocrx_word' id='word_1_196' title='bbox 973 1496 1056 1525; x_wconf 86' lang='lat' dir='ltr'>esse,</span> 
     </span>
     <span class='ocr_line' id='line_1_29' title="bbox 67 1533 1056 1578; baseline 0.001 -12"><span class='ocrx_word' id='word_1_197' title='bbox 67 1545 147 1566; x_wconf 89' lang='lat' dir='ltr'>cum</span> <span class='ocrx_word' id='word_1_198' title='bbox 173 1540 288 1567; x_wconf 88' lang='lat' dir='ltr'>tamen</span> <span class='ocrx_word' id='word_1_199' title='bbox 314 1541 457 1577; x_wconf 88' lang='lat' dir='ltr'>propter</span> <span class='ocrx_word' id='word_1_200' title='bbox 479 1533 679 1566; x_wconf 85' lang='lat' dir='ltr'>albedinem</span> <span class='ocrx_word' id='word_1_201' title='bbox 708 1534 820 1578; x_wconf 85' lang='lat' dir='ltr'>paries</span> <span class='ocrx_word' id='word_1_202' title='bbox 844 1535 984 1568; x_wconf 81' lang='lat' dir='ltr'>dicatur</span> <span class='ocrx_word' id='word_1_203' title='bbox 1006 1536 1056 1567; x_wconf 83' lang='lat' dir='ltr'>al-</span> 
     </span>
     <span class='ocr_line' id='line_1_30' title="bbox 66 1582 1055 1628; baseline 0.001 -12"><span class='ocrx_word' id='word_1_204' title='bbox 66 1584 154 1624; x_wconf 86' lang='lat' dir='ltr'>bus,</span> <span class='ocrx_word' id='word_1_205' title='bbox 179 1591 212 1616; x_wconf 89' lang='lat' dir='ltr'>et</span> <span class='ocrx_word' id='word_1_206' title='bbox 235 1582 302 1616; x_wconf 84' lang='lat' dir='ltr'>huc</span> <span class='ocrx_word' id='word_1_207' title='bbox 327 1585 593 1617; x_wconf 86' lang='lat' dir='ltr'>accommodant</span> <span class='ocrx_word' id='word_1_208' title='bbox 618 1584 726 1617; x_wconf 88' lang='lat' dir='ltr'>multa</span> <span class='ocrx_word' id='word_1_209' title='bbox 754 1585 858 1618; x_wconf 91' lang='lat' dir='ltr'>dicta.</span> <span class='ocrx_word' id='word_1_210' title='bbox 910 1584 983 1628; x_wconf 84' lang='lat' dir='ltr'>Qui</span> <span class='ocrx_word' id='word_1_211' title='bbox 1003 1586 1055 1618; x_wconf 82' lang='lat' dir='ltr'>fa-</span> 
     </span>
     <span class='ocr_line' id='line_1_31' title="bbox 69 1634 1055 1669; baseline 0.001 -2"><span class='ocrx_word' id='word_1_212' title='bbox 69 1634 116 1667; x_wconf 89' lang='lat' dir='ltr'>cit</span> <span class='ocrx_word' id='word_1_213' title='bbox 134 1634 307 1667; x_wconf 89' lang='lat' dir='ltr'>iusticiam</span> <span class='ocrx_word' id='word_1_214' title='bbox 328 1635 440 1666; x_wconf 89' lang='lat' dir='ltr'>iustus</span> <span class='ocrx_word' id='word_1_215' title='bbox 465 1642 527 1669; x_wconf 85' lang='lat' dir='ltr'>est.</span> <span class='ocrx_word' id='word_1_216' title='bbox 578 1635 681 1667; x_wconf 91' lang='lat' dir='ltr'>Item:</span> <span class='ocrx_word' id='word_1_217' title='bbox 708 1634 786 1667; x_wconf 87' lang='lat' dir='ltr'>Non</span> <span class='ocrx_word' id='word_1_218' title='bbox 810 1636 989 1668; x_wconf 84' lang='lat' dir='ltr'>auditores</span> <span class='ocrx_word' id='word_1_219' title='bbox 1009 1637 1055 1668; x_wconf 91' lang='lat' dir='ltr'>le-</span> 
     </span>
     <span class='ocr_line' id='line_1_32' title="bbox 67 1684 1055 1730; baseline 0.003 -13"><span class='ocrx_word' id='word_1_220' title='bbox 67 1685 137 1727; x_wconf 84' lang='lat' dir='ltr'>gis,</span> <span class='ocrx_word' id='word_1_221' title='bbox 170 1686 228 1718; x_wconf 92' lang='lat' dir='ltr'>sed</span> <span class='ocrx_word' id='word_1_222' title='bbox 255 1685 402 1717; x_wconf 79' lang='lat' dir='ltr'>factores</span> <span class='ocrx_word' id='word_1_223' title='bbox 434 1684 512 1717; x_wconf 87' lang='lat' dir='ltr'>iusti</span> <span class='ocrx_word' id='word_1_224' title='bbox 539 1691 630 1717; x_wconf 88' lang='lat' dir='ltr'>sunt.</span> <span class='ocrx_word' id='word_1_225' title='bbox 692 1684 798 1718; x_wconf 87' lang='lat' dir='ltr'>Item:</span> <span class='ocrx_word' id='word_1_226' title='bbox 835 1685 907 1728; x_wconf 84' lang='lat' dir='ltr'>Qui</span> <span class='ocrx_word' id='word_1_227' title='bbox 930 1686 1055 1730; x_wconf 89' lang='lat' dir='ltr'>spiritu</span> 
     </span>
     <span class='ocr_line' id='line_1_33' title="bbox 67 1733 746 1778; baseline -0.001 -9"><span class='ocrx_word' id='word_1_228' title='bbox 67 1734 133 1769; x_wconf 90' lang='lat' dir='ltr'>Dei</span> <span class='ocrx_word' id='word_1_229' title='bbox 151 1742 321 1778; x_wconf 88' lang='lat' dir='ltr'>aguntur,</span> <span class='ocrx_word' id='word_1_230' title='bbox 337 1733 373 1768; x_wconf 84' lang='lat' dir='ltr'>hi</span> <span class='ocrx_word' id='word_1_231' title='bbox 399 1742 481 1768; x_wconf 89' lang='lat' dir='ltr'>sunt</span> <span class='ocrx_word' id='word_1_232' title='bbox 500 1735 562 1768; x_wconf 84' lang='lat' dir='ltr'>filii</span> <span class='ocrx_word' id='word_1_233' title='bbox 582 1735 668 1774; x_wconf 87' lang='lat' dir='ltr'>Dei,</span> <span class='ocrx_word' id='word_1_234' title='bbox 685 1742 746 1768; x_wconf 80' lang='lat' dir='ltr'>etc.</span> 
     </span>
    </p>

    <p class='ocr_par' dir='ltr' id='par_1_4' title="bbox 64 1786 1053 2440">
     <span class='ocr_line' id='line_1_34' title="bbox 169 1786 1053 1829; baseline -0.002 -9"><span class='ocrx_word' id='word_1_235' title='bbox 169 1787 260 1819; x_wconf 90' lang='lat' dir='ltr'>Cum</span> <span class='ocrx_word' id='word_1_236' title='bbox 282 1793 398 1818; x_wconf 85' lang='lat' dir='ltr'>autem</span> <span class='ocrx_word' id='word_1_237' title='bbox 417 1798 554 1819; x_wconf 91' lang='lat' dir='ltr'>necesse</span> <span class='ocrx_word' id='word_1_238' title='bbox 573 1787 615 1818; x_wconf 87' lang='lat' dir='ltr'>sit</span> <span class='ocrx_word' id='word_1_239' title='bbox 636 1786 745 1818; x_wconf 72' lang='lat' dir='ltr'>teneri</span> <span class='ocrx_word' id='word_1_240' title='bbox 771 1786 968 1829; x_wconf 90' lang='lat' dir='ltr'>simplicem</span> <span class='ocrx_word' id='word_1_241' title='bbox 995 1798 1053 1818; x_wconf 89' lang='lat' dir='ltr'>ve-</span> 
     </span>
     <span class='ocr_line' id='line_1_35' title="bbox 66 1835 1052 1878; baseline -0.001 -8"><span class='ocrx_word' id='word_1_242' title='bbox 66 1837 205 1870; x_wconf 87' lang='lat' dir='ltr'>ritatem</span> <span class='ocrx_word' id='word_1_243' title='bbox 225 1835 430 1878; x_wconf 86' lang='lat' dir='ltr'>Evangelii,</span> <span class='ocrx_word' id='word_1_244' title='bbox 455 1844 486 1870; x_wconf 88' lang='lat' dir='ltr'>et</span> <span class='ocrx_word' id='word_1_245' title='bbox 510 1836 695 1869; x_wconf 89' lang='lat' dir='ltr'>mediatori</span> <span class='ocrx_word' id='word_1_246' title='bbox 716 1849 852 1878; x_wconf 87' lang='lat' dir='ltr'>semper</span> <span class='ocrx_word' id='word_1_247' title='bbox 868 1837 975 1869; x_wconf 90' lang='lat' dir='ltr'>tribui</span> <span class='ocrx_word' id='word_1_248' title='bbox 993 1839 1052 1869; x_wconf 87' lang='lat' dir='ltr'>de-</span> 
     </span>
     <span class='ocr_line' id='line_1_36' title="bbox 65 1885 1051 1927; baseline -0.001 -7"><span class='ocrx_word' id='word_1_249' title='bbox 65 1888 178 1921; x_wconf 82' lang='lat' dir='ltr'>bitum</span> <span class='ocrx_word' id='word_1_250' title='bbox 207 1885 397 1927; x_wconf 87' lang='lat' dir='ltr'>bonorem,</span> <span class='ocrx_word' id='word_1_251' title='bbox 434 1893 467 1919; x_wconf 90' lang='lat' dir='ltr'>et</span> <span class='ocrx_word' id='word_1_252' title='bbox 489 1887 633 1919; x_wconf 88' lang='lat' dir='ltr'>retineri</span> <span class='ocrx_word' id='word_1_253' title='bbox 658 1887 892 1920; x_wconf 82' lang='lat' dir='ltr'>conscientiae</span> <span class='ocrx_word' id='word_1_254' title='bbox 917 1888 1051 1920; x_wconf 84' lang='lat' dir='ltr'>firmam</span> 
     </span>
     <span class='ocr_line' id='line_1_37' title="bbox 65 1938 1050 1980; baseline 0 -9"><span class='ocrx_word' id='word_1_255' title='bbox 65 1938 362 1977; x_wconf 85' lang='lat' dir='ltr'>consolationem,</span> <span class='ocrx_word' id='word_1_256' title='bbox 389 1943 420 1970; x_wconf 90' lang='lat' dir='ltr'>et</span> <span class='ocrx_word' id='word_1_257' title='bbox 445 1944 535 1970; x_wconf 87' lang='lat' dir='ltr'>recte</span> <span class='ocrx_word' id='word_1_258' title='bbox 554 1938 747 1980; x_wconf 54' lang='lat' dir='ltr'>&#39;gubernari</span> <span class='ocrx_word' id='word_1_259' title='bbox 764 1940 868 1971; x_wconf 86' lang='lat' dir='ltr'>corda</span> <span class='ocrx_word' id='word_1_260' title='bbox 895 1938 930 1970; x_wconf 90' lang='lat' dir='ltr'>in</span> <span class='ocrx_word' id='word_1_261' title='bbox 954 1940 1050 1971; x_wconf 87' lang='lat' dir='ltr'>omni</span> 
     </span>
     <span class='ocr_line' id='line_1_38' title="bbox 65 1988 1053 2033; baseline 0 -11"><span class='ocrx_word' id='word_1_262' title='bbox 65 1989 307 2029; x_wconf 84' lang='lat' dir='ltr'>invocatione,</span> <span class='ocrx_word' id='word_1_263' title='bbox 334 1988 484 2021; x_wconf 80' lang='lat' dir='ltr'>docendi</span> <span class='ocrx_word' id='word_1_264' title='bbox 509 1995 590 2022; x_wconf 87' lang='lat' dir='ltr'>sunt</span> <span class='ocrx_word' id='word_1_265' title='bbox 607 1990 786 2026; x_wconf 82' lang='lat' dir='ltr'>conversi,</span> <span class='ocrx_word' id='word_1_266' title='bbox 814 1991 991 2033; x_wconf 86' lang='lat' dir='ltr'>quomodo</span> <span class='ocrx_word' id='word_1_267' title='bbox 1010 1993 1053 2022; x_wconf 83' lang='lat' dir='ltr'>de</span> 
     </span>
     <span class='ocr_line' id='line_1_39' title="bbox 67 2039 1051 2083; baseline 0 -11"><span class='ocrx_word' id='word_1_268' title='bbox 67 2040 202 2073; x_wconf 83' lang='lat' dir='ltr'>iusticia</span> <span class='ocrx_word' id='word_1_269' title='bbox 219 2039 298 2071; x_wconf 83' lang='lat' dir='ltr'>fidei</span> <span class='ocrx_word' id='word_1_270' title='bbox 315 2039 418 2072; x_wconf 79' lang='lat' dir='ltr'>etiarn</span> <span class='ocrx_word' id='word_1_271' title='bbox 440 2046 515 2083; x_wconf 87' lang='lat' dir='ltr'>post</span> <span class='ocrx_word' id='word_1_272' title='bbox 534 2040 800 2072; x_wconf 81' lang='lat' dir='ltr'>conversionem</span> <span class='ocrx_word' id='word_1_273' title='bbox 828 2040 1051 2073; x_wconf 78' lang='lat' dir='ltr'>sentiendum</span> 
     </span>
     <span class='ocr_line' id='line_1_40' title="bbox 67 2089 1051 2134; baseline 0.002 -12"><span class='ocrx_word' id='word_1_274' title='bbox 67 2091 121 2124; x_wconf 86' lang='lat' dir='ltr'>sit.</span> <span class='ocrx_word' id='word_1_275' title='bbox 164 2089 254 2122; x_wconf 76' lang='lat' dir='ltr'>Vera</span> <span class='ocrx_word' id='word_1_276' title='bbox 271 2090 428 2122; x_wconf 87' lang='lat' dir='ltr'>doctriua</span> <span class='ocrx_word' id='word_1_277' title='bbox 449 2099 498 2122; x_wconf 76' lang='lat' dir='ltr'>est</span> <span class='ocrx_word' id='word_1_278' title='bbox 518 2097 551 2123; x_wconf 88' lang='lat' dir='ltr'>et</span> <span class='ocrx_word' id='word_1_279' title='bbox 568 2099 756 2134; x_wconf 89' lang='lat' dir='ltr'>perpetuus</span> <span class='ocrx_word' id='word_1_280' title='bbox 776 2089 949 2124; x_wconf 71' lang='lat' dir='ltr'>Ecclesiae</span> <span class='ocrx_word' id='word_1_281' title='bbox 966 2104 1051 2124; x_wconf 91' lang='lat' dir='ltr'>cou-</span> 
     </span>
     <span class='ocr_line' id='line_1_41' title="bbox 65 2137 1050 2184; baseline 0.001 -10"><span class='ocrx_word' id='word_1_282' title='bbox 65 2152 187 2174; x_wconf 88' lang='lat' dir='ltr'>sensus</span> <span class='ocrx_word' id='word_1_283' title='bbox 202 2153 263 2184; x_wconf 89' lang='lat' dir='ltr'>per</span> <span class='ocrx_word' id='word_1_284' title='bbox 278 2137 471 2182; x_wconf 83' lang='lat' dir='ltr'>Prophetas</span> <span class='ocrx_word' id='word_1_285' title='bbox 489 2147 522 2174; x_wconf 90' lang='lat' dir='ltr'>et</span> <span class='ocrx_word' id='word_1_286' title='bbox 538 2141 726 2184; x_wconf 85' lang='lat' dir='ltr'>Apostolos</span> <span class='ocrx_word' id='word_1_287' title='bbox 751 2142 900 2175; x_wconf 85' lang='lat' dir='ltr'>traditus</span> <span class='ocrx_word' id='word_1_288' title='bbox 912 2170 919 2182; x_wconf 89' lang='lat'>,</span> <span class='ocrx_word' id='word_1_289' title='bbox 948 2143 1050 2175; x_wconf 88' lang='lat' dir='ltr'>etiam</span> 
     </span>
     <span class='ocr_line' id='line_1_42' title="bbox 64 2192 1052 2236; baseline 0.001 -11"><span class='ocrx_word' id='word_1_290' title='bbox 64 2199 141 2236; x_wconf 87' lang='lat' dir='ltr'>post</span> <span class='ocrx_word' id='word_1_291' title='bbox 156 2192 422 2224; x_wconf 87' lang='lat' dir='ltr'>couversionem</span> <span class='ocrx_word' id='word_1_292' title='bbox 446 2193 668 2225; x_wconf 86' lang='lat' dir='ltr'>statuendum</span> <span class='ocrx_word' id='word_1_293' title='bbox 698 2204 788 2232; x_wconf 90' lang='lat' dir='ltr'>esse,</span> <span class='ocrx_word' id='word_1_294' title='bbox 830 2193 956 2226; x_wconf 85' lang='lat' dir='ltr'>iustam</span> <span class='ocrx_word' id='word_1_295' title='bbox 980 2205 1052 2226; x_wconf 86' lang='lat' dir='ltr'>esse</span> 
     </span>
     <span class='ocr_line' id='line_1_43' title="bbox 64 2241 1050 2287; baseline 0 -11"><span class='ocrx_word' id='word_1_296' title='bbox 64 2255 269 2287; x_wconf 87' lang='lat' dir='ltr'>personam,</span> <span class='ocrx_word' id='word_1_297' title='bbox 297 2243 331 2275; x_wconf 87' lang='lat' dir='ltr'>id</span> <span class='ocrx_word' id='word_1_298' title='bbox 359 2249 426 2282; x_wconf 85' lang='lat' dir='ltr'>est,</span> <span class='ocrx_word' id='word_1_299' title='bbox 452 2249 627 2286; x_wconf 82' lang='lat' dir='ltr'>acceptam</span> <span class='ocrx_word' id='word_1_300' title='bbox 649 2241 724 2275; x_wconf 90' lang='lat' dir='ltr'>Deo</span> <span class='ocrx_word' id='word_1_301' title='bbox 750 2245 790 2275; x_wconf 91' lang='lat' dir='ltr'>ad</span> <span class='ocrx_word' id='word_1_302' title='bbox 815 2245 922 2277; x_wconf 83' lang='lat' dir='ltr'>vitam</span> <span class='ocrx_word' id='word_1_303' title='bbox 940 2252 1050 2277; x_wconf 80' lang='lat' dir='ltr'>aeter-</span> 
     </span>
     <span class='ocr_line' id='line_1_44' title="bbox 65 2294 1050 2341; baseline 0 -14"><span class='ocrx_word' id='word_1_304' title='bbox 65 2306 163 2334; x_wconf 83' lang='lat' dir='ltr'>nam,</span> <span class='ocrx_word' id='word_1_305' title='bbox 192 2301 335 2337; x_wconf 90' lang='lat' dir='ltr'>propter</span> <span class='ocrx_word' id='word_1_306' title='bbox 360 2294 608 2337; x_wconf 78' lang='lat' dir='ltr'>mediatorem,</span> <span class='ocrx_word' id='word_1_307' title='bbox 652 2294 724 2326; x_wconf 90' lang='lat' dir='ltr'>sola</span> <span class='ocrx_word' id='word_1_308' title='bbox 749 2294 832 2335; x_wconf 82' lang='lat' dir='ltr'>fide,</span> <span class='ocrx_word' id='word_1_309' title='bbox 859 2307 923 2341; x_wconf 89' lang='lat' dir='ltr'>per</span> <span class='ocrx_word' id='word_1_310' title='bbox 947 2296 1050 2328; x_wconf 89' lang='lat' dir='ltr'>mise—</span> 
     </span>
     <span class='ocr_line' id='line_1_45' title="bbox 65 2345 1048 2389; baseline 0.002 -12"><span class='ocrx_word' id='word_1_311' title='bbox 65 2345 274 2384; x_wconf 83' lang='lat' dir='ltr'>ricordiam,</span> <span class='ocrx_word' id='word_1_312' title='bbox 302 2357 371 2377; x_wconf 87' lang='lat' dir='ltr'>non</span> <span class='ocrx_word' id='word_1_313' title='bbox 392 2351 536 2389; x_wconf 86' lang='lat' dir='ltr'>propter</span> <span class='ocrx_word' id='word_1_314' title='bbox 557 2345 734 2388; x_wconf 88' lang='lat' dir='ltr'>propriam</span> <span class='ocrx_word' id='word_1_315' title='bbox 755 2345 959 2388; x_wconf 84' lang='lat' dir='ltr'>dignitatem</span> <span class='ocrx_word' id='word_1_316' title='bbox 980 2347 1048 2379; x_wconf 85' lang='lat' dir='ltr'>vir-</span> 
     </span>
     <span class='ocr_line' id='line_1_46' title="bbox 66 2397 760 2440; baseline -0.001 -12"><span class='ocrx_word' id='word_1_317' title='bbox 66 2401 202 2434; x_wconf 69' lang='lat' dir='ltr'>tutum,</span> <span class='ocrx_word' id='word_1_318' title='bbox 230 2397 437 2440; x_wconf 83' lang='lat' dir='ltr'>qualitatum</span> <span class='ocrx_word' id='word_1_319' title='bbox 456 2402 514 2428; x_wconf 88' lang='lat' dir='ltr'>aut</span> <span class='ocrx_word' id='word_1_320' title='bbox 532 2407 678 2439; x_wconf 89' lang='lat' dir='ltr'>operum</span> <span class='ocrx_word' id='word_1_321' title='bbox 696 2402 760 2430; x_wconf 81' lang='lat' dir='ltr'>etc.</span> 
     </span>
    </p>

    <p class='ocr_par' dir='ltr' id='par_1_5' title="bbox 64 2445 1050 2696">
     <span class='ocr_line' id='line_1_47' title="bbox 167 2445 1047 2487; baseline 0.001 -8"><span class='ocrx_word' id='word_1_322' title='bbox 167 2445 242 2480; x_wconf 89' lang='lat' dir='ltr'>Etsi</span> <span class='ocrx_word' id='word_1_323' title='bbox 267 2447 358 2479; x_wconf 88' lang='lat' dir='ltr'>enim</span> <span class='ocrx_word' id='word_1_324' title='bbox 375 2453 458 2480; x_wconf 87' lang='lat' dir='ltr'>sunt</span> <span class='ocrx_word' id='word_1_325' title='bbox 480 2447 640 2479; x_wconf 88' lang='lat' dir='ltr'>incoatae</span> <span class='ocrx_word' id='word_1_326' title='bbox 667 2447 834 2487; x_wconf 89' lang='lat' dir='ltr'>virtutes,</span> <span class='ocrx_word' id='word_1_327' title='bbox 862 2454 978 2480; x_wconf 87' lang='lat' dir='ltr'>tamen</span> <span class='ocrx_word' id='word_1_328' title='bbox 1004 2448 1047 2480; x_wconf 91' lang='lat' dir='ltr'>si-</span> 
     </span>
     <span class='ocr_line' id='line_1_48' title="bbox 66 2495 1050 2539; baseline 0.002 -10"><span class='ocrx_word' id='word_1_329' title='bbox 66 2496 140 2529; x_wconf 83' lang='lat' dir='ltr'>mul</span> <span class='ocrx_word' id='word_1_330' title='bbox 165 2495 280 2529; x_wconf 83' lang='lat' dir='ltr'>adhuc</span> <span class='ocrx_word' id='word_1_331' title='bbox 312 2498 441 2531; x_wconf 92' lang='lat' dir='ltr'>multae</span> <span class='ocrx_word' id='word_1_332' title='bbox 470 2498 590 2531; x_wconf 89' lang='lat' dir='ltr'>sordes</span> <span class='ocrx_word' id='word_1_333' title='bbox 620 2496 763 2531; x_wconf 86' lang='lat' dir='ltr'>haerent</span> <span class='ocrx_word' id='word_1_334' title='bbox 801 2498 837 2530; x_wconf 90' lang='lat' dir='ltr'>in</span> <span class='ocrx_word' id='word_1_335' title='bbox 867 2510 1050 2539; x_wconf 89' lang='lat' dir='ltr'>converso,</span> 
     </span>
     <span class='ocr_line' id='line_1_49' title="bbox 65 2546 1049 2591; baseline 0.001 -10"><span class='ocrx_word' id='word_1_336' title='bbox 65 2559 129 2581; x_wconf 86' lang='lat' dir='ltr'>nec</span> <span class='ocrx_word' id='word_1_337' title='bbox 154 2547 245 2580; x_wconf 83' lang='lat' dir='ltr'>filius</span> <span class='ocrx_word' id='word_1_338' title='bbox 259 2546 323 2580; x_wconf 88' lang='lat' dir='ltr'>Dei</span> <span class='ocrx_word' id='word_1_339' title='bbox 343 2556 458 2591; x_wconf 91' lang='lat' dir='ltr'>postea</span> <span class='ocrx_word' id='word_1_340' title='bbox 476 2548 604 2583; x_wconf 85' lang='lat' dir='ltr'>desinit</span> <span class='ocrx_word' id='word_1_341' title='bbox 631 2560 703 2581; x_wconf 88' lang='lat' dir='ltr'>esse</span> <span class='ocrx_word' id='word_1_342' title='bbox 730 2550 911 2584; x_wconf 85' lang='lat' dir='ltr'>mediator.</span> <span class='ocrx_word' id='word_1_343' title='bbox 966 2548 1049 2582; x_wconf 87' lang='lat' dir='ltr'>Ideo</span> 
     </span>
     <span class='ocr_line' id='line_1_50' title="bbox 66 2599 1050 2644; baseline 0.002 -13"><span class='ocrx_word' id='word_1_344' title='bbox 66 2599 292 2632; x_wconf 89' lang='lat' dir='ltr'>statuendum</span> <span class='ocrx_word' id='word_1_345' title='bbox 315 2606 384 2640; x_wconf 85' lang='lat' dir='ltr'>est,</span> <span class='ocrx_word' id='word_1_346' title='bbox 411 2600 478 2632; x_wconf 83' lang='lat' dir='ltr'>fide</span> <span class='ocrx_word' id='word_1_347' title='bbox 503 2612 568 2632; x_wconf 89' lang='lat' dir='ltr'>nos</span> <span class='ocrx_word' id='word_1_348' title='bbox 592 2607 737 2644; x_wconf 90' lang='lat' dir='ltr'>propter</span> <span class='ocrx_word' id='word_1_349' title='bbox 760 2600 875 2643; x_wconf 87' lang='lat' dir='ltr'>ipsum</span> <span class='ocrx_word' id='word_1_350' title='bbox 905 2600 1050 2644; x_wconf 88' lang='lat' dir='ltr'>placere,</span> 
     </span>
     <span class='ocr_line' id='line_1_51' title="bbox 64 2651 1050 2696; baseline 0.004 -15"><span class='ocrx_word' id='word_1_351' title='bbox 64 2661 137 2682; x_wconf 86' lang='lat' dir='ltr'>non</span> <span class='ocrx_word' id='word_1_352' title='bbox 163 2659 304 2694; x_wconf 87' lang='lat' dir='ltr'>propter</span> <span class='ocrx_word' id='word_1_353' title='bbox 329 2657 481 2684; x_wconf 78' lang='lat' dir='ltr'>nostram</span> <span class='ocrx_word' id='word_1_354' title='bbox 511 2651 737 2695; x_wconf 77' lang='lat' dir='ltr'>dignitatem:</span> <span class='ocrx_word' id='word_1_355' title='bbox 773 2662 908 2696; x_wconf 84' lang='lat' dir='ltr'>semper</span> <span class='ocrx_word' id='word_1_356' title='bbox 933 2659 1050 2686; x_wconf 81' lang='lat' dir='ltr'>manet</span> 
     </span>
    </p>
   </div>
   <div class='ocr_carea' id='block_1_3' title="bbox 415 71 1947 121">
    <p class='ocr_par' dir='ltr' id='par_1_6' title="bbox 415 71 1947 121">
     <span class='ocr_line' id='line_1_52' title="bbox 415 71 1947 121; baseline 0.008 -13"><span class='ocrx_word' id='word_1_357' title='bbox 415 74 447 108; x_wconf 82' lang='lat'>3.</span> <span class='ocrx_word' id='word_1_358' title='bbox 475 71 774 111; x_wconf 86' lang='lat' dir='ltr'><strong>ENARRATIO</strong></span> <span class='ocrx_word' id='word_1_359' title='bbox 802 73 956 112; x_wconf 88' lang='lat' dir='ltr'><strong>EPIST.</strong></span> <span class='ocrx_word' id='word_1_360' title='bbox 984 75 1130 112; x_wconf 87' lang='lat' dir='ltr'><strong>PAULI</strong></span> <span class='ocrx_word' id='word_1_361' title='bbox 1159 75 1226 110; x_wconf 90' lang='lat' dir='ltr'>AD</span> <span class='ocrx_word' id='word_1_362' title='bbox 1254 74 1517 114; x_wconf 78' lang='lat' dir='ltr'><strong>ROMANOS.</strong></span> <span class='ocrx_word' id='word_1_363' title='bbox 1572 77 1947 121; x_wconf 85' lang='lat' dir='ltr'><strong>ARGUMENTUM.</strong></span> 
     </span>
    </p>
   </div>
   <div class='ocr_carea' id='block_1_4' title="bbox 2038 86 2110 121">
    <p class='ocr_par' dir='ltr' id='par_1_7' title="bbox 2038 86 2110 121">
     <span class='ocr_line' id='line_1_53' title="bbox 2038 86 2110 121; baseline 0.028 -2"><span class='ocrx_word' id='word_1_364' title='bbox 2038 86 2110 121; x_wconf 89' lang='grc'>806</span> 
     </span>
    </p>
   </div>
   <div class='ocr_carea' id='block_1_5' title="bbox 1103 161 2107 2698">
    <p class='ocr_par' dir='ltr' id='par_1_8' title="bbox 1116 161 2107 664">
     <span class='ocr_line' id='line_1_54' title="bbox 1122 161 2107 211; baseline 0.012 -18"><span class='ocrx_word' id='word_1_365' title='bbox 1122 161 1295 195; x_wconf 86' lang='lat' dir='ltr'>mediator</span> <span class='ocrx_word' id='word_1_366' title='bbox 1316 163 1414 197; x_wconf 83' lang='lat' dir='ltr'>velut</span> <span class='ocrx_word' id='word_1_367' title='bbox 1436 164 1701 204; x_wconf 86' lang='lat' dir='ltr'>umbraculum,</span> <span class='ocrx_word' id='word_1_368' title='bbox 1729 167 1941 211; x_wconf 86' lang='lat' dir='ltr'>amplectens</span> <span class='ocrx_word' id='word_1_369' title='bbox 1963 181 2046 209; x_wconf 91' lang='lat' dir='ltr'>nos,</span> <span class='ocrx_word' id='word_1_370' title='bbox 2074 177 2107 205; x_wconf 82' lang='lat' dir='ltr'>et</span> 
     </span>
     <span class='ocr_line' id='line_1_55' title="bbox 1123 216 2105 262; baseline 0.012 -19"><span class='ocrx_word' id='word_1_371' title='bbox 1123 219 1241 253; x_wconf 79' lang='lat' dir='ltr'>tegens</span> <span class='ocrx_word' id='word_1_372' title='bbox 1265 221 1402 246; x_wconf 83' lang='lat' dir='ltr'>nostras</span> <span class='ocrx_word' id='word_1_373' title='bbox 1427 216 1564 256; x_wconf 87' lang='lat' dir='ltr'>sordes,</span> <span class='ocrx_word' id='word_1_374' title='bbox 1591 224 1620 250; x_wconf 90' lang='lat' dir='ltr'>et</span> <span class='ocrx_word' id='word_1_375' title='bbox 1641 225 1782 260; x_wconf 90' lang='lat' dir='ltr'>propter</span> <span class='ocrx_word' id='word_1_376' title='bbox 1798 219 1911 262; x_wconf 89' lang='lat' dir='ltr'>ipsum</span> <span class='ocrx_word' id='word_1_377' title='bbox 1928 232 1993 253; x_wconf 90' lang='lat' dir='ltr'>nos</span> <span class='ocrx_word' id='word_1_378' title='bbox 2010 228 2105 256; x_wconf 92' lang='lat' dir='ltr'>certo</span> 
     </span>
     <span class='ocr_line' id='line_1_56' title="bbox 1122 263 2103 312; baseline 0.013 -19"><span class='ocrx_word' id='word_1_379' title='bbox 1122 263 1244 304; x_wconf 68' lang='lat' dir='ltr'>recipit</span> <span class='ocrx_word' id='word_1_380' title='bbox 1263 270 1424 297; x_wconf 74' lang='lat' dir='ltr'>aeternus</span> <span class='ocrx_word' id='word_1_381' title='bbox 1443 272 1550 308; x_wconf 86' lang='lat' dir='ltr'>pater.</span> <span class='ocrx_word' id='word_1_382' title='bbox 1604 266 1682 301; x_wconf 90' lang='lat' dir='ltr'>Huc</span> <span class='ocrx_word' id='word_1_383' title='bbox 1699 269 1875 312; x_wconf 87' lang='lat' dir='ltr'>pertinent</span> <span class='ocrx_word' id='word_1_384' title='bbox 1893 269 1977 304; x_wconf 85' lang='lat' dir='ltr'>haec</span> <span class='ocrx_word' id='word_1_385' title='bbox 1991 271 2103 307; x_wconf 88' lang='lat' dir='ltr'>dieta:</span> 
     </span>
     <span class='ocr_line' id='line_1_57' title="bbox 1121 312 2104 361; baseline 0.013 -18"><span class='ocrx_word' id='word_1_386' title='bbox 1121 312 1200 344; x_wconf 82' lang='lat' dir='ltr'>Non</span> <span class='ocrx_word' id='word_1_387' title='bbox 1220 313 1466 347; x_wconf 78' lang='lat' dir='ltr'>iustificabitur</span> <span class='ocrx_word' id='word_1_388' title='bbox 1483 317 1517 348; x_wconf 86' lang='lat' dir='ltr'>in</span> <span class='ocrx_word' id='word_1_389' title='bbox 1535 325 1724 361; x_wconf 87' lang='lat' dir='ltr'>conspectu</span> <span class='ocrx_word' id='word_1_390' title='bbox 1748 327 1807 353; x_wconf 89' lang='lat' dir='ltr'>tuo</span> <span class='ocrx_word' id='word_1_391' title='bbox 1828 322 1944 354; x_wconf 91' lang='lat' dir='ltr'>omnis</span> <span class='ocrx_word' id='word_1_392' title='bbox 1970 323 2104 356; x_wconf 86' lang='lat' dir='ltr'>vivens.</span> 
     </span>
     <span class='ocr_line' id='line_1_58' title="bbox 1121 361 2104 416; baseline 0.014 -22"><span class='ocrx_word' id='word_1_393' title='bbox 1121 361 1227 404; x_wconf 83' lang='lat' dir='ltr'>Item,</span> <span class='ocrx_word' id='word_1_394' title='bbox 1247 365 1278 398; x_wconf 88' lang='lat'>1.</span> <span class='ocrx_word' id='word_1_395' title='bbox 1298 362 1372 397; x_wconf 89' lang='lat' dir='ltr'>lob.</span> <span class='ocrx_word' id='word_1_396' title='bbox 1395 368 1443 399; x_wconf 89' lang='lat'>1.:</span> <span class='ocrx_word' id='word_1_397' title='bbox 1473 367 1509 399; x_wconf 82' lang='lat' dir='ltr'>Si</span> <span class='ocrx_word' id='word_1_398' title='bbox 1529 368 1698 407; x_wconf 80' lang='lat' dir='ltr'>dicimus,</span> <span class='ocrx_word' id='word_1_399' title='bbox 1724 372 1817 414; x_wconf 90' lang='lat' dir='ltr'>quod</span> <span class='ocrx_word' id='word_1_400' title='bbox 1834 380 2012 416; x_wconf 84' lang='lat' dir='ltr'>peccatum</span> <span class='ocrx_word' id='word_1_401' title='bbox 2030 385 2104 408; x_wconf 91' lang='lat' dir='ltr'>non</span> 
     </span>
     <span class='ocr_line' id='line_1_59' title="bbox 1119 411 2102 462; baseline 0.012 -16"><span class='ocrx_word' id='word_1_402' title='bbox 1119 411 1310 455; x_wconf 78' lang='lat' dir='ltr'>habemus,</span> <span class='ocrx_word' id='word_1_403' title='bbox 1352 427 1416 448; x_wconf 85' lang='lat' dir='ltr'>nos</span> <span class='ocrx_word' id='word_1_404' title='bbox 1446 417 1538 458; x_wconf 85' lang='lat' dir='ltr'>ipsos</span> <span class='ocrx_word' id='word_1_405' title='bbox 1561 420 1756 462; x_wconf 83' lang='lat' dir='ltr'>decipimus</span> <span class='ocrx_word' id='word_1_406' title='bbox 1781 428 1846 456; x_wconf 86' lang='lat' dir='ltr'>etc.</span> <span class='ocrx_word' id='word_1_407' title='bbox 1903 423 1950 457; x_wconf 90' lang='lat' dir='ltr'>Et</span> <span class='ocrx_word' id='word_1_408' title='bbox 1982 426 2012 459; x_wconf 91' lang='lat'>1.</span> <span class='ocrx_word' id='word_1_409' title='bbox 2033 424 2102 458; x_wconf 93' lang='lat' dir='ltr'>Co-</span> 
     </span>
     <span class='ocr_line' id='line_1_60' title="bbox 1119 463 2102 512; baseline 0.013 -16"><span class='ocrx_word' id='word_1_410' title='bbox 1119 463 1228 497; x_wconf 84' lang='lat' dir='ltr'>rinth.</span> <span class='ocrx_word' id='word_1_411' title='bbox 1247 465 1302 498; x_wconf 80' lang='lat'>4.:</span> <span class='ocrx_word' id='word_1_412' title='bbox 1324 464 1381 498; x_wconf 84' lang='lat' dir='ltr'>Nil</span> <span class='ocrx_word' id='word_1_413' title='bbox 1403 465 1489 500; x_wconf 78' lang='lat' dir='ltr'>mihi</span> <span class='ocrx_word' id='word_1_414' title='bbox 1508 470 1667 503; x_wconf 88' lang='lat' dir='ltr'>conscius</span> <span class='ocrx_word' id='word_1_415' title='bbox 1695 482 1790 512; x_wconf 85' lang='lat' dir='ltr'>sum,</span> <span class='ocrx_word' id='word_1_416' title='bbox 1819 473 1929 507; x_wconf 90' lang='lat' dir='ltr'>sedin</span> <span class='ocrx_word' id='word_1_417' title='bbox 1946 472 2012 508; x_wconf 92' lang='lat' dir='ltr'>hoc</span> <span class='ocrx_word' id='word_1_418' title='bbox 2029 487 2102 509; x_wconf 90' lang='lat' dir='ltr'>non</span> 
     </span>
     <span class='ocr_line' id='line_1_61' title="bbox 1117 515 2103 560; baseline 0.013 -13"><span class='ocrx_word' id='word_1_419' title='bbox 1117 515 1328 558; x_wconf 61' lang='lat' dir='ltr'>iustificatus,</span> <span class='ocrx_word' id='word_1_420' title='bbox 1344 528 1432 550; x_wconf 86' lang='lat' dir='ltr'>sum.</span> <span class='ocrx_word' id='word_1_421' title='bbox 1484 517 1529 553; x_wconf 80' lang='lat' dir='ltr'>Et</span> <span class='ocrx_word' id='word_1_422' title='bbox 1547 517 1659 555; x_wconf 80' lang='lat' dir='ltr'>Exod.</span> <span class='ocrx_word' id='word_1_423' title='bbox 1685 520 1763 556; x_wconf 81' lang='lat'><strong>34.:</strong></span> <span class='ocrx_word' id='word_1_424' title='bbox 1792 520 1918 556; x_wconf 90' lang='lat' dir='ltr'>Coram</span> <span class='ocrx_word' id='word_1_425' title='bbox 1942 532 1975 559; x_wconf 87' lang='lat' dir='ltr'>te</span> <span class='ocrx_word' id='word_1_426' title='bbox 1997 526 2103 560; x_wconf 90' lang='lat' dir='ltr'>inno-</span> 
     </span>
     <span class='ocr_line' id='line_1_62' title="bbox 1118 568 2101 620; baseline 0.013 -23"><span class='ocrx_word' id='word_1_427' title='bbox 1118 578 1198 599; x_wconf 90' lang='lat' dir='ltr'>cens</span> <span class='ocrx_word' id='word_1_428' title='bbox 1222 578 1296 599; x_wconf 86' lang='lat' dir='ltr'>nou</span> <span class='ocrx_word' id='word_1_429' title='bbox 1320 574 1370 600; x_wconf 87' lang='lat' dir='ltr'>est</span> <span class='ocrx_word' id='word_1_430' title='bbox 1395 568 1576 604; x_wconf 86' lang='lat' dir='ltr'>innocens.</span> <span class='ocrx_word' id='word_1_431' title='bbox 1639 570 1725 605; x_wconf 90' lang='lat' dir='ltr'>Item</span> <span class='ocrx_word' id='word_1_432' title='bbox 1746 573 1777 609; x_wconf 89' lang='lat'>1.</span> <span class='ocrx_word' id='word_1_433' title='bbox 1795 571 1929 609; x_wconf 74' lang='lat' dir='ltr'>Cotini.</span> <span class='ocrx_word' id='word_1_434' title='bbox 1951 578 1998 610; x_wconf 90' lang='lat'>1.:</span> <span class='ocrx_word' id='word_1_435' title='bbox 2029 577 2101 620; x_wconf 83' lang='lat' dir='ltr'>Qui</span> 
     </span>
     <span class='ocr_line' id='line_1_63' title="bbox 1116 617 1748 664; baseline 0.011 -15"><span class='ocrx_word' id='word_1_436' title='bbox 1116 617 1307 660; x_wconf 85' lang='lat' dir='ltr'>gloriatur,</span> <span class='ocrx_word' id='word_1_437' title='bbox 1336 618 1372 650; x_wconf 93' lang='lat' dir='ltr'>in</span> <span class='ocrx_word' id='word_1_438' title='bbox 1389 617 1544 654; x_wconf 89' lang='lat' dir='ltr'>Domino</span> <span class='ocrx_word' id='word_1_439' title='bbox 1564 622 1748 664; x_wconf 82' lang='lat' dir='ltr'>glorietur.</span> 
     </span>
    </p>

    <p class='ocr_par' dir='ltr' id='par_1_9' title="bbox 1113 668 2101 1266">
     <span class='ocr_line' id='line_1_64' title="bbox 1215 668 2101 720; baseline 0.01 -18"><span class='ocrx_word' id='word_1_440' title='bbox 1215 668 1362 712; x_wconf 80' lang='lat' dir='ltr'>Semper</span> <span class='ocrx_word' id='word_1_441' title='bbox 1387 670 1495 712; x_wconf 87' lang='lat' dir='ltr'>igitur</span> <span class='ocrx_word' id='word_1_442' title='bbox 1520 685 1599 705; x_wconf 85' lang='lat' dir='ltr'>vera</span> <span class='ocrx_word' id='word_1_443' title='bbox 1627 680 1675 706; x_wconf 89' lang='lat' dir='ltr'>est</span> <span class='ocrx_word' id='word_1_444' title='bbox 1703 671 1786 707; x_wconf 90' lang='lat' dir='ltr'>haec</span> <span class='ocrx_word' id='word_1_445' title='bbox 1811 675 2022 720; x_wconf 89' lang='lat' dir='ltr'>propositio:</span> <span class='ocrx_word' id='word_1_446' title='bbox 2059 676 2101 711; x_wconf 91' lang='lat' dir='ltr'>In</span> 
     </span>
     <span class='ocr_line' id='line_1_65' title="bbox 1116 719 2101 764; baseline 0.01 -12"><span class='ocrx_word' id='word_1_447' title='bbox 1116 719 1345 752; x_wconf 85' lang='lat' dir='ltr'>conversione</span> <span class='ocrx_word' id='word_1_448' title='bbox 1364 727 1395 754; x_wconf 90' lang='lat' dir='ltr'>et</span> <span class='ocrx_word' id='word_1_449' title='bbox 1417 729 1492 764; x_wconf 88' lang='lat' dir='ltr'>post</span> <span class='ocrx_word' id='word_1_450' title='bbox 1513 724 1780 757; x_wconf 88' lang='lat' dir='ltr'>conversionem</span> <span class='ocrx_word' id='word_1_451' title='bbox 1805 725 1842 758; x_wconf 89' lang='lat' dir='ltr'>in</span> <span class='ocrx_word' id='word_1_452' title='bbox 1862 724 1927 760; x_wconf 89' lang='lat' dir='ltr'>hac</span> <span class='ocrx_word' id='word_1_453' title='bbox 1945 727 2014 761; x_wconf 89' lang='lat' dir='ltr'>vita</span> <span class='ocrx_word' id='word_1_454' title='bbox 2033 728 2101 762; x_wconf 87' lang='lat' dir='ltr'>fide</span> 
     </span>
     <span class='ocr_line' id='line_1_66' title="bbox 1118 770 2101 819; baseline 0.01 -16"><span class='ocrx_word' id='word_1_455' title='bbox 1118 778 1259 813; x_wconf 89' lang='lat' dir='ltr'>propter</span> <span class='ocrx_word' id='word_1_456' title='bbox 1282 770 1393 804; x_wconf 80' lang='lat' dir='ltr'>filium</span> <span class='ocrx_word' id='word_1_457' title='bbox 1418 771 1482 806; x_wconf 80' lang='lat' dir='ltr'>Dei</span> <span class='ocrx_word' id='word_1_458' title='bbox 1507 785 1653 816; x_wconf 86' lang='lat' dir='ltr'>persona</span> <span class='ocrx_word' id='word_1_459' title='bbox 1680 782 1729 808; x_wconf 91' lang='lat' dir='ltr'>est</span> <span class='ocrx_word' id='word_1_460' title='bbox 1754 776 1862 816; x_wconf 86' lang='lat' dir='ltr'>iusta,</span> <span class='ocrx_word' id='word_1_461' title='bbox 1887 778 1921 810; x_wconf 91' lang='lat' dir='ltr'>id</span> <span class='ocrx_word' id='word_1_462' title='bbox 1949 785 2018 819; x_wconf 87' lang='lat' dir='ltr'>est,</span> <span class='ocrx_word' id='word_1_463' title='bbox 2042 791 2101 813; x_wconf 89' lang='lat' dir='ltr'>ac-</span> 
     </span>
     <span class='ocr_line' id='line_1_67' title="bbox 1116 822 2101 873; baseline 0.01 -20"><span class='ocrx_word' id='word_1_464' title='bbox 1116 829 1213 866; x_wconf 80' lang='lat' dir='ltr'>cepta</span> <span class='ocrx_word' id='word_1_465' title='bbox 1241 822 1319 855; x_wconf 86' lang='lat' dir='ltr'>Deo</span> <span class='ocrx_word' id='word_1_466' title='bbox 1347 834 1407 865; x_wconf 87' lang='lat' dir='ltr'>per</span> <span class='ocrx_word' id='word_1_467' title='bbox 1433 823 1731 867; x_wconf 86' lang='lat' dir='ltr'>misericordiam,</span> <span class='ocrx_word' id='word_1_468' title='bbox 1759 839 1832 860; x_wconf 91' lang='lat' dir='ltr'>non</span> <span class='ocrx_word' id='word_1_469' title='bbox 1859 836 2002 872; x_wconf 89' lang='lat' dir='ltr'>propter</span> <span class='ocrx_word' id='word_1_470' title='bbox 2018 842 2101 873; x_wconf 90' lang='lat' dir='ltr'>pro-</span> 
     </span>
     <span class='ocr_line' id='line_1_68' title="bbox 1115 873 2101 918; baseline 0.011 -14"><span class='ocrx_word' id='word_1_471' title='bbox 1115 873 1226 915; x_wconf 85' lang='lat' dir='ltr'>priam</span> <span class='ocrx_word' id='word_1_472' title='bbox 1254 873 1483 918; x_wconf 86' lang='lat' dir='ltr'>dignitatem‚</span> <span class='ocrx_word' id='word_1_473' title='bbox 1516 876 1586 909; x_wconf 88' lang='lat' dir='ltr'>sola</span> <span class='ocrx_word' id='word_1_474' title='bbox 1614 877 1694 911; x_wconf 79' lang='lat' dir='ltr'>fide.</span> <span class='ocrx_word' id='word_1_475' title='bbox 1754 876 1801 912; x_wconf 88' lang='lat' dir='ltr'>Et</span> <span class='ocrx_word' id='word_1_476' title='bbox 1824 886 1941 913; x_wconf 87' lang='lat' dir='ltr'>tamen</span> <span class='ocrx_word' id='word_1_477' title='bbox 1959 887 2101 916; x_wconf 86' lang='lat' dir='ltr'>aeterna</span> 
     </span>
     <span class='ocr_line' id='line_1_69' title="bbox 1115 923 2098 972; baseline 0.01 -17"><span class='ocrx_word' id='word_1_478' title='bbox 1115 930 1147 956; x_wconf 88' lang='lat' dir='ltr'>ct</span> <span class='ocrx_word' id='word_1_479' title='bbox 1170 923 1316 957; x_wconf 86' lang='lat' dir='ltr'>immota</span> <span class='ocrx_word' id='word_1_480' title='bbox 1341 925 1467 958; x_wconf 83' lang='lat' dir='ltr'>veritas</span> <span class='ocrx_word' id='word_1_481' title='bbox 1488 934 1555 966; x_wconf 84' lang='lat' dir='ltr'>est,</span> <span class='ocrx_word' id='word_1_482' title='bbox 1591 930 1685 972; x_wconf 87' lang='lat' dir='ltr'>quod</span> <span class='ocrx_word' id='word_1_483' title='bbox 1706 937 1846 972; x_wconf 91' lang='lat' dir='ltr'>oportet</span> <span class='ocrx_word' id='word_1_484' title='bbox 1868 931 1904 963; x_wconf 89' lang='lat' dir='ltr'>in</span> <span class='ocrx_word' id='word_1_485' title='bbox 1929 943 2098 966; x_wconf 89' lang='lat' dir='ltr'>converso</span> 
     </span>
     <span class='ocr_line' id='line_1_70' title="bbox 1114 974 2099 1017; baseline 0.011 -11"><span class='ocrx_word' id='word_1_486' title='bbox 1114 974 1288 1007; x_wconf 86' lang='lat' dir='ltr'>incoatam</span> <span class='ocrx_word' id='word_1_487' title='bbox 1307 987 1380 1007; x_wconf 89' lang='lat' dir='ltr'>esse</span> <span class='ocrx_word' id='word_1_488' title='bbox 1401 976 1643 1017; x_wconf 86' lang='lat' dir='ltr'>dilectionem,</span> <span class='ocrx_word' id='word_1_489' title='bbox 1667 986 1698 1012; x_wconf 90' lang='lat' dir='ltr'>et</span> <span class='ocrx_word' id='word_1_490' title='bbox 1716 980 1750 1012; x_wconf 91' lang='lat' dir='ltr'>iu</span> <span class='ocrx_word' id='word_1_491' title='bbox 1770 981 1951 1016; x_wconf 89' lang='lat' dir='ltr'>voluntate</span> <span class='ocrx_word' id='word_1_492' title='bbox 1965 983 2099 1017; x_wconf 88' lang='lat' dir='ltr'>bonum</span> 
     </span>
     <span class='ocr_line' id='line_1_71' title="bbox 1114 1025 2100 1077; baseline 0.011 -20"><span class='ocrx_word' id='word_1_493' title='bbox 1114 1025 1333 1069; x_wconf 87' lang='lat' dir='ltr'>propositum</span> <span class='ocrx_word' id='word_1_494' title='bbox 1352 1038 1440 1065; x_wconf 88' lang='lat' dir='ltr'>esse,</span> <span class='ocrx_word' id='word_1_495' title='bbox 1461 1035 1494 1061; x_wconf 86' lang='lat' dir='ltr'>et</span> <span class='ocrx_word' id='word_1_496' title='bbox 1511 1041 1621 1061; x_wconf 86' lang='lat' dir='ltr'>novae</span> <span class='ocrx_word' id='word_1_497' title='bbox 1636 1031 1857 1065; x_wconf 87' lang='lat' dir='ltr'>obedientiae</span> <span class='ocrx_word' id='word_1_498' title='bbox 1873 1033 1994 1077; x_wconf 85' lang='lat' dir='ltr'>initia,</span> <span class='ocrx_word' id='word_1_499' title='bbox 2019 1034 2100 1068; x_wconf 81' lang='lat' dir='ltr'>iux-</span> 
     </span>
     <span class='ocr_line' id='line_1_72' title="bbox 1114 1076 2099 1122; baseline 0.012 -15"><span class='ocrx_word' id='word_1_500' title='bbox 1114 1083 1146 1109; x_wconf 90' lang='lat' dir='ltr'>ta</span> <span class='ocrx_word' id='word_1_501' title='bbox 1174 1076 1282 1111; x_wconf 86' lang='lat' dir='ltr'>illud:</span> <span class='ocrx_word' id='word_1_502' title='bbox 1318 1076 1388 1119; x_wconf 88' lang='lat' dir='ltr'>Qui</span> <span class='ocrx_word' id='word_1_503' title='bbox 1415 1090 1486 1110; x_wconf 90' lang='lat' dir='ltr'>non</span> <span class='ocrx_word' id='word_1_504' title='bbox 1512 1080 1645 1122; x_wconf 83' lang='lat' dir='ltr'>diligit,</span> <span class='ocrx_word' id='word_1_505' title='bbox 1671 1089 1788 1115; x_wconf 86' lang='lat' dir='ltr'>manet</span> <span class='ocrx_word' id='word_1_506' title='bbox 1815 1083 1851 1115; x_wconf 88' lang='lat' dir='ltr'>in</span> <span class='ocrx_word' id='word_1_507' title='bbox 1876 1091 1998 1119; x_wconf 88' lang='lat' dir='ltr'>morte.</span> <span class='ocrx_word' id='word_1_508' title='bbox 2051 1084 2099 1119; x_wconf 85' lang='lat' dir='ltr'>Et</span> 
     </span>
     <span class='ocr_line' id='line_1_73' title="bbox 1113 1126 2100 1178; baseline 0.011 -20"><span class='ocrx_word' id='word_1_509' title='bbox 1113 1134 1230 1159; x_wconf 87' lang='lat' dir='ltr'>tamen</span> <span class='ocrx_word' id='word_1_510' title='bbox 1247 1140 1350 1171; x_wconf 91' lang='lat' dir='ltr'>supra</span> <span class='ocrx_word' id='word_1_511' title='bbox 1372 1126 1454 1161; x_wconf 86' lang='lat' dir='ltr'>haec</span> <span class='ocrx_word' id='word_1_512' title='bbox 1470 1131 1588 1163; x_wconf 85' lang='lat' dir='ltr'>omnia</span> <span class='ocrx_word' id='word_1_513' title='bbox 1606 1132 1832 1166; x_wconf 86' lang='lat' dir='ltr'>collocandus</span> <span class='ocrx_word' id='word_1_514' title='bbox 1851 1141 1900 1167; x_wconf 88' lang='lat' dir='ltr'>est</span> <span class='ocrx_word' id='word_1_515' title='bbox 1917 1135 2100 1178; x_wconf 85' lang='lat' dir='ltr'>mediator,</span> 
     </span>
     <span class='ocr_line' id='line_1_74' title="bbox 1115 1175 2098 1231; baseline 0.012 -22"><span class='ocrx_word' id='word_1_516' title='bbox 1115 1175 1208 1210; x_wconf 82' lang='lat' dir='ltr'>hunc</span> <span class='ocrx_word' id='word_1_517' title='bbox 1225 1178 1293 1211; x_wconf 87' lang='lat' dir='ltr'>fide</span> <span class='ocrx_word' id='word_1_518' title='bbox 1311 1177 1527 1223; x_wconf 88' lang='lat' dir='ltr'>apprehendi</span> <span class='ocrx_word' id='word_1_519' title='bbox 1545 1189 1700 1224; x_wconf 86' lang='lat' dir='ltr'>oportet,</span> <span class='ocrx_word' id='word_1_520' title='bbox 1728 1191 1762 1217; x_wconf 88' lang='lat' dir='ltr'>et</span> <span class='ocrx_word' id='word_1_521' title='bbox 1787 1181 1872 1218; x_wconf 90' lang='lat' dir='ltr'>haec</span> <span class='ocrx_word' id='word_1_522' title='bbox 1890 1185 1974 1219; x_wconf 88' lang='lat' dir='ltr'>fides</span> <span class='ocrx_word' id='word_1_523' title='bbox 1997 1199 2098 1231; x_wconf 86' lang='lat' dir='ltr'>prae-</span> 
     </span>
     <span class='ocr_line' id='line_1_75' title="bbox 1113 1228 1646 1266; baseline 0.011 -6"><span class='ocrx_word' id='word_1_524' title='bbox 1113 1228 1225 1262; x_wconf 84' lang='lat' dir='ltr'>luceat</span> <span class='ocrx_word' id='word_1_525' title='bbox 1242 1228 1278 1261; x_wconf 92' lang='lat' dir='ltr'>in</span> <span class='ocrx_word' id='word_1_526' title='bbox 1297 1231 1395 1262; x_wconf 81' lang='lat' dir='ltr'>omni</span> <span class='ocrx_word' id='word_1_527' title='bbox 1414 1231 1646 1266; x_wconf 87' lang='lat' dir='ltr'>invocatione.</span> 
     </span>
    </p>

    <p class='ocr_par' dir='ltr' id='par_1_10' title="bbox 1106 1278 2097 1932">
     <span class='ocr_line' id='line_1_76' title="bbox 1214 1278 2097 1332; baseline 0.012 -21"><span class='ocrx_word' id='word_1_528' title='bbox 1214 1278 1362 1323; x_wconf 88' lang='lat' dir='ltr'>Semper</span> <span class='ocrx_word' id='word_1_529' title='bbox 1392 1288 1507 1314; x_wconf 88' lang='lat' dir='ltr'>autem</span> <span class='ocrx_word' id='word_1_530' title='bbox 1540 1283 1711 1327; x_wconf 88' lang='lat' dir='ltr'>obstrepit</span> <span class='ocrx_word' id='word_1_531' title='bbox 1748 1285 1928 1320; x_wconf 88' lang='lat' dir='ltr'>invocanti</span> <span class='ocrx_word' id='word_1_532' title='bbox 1955 1289 2097 1332; x_wconf 88' lang='lat' dir='ltr'>propria</span> 
     </span>
     <span class='ocr_line' id='line_1_77' title="bbox 1112 1328 2097 1379; baseline 0.012 -18"><span class='ocrx_word' id='word_1_533' title='bbox 1112 1328 1319 1372; x_wconf 86' lang='lat' dir='ltr'>indignitas:</span> <span class='ocrx_word' id='word_1_534' title='bbox 1349 1330 1443 1373; x_wconf 85' lang='lat' dir='ltr'>Quid</span> <span class='ocrx_word' id='word_1_535' title='bbox 1463 1333 1567 1379; x_wconf 85' lang='lat' dir='ltr'>petis,</span> <span class='ocrx_word' id='word_1_536' title='bbox 1591 1335 1676 1378; x_wconf 90' lang='lat' dir='ltr'>quid</span> <span class='ocrx_word' id='word_1_537' title='bbox 1696 1343 1853 1379; x_wconf 86' lang='lat' dir='ltr'>expectas</span> <span class='ocrx_word' id='word_1_538' title='bbox 1870 1349 1888 1370; x_wconf 86' lang='lat' dir='ltr'>a</span> <span class='ocrx_word' id='word_1_539' title='bbox 1906 1336 1991 1379; x_wconf 83' lang='lat' dir='ltr'>Deo,</span> <span class='ocrx_word' id='word_1_540' title='bbox 2017 1351 2097 1373; x_wconf 88' lang='lat' dir='ltr'>cum</span> 
     </span>
     <span class='ocr_line' id='line_1_78' title="bbox 1111 1380 2096 1427; baseline 0.012 -16"><span class='ocrx_word' id='word_1_541' title='bbox 1111 1380 1156 1413; x_wconf 90' lang='lat' dir='ltr'>sis</span> <span class='ocrx_word' id='word_1_542' title='bbox 1175 1381 1363 1423; x_wconf 82' lang='lat' dir='ltr'>indignuS,</span> <span class='ocrx_word' id='word_1_543' title='bbox 1392 1384 1535 1416; x_wconf 87' lang='lat' dir='ltr'>meritus</span> <span class='ocrx_word' id='word_1_544' title='bbox 1551 1396 1718 1427; x_wconf 80' lang='lat' dir='ltr'>poenam,</span> <span class='ocrx_word' id='word_1_545' title='bbox 1746 1395 1778 1420; x_wconf 91' lang='lat' dir='ltr'>et</span> <span class='ocrx_word' id='word_1_546' title='bbox 1803 1386 1919 1421; x_wconf 83' lang='lat' dir='ltr'>adhuc</span> <span class='ocrx_word' id='word_1_547' title='bbox 1944 1390 2096 1423; x_wconf 90' lang='lat' dir='ltr'>circum-</span> 
     </span>
     <span class='ocr_line' id='line_1_79' title="bbox 1111 1431 2095 1474; baseline 0.012 -11"><span class='ocrx_word' id='word_1_548' title='bbox 1111 1431 1199 1464; x_wconf 81' lang='lat' dir='ltr'>feras</span> <span class='ocrx_word' id='word_1_549' title='bbox 1217 1438 1329 1464; x_wconf 82' lang='lat' dir='ltr'>tecum</span> <span class='ocrx_word' id='word_1_550' title='bbox 1350 1434 1500 1466; x_wconf 85' lang='lat' dir='ltr'>multum</span> <span class='ocrx_word' id='word_1_551' title='bbox 1525 1437 1710 1469; x_wconf 76' lang='lat' dir='ltr'>sordium?</span> <span class='ocrx_word' id='word_1_552' title='bbox 1762 1437 1893 1472; x_wconf 88' lang='lat' dir='ltr'>Contra</span> <span class='ocrx_word' id='word_1_553' title='bbox 1921 1438 2010 1474; x_wconf 84' lang='lat' dir='ltr'>hanc</span> <span class='ocrx_word' id='word_1_554' title='bbox 2037 1454 2095 1474; x_wconf 89' lang='lat' dir='ltr'>co-</span> 
     </span>
     <span class='ocr_line' id='line_1_80' title="bbox 1111 1483 2095 1534; baseline 0.013 -21"><span class='ocrx_word' id='word_1_555' title='bbox 1111 1483 1314 1524; x_wconf 83' lang='lat' dir='ltr'>gitationem</span> <span class='ocrx_word' id='word_1_556' title='bbox 1340 1485 1497 1527; x_wconf 85' lang='lat' dir='ltr'>quotidie</span> <span class='ocrx_word' id='word_1_557' title='bbox 1523 1484 1606 1519; x_wconf 83' lang='lat' dir='ltr'>haec</span> <span class='ocrx_word' id='word_1_558' title='bbox 1629 1488 1789 1521; x_wconf 89' lang='lat' dir='ltr'>doctrina</span> <span class='ocrx_word' id='word_1_559' title='bbox 1820 1494 2010 1525; x_wconf 86' lang='lat' dir='ltr'>exercenda</span> <span class='ocrx_word' id='word_1_560' title='bbox 2033 1502 2095 1534; x_wconf 85' lang='lat' dir='ltr'>est,</span> 
     </span>
     <span class='ocr_line' id='line_1_81' title="bbox 1110 1533 2094 1587; baseline 0.012 -22"><span class='ocrx_word' id='word_1_561' title='bbox 1110 1533 1197 1565; x_wconf 90' lang='lat' dir='ltr'>scias</span> <span class='ocrx_word' id='word_1_562' title='bbox 1212 1547 1330 1566; x_wconf 83' lang='lat' dir='ltr'>vocem</span> <span class='ocrx_word' id='word_1_563' title='bbox 1351 1533 1533 1577; x_wconf 70' lang='lat' dir='ltr'>Evangelii</span> <span class='ocrx_word' id='word_1_564' title='bbox 1553 1545 1728 1570; x_wconf 80' lang='lat' dir='ltr'>aeternam</span> <span class='ocrx_word' id='word_1_565' title='bbox 1754 1548 1786 1572; x_wconf 89' lang='lat' dir='ltr'>et</span> <span class='ocrx_word' id='word_1_566' title='bbox 1809 1541 1990 1575; x_wconf 88' lang='lat' dir='ltr'>immotam</span> <span class='ocrx_word' id='word_1_567' title='bbox 2009 1555 2094 1587; x_wconf 81' lang='lat' dir='ltr'>esse,</span> 
     </span>
     <span class='ocr_line' id='line_1_82' title="bbox 1110 1585 2092 1634; baseline 0.014 -20"><span class='ocrx_word' id='word_1_568' title='bbox 1110 1590 1147 1615; x_wconf 90' lang='lat' dir='ltr'>ut</span> <span class='ocrx_word' id='word_1_569' title='bbox 1173 1596 1362 1616; x_wconf 77' lang='lat' dir='ltr'>conversus</span> <span class='ocrx_word' id='word_1_570' title='bbox 1389 1587 1429 1618; x_wconf 84' lang='lat' dir='ltr'>ad</span> <span class='ocrx_word' id='word_1_571' title='bbox 1456 1585 1568 1619; x_wconf 90' lang='lat' dir='ltr'>Deum</span> <span class='ocrx_word' id='word_1_572' title='bbox 1597 1595 1727 1621; x_wconf 82' lang='lat' dir='ltr'>statuas</span> <span class='ocrx_word' id='word_1_573' title='bbox 1758 1597 1790 1623; x_wconf 91' lang='lat' dir='ltr'>te</span> <span class='ocrx_word' id='word_1_574' title='bbox 1816 1600 1958 1634; x_wconf 90' lang='lat' dir='ltr'>propter</span> <span class='ocrx_word' id='word_1_575' title='bbox 1982 1594 2092 1628; x_wconf 86' lang='lat' dir='ltr'>filium</span> 
     </span>
     <span class='ocr_line' id='line_1_83' title="bbox 1110 1636 2091 1690; baseline 0.013 -24"><span class='ocrx_word' id='word_1_576' title='bbox 1110 1641 1203 1690; x_wconf 48' lang='lat' dir='ltr'>crito</span> <span class='ocrx_word' id='word_1_577' title='bbox 1228 1636 1353 1677; x_wconf 82' lang='lat' dir='ltr'>recipi,</span> <span class='ocrx_word' id='word_1_578' title='bbox 1380 1643 1411 1668; x_wconf 90' lang='lat' dir='ltr'>et</span> <span class='ocrx_word' id='word_1_579' title='bbox 1430 1638 1587 1670; x_wconf 76' lang='lat' dir='ltr'>exaudiri</span> <span class='ocrx_word' id='word_1_580' title='bbox 1605 1651 1664 1679; x_wconf 87' lang='lat' dir='ltr'>per</span> <span class='ocrx_word' id='word_1_581' title='bbox 1690 1641 1988 1683; x_wconf 85' lang='lat' dir='ltr'>misericordiam,</span> <span class='ocrx_word' id='word_1_582' title='bbox 2014 1657 2091 1688; x_wconf 83' lang='lat' dir='ltr'>gra-</span> 
     </span>
     <span class='ocr_line' id='line_1_84' title="bbox 1111 1690 2092 1734; baseline 0.015 -19"><span class='ocrx_word' id='word_1_583' title='bbox 1111 1691 1172 1726; x_wconf 80' lang='lat' dir='ltr'>tis,</span> <span class='ocrx_word' id='word_1_584' title='bbox 1209 1696 1280 1717; x_wconf 89' lang='lat' dir='ltr'>non</span> <span class='ocrx_word' id='word_1_585' title='bbox 1306 1694 1448 1730; x_wconf 76' lang='lat' dir='ltr'>propter</span> <span class='ocrx_word' id='word_1_586' title='bbox 1477 1690 1654 1731; x_wconf 84' lang='lat' dir='ltr'>propriam</span> <span class='ocrx_word' id='word_1_587' title='bbox 1686 1692 1911 1734; x_wconf 82' lang='lat' dir='ltr'>dignitatem,</span> <span class='ocrx_word' id='word_1_588' title='bbox 1947 1695 2035 1728; x_wconf 87' lang='lat' dir='ltr'>sicut</span> <span class='ocrx_word' id='word_1_589' title='bbox 2060 1704 2092 1731; x_wconf 87' lang='lat' dir='ltr'>et</span> 
     </span>
     <span class='ocr_line' id='line_1_85' title="bbox 1109 1733 2093 1790; baseline 0.015 -25"><span class='ocrx_word' id='word_1_590' title='bbox 1109 1733 1236 1767; x_wconf 85' lang='lat' dir='ltr'>Daniel</span> <span class='ocrx_word' id='word_1_591' title='bbox 1262 1744 1354 1769; x_wconf 87' lang='lat' dir='ltr'>orat:</span> <span class='ocrx_word' id='word_1_592' title='bbox 1391 1736 1528 1771; x_wconf 82' lang='lat' dir='ltr'>Exaudi</span> <span class='ocrx_word' id='word_1_593' title='bbox 1560 1752 1623 1773; x_wconf 91' lang='lat' dir='ltr'>nos</span> <span class='ocrx_word' id='word_1_594' title='bbox 1648 1739 1820 1781; x_wconf 88' lang='lat' dir='ltr'>Domine,</span> <span class='ocrx_word' id='word_1_595' title='bbox 1856 1757 1927 1777; x_wconf 88' lang='lat' dir='ltr'>non</span> <span class='ocrx_word' id='word_1_596' title='bbox 1951 1754 2093 1790; x_wconf 78' lang='lat' dir='ltr'>propter</span> 
     </span>
     <span class='ocr_line' id='line_1_86' title="bbox 1109 1785 2092 1841; baseline 0.015 -25"><span class='ocrx_word' id='word_1_597' title='bbox 1109 1785 1281 1818; x_wconf 87' lang='lat' dir='ltr'>iusticiam</span> <span class='ocrx_word' id='word_1_598' title='bbox 1299 1796 1473 1830; x_wconf 86' lang='lat' dir='ltr'>nostram,</span> <span class='ocrx_word' id='word_1_599' title='bbox 1498 1790 1557 1821; x_wconf 88' lang='lat' dir='ltr'>sed</span> <span class='ocrx_word' id='word_1_600' title='bbox 1577 1803 1637 1832; x_wconf 82' lang='lat' dir='ltr'>per</span> <span class='ocrx_word' id='word_1_601' title='bbox 1655 1793 1930 1827; x_wconf 72' lang='lat' dir='ltr'>misericordiam</span> <span class='ocrx_word' id='word_1_602' title='bbox 1950 1805 2092 1841; x_wconf 86' lang='lat' dir='ltr'>propter</span> 
     </span>
     <span class='ocr_line' id='line_1_87' title="bbox 1109 1834 2090 1882; baseline 0.015 -15"><span class='ocrx_word' id='word_1_603' title='bbox 1109 1834 1314 1873; x_wconf 88' lang='lat' dir='ltr'>Dominum.</span> <span class='ocrx_word' id='word_1_604' title='bbox 1357 1838 1459 1872; x_wconf 80' lang='lat' dir='ltr'>Hauc</span> <span class='ocrx_word' id='word_1_605' title='bbox 1475 1842 1750 1875; x_wconf 81' lang='lat' dir='ltr'>consolationem</span> <span class='ocrx_word' id='word_1_606' title='bbox 1771 1848 1998 1880; x_wconf 86' lang='lat' dir='ltr'>necessariam</span> <span class='ocrx_word' id='word_1_607' title='bbox 2019 1861 2090 1882; x_wconf 88' lang='lat' dir='ltr'>esse</span> 
     </span>
     <span class='ocr_line' id='line_1_88' title="bbox 1106 1889 1527 1932; baseline 0.014 -14"><span class='ocrx_word' id='word_1_608' title='bbox 1106 1899 1228 1920; x_wconf 89' lang='lat' dir='ltr'>omnes</span> <span class='ocrx_word' id='word_1_609' title='bbox 1247 1889 1295 1930; x_wconf 88' lang='lat' dir='ltr'>pii</span> <span class='ocrx_word' id='word_1_610' title='bbox 1311 1890 1527 1932; x_wconf 81' lang='lat' dir='ltr'>intelligunt.</span> 
     </span>
    </p>

    <p class='ocr_par' dir='ltr' id='par_1_11' title="bbox 1106 1938 2089 2443">
     <span class='ocr_line' id='line_1_89' title="bbox 1209 1938 2088 1986; baseline 0.014 -15"><span class='ocrx_word' id='word_1_611' title='bbox 1209 1938 1276 1972; x_wconf 91' lang='lat' dir='ltr'>Sed</span> <span class='ocrx_word' id='word_1_612' title='bbox 1304 1941 1496 1974; x_wconf 89' lang='lat' dir='ltr'>adversarii</span> <span class='ocrx_word' id='word_1_613' title='bbox 1521 1942 1688 1986; x_wconf 83' lang='lat' dir='ltr'>fingentes</span> <span class='ocrx_word' id='word_1_614' title='bbox 1719 1957 1925 1980; x_wconf 85' lang='lat' dir='ltr'>conversum</span> <span class='ocrx_word' id='word_1_615' title='bbox 1958 1949 2088 1983; x_wconf 90' lang='lat' dir='ltr'>iustum</span> 
     </span>
     <span class='ocr_line' id='line_1_90' title="bbox 1106 1994 2089 2037; baseline 0.011 -15"><span class='ocrx_word' id='word_1_616' title='bbox 1106 2001 1178 2022; x_wconf 90' lang='lat' dir='ltr'>esse</span> <span class='ocrx_word' id='word_1_617' title='bbox 1203 1995 1345 2034; x_wconf 75' lang='lat' dir='ltr'>propter</span> <span class='ocrx_word' id='word_1_618' title='bbox 1371 2005 1498 2025; x_wconf 89' lang='lat' dir='ltr'>novam</span> <span class='ocrx_word' id='word_1_619' title='bbox 1521 1994 1766 2037; x_wconf 88' lang='lat' dir='ltr'>dilectionem,</span> <span class='ocrx_word' id='word_1_620' title='bbox 1802 2008 1982 2033; x_wconf 89' lang='lat' dir='ltr'>removent</span> <span class='ocrx_word' id='word_1_621' title='bbox 2016 2013 2089 2033; x_wconf 89' lang='lat' dir='ltr'>me-</span> 
     </span>
     <span class='ocr_line' id='line_1_91' title="bbox 1106 2040 2088 2094; baseline 0.012 -22"><span class='ocrx_word' id='word_1_622' title='bbox 1106 2040 1275 2073; x_wconf 78' lang='lat' dir='ltr'>diatorem</span> <span class='ocrx_word' id='word_1_623' title='bbox 1290 2069 1298 2081; x_wconf 99' lang='lat'>,</span> <span class='ocrx_word' id='word_1_624' title='bbox 1327 2054 1390 2076; x_wconf 89' lang='lat' dir='ltr'>nec</span> <span class='ocrx_word' id='word_1_625' title='bbox 1407 2043 1484 2087; x_wconf 87' lang='lat' dir='ltr'>plus</span> <span class='ocrx_word' id='word_1_626' title='bbox 1499 2044 1529 2076; x_wconf 87' lang='lat' dir='ltr'>ei</span> <span class='ocrx_word' id='word_1_627' title='bbox 1548 2046 1722 2087; x_wconf 83' lang='lat' dir='ltr'>tribuunt,</span> <span class='ocrx_word' id='word_1_628' title='bbox 1751 2061 1854 2092; x_wconf 86' lang='lat' dir='ltr'>quam</span> <span class='ocrx_word' id='word_1_629' title='bbox 1872 2052 1965 2094; x_wconf 89' lang='lat' dir='ltr'>quod</span> <span class='ocrx_word' id='word_1_630' title='bbox 1986 2052 2088 2084; x_wconf 89' lang='lat' dir='ltr'>nobis</span> 
     </span>
     <span class='ocr_line' id='line_1_92' title="bbox 1107 2091 2088 2145; baseline 0.012 -22"><span class='ocrx_word' id='word_1_631' title='bbox 1107 2091 1207 2124; x_wconf 89' lang='lat' dir='ltr'>initia</span> <span class='ocrx_word' id='word_1_632' title='bbox 1235 2092 1376 2126; x_wconf 82' lang='lat' dir='ltr'>illarum</span> <span class='ocrx_word' id='word_1_633' title='bbox 1401 2095 1607 2139; x_wconf 85' lang='lat' dir='ltr'>qualitatum</span> <span class='ocrx_word' id='word_1_634' title='bbox 1634 2099 1781 2137; x_wconf 87' lang='lat' dir='ltr'>meruit,</span> <span class='ocrx_word' id='word_1_635' title='bbox 1823 2112 1882 2133; x_wconf 88' lang='lat' dir='ltr'>seu</span> <span class='ocrx_word' id='word_1_636' title='bbox 1916 2104 2009 2145; x_wconf 91' lang='lat' dir='ltr'>quod</span> <span class='ocrx_word' id='word_1_637' title='bbox 2043 2102 2088 2136; x_wconf 89' lang='lat' dir='ltr'>sit</span> 
     </span>
     <span class='ocr_line' id='line_1_93' title="bbox 1106 2143 2087 2196; baseline 0.012 -22"><span class='ocrx_word' id='word_1_638' title='bbox 1106 2154 1206 2175; x_wconf 88' lang='lat' dir='ltr'>causa</span> <span class='ocrx_word' id='word_1_639' title='bbox 1226 2143 1321 2176; x_wconf 89' lang='lat' dir='ltr'>illius</span> <span class='ocrx_word' id='word_1_640' title='bbox 1339 2145 1544 2179; x_wconf 76' lang='lat' dir='ltr'>mutationis</span> <span class='ocrx_word' id='word_1_641' title='bbox 1561 2147 1596 2179; x_wconf 91' lang='lat' dir='ltr'>in</span> <span class='ocrx_word' id='word_1_642' title='bbox 1615 2149 1726 2189; x_wconf 85' lang='lat' dir='ltr'>nobis,</span> <span class='ocrx_word' id='word_1_643' title='bbox 1757 2159 1871 2193; x_wconf 86' lang='lat' dir='ltr'>postea</span> <span class='ocrx_word' id='word_1_644' title='bbox 1892 2164 1969 2185; x_wconf 92' lang='lat' dir='ltr'>eum</span> <span class='ocrx_word' id='word_1_645' title='bbox 1987 2165 2087 2196; x_wconf 89' lang='lat' dir='ltr'>sepe—</span> 
     </span>
     <span class='ocr_line' id='line_1_94' title="bbox 1106 2193 2086 2245; baseline 0.012 -20"><span class='ocrx_word' id='word_1_646' title='bbox 1106 2193 1217 2232; x_wconf 87' lang='lat' dir='ltr'>liunt,</span> <span class='ocrx_word' id='word_1_647' title='bbox 1246 2201 1278 2227; x_wconf 92' lang='lat' dir='ltr'>et</span> <span class='ocrx_word' id='word_1_648' title='bbox 1297 2195 1339 2228; x_wconf 89' lang='lat' dir='ltr'>de</span> <span class='ocrx_word' id='word_1_649' title='bbox 1357 2196 1431 2229; x_wconf 87' lang='lat' dir='ltr'>eius</span> <span class='ocrx_word' id='word_1_650' title='bbox 1447 2197 1710 2240; x_wconf 84' lang='lat' dir='ltr'>intercessione,</span> <span class='ocrx_word' id='word_1_651' title='bbox 1741 2208 1772 2233; x_wconf 89' lang='lat' dir='ltr'>et</span> <span class='ocrx_word' id='word_1_652' title='bbox 1795 2203 1836 2233; x_wconf 90' lang='lat' dir='ltr'>de</span> <span class='ocrx_word' id='word_1_653' title='bbox 1855 2202 2086 2245; x_wconf 87' lang='lat' dir='ltr'>imputatione</span> 
     </span>
     <span class='ocr_line' id='line_1_95' title="bbox 1106 2244 2085 2293; baseline 0.012 -17"><span class='ocrx_word' id='word_1_654' title='bbox 1106 2244 1262 2277; x_wconf 90' lang='lat' dir='ltr'>iusticiae</span> <span class='ocrx_word' id='word_1_655' title='bbox 1279 2246 1417 2280; x_wconf 88' lang='lat' dir='ltr'>nullum</span> <span class='ocrx_word' id='word_1_656' title='bbox 1435 2249 1580 2280; x_wconf 86' lang='lat' dir='ltr'>verbum</span> <span class='ocrx_word' id='word_1_657' title='bbox 1601 2251 1732 2286; x_wconf 87' lang='lat' dir='ltr'>dicunt.</span> <span class='ocrx_word' id='word_1_658' title='bbox 1768 2251 1859 2293; x_wconf 87' lang='lat' dir='ltr'>Quia</span> <span class='ocrx_word' id='word_1_659' title='bbox 1880 2265 1959 2286; x_wconf 90' lang='lat' dir='ltr'>vero</span> <span class='ocrx_word' id='word_1_660' title='bbox 1979 2252 2085 2288; x_wconf 92' lang='lat' dir='ltr'>homo</span> 
     </span>
     <span class='ocr_line' id='line_1_96' title="bbox 1106 2295 2086 2347; baseline 0.011 -20"><span class='ocrx_word' id='word_1_661' title='bbox 1106 2295 1247 2328; x_wconf 88' lang='lat' dir='ltr'>intuens</span> <span class='ocrx_word' id='word_1_662' title='bbox 1271 2308 1351 2330; x_wconf 90' lang='lat' dir='ltr'>suas</span> <span class='ocrx_word' id='word_1_663' title='bbox 1376 2298 1561 2343; x_wconf 80' lang='lat' dir='ltr'>qualitates</span> <span class='ocrx_word' id='word_1_664' title='bbox 1585 2302 1733 2333; x_wconf 80' lang='lat' dir='ltr'>multum</span> <span class='ocrx_word' id='word_1_665' title='bbox 1759 2303 1915 2336; x_wconf 86' lang='lat' dir='ltr'>sordium</span> <span class='ocrx_word' id='word_1_666' title='bbox 1939 2305 2086 2347; x_wconf 87' lang='lat' dir='ltr'>invenit,</span> 
     </span>
     <span class='ocr_line' id='line_1_97' title="bbox 1106 2347 2084 2389; baseline 0.011 -11"><span class='ocrx_word' id='word_1_667' title='bbox 1106 2358 1177 2379; x_wconf 90' lang='lat' dir='ltr'>non</span> <span class='ocrx_word' id='word_1_668' title='bbox 1196 2347 1308 2380; x_wconf 87' lang='lat' dir='ltr'>solum</span> <span class='ocrx_word' id='word_1_669' title='bbox 1339 2350 1613 2382; x_wconf 82' lang='lat' dir='ltr'>consolationem</span> <span class='ocrx_word' id='word_1_670' title='bbox 1636 2363 1753 2384; x_wconf 90' lang='lat' dir='ltr'>veram</span> <span class='ocrx_word' id='word_1_671' title='bbox 1781 2361 1813 2386; x_wconf 92' lang='lat' dir='ltr'>et</span> <span class='ocrx_word' id='word_1_672' title='bbox 1838 2354 1941 2387; x_wconf 88' lang='lat' dir='ltr'>fidem</span> <span class='ocrx_word' id='word_1_673' title='bbox 1965 2357 2001 2389; x_wconf 86' lang='lat' dir='ltr'>in</span> <span class='ocrx_word' id='word_1_674' title='bbox 2029 2357 2084 2389; x_wconf 91' lang='lat' dir='ltr'>in-</span> 
     </span>
     <span class='ocr_line' id='line_1_98' title="bbox 1106 2398 2062 2443; baseline 0.013 -14"><span class='ocrx_word' id='word_1_675' title='bbox 1106 2398 1286 2431; x_wconf 87' lang='lat' dir='ltr'>vocatione</span> <span class='ocrx_word' id='word_1_676' title='bbox 1304 2401 1524 2443; x_wconf 74' lang='lat' dir='ltr'>extinguunt,</span> <span class='ocrx_word' id='word_1_677' title='bbox 1549 2402 1607 2433; x_wconf 84' lang='lat' dir='ltr'>sed</span> <span class='ocrx_word' id='word_1_678' title='bbox 1628 2402 1731 2435; x_wconf 86' lang='lat' dir='ltr'>etiam</span> <span class='ocrx_word' id='word_1_679' title='bbox 1752 2404 1912 2437; x_wconf 85' lang='lat' dir='ltr'>dubitare</span> <span class='ocrx_word' id='word_1_680' title='bbox 1928 2406 2062 2442; x_wconf 87' lang='lat' dir='ltr'>iubent.</span> 
     </span>
    </p>

    <p class='ocr_par' dir='ltr' id='par_1_12' title="bbox 1103 2448 2084 2698">
     <span class='ocr_line' id='line_1_99' title="bbox 1207 2448 2083 2501; baseline 0.01 -19"><span class='ocrx_word' id='word_1_681' title='bbox 1207 2448 1278 2482; x_wconf 83' lang='lat' dir='ltr'>Nec</span> <span class='ocrx_word' id='word_1_682' title='bbox 1300 2451 1379 2495; x_wconf 91' lang='lat' dir='ltr'>plus</span> <span class='ocrx_word' id='word_1_683' title='bbox 1398 2452 1519 2484; x_wconf 90' lang='lat' dir='ltr'>dicunt</span> <span class='ocrx_word' id='word_1_684' title='bbox 1543 2452 1585 2483; x_wconf 80' lang='lat' dir='ltr'>de</span> <span class='ocrx_word' id='word_1_685' title='bbox 1604 2452 1759 2495; x_wconf 84' lang='lat' dir='ltr'>iusticia,</span> <span class='ocrx_word' id='word_1_686' title='bbox 1788 2467 1892 2499; x_wconf 83' lang='lat' dir='ltr'>quam</span> <span class='ocrx_word' id='word_1_687' title='bbox 1913 2466 2083 2501; x_wconf 72' lang='lat' dir='ltr'>quantum</span> 
     </span>
     <span class='ocr_line' id='line_1_100' title="bbox 1104 2499 2084 2542; baseline 0.009 -9"><span class='ocrx_word' id='word_1_688' title='bbox 1104 2499 1203 2533; x_wconf 89' lang='lat' dir='ltr'>Plato</span> <span class='ocrx_word' id='word_1_689' title='bbox 1227 2501 1333 2541; x_wconf 88' lang='lat' dir='ltr'>dixit,</span> <span class='ocrx_word' id='word_1_690' title='bbox 1371 2509 1454 2536; x_wconf 90' lang='lat' dir='ltr'>tunc</span> <span class='ocrx_word' id='word_1_691' title='bbox 1478 2513 1551 2534; x_wconf 80' lang='lat' dir='ltr'>esse</span> <span class='ocrx_word' id='word_1_692' title='bbox 1576 2504 1798 2538; x_wconf 81' lang='lat' dir='ltr'>excellentem</span> <span class='ocrx_word' id='word_1_693' title='bbox 1823 2518 1882 2540; x_wconf 84' lang='lat' dir='ltr'>seu</span> <span class='ocrx_word' id='word_1_694' title='bbox 1908 2508 2084 2542; x_wconf 84' lang='lat' dir='ltr'>heroicam</span> 
     </span>
     <span class='ocr_line' id='line_1_101' title="bbox 1105 2552 2084 2602; baseline 0.008 -19"><span class='ocrx_word' id='word_1_695' title='bbox 1105 2552 1288 2590; x_wconf 89' lang='lat' dir='ltr'>virtutem,</span> <span class='ocrx_word' id='word_1_696' title='bbox 1323 2555 1465 2598; x_wconf 85' lang='lat' dir='ltr'>quaudo</span> <span class='ocrx_word' id='word_1_697' title='bbox 1496 2561 1633 2596; x_wconf 87' lang='lat' dir='ltr'>pectora</span> <span class='ocrx_word' id='word_1_698' title='bbox 1669 2567 1741 2588; x_wconf 88' lang='lat' dir='ltr'>non</span> <span class='ocrx_word' id='word_1_699' title='bbox 1772 2563 1907 2590; x_wconf 84' lang='lat' dir='ltr'>tantum</span> <span class='ocrx_word' id='word_1_700' title='bbox 1933 2560 2084 2602; x_wconf 73' lang='lat' dir='ltr'>diligen-</span> 
     </span>
     <span class='ocr_line' id='line_1_102' title="bbox 1103 2600 2082 2646; baseline 0.007 -11"><span class='ocrx_word' id='word_1_701' title='bbox 1103 2602 1149 2635; x_wconf 84' lang='lat' dir='ltr'>tia</span> <span class='ocrx_word' id='word_1_702' title='bbox 1177 2600 1330 2635; x_wconf 89' lang='lat' dir='ltr'>humana</span> <span class='ocrx_word' id='word_1_703' title='bbox 1365 2613 1554 2646; x_wconf 87' lang='lat' dir='ltr'>reguntur,</span> <span class='ocrx_word' id='word_1_704' title='bbox 1610 2607 1668 2638; x_wconf 86' lang='lat' dir='ltr'>sed</span> <span class='ocrx_word' id='word_1_705' title='bbox 1702 2609 1806 2640; x_wconf 87' lang='lat' dir='ltr'>etiam</span> <span class='ocrx_word' id='word_1_706' title='bbox 1838 2609 1961 2642; x_wconf 88' lang='lat' dir='ltr'>divino</span> <span class='ocrx_word' id='word_1_707' title='bbox 1987 2618 2082 2642; x_wconf 84' lang='lat' dir='ltr'>motu</span> 
     </span>
     <span class='ocr_line' id='line_1_103' title="bbox 1105 2653 2083 2698; baseline 0.006 -11"><span class='ocrx_word' id='word_1_708' title='bbox 1105 2665 1165 2688; x_wconf 89' lang='lat' dir='ltr'>seu</span> <span class='ocrx_word' id='word_1_709' title='bbox 1183 2653 1302 2687; x_wconf 82' lang='lat' dir='ltr'>affiatu</span> <span class='ocrx_word' id='word_1_710' title='bbox 1319 2656 1571 2689; x_wconf 84' lang='lat' dir='ltr'>accenduntur.</span> <span class='ocrx_word' id='word_1_711' title='bbox 1625 2655 1662 2690; x_wconf 85' lang='lat' dir='ltr'>Id</span> <span class='ocrx_word' id='word_1_712' title='bbox 1683 2670 1761 2691; x_wconf 85' lang='lat' dir='ltr'>vere</span> <span class='ocrx_word' id='word_1_713' title='bbox 1779 2659 1925 2698; x_wconf 89' lang='lat' dir='ltr'>dicitur,</span> <span class='ocrx_word' id='word_1_714' title='bbox 1951 2668 1980 2693; x_wconf 77' lang='lat' dir='ltr'>et</span> <span class='ocrx_word' id='word_1_715' title='bbox 2001 2673 2083 2693; x_wconf 78' lang='lat' dir='ltr'>con-</span> 
     </span>
    </p>
   </div>
   <div class='ocr_carea' id='block_1_6' title="bbox 1505 2702 1582 2739">
    <p class='ocr_par' dir='ltr' id='par_1_13' title="bbox 1505 2702 1582 2739">
     <span class='ocr_line' id='line_1_104' title="bbox 1505 2702 1582 2739; baseline 0.013 -1"><span class='ocrx_word' id='word_1_716' title='bbox 1505 2702 1582 2739; x_wconf 78' lang='lat'>51*</span> 
     </span>
    </p>
   </div>
  </div>
 </body>
</html>
