2415 2942
313 117 384 152 271

897 104 1023 139 PHIL.
1056 100 1173 137 MEL.
1211 98 1419 135 SCRIPTA
1454 96 1753 133 EXEGETICA.

2258 98 2332 137 272

315 203 448 236 „finam
466 207 495 232 01
515 198 667 242 pullum,
694 194 727 226 id
749 199 817 231 est,
852 189 1023 234 populum
1046 187 1132 230 legis
1158 193 1190 219 et
1214 197 1299 228 gen·
1320 183 1325 242 l³
1348 183 1436 217 sium
1463 183 1656 227 petentium
1680 195 1799 225 pacem
1822 184 1919 219 venit
1941 186 1986 218 ad
2013 184 2237 230 Scipionem,
2271 198 2330 220 ve-

317 261 385 292 tes,
415 259 445 284 et
463 251 647 292 imponunt
667 242 865 280 Christum,
891 251 963 273 non
981 250 1071 279 sese,
1097 238 1131 270 id
1149 243 1210 276 est,
1237 247 1299 269 vo-

318 306 394 336 lunt
413 299 591 333 Christum
613 305 774 336 regnare,
810 303 882 324 non
904 295 1078 335 quaerunt
1102 288 1169 320 sibi
1188 287 1300 330 impe-

318 354 408 387 rium
428 357 457 382 et
477 346 666 392 potentiam
679 369 688 382 ‚
716 355 778 376 nec
794 343 930 384 fingunt
948 351 1074 372 novam
1094 338 1301 375 doctrinam,

317 404 375 436 scd
394 398 525 433 Christi
542 396 737 430 doctrinam
756 393 905 425 fideliter
923 395 1136 435 proponunt.

421 463 544 498 Tertio
569 462 644 494 loco
670 466 718 492 est
742 457 891 502 populns
916 456 1079 495 credens,
1116 451 1153 486 hi
1177 452 1301 496 triplex

319 516 473 551 officium
498 518 692 557 praestant,
730 515 861 542 canunt
887 507 1007 540 laudes
1030 504 1184 538 venienti
1206 502 1302 536 Mes-

321 570 409 605 siae,
437 570 571 608 gestant
591 562 734 594 frondes
752 560 848 591 oleae
874 565 905 591 et
926 557 1142 601 palmarum,
1169 561 1202 587 et
1220 553 1302 585 sub-

318 622 479 651 sternunt
512 621 631 647 vestes.
701 610 795 643 Haec
826 608 938 642 officia
971 617 1107 649 semper
1136 611 1170 637 et
1199 604 1303 636 debet

319 674 514 712 praestare,
542 672 575 697 et
590 669 768 706 utcunque
788 665 935 702 praestat
951 656 1117 690 Ecclesia.
1169 652 1303 687 Cantus

319 718 492 759 significat
531 713 727 747 doctrinam
767 708 977 751 Evangelii,
1033 705 1304 742 invocationem,

319 757 573 803 confessionem
606 770 638 796 et
672 762 861 807 gratiarum
894 759 1079 791 actionem.
1147 753 1236 786 Nam
1271 759 1305 786 et

320 818 376 852 liic
393 819 464 861 ipse
482 822 599 849 coetus
619 823 747 845 sonans
764 820 882 841 vocem
901 806 1048 846 Psalmi,
1076 804 1305 848 profitebatur

319 869 386 903 hoc
403 867 575 904 carmine,
601 861 695 895 hunc
714 862 826 903 ipsum
846 860 1042 896 doctorem,
1075 855 1136 899 qui
1160 852 1305 906 invelie-

320 922 423 953 liatnr
441 912 662 957 triumphans
678 913 714 943 in
736 911 858 942 urbem
873 936 880 949 ‚
910 919 981 940 esse
1000 905 1175 940 Messiam.
1214 904 1305 937 §am

320 970 486 1003 usitatum
507 972 579 998 erat
605 961 698 995 hunc
723 960 901 993 psalmum
924 958 1070 990 recitare
1094 956 1130 988 in
1157 966 1305 1001 synago-

320 1021 387 1063 gis,
417 1014 686 1059 inprecatione,
717 1023 784 1056 qua
812 1010 996 1052 petebatur
1021 1009 1192 1040 adventus
1210 1005 1305 1038 Mes-
1328 1020 1330 1046 ς

453 1065 629 1101 Describit
652 1070 766 1095 autem
787 1060 947 1093 Psalmns
971 1065 1002 1091 et
1027 1057 1244 1101 passionem,
1273 1062 1306 1088 et
1330 1072 1331 1094 5

320 1119 467 1165 gloriam
486 1115 655 1153 Messiae‚
681 1114 719 1145 in
743 1109 797 1144 his
813 1110 946 1143 verbis:
993 1106 1171 1146 Ozianna,
1198 1107 1307 1139 bene·
1330 1131 1331 1143 ἶ

321 1172 434 1204 dictus
451 1167 510 1212 qui
530 1166 623 1198 venit
641 1162 837 1200 injnomine
853 1159 989 1193 domini
1007 1171 1066 1191 rex
1084 1157 1199 1190 lsrael.
1227 1155 1306 1189 Pri·
1330 1172 1331 1181 π

320 1071 400 1104 siae.

319 1234 375 1255 ma
394 1229 472 1263 pars
490 1224 538 1249 est
556 1214 708 1259 precatio
728 1213 768 1245 ad
788 1211 920 1251 Deum,
943 1217 983 1243 ut
1006 1220 1111 1251 regno
1136 1220 1228 1240 novo
1244 1208 1306 1239 ad-

321 1273 377 1312 sit,
406 1277 438 1303 et
456 1266 622 1310 repressis
640 1263 771 1297 diaboli
790 1268 823 1295 et
842 1261 966 1293 mundi
983 1260 1176 1301 furoribus,
1200 1255 1306 1291 Chri-
1330 1287 1331 1295 ,

321 1331 412 1356 stum
431 1319 582 1357 adiuvet,
607 1323 639 1348 et
656 1314 786 1348 multos
802 1325 842 1345 ex
859 1312 993 1344 mundo
1011 1311 1053 1342 ad
1072 1321 1188 1342 veram
1207 1308 1306 1350 agni-

321 1375 454 1406 tionem
486 1367 568 1407 filii,
609 1371 642 1397 et
676 1362 911 1396 obedientiam
937 1359 1122 1402 Evangelii
1145 1366 1176 1391 et
1198 1359 1305 1391 vitam

323 1481 355 1508 et
373 1469 493 1504 multis
509 1465 687 1510 impertiat
705 1462 870 1496 beneficia
889 1458 1031 1494 Christi.
1068 1458 1151 1491 Ideo
1168 1459 1305 1491 dicunt:

321 1522 526 1558 Hozianna,
572 1517 606 1549 id
633 1522 698 1555 est,
741 1513 869 1546 adiuva
895 1510 989 1544 hunc
1018 1517 1116 1543 tuum
1142 1509 1306 1542 Messiam

323 1582 356 1608 et
381 1569 562 1604 victoriam
586 1566 671 1610 ipsi,
715 1570 748 1597 et
770 1561 946 1596 Ecclesiae
969 1569 1046 1595 tuae
1068 1560 1216 1593 salutem
1240 1560 1306 1591 im-
1331 1578 1332 1586 η

349 1630 461 1658 ertias.

322 1638 344 1670 p
427 1681 469 1713 ln
486 1675 632 1721 reliquis
647 1672 760 1706 verbis
785 1677 834 1704 est
855 1668 1041 1714 professio,
1078 1668 1156 1712 quis
1181 1668 1226 1701 sit
1250 1666 1307 1701 hic

325 1728 580 1774 triumphator,
615 1737 673 1758 rex
700 1722 826 1761 lsrael,
865 1720 1027 1753 xidelicet
1052 1719 1199 1752 Messias
1224 1731 1306 1762 pro·
1332 1722 1334 1742 ἓ

325 1787 470 1823 missus,
510 1777 732 1811 benedictus,
766 1772 896 1805 scilicet
920 1771 1013 1803 iuxta
1038 1770 1307 1814 promissionem
1333 1798 1334 1802 ,

325 1838 441 1869 datam
460 1826 636 1864 Abrahae.
697 1823 802 1857 Hunc
828 1821 942 1854 sciunt
965 1832 1036 1853 esse
1058 1832 1176 1853 semen
1202 1822 1307 1853 bene-

327 1888 481 1921 dictum,
506 1879 583 1912 Deo
600 1877 760 1921 placens,
794 1878 937 1916 propter
961 1872 1053 1915 quod
1083 1871 1309 1905 benedicetur

326 1986 410 2023 Dei,
436 1982 606 2016 tollentur
625 1982 820 2020 peccatum,
857 1981 888 2006 et
914 1983 1045 2015 poenae
1072 1972 1221 2015 peccati,
1251 1985 1308 2005 ca-

328 2036 501 2070 lamitates
516 2037 549 2063 et
565 2038 677 2066 mors,
717 2032 749 2058 et
774 2021 830 2056 hic
856 2022 1045 2067 promissus
1070 2035 1128 2055 rex
1150 2024 1243 2056 venit
1271 2024 1307 2056 in

328 2085 470 2120 nomine
504 2077 660 2119 domini,
703 2076 739 2108 id
770 2081 840 2114 est,
888 2074 1053 2106 mandato
1089 2080 1121 2105 et
1153 2075 1306 2116 potenfia

326 2137 412 2178 Dei,
457 2132 517 2177 qui
541 2141 620 2163 eum
646 2126 760 2163 misit,
795 2125 913 2164 unxit,
947 2123 1100 2162 iuvabit,
1140 2131 1179 2157 ut
1209 2125 1309 2158 [0114st

330 2193 507 2233 peccatum
526 2188 557 2214 et
573 2184 733 2212 mortem.

431 2250 525 2283 Ilaec
540 2246 693 2279 breviter
712 2243 753 2275 de
776 2247 880 2274 cantu
906 2240 998 2280 dixi,
1035 2247 1072 2273 ut
1098 2252 1161 2273 nos
1185 2242 1308 2274 admo-

331 2312 474 2337 neamus
491 2298 609 2343 quales
627 2295 740 2328 cultus
757 2305 774 2325 a
793 2291 895 2324 nobis
914 2289 996 2322 haec
1015 2291 1129 2334 imago
1147 2293 1308 2335 postulet.

331 2354 489 2388 Primum
511 2349 621 2386 enim,
649 2352 687 2378 ut
704 2343 795 2386 dixig,
822 2341 973 2385 postulat
990 2342 1170 2374 doctrinae
1189 2344 1309 2384 cogni-

332 2405 463 2438 tionem
476 2427 484 2439 ,
517 2407 549 2432 et
567 2394 878 2441 praedicationem,
911 2391 1190 2432 invocationem,
1225 2405 1309 2426 con-

333 2453 516 2488 sessionem
529 2476 537 2489 ,
565 2455 596 2480 et
612 2446 800 2489 gratiarnm
819 2442 1002 2476 actionem.

434 2508 571 2543 Deinde
596 2504 683 2538 rami
714 2503 809 2535 oleae
833 2508 866 2535 et
892 2500 1086 2544 palmarum
1111 2501 1207 2543 signa
1231 2511 1311 2537 sunt

334 2558 579 2596 consessionis,
605 2555 688 2587 olim
717 2560 868 2596 petentes
892 2565 910 2584 a
935 2552 1021 2583 duce
1043 2551 1161 2596 aliquo
1183 2564 1310 2595 pacem,

335 2614 480 2646 adeum
513 2606 721 2640 accedebant
752 2609 922 2645 gestantes
954 2602 1049 2634 oleae
1078 2614 1234 2643 ramum,
1274 2612 1311 2638 ut

337 2662 428 2707 apud
446 2659 586 2693 Lixium
605 2656 665 2688 lib.
686 2655 740 2688 to.
758 2653 839 2687 Dec.
857 2653 907 2686 3.:
937 2651 1044 2686 Navis
1056 2650 1310 2697 Carthaginem-

323 1430 501 1456 aeternam
526 1413 723 1460 pertrahat,
754 1413 894 1454 colligat
918 1422 1079 1452 magnam
1102 1407 1307 1448 Ecclesiam,
1330 1410 1332 1457 ζ
1356 1394 1590 1436 LVflngfllfflm
1621 1406 1659 1426 Π)
1688 1394 1925 1435 COIlfssSSlOflfl,

1332 1855 1334 1881 ἶ
1361 1847 1613 1880 consessionem
1633 1845 1817 1889 Evangelii
1835 1847 1999 1880 anteferri
2023 1845 2078 1879 his
2100 1847 2216 1882 bonis.

1349 234 1417 267 lata
1436 234 1556 267 infulis
1573 241 1605 268 et
1622 234 1729 267 ramis
1755 235 1863 269 oleae.
1916 234 2010 269 Haec
2041 237 2149 279 igitur
2178 247 2330 270 ceremo-

1350 285 1409 317 nia
1428 291 1460 318 et
1478 283 1544 317 hoc
1562 285 1638 317 loco
1658 285 1829 327 significat
1849 283 1945 318 hunc
1962 285 2128 319 Messiam
2146 297 2217 319 esse
2233 292 2331 320 auto-

1351 347 1424 368 rem
1455 347 1557 368 verae
1580 335 1671 379 pacis
1695 347 1774 368 cum
1799 334 1894 376 Deo,
1933 347 1996 380 per
2026 349 2104 370 eum
2133 343 2166 370 et
2191 343 2333 381 propter

1325 405 1327 411 ·
1351 397 1432 419 eum
1449 385 1525 418 dari
1544 386 1647 419 nobis
1673 398 1790 430 pacem
1808 398 1826 419 a
1845 386 1939 427 Deo,
1969 387 2100 420 remitti
2125 387 2228 420 nobis
2253 398 2333 430 pec-

1351 443 1423 469 cata
1435 462 1443 475 ,
1471 443 1504 470 et
1522 448 1586 470 nos
1610 436 1716 480 recipi
1737 449 1755 469 a
1772 435 1864 478 Deo,
1886 443 1919 470 et
1937 436 2015 470 tolli
2031 437 2117 470 iram
2135 444 2168 470 et
2185 445 2333 471 mortem

1352 493 1542 522 aeternam.
1595 486 1754 520 Frondes
1771 500 1852 520 vero
1870 487 2066 531 palmarum
2093 487 2334 531 significabant

1326 550 1328 559 ¹
1354 537 1537 574 victorias,
1566 543 1599 570 et
1625 537 1662 569 in
1694 535 1883 582 triumphis
1915 539 2150 580 gestabantur.
2203 537 2254 571 lta
2279 535 2335 571 hic
2380 579 2383 581 Α

1353 586 1523 619 tribuitur
1537 584 1677 621 Christo
1700 588 1798 628 laus,
1832 590 1927 632 quod
1951 589 1996 621 sit
2018 589 2139 622 victor.
2192 587 2335 622 Mordet

1353 637 1552 670 calcaneum
1570 635 1703 670 Christi
1720 645 1753 671 et
1768 637 1943 671 Ecclesiae
1967 639 2147 677 diabolus,
2180 645 2213 672 et
2238 650 2335 671 exer-

1328 707 1329 713 1
1353 699 1473 720 cenmr
1494 685 1728 721 horribilibus
1746 689 1944 729 aerumnis,
1971 690 2030 722 sed
2048 689 2156 723 vincit
2173 686 2336 722 Christus

1354 745 1387 771 et
1406 738 1566 781 reprimit
1584 738 1785 781 diabolum,
1814 745 1847 771 et
1871 740 2010 772 tandem
2037 739 2068 771 ei
2095 750 2237 782 prorsus
2259 739 2335 772 adi-

1354 789 1416 820 mit
1438 795 1641 831 potestatem
1659 789 1860 831 grassandi,
1888 796 1921 823 et
1938 790 2152 823 excruciabit
2172 801 2250 822 eum
2278 801 2335 822 ae-

1354 839 1462 872 ternis
1478 839 1610 882 poenis.
1662 838 1708 873 Et
1729 851 1930 884 quanquam
1954 840 2099 884 imperia
2117 837 2336 875 horribiliter
2371 856 2378 860 ·

1354 896 1551 932 oppugnat,
1577 888 1768 922 Ecclesiam
1793 890 1932 934 publice
1949 896 1981 923 et
1996 890 2177 934 privatim,
2212 890 2337 923 excitat

1355 940 1516 979 dissidia,
1543 940 1806 984 dissipationes,
1839 940 2024 981 scandala,
2057 947 2090 974 et
2115 941 2246 974 multos
2270 940 2336 973 im·-

1355 990 1453 1032 pellit
1472 990 1508 1022 in
1531 998 1666 1034 peccata
1685 997 1717 1024 et
1739 1003 1922 1024 aerumnas
1948 991 2124 1033 ingentes,
2155 997 2272 1024 tamen
2298 991 2337 1023 in

1355 1037 1410 1072 his
1427 1040 1534 1073 vincit
1552 1038 1731 1080 Christus,
1759 1049 1857 1074 sanat
1880 1042 2020 1084 publica
2043 1049 2076 1076 et
2102 1042 2236 1086 privata
2259 1041 2338 1074 vul-

1355 1102 1457 1128 nera,
1485 1102 1605 1123 rursus
1630 1092 1732 1134 erigit
1754 1092 1995 1135 confugientes
2017 1093 2060 1126 ad
2084 1092 2221 1138 ipsum,
2248 1092 2338 1125 sicut

1356 1141 1457 1174 dicit:
1488 1140 1596 1174 Nemo
1613 1142 1725 1185 rapiet
1742 1153 1796 1174 eas
1813 1154 1853 1174 ex
1870 1143 2034 1176 manibus
2051 1143 2148 1177 meis.

1459 1190 1621 1225 Tertium
1645 1192 1799 1225 officium
1823 1200 1874 1225 est
1895 1194 2116 1226 substernere
2138 1200 2266 1233 vestes,
2301 1192 2339 1226 id

1357 1249 1427 1282 est,
1468 1254 1593 1285 corpus
1619 1249 1652 1276 et
1675 1242 1856 1276 facultates
1887 1245 2045 1276 conferre
2083 1244 2125 1277 ad
2152 1243 2339 1276 ministerii

1357 1293 1643 1326 constitutionem
1666 1299 1701 1327 et
1726 1294 1982 1334 defensionem,
2016 1294 2098 1327 item
2121 1294 2149 1327 si
2174 1294 2219 1327 sit
2241 1304 2339 1338 opus,

1357 1344 1474 1388 potius
1510 1344 1669 1377 amittere
1701 1344 1808 1376 vitam
1844 1351 1877 1378 et
1907 1355 2008 1388 opes,
2052 1356 2157 1389 quam
2190 1344 2339 1377 abiicere

1975 1395 2064 1428 sicut
2094 1395 2262 1439 scriptum
2290 1400 2341 1428 est

1357 1442 1488 1477 Matth.
1509 1444 1584 1477 16.:
1619 1443 1657 1478 Si
1677 1445 1755 1488 quis
1772 1445 1846 1478 vult
1863 1452 1939 1489 post
1958 1457 2012 1477 me
2030 1446 2166 1484 venire,
2193 1446 2340 1488 abneget

1357 1494 1601 1535 semetipsum,
1628 1501 1660 1527 et
1679 1495 1780 1528 tollat
1803 1507 1941 1529 crucem
1968 1506 2083 1536 suam,
2118 1502 2152 1530 et
2174 1502 2340 1541 sequatur
2363 1522 2369 1526 ,

1357 1557 1425 1580 me.
1475 1543 1556 1577 Non
1573 1545 1650 1578 vult
1667 1542 1827 1578 Christus
1844 1547 1960 1579 nullas
1975 1557 2047 1578 esse
2064 1547 2244 1580 facultates
2258 1557 2336 1579 suo-

1358 1607 1456 1634 rum,
1490 1595 1562 1627 imo
1588 1601 1627 1627 ut
1652 1607 1790 1628 necesse
1815 1603 1865 1629 est
1887 1596 2018 1629 multos
2039 1596 2176 1636 vivere,
2210 1602 2244 1629 et
2267 1606 2339 1628 esse

1358 1645 1499 1689 politias
1522 1645 1656 1689 aliquas
1680 1652 1713 1678 et
1740 1643 1890 1689 hospitia
1908 1644 2099 1678 Ecclesiae:
2127 1646 2174 1679 ita
2203 1657 2341 1678 necesse

1360 1703 1410 1729 est
1445 1695 1582 1739 aliquos
1611 1693 1739 1727 habere
1775 1695 2004 1738 patrimonia,
2046 1697 2188 1736 domos,
2230 1706 2340 1738 agros,

1360 1757 1461 1790 opes,
1490 1746 1547 1778 sed
1567 1752 1605 1778 ut
1622 1746 1746 1785 vitam,
1780 1746 1827 1778 ita
1846 1752 1878 1779 et
1895 1746 2074 1780 facultates
2091 1746 2167 1780 vult
2189 1741 2341 1779 conferri

1360 1798 1401 1829 ad
1427 1796 1619 1839 evangelici
1642 1797 1828 1828 ministerii
1853 1797 2173 1837 conservationem,
2206 1803 2240 1829 et.
2266 1796 2341 1830 vult

2267 1845 2342 1880 Ex-

325 1933 518 1970 Ecclesiae’
547 1930 581 1961 id
606 1933 675 1968 est,
698 1925 874 1957 auferetur
890 1921 1088 1954 maledictio
1107 1922 1238 1964 placata
1257 1923 1308 1956 ira
1360 1899 1552 1942 plodantur
1569 1908 1650 1940 ergo
1672 1896 1984 1941 Anabaptistarum
2001 1898 2250 1940 deliramenta,
2279 1897 2340 1942 qui

1361 1949 1452 1981 vitae
1481 1948 1642 1991 politicae
1671 1947 1831 1980 ordinem
1868 1949 2099 1991 conturbant,
2150 1955 2183 1981 et
2213 1954 2342 1990 negant

1360 1997 1582 2032 Christianos
1603 2009 1701 2041 posse
1716 1998 1865 2030 retinere
1882 1999 2084 2041 proprium,
2116 1998 2252 2031 etiamsi
2277 2010 2341 2031 ne—

1361 2061 1418 2081 mo
1438 2049 1580 2091 eripiat,
1613 2049 1672 2081 sed
1698 2048 1885 2081 discrimen
1909 2056 2106 2087 teneamus,
2138 2050 2281 2093 quando
2297 2048 2341 2081 li-

1362 2106 1435 2132 ceat
1465 2099 1631 2139 retinere,
1675 2100 1817 2143 quando
1851 2100 2045 2132 cedendum
2070 2100 2132 2139 sit,
2172 2106 2205 2132 et
2229 2100 2342 2132 donec

1361 2149 1456 2183 Deus
1471 2150 1648 2193 possidere
1666 2160 1730 2182 nos
1755 2149 1858 2190 sinit,
1890 2161 2118 2192 agnoscamus
2142 2150 2216 2183 eius
2235 2150 2342 2182 bene-

1361 2201 1497 2238 ficium,
1539 2207 1571 2234 et
1597 2212 1659 2244 pro
1687 2200 1830 2244 politia,
1871 2212 1908 2233 ac
1939 2212 2002 2244 pro
2032 2200 2186 2244 hospitio
2215 2200 2341 2243 gratias

1361 2262 1514 2294 agamuS.

1462 2301 1643 2336 Postremo
1666 2301 1799 2336 suntin
1819 2299 1883 2334 hac
1906 2298 2112 2345 triumphali
2137 2310 2264 2348 pompa
2274 2298 2343 2333 vad-

1362 2353 1505 2385 versarii
1522 2355 1728 2386 damnantes
1742 2350 1941 2394 Christum,
1976 2359 2008 2384 et
2034 2349 2258 2394 prohibentes
2283 2362 2342 2383 ex-

1363 2403 1450 2446 cipi,
1477 2411 1511 2437 et
1527 2403 1696 2437 celebrari
1713 2415 1812 2443 eum,
1838 2409 1877 2436 ut
1892 2414 2028 2445 semper
2041 2410 2122 2435 sunt
2140 2401 2250 2444 impii,
2278 2401 2341 2446 qui

1363 2461 1506 2498 propter
1524 2466 1605 2488 suos
1620 2461 1782 2499 quaestus
1805 2460 1838 2487 et
1863 2453 2053 2496 potentiam
2076 2452 2269 2485 defendunt
2285 2462 2341 2484 er-

1363 2516 1459 2537 rores
1484 2512 1516 2538 et
1540 2506 1650 2544 idola,
1691 2510 1724 2537 et
1754 2509 1927 2536 conantur
1958 2503 2073 2536 delere
2095 2501 2340 2545 Evangelium,

1363 2556 1421 2588 sed
1440 2554 1601 2589 Christus
1625 2553 1689 2588 hos
1713 2555 1872 2597 castigat,
1912 2560 1945 2587 et
1966 2554 2148 2586 confirmat
2172 2564 2272 2592 suos,
2305 2558 2339 2585 et

1364 2606 1446 2639 citat
1473 2604 1745 2640 consolationem
1771 2604 2006 2638 dulcissimam
2031 2616 2069 2636 ex
2092 2603 2249 2638 Psal.8.:
2283 2600 2339 2635 Ex

1364 2668 1423 2689 ore
1455 2658 1643 2691 infantium
1673 2664 1705 2690 et
1735 2654 1937 2690 lactentium
1978 2653 2151 2698 perfecisti
2187 2653 2339 2688 laudem.
