2415 2942
255 102 326 139 875

359 184 450 217 llice
476 177 650 217 definitio,
678 182 708 209 et
737 181 806 210 tota
831 173 992 208 doctrina
1017 174 1059 207 de
1077 174 1237 206 sacerdo-

259 241 305 273 tio
329 232 478 271 Christi,
513 230 613 273 plena
639 233 687 260 est
710 226 993 260 dulcissimarum
1029 224 1239 258 consolatio-

259 301 360 323 num,
389 291 420 316 et
438 280 593 326 qnotidie
614 278 806 320 cogitanda.

362 332 509 369 Addidit
544 337 658 364 autem
696 327 823 361 Paulus
856 325 923 360 hoc
957 327 1033 360 loco
1070 325 1240 368 singulari

260 386 406 423 consilio
424 382 512 416 lianc
531 379 755 424 particulam:
785 377 899 421 Quem
925 377 1040 421 posuit
1066 376 1240 420 propicia-

261 449 369 473 torem
400 447 459 478 per
485 432 585 465 tidem
610 431 646 462 in
669 430 838 472 sanguine
863 429 983 472 ipsius,
1053 427 1122 460 Hic
1147 427 1239 459 enim

265 493 305 524 de
324 485 557 531 applicatione
578 493 642 514 nos
661 482 771 513 docet.

366 537 496 570 Dicunt
522 541 553 567 et
572 532 751 576 Papistae,
779 530 888 562 filium
915 528 979 563 Dei
1005 529 1243 563 mediatorem,

265 591 497 625 redemtorem
541 590 572 616 et
622 582 893 627 propiciatorem
935 591 1006 612 esse
1026 606 1034 618 ,
1083 579 1140 611 sed
1179 575 1244 609 hoe

266 644 377 685 ipsum
403 643 518 682 postea
537 634 672 672 delent,
700 632 779 677 quia
799 643 940 680 prorsus
963 630 1128 663 omittunt
1147 640 1245 660 mcn-

266 694 396 726 tionem
423 687 521 721 fidei,
558 685 627 717 imo
662 684 783 716 iubent
809 689 841 715 te
875 681 1054 719 dubitare,
1090 691 1133 711 an
1162 676 1247 710 haec

267 740 432 776 tim-›ficia
458 737 518 769 tilii
539 735 601 768 Dei
626 735 667 767 ad
693 741 725 766 te
752 732 967 777 pertincant,
995 730 1174 768 videlicet,
1203 740 1245 761 an

269 795 314 827 sis
341 793 375 823 in
402 789 529 833 gratia,
557 798 593 818 ac
617 791 752 817 tantum
778 782 826 814 sic
849 782 1059 826 loquuntur:
1087 777 1248 812 Christus

271 842 400 878 meruit
424 838 570 883 primam
591 835 757 878 gratiam,
786 832 821 865 id
843 839 912 872 est,
940 831 1156 864 occasionem
1177 840 1250 861 me-

271 892 368 929 rendi
388 917 395 929 ,
431 896 469 922 ut
494 889 520 920 si
548 884 796 931 paterfamilias
824 883 869 916 sit
894 894 993 916 servo
1028 882 1182 925 placatus
1207 879 1251 911 ab

272 945 382 979 amico
408 941 546 984 aliquo,
581 943 700 980 posteo
731 940 846 967 autern
876 944 995 968 servus
1020 933 1153 976 placeat
1181 930 1252 964 suis

273 993 415 1031 officiis,
458 988 547 1022 nibil
577 987 703 1020 deinde
729 985 778 1017 ibi
809 984 939 1026 negotii
968 989 1017 1016 est
1042 982 1095 1014 illi
1127 981 1251 1014 amico.

274 1047 330 1080 Sic
351 1042 507 1086 l‘apistae
527 1038 698 1082 sepeliunt
718 1033 918 1077 Christum,
937 1045 1015 1067 cum
1034 1034 1171 1075 fingunt
1187 1029 1253 1064 ho-

276 1097 404 1129 minem
438 1098 554 1136 postea
592 1087 743 1132 propriis
785 1085 977 1120 virtutibus
1012 1084 1142 1117 iustum
1172 1093 1256 1122 esse,

276 1159 347 1180 non
378 1145 464 1182 fide,
505 1153 576 1173 non
608 1136 847 1171 misericordia
873 1142 1014 1181 propter
1043 1134 1156 1167 filium
1179 1131 1257 1172 Dei,

278 1200 444 1240 imputata
467 1191 613 1225 iusticia.

381 1246 425 1279 At
451 1255 528 1276 cum
545 1241 676 1274 Paulus
700 1237 861 1272 nominat
883 1234 940 1268 hic
958 1235 1082 1275 fidem,
1109 1233 1259 1279 opponit

280 1312 353 1334 eam
381 1293 614 1330 dubitationi,
655 1290 730 1322 vult
757 1288 848 1321 vinci
873 1286 1148 1326 dubitationem,
1185 1284 1259 1317 vult

280 1346 550 1394 applicationem
570 1341 643 1375 fieri
661 1341 744 1380 fide,
771 1339 845 1371 vult
870 1344 902 1370 te
927 1336 1073 1369 firmiter
1097 1342 1259 1372 statuere,

283 1400 377 1446 quod
402 1402 544 1441 propter
577 1390 671 1425 ltunc
704 1389 971 1433 propiciatorem
990 1411 998 1423 ‚
1035 1397 1095 1418 seu
1121 1392 1262 1430 propter

282 1453 356 1486 eius
373 1444 608 1482 obedientiam
633 1441 822 1484 accipimus
845 1437 1083 1471 remissionem
1104 1442 1260 1480 peccato-

283 1514 382 1540 rum,
416 1493 740 1530 reconcilationem‚
782 1501 841 1522 seu
864 1488 1154 1531 acceptationem,
1197 1487 1263 1518 im-

285 1558 402 1598 putata
421 1545 556 1580 iusticia
576 1550 716 1586 propter
731 1540 934 1583 sanguinem
956 1537 1174 1576 mediatoris,
1199 1536 1264 1568 sci-

286 1606 384 1640 licet,
411 1600 538 1632 donata
559 1594 661 1627 nobis
686 1591 794 1636 ipsius
820 1588 1039 1627 obedientia,
1068 1589 1159 1620 sicut
1183 1598 1263 1630 pro-

287 1662 363 1698 pter
380 1662 453 1683 eam
471 1650 578 1682 simus
597 1644 696 1683 iusti,
724 1643 756 1674 id
784 1647 853 1680 est,
881 1640 1054 1683 placentes
1080 1647 1112 1671 et
1134 1637 1264 1679 accepti

288 1707 377 1739 Deo.
432 1699 483 1732 lta
509 1707 644 1738 semper
666 1699 783 1726 manet
809 1691 910 1723 nobis
932 1690 1023 1722 filius
1041 1688 1266 1732 propiciator‚
1291 1683 1296 1733 Ι

840 81 967 123 PmL.
993 84 1111 121 MEL.
1141 85 1349 123 SCRIPTA
1377 83 1677 124 EXEGETtCA.

2193 88 2265 124 876

1293 175 1457 207 cabulum
1479 174 1651 214 iusticiae,
1678 185 1756 207 cnm
1776 174 1845 215 ait,
1872 182 1910 209 ut
1932 176 1975 210 sit
2002 177 2129 217 iustus,
2158 182 2192 210 et
2214 176 2269 209 iu-

1292 227 1444 259 stificans
1471 237 1568 265 eum,
1611 225 1670 269 qui
1704 231 1754 257 est
1780 236 1819 257 ex
1849 226 1915 259 fide
1937 226 2030 268 lesu,
2067 228 2102 260 id
2129 234 2197 267 est,
2232 227 2269 260 in

1292 275 1486 319 Evangelio
1513 275 1709 308 declaratur
1736 275 1869 308 iusticia
1894 276 1984 317 Dei,
2011 279 2104 322 quod
2129 279 2202 323 ipse
2225 278 2270 312 sit

1294 328 1424 366 iustus,
1458 338 1529 360 non
1562 337 1643 364 nos,
1681 332 1712 359 et
1745 325 1833 358 iuste
1865 327 2006 360 dan‘inet
2032 335 2207 370 peccatum
2232 328 2268 360 in

1294 378 1476 416 omnibus,
1503 377 1592 410 sicut
1613 377 1748 421 inquit,
1775 383 1813 409 ut
1831 383 1922 410 totns
1950 378 2101 410 mundus
2125 389 2204 411 reus
2227 379 2270 412 sit

1295 428 1381 462 Deo.
1434 426 1534 461 ltem:
1563 427 1646 460 Tibi
1664 427 1729 459 soli
1748 439 1824 460 sum
1842 434 2000 471 peccator
2017 434 2049 460 et
2065 428 2195 460 malum
2214 440 2272 461 co-

1297 491 1370 511 ram
1397 485 1427 511 te
1452 478 1542 517 feci,
1579 477 1773 511 iustificeris
1806 478 1842 509 in
1876 478 2098 510 sermonibus
2123 477 2209 518 tuis,
2241 485 2274 512 et

1298 529 1414 561 vincas
1438 541 1521 561 cnm-
1541 528 1717 562 iudicaris,
1788 526 1950 562 Declarat
1975 540 2055 571 ergo
2082 528 2174 562 Deus
2203 539 2276 561 sese

1298 592 1368 612 esse
1390 579 1517 611 iustum
1533 586 1563 611 et
1583 580 1806 611 damnantem
1823 586 1977 622 peccata,
2005 579 2133 612 deinde
2154 585 2187 612 et
2209 575 2277 611 hoc

1299 630 1466 671 declarat,
1495 630 1588 673 quod
1609 629 1680 673 ipse
1706 629 1885 669 iustificet,
1913 642 1973 662 nec
1998 630 2062 673 ipsi
2088 642 2151 662 nos
2175 628 2277 663 iusti-

1300 682 1398 713 ficare
1423 680 1595 723 possimus
1618 679 1783 723 operibus
1808 680 1902 723 legis.
1976 679 2139 714 lustifieet
2163 686 2278 713 autem

1302 730 1365 764 lioc
1390 732 1494 763 modo
1520 730 1609 773 ipse,
1650 731 1781 763 scilicet
1811 730 2015 763 remissione
2047 737 2279 774 peccatorum.

1301 781 1431 814 Definit
1458 781 1564 823 igitur
1590 781 1868 814 iustificationem
1892 788 1931 814 ut
1956 781 2067 822 infra,
2094 793 2172 814 cum
2198 781 2281 814 citat

1303 832 1451 865 dictum:
1489 829 1586 863 Beati
1610 843 1759 875 quorum
1784 831 1944 864 remissae
1962 838 2044 865 sunt
2068 831 2281 876 iniquitates.

1307 881 1507 915 lnstiftcatio
1540 888 1589 913 est
1618 882 1770 925 acceptio
1806 882 2021 915 remissionis
2044 887 2282 925 peccatorum,

1305 945 1362 966 seu
1381 931 1674 964 reconciliationis
1695 944 1755 975 per
1771 932 1889 972 fidem,
1925 944 1993 977 qua
2011 933 2102 965 filius
2117 931 2183 965 Dei
2199 943 2284 965 con-

1307 984 1439 1016 solatur
1458 993 1519 1014 nos
1533 1008 1541 1021 ‚
1566 983 1753 1014 ostendens
1770 982 2044 1016 misericordiam
2065 983 2196 1016 aeterni
2222 993 2285 1026 pa-

1308 1034 1370 1067 tris
1388 1033 1422 1065 in
1443 1045 1524 1065 voce
1535 1030 1732 1075 Evangelii,
1751 1039 1782 1065 et
1797 1032 1949 1066 liberans
1967 1045 2006 1066 ex
2021 1040 2132 1067 morte
2148 1039 2286 1066 aeterna

1309 1084 1458 1116 vivificat
1486 1094 1567 1123 ηοε,
1598 1090 1629 1115 et
1655 1084 1712 1115 dat
1737 1082 1908 1126 Spiritum
1933 1091 2111 1121 sanctum,
2147 1095 2184 1116 ac
2207 1083 2289 1116 facit

1310 1146 1373 1167 nos
1398 1132 1562 1166 haeredes
1580 1133 1667 1167 vitae
1689 1140 1858 1167 aeternae.
1912 1133 2011 1167 Sicut
2035 1128 2209 1167 Iohannes
2233 1133 2288 1165 in-

1311 1185 1403 1230 quit:
1433 1183 1503 1226 Qui
1526 1181 1631 1217 habet
1658 1184 1788 1224 filium,
1818 1181 1922 1217 habet
1940 1184 2059 1218 vitam.
2111 1183 2185 1217 Hac
2203 1183 2288 1216 defi-

1315 1235 1448 1268 nitione
1478 1234 1695 1267 considerata
1720 1234 1867 1277 intelligi
1891 1241 2031 1279 potest,
2074 1246 2145 1268 non
2170 1233 2290 1267 divelli

1314 1286 1554 1319 remissionem
1581 1291 1821 1328 peccatorum,
1848 1292 1881 1319 et
1906 1285 2198 1326 vivificationem,
2230 1284 2291 1318 sed

1315 1335 1397 1369 haec
1417 1335 1621 1369 correlative
1639 1347 1674 1368 se
1698 1333 1843 1368 habere:
1869 1336 1918 1369 sic
1941 1336 2034 1368 enim
2061 1336 2097 1368 fit
2122 1334 2291 1371 remissio,

1315 1398 1393 1420 cum
1417 1386 1484 1418 fide
1509 1385 1697 1428 accipitur,
1724 1386 1869 1428 cogitata
1895 1398 1977 1418 voce
2001 1385 2194 1429 Evangelii.
2248 1382 2292 1418 Et

1315 1435 1378 1470 hac
1400 1437 1463 1468 fide
1481 1436 1640 1468 intuente
1656 1436 1890 1468 obedientiam
1909 1436 1972 1469 filii
1990 1435 2070 1476 Dei,
2104 1437 2175 1480 ipse
2200 1434 2291 1468 filius

1317 1484 1423 1534 λόγος
1440 1487 1571 1519 aeterni
1599 1486 1725 1530 patris,
1752 1486 1903 1519 vivificat
1926 1488 2108 1519 eredentes
2134 1494 2166 1520 et
2190 1483 2290 1518 habi-

2225 1534 2295 1568 Ne-

1320 1599 1385 1633 que
1405 1594 1520 1620 tamen
1540 1588 1574 1620 fit
1593 1586 1780 1619 vivificatio
1795 1593 1853 1619 aut
1869 1584 1953 1619 haec
1970 1584 2201 1626 inhabitatio,
2227 1584 2296 1617 nisi

1321 1638 1515 1682 praeluceat
1533 1637 1632 1676 fides,
1660 1637 1718 1680 qui
1738 1636 1862 1669 nititur
1882 1637 2080 1670 obedientia
2099 1637 2162 1669 filii
2179 1635 2258 1669 Dei.

1429 1687 1497 1721 Sed
1514 1699 1576 1720 cur
1592 1687 1725 1731 inquit.-
1753 1686 2039 1721 Praecedentium
2055 1686 2299 1731 peccatorum?

1319 1545 1366 1571 tat
1389 1538 1423 1569 in
1444 1537 1510 1574 eis,
1538 1535 1674 1579 Spiritu
1692 1543 1810 1569 sancto
1829 1537 2038 1569 confirmans
2055 1538 2172 1571 corda.

288 1760 430 1800 propter
447 1760 547 1795 quem
567 1746 759 1790 placemus,
786 1754 859 1775 non
880 1747 1021 1784 propter
1041 1745 1177 1772 nostras
1195 1738 1267 1770 vir—
1280 1732 1295 1775 ‘l
1324 1738 1391 1772 Hic
1409 1739 1620 1781 respondent
1639 1737 1779 1781 quidam
1797 1737 1887 1770 hanc
1906 1738 2111 1782 particulam
2130 1737 2300 1770 adiectam

289 1813 396 1841 tutes,
423 1812 510 1846 quae
530 1810 601 1830 non
622 1801 767 1840 possunt
785 1792 916 1836 opponi
937 1791 1007 1823 irae
1025 1789 1099 1823 Dei.
1218 1838 1226 1845 .

389 1852 529 1886 Habent
547 1847 751 1881 excellentes
773 1844 918 1876 virtutes
945 1848 977 1874 et
1001 1841 1140 1873 divinas
1162 1845 1267 1872 actio-

291 1919 351 1941 nes
372 1907 406 1938 in
425 1914 516 1940 sese,
546 1895 687 1940 loseph,
714 1894 829 1933 Elias,
851 1892 1020 1932 Elisaeus‚
1049 1890 1186 1930 Daniel,
1210 1889 1269 1921 sed

291 1958 353 1991 has
375 1956 519 1987 virtutes
537 1956 568 1982 et
588 1948 740 1981 actiones
757 1945 894 1978 divinas
910 1955 982 1976 non
1005 1947 1192 1985 opponunt
1216 1940 1269 1971 iu-

294 2009 385 2042 dicio
403 2004 487 2043 Dei,
513 2001 571 2034 sed
591 1997 796 2040 confugiunt
813 1997 855 2027 ad
878 1994 1105 2026 mediatorem
1135 1998 1166 2024 et
1190 2002 1270 2033 pro-

295 2060 433 2093 missam
448 2048 742 2087 misericordiam,
759 2053 791 2079 et
807 2051 965 2078 statuunt
982 2055 1016 2076 se
1034 2043 1167 2086 placere
1185 2040 1270 2096 Deo,

297 2122 356 2155 per
379 2101 652 2141 misericordiam
678 2103 817 2141 propter
842 2095 1086 2132 mediatorem,
1122 2093 1209 2124 sicut
1236 2102 1271 2121 in

295 2160 434 2194 Psalmo
453 2154 597 2188 dicitur:
634 2148 845 2183 Convertere
859 2144 1011 2178 Domine
1024 2170 1032 2182 ‚
1058 2149 1091 2176 et
1109 2143 1203 2185 eripe
1219 2152 1273 2172 me

297 2216 439 2255 propter
456 2200 729 2238 misericordiam
748 2204 863 2236 tuam,
890 2196 1024 2227 salvum
1044 2205 1097 2225 me
1115 2193 1177 2225 fac.
1228 2190 1274 2223 Et

297 2259 422 2295 Daniel
446 2254 580 2300 inquit:
609 2250 689 2284 Non
713 2249 748 2280 in
768 2246 901 2280 iusticia
921 2252 1038 2277 nostra
1056 2243 1179 2300 citandi
1198 2253 1275 2281 nos,

300 2313 355 2345 sed
391 2313 530 2354 propter
562 2302 755 2336 Dominum
787 2309 847 2342 per
876 2295 1162 2328 misericordiam.

302 2392 362 2428 Ad
384 2388 618 2425 ostensionem
643 2381 809 2417 iusticiae
832 2390 920 2414 suae
934 2382 1079 2424 propter
1094 2376 1276 2411 remissio·

617 2447 694 2468 nem
721 2436 958 2480 peccalorum.

401 2510 440 2543 ld
467 2514 534 2547 est,
561 2512 600 2538 ut
622 2503 774 2537 declaret
797 2511 893 2533 suam
912 2497 1085 2531 iusticiam
1104 2497 1139 2529 in
1158 2495 1280 2529 remis-

304 2566 401 2599 sione
428 2564 667 2605 peccatorum,
703 2560 736 2585 et
760 2551 917 2596 sequitur
943 2555 1078 2593 postea,
1119 2547 1213 2592 quod
1238 2547 1281 2579 sit

307 2618 417 2649 iustus
433 2617 464 2644 et
482 2606 672 2641 iustificans
691 2614 789 2636 eum:
816 2602 876 2645 qni
894 2607 944 2633 est
961 2612 1000 2632 ex
1019 2599 1086 2632 fide
1103 2596 1191 2631 Iesu.
1231 2597 1283 2630 Ac

307 2666 436 2699 Paulus
451 2670 533 2693 mox
551 2655 724 2693 declarat,
753 2652 930 2696 quomodo
949 2650 1032 2683 velit
1056 2647 1204 2691 intelligi
1223 2660 1283 2682 vo-

1322 1801 1412 1828 esse,
1436 1795 1472 1821 ut
1490 1789 1637 1821 sciamus
1655 1788 1691 1820 in
1708 1786 1899 1831 Evangelio
1924 1800 1997 1821 non
2022 1788 2167 1821 concedi
2191 1787 2300 1821 licen-

1322 1841 1405 1873 tiam
1424 1839 1607 1883 peccandi,
1634 1840 1690 1871 sed
1708 1838 1855 1872 sciamus
1872 1845 2009 1882 peccata
2026 1839 2158 1872 remitti
2182 1838 2219 1871 in
2237 1835 2302 1878 bis,

1322 1890 1382 1935 qui
1408 1897 1515 1931 agunt
1543 1889 1813 1932 poenitentiam,
1849 1889 1883 1921 in
1900 1889 2029 1933 quibus
2046 1896 2224 1933 peccatum
2241 1888 2302 1921 de-

1323 1941 1406 1975 sinit
1424 1952 1579 1983 reguare.
1624 1940 1675 1973 Ac
1693 1939 1881 1972 Novatiani
1902 1937 1967 1972 hoc
1986 1940 2061 1972 loco
2080 1939 2179 1972 abusi
2203 1944 2300 1972 sunt:

1324 2003 1401 2025 cum
1422 2002 1491 2023 non
1515 1997 1678 2034 sequatur
1699 1990 1798 2029 inde,
1827 1990 1946 2033 Lapsis
1969 1990 1998 2022 si
2018 2001 2139 2023 rursus
2155 2000 2302 2023 conver·

1325 2048 1465 2081 tantur,
1495 2053 1564 2073 non
1587 2041 1713 2073 remitti
1740 2041 1882 2073 delicta:
1911 2041 2188 2085 quotiescunque
2210 2039 2303 2072 enim

1328 2093 1365 2126 fit
1382 2092 1558 2131 remissio,
1585 2091 1620 2123 fit
1639 2091 1920 2134 praecedentium
1942 2098 2162 2134 peccatorum
2180 2090 2305 2124 remis-

1326 2143 1388 2177 sio.
1416 2141 1485 2175 Sed
1501 2139 1653 2174 ltocloco
1673 2142 1829 2174 remissio
1849 2150 2068 2185 peccatorum
2086 2153 2157 2174 non
2168 2147 2305 2174 tantum

1327 2195 1369 2227 de
1391 2192 1586 2225 actualibus
1611 2191 1746 2224 delictis
1772 2192 2001 2235 intelligitur,
2036 2192 2094 2224 sed
2118 2193 2161 2224 de
2183 2190 2305 2223 remis-

1327 2244 1424 2277 sione
1440 2243 1628 2276 actualium
1648 2249 1864 2285 peccatorum
1884 2250 1915 2276 et
1938 2241 2136 2284 originalis,
2164 2251 2233 2285 quo
2254 2252 2306 2273 re-

1329 2294 1433 2327 misso
1451 2293 1488 2326 in
1506 2291 1569 2327 hac
1585 2294 1653 2327 vita
1672 2300 1786 2326 tamen
1804 2294 1948 2326 morbus
1965 2297 2090 2324 manet.
2131 2290 2198 2325 Sed
2218 2290 2308 2324 Pau-

1329 2346 1383 2378 lus
1409 2344 1555 2389 opponit
1574 2341 1663 2376 hanc
1688 2344 1892 2387 particulam
1919 2341 2206 2376 Praecedentium
2229 2353 2312 2386 pec-

1331 2402 1507 2438 catorum,
1534 2394 1636 2437 Legi,
1662 2395 1757 2439 quasi
1776 2394 1884 2426 dicat:
1912 2392 1963 2425 Ne
1988 2393 2040 2425 lex
2062 2392 2205 2436 quidem
2223 2392 2307 2425 abo-

1332 2445 1418 2479 levit
1440 2453 1636 2489 peccatum,
1661 2446 1718 2476 sed
1740 2445 1773 2477 id
1798 2442 1972 2487 praecedit
1997 2444 2109 2476 donec
2133 2441 2311 2486 agnitione

1333 2504 1366 2530 et
1399 2496 1524 2530 fiducia
1559 2495 1707 2528 Messiae
1740 2495 1893 2532 tollitur,
1927 2493 2016 2527 sicut
2053 2500 2170 2538 postea
2204 2493 2310 2527 dicet:

1335 2545 1456 2592 Usque
1481 2547 1524 2580 ad
1548 2546 1658 2589 legem
1683 2551 1858 2589 peccatum
1875 2544 1940 2577 fuit
1958 2543 1995 2576 in
2014 2544 2167 2584 mundo,
2202 2543 2236 2577 id
2253 2550 2313 2584 est,

1336 2599 1440 2631 etiam
1462 2609 1541 2631 cum
1563 2597 1618 2630 lex
1641 2597 1708 2629 lata
1733 2601 1802 2639 est,
1829 2601 2032 2628 manserunt
2050 2601 2166 2628 tamen
2194 2606 2312 2637 pecca-

1337 2655 1411 2682 tum
1427 2654 1457 2682 et
1476 2658 1579 2683 mors.
1629 2645 1786 2680 Tollitur
1803 2652 1918 2680 autem
1935 2646 2115 2689 agnitione
2131 2652 2164 2679 et
2187 2645 2311 2679 fiducia
