2415 2942
30 81 31 84 ’
78 87 154 125 205
469 85 551 122 ΧΠ.

80 171 177 207 hunc
207 172 344 216 lapsum
376 183 498 205 omnes
528 168 690 204 homines
713 181 897 214 oppressos
921 181 993 203 esse
1018 170 1074 203 in-

79 224 193 268 gentI,
219 230 252 257 et
273 223 456 256 inerrabili
479 223 528 255 ira
545 221 628 263 Dei,
658 222 696 254 in
720 233 788 265 qua
801 232 931 263 ,magna
950 221 1070 254 multi-

79 276 166 310 tudo
199 282 368 319 perpetuo
400 285 564 307 mansura
595 280 656 308 est.
724 271 862 305 Horum
895 271 1069 304 malorum

79 325 244 369 cogitatio
274 325 364 370 parit
388 323 530 358 Christo
560 325 748 362 dotorem,
773 328 944 366 quantum
970 321 1068 354 nulla

77 377 145 411 alia
177 388 277 410 mens
310 376 492 419 concipere
517 381 639 419 potest.
704 371 929 415 Colligantur
952 379 1066 405 autem

76 439 200 461 omnes
231 427 436 470 particulae:
472 425 551 459 Duo
581 424 706 458 tribuit
738 423 879 467 proprie
911 423 1066 461 diabolo,

76 476 310 512 homicidium
337 484 369 511 et
390 476 632 516 mendacium,
660 481 692 508 et
715 475 844 507 deinde
868 474 966 507 addit
990 474 1066 506 dia-

76 529 199 563 bolum
225 535 375 573 patrem,
402 528 437 560 id
457 533 524 567 est,
551 537 690 559 causam
710 532 742 559 et
759 532 917 559 autorem
936 522 1063 557 horum

76 580 249 613 malorum
281 589 365 612 esse.
435 576 678 610 Homicidium
710 582 777 617 est,
818 576 908 609 velle
938 587 1064 608 nocere

75 628 213 663 homini
245 636 365 662 contra
392 628 609 661 voluntatem
636 628 726 668 Dei,
759 627 982 660 mendacium
1013 633 1063 659 est

73 680 220 725 quilibet
252 691 367 719 error,
401 679 484 712 falsa
513 678 634 722 opinio
666 685 699 712 et
720 678 806 711 falsa
832 677 993 711 doctrina
1019 678 1062 709 de

71 729 167 771 Deo,
202 730 330 763 deinde
358 729 606 763 universaliter
632 729 809 775 quaelibet
833 729 992 772 deceptio
1017 729 1060 760 ad

71 782 271 814 nocendum
294 787 509 824 comparata,
536 787 575 814 ut
600 787 672 814 tota
697 777 887 824 sophistica
910 786 943 813 et
962 791 1061 824 syco-

70 830 234 876 phantica
253 832 290 865 in
310 832 557 875 religionibus,
585 831 621 864 in
639 831 893 875 gubernatione
913 838 946 863 et
964 842 1059 863 com-

71 883 171 916 muni
197 883 279 917 vita.
332 882 380 916 Hi
404 889 487 917 sunt
511 883 625 916 fontes
649 883 821 915 malorum
842 881 1002 914 omnium
1022 881 1058 913 in

69 933 158 974 vita,
186 933 360 977 ignoratio
378 932 466 973 Dei,
493 945 553 966 seu
570 934 750 966 mendacia
768 934 809 966 de
828 933 916 966 Deo.
969 931 1058 965 Nam

70 985 113 1017 de
137 981 192 1017 his
217 984 400 1028 praecipue
419 982 476 1017 hic
492 984 670 1029 loquitur,
695 991 728 1018 et
745 981 996 1023 homicidium,
1022 983 1057 1016 id

69 1042 137 1076 est,
170 1035 342 1079 cupiditas
368 1036 534 1075 nocendi,
563 1043 595 1069 et
619 1034 747 1069 borum
774 1034 946 1067 malorum
976 1046 1057 1067 cau—

69 1097 140 1118 sam
163 1097 235 1119 esse
259 1086 374 1131 inquit
400 1086 594 1119 diabolum.
653 1085 764 1129 Saepe
789 1092 903 1118 antem
930 1085 967 1118 in
989 1084 1057 1117 Ec-

68 1136 170 1169 clesia
194 1137 310 1179 magni
333 1137 506 1170 tumultus
529 1136 640 1170 exorti
665 1143 748 1169 sunt
772 1137 813 1169 de
840 1148 940 1169 causa
960 1136 1056 1169 mali.

67 1186 185 1230 Quare
204 1187 353 1220 maxime
370 1188 631 1220 confirmandae
648 1194 729 1220 sunt
748 1187 822 1231 piae
839 1193 971 1220 mentes
992 1185 1057 1219 boc

67 1238 159 1270 dicto
178 1235 331 1278 Christi,
359 1239 452 1282 quod
479 1245 625 1272 testatur
643 1237 754 1271 Deum
779 1249 851 1270 non
878 1250 949 1270 esse
974 1249 1056 1269 cau-

67 1300 140 1322 sam
167 1289 315 1332 peccati,
343 1286 410 1321 hoc
433 1296 501 1328 est,
527 1301 641 1333 neque
667 1289 772 1329 velle,
798 1300 911 1333 neque
929 1300 1056 1330 appro-

67 1339 168 1379 bare,
212 1351 327 1383 neque
358 1339 492 1371 efficere
523 1346 720 1383 peccatum,
757 1339 816 1371 sed
849 1339 1056 1382 simpliciter

65 1396 181 1422 ortum
207 1401 279 1422 esse
303 1396 481 1432 peccatum
504 1401 521 1422 a
539 1390 720 1423 voluntate
738 1390 872 1422 diaboli
892 1397 922 1422 et
940 1387 1054 1421 bomi-

65 1440 139 1481 nis,
165 1452 254 1485 quae
274 1440 383 1473 libere
406 1452 442 1473 se
466 1441 591 1474 avertit
614 1453 632 1473 a
650 1441 740 1474 Deo.
793 1439 889 1473 Haec
914 1447 1054 1472 senten-

64 1491 112 1525 tia
135 1490 332 1524 firmissime
357 1492 507 1524 tenenda
533 1498 604 1532 est,
634 1503 746 1536 neque
769 1503 925 1535 uuquam
950 1491 993 1523 al)
1015 1502 1051 1523 ea

65 1548 115 1575 est
138 1542 406 1582 discedendum,
434 1542 569 1575 etiamsi
592 1542 720 1575 alicubi
746 1543 914 1575 videntur
929 1554 1051 1575 occur-

63 1604 140 1625 rere
164 1592 275 1631 dicta,
304 1604 392 1637 quae
414 1592 548 1637 aliquid
567 1593 726 1636 caliginis
743 1606 843 1626 verae
859 1593 1052 1626 sententiae

64 1643 254 1682 inducunt,
288 1655 327 1675 ac
357 1643 549 1676 videndum
582 1651 649 1683 est,
684 1651 722 1677 ut
742 1645 880 1685 dextre,
914 1656 952 1677 ac
977 1643 1052 1677 sine

65 1690 253 1736 sophistica
273 1693 490 1736 explicentur
505 1695 692 1729 contraria.

167 1741 325 1775 Primum
344 1750 459 1777 autem
477 1743 521 1776 sit
539 1744 673 1777 munita
691 1751 722 1777 et
736 1745 939 1778 confirmata
952 1757 1051 1777 mens

65 1793 167 1827 certis
183 1793 402 1834 testimoniis,
428 1806 517 1838 quae
534 1796 723 1827 ostendunt
741 1802 918 1838 peccatum
933 1802 1048 1828 ortum

64 1855 155 1883 esse,
183 1850 214 1876 et
237 1844 323 1876 oriri
343 1856 414 1876 non
436 1856 453 1877 a
473 1845 653 1878 voluntate
671 1844 754 1885 Dei,
781 1846 837 1878 sed
859 1857 1000 1888 prorsus
1019 1852 1048 1877 et

62 1894 270 1938 simpliciter
300 1906 319 1927 a
346 1895 528 1928 voluntate
552 1896 685 1930 diaboli
711 1902 743 1929 et
769 1894 941 1934 bominis,
977 1896 1049 1930 Ge-

61 1957 131 1978 nes.
155 1946 201 1980 1.:
232 1944 329 1978 Vidit
346 1944 441 1978 Deus
456 1953 597 1986 cuneta,
624 1959 713 1991 quae
728 1947 873 1987 fecerat,
900 1954 932 1980 et
951 1953 1049 1980 erant

60 1996 162 2029 valde
194 1996 303 2036 bona,
337 1996 371 2028 id
404 2003 472 2034 est,
508 1996 582 2031 Deo
608 1998 799 2041 placentia,
835 2004 926 2031 recte
952 1998 1049 2030 ordi-

60 2053 159 2087 nata,
186 2045 261 2079 Deo
287 2047 499 2083 obedientia.
551 2046 647 2081 Haec
669 2048 762 2081 enim
781 2048 922 2095 proprie
939 2048 1048 2091 signi-

59 2098 137 2131 ficat
160 2098 370 2130 vocabulum
394 2099 546 2140 bonum,
573 2111 637 2132 nec
662 2100 771 2133 otiose
795 2100 908 2143 posita
936 2106 987 2133 est
1012 2100 1047 2132 in

60 2148 161 2182 Mose
184 2149 355 2192 particula
378 2149 500 2190 valde,
524 2151 617 2195 quod
646 2151 708 2183 etsi
732 2152 775 2183 ad
801 2161 924 2183 omnes
951 2163 1047 2184 crea-

58 2206 155 2234 turas
179 2200 349 2243 pertinet,
378 2206 494 2233 tamen
517 2201 667 2234 maxime
690 2201 856 2236 describit
874 2199 1048 2235 humanae

58 2257 205 2284 naturae
231 2251 498 2294 praestantiam,
532 2264 620 2297 quae
645 2259 719 2286 erat
745 2253 845 2285 valde
870 2253 984 2292 bona,
1011 2253 1046 2285 id

58 2309 126 2342 est,
173 2301 276 2334 valde
305 2302 446 2345 placens
475 2301 571 2343 Deo,
614 2303 716 2336 valde
749 2304 875 2337 dilecta
906 2316 924 2336 a
959 2302 1046 2342 Deo,

60 2353 217 2398 praedita
244 2353 346 2386 donis
370 2353 473 2397 longe
496 2354 744 2397 superantibus
768 2361 967 2398 praesentes
994 2355 1047 2387 vi-

58 2416 129 2442 res,
156 2404 258 2438 valde
276 2404 457 2446 ordinata,
484 2405 635 2449 perfecte
653 2405 917 2440 obediensDeO.
969 2404 1047 2439 Ad-

58 2462 176 2488 monet
207 2454 315 2497 igitur
349 2453 434 2489 haec
456 2456 628 2501 particula
654 2469 693 2490 ex
719 2463 850 2502 quanta
875 2456 1045 2500 dignitate

60 2517 190 2539 excussi
208 2518 326 2540 simus.

159 2555 285 2591 Psalm.
310 2556 363 2593 5.:
391 2556 471 2591 Non
494 2558 593 2592 Deus
619 2558 741 2591 volens
768 2558 981 2602 impietatem
1005 2565 1043 2592 tu

157 2603 261 2640 Zach.
278 2607 328 2642 8.:
358 2607 494 2642 Malum
522 2617 643 2643 contra
666 2610 865 2654 proximum
886 2622 930 2642 ne
949 2610 1043 2652 cogi-

908 2659 1041 2695 Omnia

59 2618 103 2642 es·

57 2657 153 2700 tetis,
177 2664 209 2692 et
226 2657 463 2694 iuramentum
482 2660 608 2695 falsum
628 2672 672 2695 ne
690 2661 856 2705 diligatis.

604 80 902 121 ENARRATIO
933 82 982 119 IN
1009 79 1191 120 EVANG.
1219 79 1432 118 IOANNIS.
1491 80 1598 119 CAP.
1626 83 1728 121 VIII.

2044 88 2118 124 206

1125 168 1220 202 enim
1245 165 1330 203 haec
1354 169 1431 211 odi,
1459 169 1545 204 dicit
1568 170 1746 205 dominus,
1800 167 1876 204 Etsi
1895 177 2010 205 autem
2029 169 2116 207 haee

1123 221 1194 253 duo
1220 221 1420 254 testimonia
1447 221 1591 266 quidam
1613 221 1708 255 futili
1732 221 1955 255 cavillatione
1973 223 2116 258 eludere

1122 277 1315 311 conantur,
1350 279 1467 305 tamen
1494 273 1592 305 firma
1618 284 1711 314 esse,
1745 279 1879 307 certum
1903 279 1964 307 est.
2026 272 2114 308 Fin-

1121 327 1209 363 gunt
1232 321 1336 354 aliam
1357 323 1572 356 voluntatem
1593 323 1629 355 in
1651 324 1723 366 lege
1742 335 1937 368 expressam
1957 336 2048 366 esse,
2078 331 2114 360 et

1120 378 1237 404 tamen
1261 373 1473 405 contrariam
1497 373 1533 405 in
1557 382 1672 408 mente
1690 373 1755 408 Dei
1773 387 1856 410 esse.
1908 374 2003 409 Haec
2023 377 2112 410 ima-

1119 421 1251 464 ginatio
1276 423 1495 465 repudianda
1520 430 1589 464 est,
1616 436 1699 457 nam
1725 426 1889 459 voluntas
1906 424 1971 459 Dei
1996 427 2043 460 ita
2061 434 2112 461 est

1119 473 1210 505 bona
1229 479 1261 506 et
1278 473 1384 514 iusta,
1411 481 1444 508 et
1459 473 1581 506 volens
1597 472 1692 507 hunc
1709 477 1889 517 ordinem,
1914 489 2016 522 quem
2035 478 2110 521 lege

1118 523 1304 567 exprimit,
1334 531 1372 557 ut
1400 524 1619 568 impossibile
1650 526 1694 559 sit
1718 538 1793 558 eam
1820 527 1929 566 velle,
1965 529 2110 569 efficere,

1116 574 1302 615 adiuvare,
1328 582 1387 608 aut
1411 576 1606 619 approbare
1625 576 1860 611 contrarium:
1890 578 2108 622 impossibile

1116 631 1166 658 est
1176 626 1293 659 Deum
1310 626 1399 658 velle
1417 626 1585 659 libidines
1596 626 1757 668 Neronis,
1776 629 1834 661 sed
1856 635 1904 661 est
1923 636 2061 662 aeterna
2075 637 2108 663 et

1115 676 1347 710 immutabilis
1362 675 1428 709 Dei
1446 677 1619 717 voluntas,
1644 678 1733 711 velle
1751 679 1953 714 castitatem.
1999 679 2106 723 Quod

1114 733 1231 760 autem
1250 727 1340 760 mala
1361 728 1552 771 permittit,
1581 729 1800 762 abscondens
1818 741 1915 763 suam
1936 731 2024 763 iram
2042 731 2108 763 ali-

1115 778 1342 823 quantisper,
1373 779 1456 812 satis
1482 786 1619 813 constat
1643 780 1912 827 permissionem
1936 793 2010 814 non
2035 793 2108 814 esse

1113 829 1203 862 velle
1238 829 1407 873 positive,
1449 837 1510 864 aut
1540 831 1694 873 efficere,
1734 831 1790 864 vel
1824 831 2008 871 adiuvare,
2050 833 2106 865 vel

1111 880 1319 926 approbare.

1216 939 1246 974 1.
1266 937 1364 972 Ioan.
1382 938 1435 972 3.:
1471 938 1542 982 Qui
1564 940 1645 973 facit
1669 947 1866 984 peccatum,
1900 953 1938 975 ex
1961 942 2103 976 diabolo

1113 995 1181 1029 est,
1215 989 1296 1034 quia
1321 990 1365 1022 ab
1390 990 1494 1023 initio
1517 991 1680 1024 diabolus
1704 999 1839 1036 peccat,
1873 993 1907 1025 id
1934 1000 2000 1033 est,
2027 994 2104 1026 dia-

1112 1041 1214 1073 bolus
1246 1048 1295 1074 est
1326 1041 1486 1074 incoator
1512 1042 1663 1087 peccati,
1700 1043 1798 1087 quasi
1824 1043 1933 1076 dicat:
1968 1043 2103 1077 Natura

1111 1091 1299 1134 spirituum
1329 1098 1361 1124 et
1387 1089 1541 1125 bominis
1564 1093 1705 1126 condita
1729 1093 1795 1126 fuit
1821 1106 1839 1126 a
1863 1093 1939 1126 Deo
1961 1095 2028 1138 sic,
2063 1102 2103 1128 ut

1112 1141 1185 1174 Deo
1211 1142 1383 1186 placeret,
1416 1150 1506 1175 recte
1530 1144 1693 1176 ordinata
1719 1151 1825 1183 esset,
1853 1152 1885 1177 et
1912 1145 1991 1178 Deo
2015 1146 2102 1177 obe-

1111 1193 1222 1228 diens.
1275 1192 1343 1226 Sed
1368 1193 1503 1225 diaboli
1527 1194 1691 1226 voluntas
1714 1205 1786 1227 sese
1808 1195 1918 1228 libere
1939 1196 2062 1233 avertit
2081 1208 2100 1230 a

1111 1243 1196 1276 Deo.
1248 1241 1343 1276 Haec
1359 1244 1493 1276 aversio
1514 1251 1560 1277 est
1580 1251 1779 1287 peccatum,
1808 1246 1889 1290 quia
1909 1254 1957 1280 est
1975 1247 2100 1280 inobe-

1109 1293 1241 1327 dientia
1264 1305 1425 1337 pugnans
1450 1307 1528 1327 cum
1555 1295 1735 1328 voluntate
1753 1295 1837 1336 Dei,
1864 1304 1896 1330 et
1911 1305 1961 1331 est
1980 1299 2098 1341 negle-

1110 1345 1198 1388 ctio,
1228 1351 1442 1383 contemtuS,
1471 1352 1528 1379 aut
1554 1346 1674 1379 odium
1694 1345 1772 1383 Dei.
1824 1347 1947 1381 Postea
1974 1349 2099 1381 diabo-

1109 1396 1162 1428 lus
1180 1395 1283 1428 etiam
1302 1393 1475 1429 humanas
1492 1397 1690 1430 voluntates
1707 1398 1859 1442 impulit,
1886 1400 1997 1433 offusa
2013 1400 2100 1433 falsa

1107 1446 1380 1489 imaginatione,
1407 1454 1445 1481 ut
1463 1459 1498 1480 se
1517 1455 1713 1481 averterent
1733 1461 1751 1482 a
1769 1449 1856 1483 Deo.

1213 1515 1243 1548 1.
1263 1513 1433 1549 Ioan.2.:
1476 1514 1768 1559 Concupiscentia
1800 1517 1915 1551 carnis
1944 1530 2018 1551 non
2048 1525 2100 1552 est

1106 1577 1145 1597 ex
1169 1571 1286 1609 patre,
1316 1567 1374 1598 sed
1402 1578 1440 1598 ex
1465 1568 1610 1601 mundo.
1664 1567 1744 1601 Hoc
1767 1568 1900 1601 dictum
1918 1570 2000 1602 satis
2017 1581 2097 1613 per-

1104 1616 1222 1659 spicue
1249 1623 1282 1650 et
1313 1617 1442 1650 diserte
1474 1617 1613 1664 inquit,
1648 1630 1721 1651 non
1754 1619 1841 1652 oriri
1871 1631 1890 1652 a
1914 1619 1990 1654 Deo
2016 1632 2096 1664 pec-

1103 1674 1230 1702 catum.

1205 1725 1284 1759 Huc
1309 1725 1412 1759 etiam
1433 1726 1519 1759 illud
1541 1727 1621 1760 addi
1642 1734 1753 1770 potest
1768 1729 1809 1761 ad
1827 1728 1932 1765 Rom.
1950 1727 2001 1763 5.:
2029 1729 2097 1764 Per

1104 1789 1216 1811 unum
1236 1775 1417 1810 hominem
1436 1785 1614 1822 peccatum
1634 1779 1770 1813 introiit
1788 1780 1823 1812 iu
1843 1782 2028 1817 mundum.

1205 1844 1273 1878 Sed
1299 1845 1448 1878 maxime
1472 1847 1608 1879 illustre
1635 1847 1874 1881 testimouium
1893 1856 1942 1882 est
1960 1849 2093 1883 dictum

1105 1892 1211 1928 huius
1233 1895 1314 1929 loci.
1379 1895 1475 1931 loan.
1494 1897 1548 1931 8.:
1587 1896 1741 1940 Quando
1766 1899 1924 1944 loquitur
1947 1902 2093 1933 menda-

1104 1946 1219 1987 cium,
1246 1958 1286 1979 ex
1310 1948 1462 1991 propriis
1486 1948 1664 1993 loquitur,
1703 1949 1783 1993 quia
1806 1952 1955 1983 mendax
1981 1958 2029 1985 est
2059 1958 2092 1985 et

1105 2004 1202 2040 pater
1225 1998 1413 2032 mendacii.
1473 1998 1560 2033 Cum
1586 1999 1632 2032 ait
1658 2012 1696 2033 ex
1721 2002 1891 2045 propriis,
1926 2002 2093 2036 disceruit

1104 2059 1157 2080 res
1184 2048 1343 2081 conditas
1370 2061 1387 2081 a
1411 2061 1483 2082 nou
1509 2050 1673 2083 conditis.
1725 2051 1856 2085 Natura
1881 2053 2023 2095 spiritus
2042 2060 2093 2087 est

1103 2110 1156 2131 res
1181 2110 1199 2131 a
1217 2099 1293 2132 Deo
1318 2099 1476 2140 condita,
1505 2102 1562 2134 sed
1588 2108 1724 2144 praeter
1744 2100 1834 2135 hanc
1855 2104 2021 2148 quiddam
2042 2112 2092 2138 est

1103 2150 1285 2194 proprium
1318 2150 1354 2183 in
1385 2151 1545 2192 diabolo,
1582 2153 1616 2185 id
1648 2159 1717 2191 est,
1753 2165 1823 2186 non
1855 2155 2037 2187 conditum
2073 2168 2092 2188 a

1102 2200 1198 2242 Deo,
1234 2201 1396 2234 videlicet
1424 2204 1559 2236 aversio
1588 2216 1606 2236 a
1636 2202 1732 2244 Deo,
1767 2216 1855 2248 quae
1886 2212 1934 2238 est
1967 2206 2092 2239 inobe-

1102 2251 1234 2285 dientia
1262 2264 1423 2295 pugnans
1447 2265 1524 2286 cum
1550 2254 1637 2289 Deo.
1689 2253 1735 2287 Et
1760 2256 1849 2287 clare
1875 2256 1960 2289 dicit
1984 2254 2092 2290 Chri-

1102 2310 1193 2343 stus,
1225 2302 1409 2336 diabolum
1433 2316 1505 2337 esse
1531 2312 1663 2349 patrem
1689 2306 1873 2339 mendacii.
1926 2305 2091 2342 Affirmat

1101 2354 1208 2397 igitur
1239 2355 1462 2388 mendacium
1496 2363 1527 2389 et
1558 2362 1737 2399 peccatum
1769 2368 1842 2389 non
1873 2369 1944 2390 esse
1973 2371 1990 2391 a
2014 2357 2089 2391 Deo

1100 2412 1228 2438 ortum.
1283 2403 1416 2451 Estque
1441 2413 1618 2449 peccatum
1641 2407 1782 2450 proprie
1802 2409 1936 2441 aversio
1958 2409 2089 2442 intelli-

1098 2456 1210 2497 gentis
1240 2463 1387 2489 naturae
1415 2469 1433 2489 a
1466 2455 1559 2497 Deo,
1602 2468 1762 2500 pugnans
1795 2471 1873 2491 cum
1905 2459 1980 2502 lege
2011 2459 2089 2496 Dei.

1098 2507 1169 2540 Nec
1201 2514 1359 2549 pugnant
1394 2505 1477 2540 haec
1501 2509 1593 2541 inter
1616 2519 1709 2549 sese,
1743 2516 1906 2542 naturam
1933 2508 2088 2544 hominis

1097 2570 1114 2590 a
1142 2556 1214 2590 Deo
1241 2565 1351 2591 ortam
1376 2570 1463 2598 esse,
1500 2565 1532 2592 et
1553 2566 1731 2602 peccatum
1758 2572 1830 2592 non
1860 2573 1931 2594 esse
1956 2574 1972 2594 a
2001 2560 2087 2597 Deo.

1098 2607 1191 2650 Quia
1216 2615 1392 2652 peccatum
1413 2616 1463 2642 est
1481 2607 1662 2642 horribilis
1680 2611 1869 2644 destructio
1888 2613 2026 2655 operis,
2052 2622 2086 2648 et

1097 2659 1233 2693 ordinis
1259 2659 1392 2702 divini,
1426 2672 1507 2694 vere
1531 2660 1721 2706 displicens
1747 2661 1842 2704 Deo,
1877 2664 1958 2707 qnia
1983 2675 2084 2697 suum
