2415 2942
238 87 312 122 347

239 178 370 206 stranie
390 166 639 211 Evaugelfflm,
674 171 707 198 et
732 164 960 198 confirmante
985 164 1220 199 assensionem

242 224 278 255 in
297 221 483 256 mentibus.

342 271 436 304 llaec
452 278 551 311 saepe
567 265 749 308 cogitanda
770 271 869 305 sunt,
896 272 928 299 et
946 267 1136 310 petendum
1149 291 1157 304 ‚
1184 272 1223 299 ut

242 324 335 355 Deus
353 326 446 362 regat
463 325 495 350 et
513 317 695 350 confirmet
713 327 775 348 nos
793 316 928 359 Spiritu
945 324 1077 352 sancto.
1132 316 1219 350 Nam

241 375 320 406 ideo
348 371 449 404 toties
473 366 557 401 haec
580 367 765 411 promissio
791 366 826 398 in
852 364 915 400 hac
939 375 1113 411 postrema
1139 380 1221 401 con—

241 425 341 456 cione
359 419 504 464 repetita
523 425 593 458 est,
620 425 659 451 ut
683 417 832 450 sciamus
849 415 1029 451 Christum
1047 419 1135 451 velle
1154 417 1223 462 peti

241 471 308 506 hoc
324 469 530 505 beneficium
545 497 553 509 ‚
580 475 612 502 et
627 469 792 501 daturum
818 479 909 509 esse,
935 470 1024 502 sicut
1047 467 1103 502 bic
1131 469 1222 502 clare

241 528 433 562 asseverat,
469 532 571 565 quem
599 531 661 563 ego
693 519 827 552 mittam
852 520 952 552 vobis
974 532 991 552 a
1015 527 1124 563 patre.
1177 517 1225 552 Et

241 586 361 618 supra:
390 571 470 605 Non
490 570 686 615 relinquam
699 581 759 601 vos
775 567 968 613 orphanos:
997 568 1072 612 Ego
1089 570 1220 611 rogabo

241 632 389 672 patrem,
405 629 437 655 et
454 622 551 654 dabit
570 621 668 653 vobis
687 621 849 664 spiritum
868 621 1091 663 paracletum.
1120 619 1224 653 Mens

242 674 396 708 humana
411 684 472 717 per
491 684 562 704 sese
587 672 687 716 plena
711 678 761 703 est
785 671 961 713 caliginis,
995 679 1027 704 et
1050 671 1150 703 facile
1174 670 1225 702 la-

240 727 357 764 bitur,
384 731 416 757 et
434 724 589 762 aberrat,
627 729 659 754 et
683 722 843 753 diabolus
864 722 986 754 obiicit
1013 722 1123 754 multa
1147 732 1224 763 spe-

242 784 331 813 ctra,
375 781 407 808 et
439 773 544 806 variis
573 772 687 805 modis
718 771 859 804 abducit
892 769 1055 804 homines
1084 783 1102 804 a
1137 770 1225 805 Deo.

242 826 338 860 llaec
375 824 527 869 pericula
560 834 662 855 nemo
699 823 774 854 sine
802 821 938 864 Spiritu
963 829 1082 855 sancto
1106 833 1225 855 cavere

244 883 370 921 potest.
427 874 507 907 Ideo
524 874 617 906 hunc
635 872 846 916 paracletum
866 872 957 905 veris
974 879 1005 905 et
1023 873 1227 905 ardentibus

243 928 333 960 votis
359 925 432 958 dari
457 924 559 956 nobis
583 931 757 966 petamus,
792 929 825 954 et
847 934 926 955 vere
951 924 1055 956 datur
1077 923 1228 970 petenti-

243 979 326 1016 bus,
364 982 401 1009 ut
428 974 577 1007 affirmat
602 970 778 1007 Christus:
828 971 971 1014 Quanto
998 974 1108 1016 magis
1133 980 1228 1016 pater

243 1034 356 1061 vester
373 1026 431 1070 qui
450 1025 486 1056 iu
501 1024 606 1058 coelis
631 1030 700 1064 est,
745 1023 845 1056 dabit
870 1023 1044 1068 Spiritum
1070 1030 1227 1057 sanctum

243 1077 455 1123 petentibus.

523 1155 601 1204 Qui
617 1169 639 1190 a
656 1161 760 1203 patre
774 1154 947 1204 procedit.

345 1227 421 1260 litsi
443 1225 612 1259 articulus
644 1225 686 1258 de
717 1225 863 1258 essentia
882 1223 966 1264 Dei,
1002 1231 1032 1258 et
1051 1225 1092 1257 de
1116 1225 1230 1259 tribus

246 1278 424 1325 personis,
452 1283 592 1310 aeterno
618 1282 735 1319 patre,
764 1282 795 1308 et
824 1276 915 1315 filio,
948 1283 981 1309 et
998 1275 1133 1319 Spiritu
1149 1289 1229 1309 san·

246 1338 301 1364 cto
317 1327 644 1372 impervestigabilis
661 1333 730 1364 est,
758 1333 789 1358 et
812 1323 973 1358 homines
1000 1327 1157 1370 profani,
1191 1334 1230 1360 ut

247 1382 514 1418 Samosatenus,
543 1376 678 1416 ludaei,
707 1374 995 1416 mahometistae,
1032 1384 1065 1410 et
1088 1377 1149 1409 alii
1175 1377 1229 1410 in-

247 1429 485 1464 numerabiles
522 1429 673 1461 clamant
711 1427 881 1460 absurdas
920 1427 1106 1470 opiniones
1145 1439 1230 1468 esse,

248 1482 343 1527 quod
372 1480 554 1524 profitetur
582 1477 755 1515 Ecclesia,
797 1478 907 1509 filium
941 1484 1063 1510 natum
1094 1489 1164 1510 esse
1189 1491 1229 1511 ex

247 1531 440 1565 substantia
459 1529 566 1573 patris
582 1528 727 1568 aeterni,
755 1534 990 1566 coaeternum,
1019 1525 1231 1572 ὁμοούσιον,

249 1590 282 1616 et
299 1582 470 1626 Spiritum
489 1586 645 1612 sanctum
665 1579 708 1611 ab
734 1588 883 1623 utroque
906 1580 1105 1622 procedere.
1160 1579 1232 1612 Ta-

247 1645 328 1666 men
351 1632 430 1676 quia
442 1631 535 1664 Deus
551 1629 653 1662 claris
670 1636 701 1662 et
719 1629 821 1662 certis
840 1629 1050 1662 testimoniis
1068 1630 1139 1673 ipse
1157 1641 1231 1663 sese

249 1685 296 1716 sic
320 1682 497 1727 patefecit,
532 1692 571 1713 ac
593 1680 705 1713 voluit
727 1680 876 1712 discerni
895 1679 1054 1723 Patrem,
1089 1679 1232 1721 Filium,

249 1742 282 1767 et
299 1733 470 1777 Spiritum
489 1737 644 1764 sanctum
657 1757 666 1771 ,
691 1741 828 1763 necesse
847 1737 896 1763 est
912 1742 975 1762 nos
994 1728 1083 1764 hanc
1101 1731 1232 1764 doctri-

250 1797 331 1818 nam
364 1782 545 1826 amplecti,
582 1788 614 1814 et
648 1787 847 1813 reverenter
878 1782 1057 1822 assentiri,
1097 1782 1233 1814 etiamsi

251 1835 473 1867 diabolorum
492 1839 522 1865 et
539 1831 725 1865 hominum
742 1831 914 1876 sapientia
939 1832 1090 1865 fremens
1108 1833 1232 1865 absur-

251 1886 359 1920 ditate
377 1883 579 1916 offenditur.

352 1934 593 1978 Curinquies,
620 1933 786 1977 proponit
810 1933 913 1966 nobis
937 1931 1031 1966 Deus
1056 1932 1233 1972 articulos,

252 1998 403 2032 quorum
421 1986 526 2017 verba
543 1984 675 2017 etiarnsi
691 1991 869 2028 utcunque
887 1984 1088 2026 imitamur,
1115 1990 1233 2016 tamen

252 2049 370 2070 rerum
390 2035 505 2068 nullas
522 2035 689 2077 imagines
705 2034 855 2077 cogitare
872 2034 1079 2078 possumus?
1113 2033 1232 2066 Audio

254 2089 365 2121 filium
385 2086 453 2119 dici
474 2082 601 2132 λόγον,
628 2086 687 2117 sed
713 2084 824 2129 qualis
849 2091 898 2118 est
921 2085 980 2117 ille
1003 2081 1128 2131 λόγος,
1154 2095 1231 2116 cum

255 2139 298 2171 sit
318 2137 487 2182 persona?
527 2135 645 2169 Audio
665 2135 852 2168 discrimen
869 2146 939 2167 esse
964 2135 1056 2168 inter
1083 2133 1177 2167 nasci
1202 2140 1234 2166 et

254 2189 462 2233 procedere,
490 2197 638 2229 agnosco
655 2186 793 2218 diversa
813 2186 939 2224 verba,
968 2185 1026 2218 sed
1053 2196 1124 2217 rem
1149 2196 1233 2228 pro—
1258 2207 1259 2211 ,

255 2241 334 2283 pius
353 2239 471 2271 videre
490 2249 661 2281 cuperem.
701 2234 915 2269 Excruciant
931 2233 996 2268 hae
1012 2235 1233 2280 quaestiones

256 2289 446 2322 humanam
477 2295 648 2327 mentem,
689 2288 748 2319 sed
777 2298 976 2331 quanquam
1008 2287 1132 2318 modus
1163 2297 1233 2318 esse
1258 2322 1259 2326 Ἰ

256 2338 381 2373 harum
400 2339 694 2382 descriptionum,
722 2344 754 2371 et
772 2337 1021 2379 cogitationum
1040 2338 1154 2377 debet,
1183 2344 1234 2370 ta-

256 2402 335 2422 men
354 2390 501 2422 sciamus
519 2388 582 2422 Dei
601 2389 817 2421 voluntatem
835 2400 923 2428 esse,
951 2395 987 2421 ut
1005 2387 1053 2420 sic
1069 2398 1234 2431 agnosca-

257 2448 314 2473 tur
328 2440 504 2474 divinitas.
557 2439 668 2472 Filius
694 2446 743 2472 est
760 2439 873 2472 factus
889 2439 1066 2471 redemtor
1084 2445 1117 2472 et
1133 2438 1235 2471 victi-

256 2503 310 2523 ma
323 2517 332 2530 ,
359 2487 453 2522 liunc
469 2496 559 2522 certe
578 2497 672 2532 pater
690 2496 850 2522 aeternus
869 2490 942 2523 vult
960 2489 1112 2532 agnosci.
1161 2487 1237 2521 Imo

256 2540 467 2585 pronunciat
486 2538 645 2572 homines
669 2540 714 2573 ita
739 2540 865 2580 iustos,
900 2547 933 2573 et
957 2537 1122 2572 haeredes
1146 2538 1236 2572 vitae

255 2599 434 2631 aeternae,
464 2590 491 2622 si
512 2596 652 2634 propter
671 2588 764 2623 hunc
786 2590 896 2623 filium
919 2592 1062 2623 credant
1087 2590 1153 2622 sibi
1171 2590 1237 2622 do—

256 2643 335 2675 nari
352 2641 593 2675 remissionem
622 2647 840 2683 peccatorum
870 2648 902 2675 et
927 2642 1034 2674 vitam
1052 2648 1236 2675 aeternam.

828 79 953 116 PIIIL.
981 78 1096 115 MEL.
1122 79 1330 116 SCRIPTA
1356 78 1659 118 EXEGETICA.

1260 2449 1261 2471 3
1287 2437 1477 2471 voluntatis
1496 2444 1545 2470 est
1562 2448 1670 2470 amor.

1261 2529 1262 2541 ἢ
1288 2489 1363 2523 vult
1383 2495 1416 2522 et
1432 2494 1523 2521 amat
1548 2500 1645 2524 eum,
1681 2497 1719 2519 ac
1750 2486 1899 2520 vicissim
1922 2486 2015 2518 filius
2041 2487 2182 2521 intuens
2207 2501 2269 2533 pa-

2180 83 2255 119 348

1276 164 1377 200 Misit
1395 171 1427 198 et
1445 164 1617 211 Spiritum
1642 172 1800 200 sanctum
1818 167 1951 202 visibili
1968 167 2099 212 specie,
2131 174 2171 202 ut
2187 168 2260 202 dis-

1279 229 1461 251 cernamus
1487 229 1566 250 eum
1585 228 1603 250 a
1621 223 1719 261 patre
1744 223 1777 251 et
1799 217 1890 259 filio,
1925 226 1957 254 et
1977 220 2158 252 credamus
2180 231 2260 253 eum

1275 268 1365 301 mitti
1386 268 1420 300 in
1441 274 1581 311 pectora
1606 274 1744 308 nostra,
1778 274 1815 301 ut
1839 280 1904 302 nos
1922 276 2038 313 regat,
2073 276 2106 303 et
2135 270 2262 310 lucem,

1275 318 1447 351 iusticiam
1490 325 1521 350 et
1555 319 1661 351 vitam
1698 324 1874 352 aeternam
1914 319 1952 352 in
1984 320 2088 353 nobis
2127 320 2259 356 incoe't.

1275 368 1461 412 Proprium
1484 368 1547 401 filii
1565 368 1771 402 beneficium
1790 377 1860 409 est,
1886 370 1981 414 quod
1999 377 2050 404 est
2073 372 2260 411 redemtor,

1276 420 1456 463 proprium
1474 419 1627 463 Spiritus
1646 419 1756 453 sancti
1777 420 1869 454 mitti
1890 420 1927 453 in
1953 427 2092 464 pectora
2115 423 2262 455 creden-

1275 471 1375 505 tium.
1428 470 1515 504 Cum
1540 468 1624 503 haec
1650 470 1819 503 immensa
1844 472 1935 504 bona
1958 471 2111 515 quodam
2137 472 2262 505 discri-

1276 521 1370 552 mine
1386 521 1544 564 personis
1568 520 1737 554 attributa
1758 521 1848 562 sint,
1884 521 1961 565 vult
1983 528 2074 554 certe
2097 533 2263 565 personas

1277 578 1439 603 aeternus
1473 578 1570 614 pater
1602 571 1743 614 agnosci
1771 579 1804 605 et
1832 572 2000 605 invocari.
2058 571 2132 605 lmo
2158 570 2264 606 Chri·

1277 629 1348 655 stus
1366 622 1465 655 dicit:
1495 621 1568 664 Qui
1584 633 1658 655 non
1679 619 1829 656 honorat
1848 623 1980 663 filium,
2016 635 2091 656 non
2112 620 2264 658 honorat

1278 679 1424 716 patrem,

1380 730 1538 764 Sciamus
1555 742 1636 774 ergo
1652 743 1724 764 non
1742 730 1985 774 negligendam
2011 743 2102 774 esse,
2128 744 2192 766 nec
2218 733 2265 766 si-

1279 782 1388 815 lentio
1420 782 1638 814 obruendam
1671 782 1866 815 doctrinam
1890 783 1932 815 de
1955 783 2070 817 tribus
2095 783 2266 827 personiS,

1280 834 1338 865 sed
1363 839 1562 865 reverenter
1594 844 1668 865 earn
1702 834 1892 876 cogitemus
1919 839 1952 866 et
1983 834 2187 875 recitemus,
2229 841 2262 868 et

1280 890 1415 917 tantum
1432 884 1474 915 de
1495 894 1533 915 ea
1556 895 1782 928 quaeramus,
1818 890 1988 928 quantum
2012 885 2111 918 Deus
2137 885 2267 928 patefe-

1281 934 1337 967 cit.
1374 932 1539 967 Patefecit
1559 940 1674 966 autem
1697 946 1735 966 ea
1755 945 1842 979 quae
1861 934 1898 967 in
1921 934 2143 968 invocatione
2165 947 2264 968 exer-

1281 984 1351 1017 ceri
1369 984 1500 1022 voluit‚
1537 984 1681 1028 quoties*
1704 984 1927 1024 invocamus,
1960 985 2036 1018 vult
2059 997 2123 1018 nos
2151 986 2265 1019 filium

1282 1034 1432 1073 intueri,
1460 1040 1492 1066 et
1510 1041 1652 1077 propter
1677 1046 1758 1067 eum
1786 1041 1902 1079 petere
1926 1036 2166 1069 remissionem
2185 1047 2267 1080 pec-

1282 1092 1457 1125 catorum,
1485 1085 1560 1117 vult
1582 1085 1664 1117 item
1693 1084 1781 1127 peti,
1814 1092 1853 1118 ut
1877 1086 2115 1128 gubernemur
2131 1086 2268 1130 Spiritu

1282 1141 1412 1169 sancto,
1470 1133 1565 1167 Ilaec
1588 1134 1794 1168 discrimina
1825 1146 1960 1179 semper
1983 1137 2021 1169 in
2043 1137 2267 1171 invocatione

1282 1186 1465 1219 incurrant
1480 1185 1517 1217 in
1536 1192 1689 1218 mentem
1705 1191 1737 1217 et
1754 1186 1791 1217 in
1810 1185 1944 1219 oeulos.

1383 1249 1520 1283 Deinde
1561 1250 1618 1293 pie
1649 1249 1863 1292 cogitemus,
1911 1250 2091 1294 quomodo
2121 1257 2268 1295 patrem,

1282 1307 1461 1333 aeternum
1503 1300 1615 1333 filium
1651 1306 1684 1333 et
1717 1299 1889 1344 Spiritum
1922 1307 2080 1333 sanctum
2108 1303 2268 1335 doctrina

1283 1350 1465 1394 Evangelii
1485 1352 1672 1384 discernat.
1733 1351 1786 1383 Ae
1810 1357 1932 1383 notum
1962 1357 2011 1384 est
2038 1349 2122 1385 haec
2144 1353 2269 1385 discri-

1284 1402 1377 1434 mina
1394 1401 1500 1435 tradi:
1535 1400 1640 1434 Pater
1663 1401 1707 1433 ab
1732 1408 1875 1434 aeterno
1899 1402 2039 1434 intuens
2063 1414 2135 1435 sese
2157 1403 2269 1446 gignit

1282 1452 1414 1490 filium,
1439 1452 1498 1497 qui
1525 1458 1574 1484 est
1599 1452 1712 1494 imago
1739 1452 1871 1484 aeterni
1897 1452 2015 1495 patris,
2077 1453 2194 1486 Filius
2218 1461 2269 1487 est

1282 1504 1436 1545 genitus,
1480 1508 1512 1535 et
1543 1509 1593 1536 est
1627 1502 1741 1545 imago
1777 1502 1909 1535 aeterni
1943 1502 2061 1545 patris,
2115 1503 2269 1549 Spiritus

1283 1560 1420 1586 sanctus
1437 1553 1594 1597 procedit
1611 1564 1629 1585 a
1647 1559 1745 1596 patre
1762 1560 1902 1586 aeterno
1933 1560 1964 1586 et
1982 1565 1998 1585 a
2016 1553 2098 1585 filio.

1385 1620 1452 1653 Hic
1472 1620 1539 1652 iam
1560 1619 1762 1664 quaeritur,
1790 1620 1874 1664 quid
1896 1620 2040 1653 interest
2058 1621 2151 1654 inter
2175 1623 2271 1655 nasci

1284 1678 1316 1704 et
1337 1671 1428 1704 inter
1443 1670 1655 1714 procedere?
1680 1676 1739 1703 aut
1757 1670 1840 1714 quid
1868 1670 2015 1702 omnino
2039 1671 2209 1713 significat
2226 1673 2270 1705 il-

1282 1722 1344 1755 lud
1364 1721 1574 1765 procedere?
1599 1720 1693 1753 Haec
1711 1721 1757 1753 ita
1776 1721 1999 1754 declarantur
2016 1722 2167 1755 docendi
2187 1735 2269 1756 cau-

1283 1784 1332 1805 sa.
1386 1772 1424 1805 Si
1442 1769 1626 1803 bominum
1647 1778 1772 1804 natura
1791 1771 1997 1815 incorrupta
2021 1779 2126 1811 esset,
2154 1774 2270 1806 consi-

1283 1823 1416 1856 deratio
1450 1822 1522 1855 eius
1557 1822 1666 1864 magis
1697 1833 1762 1853 nos
1786 1822 1971 1855 erudiisset
1996 1823 2037 1854 de
2061 1821 2148 1858 Deo.
2201 1823 2271 1858 Sed

1284 1884 1462 1907 sumamus
1494 1880 1611 1906 tamen
1633 1872 1750 1916 aliquo
1777 1873 1880 1904 modo
1905 1873 2058 1915 exempla
2083 1874 2128 1906 ab
2152 1871 2269 1906 homi-

1284 1936 1369 1956 num
1389 1930 1523 1956 natura.
1560 1924 1655 1955 Duae
1673 1928 1756 1955 sunt
1775 1922 1955 1955 facultates
1972 1923 2128 1962 animae,
2156 1923 2270 1957 facul-

1285 1981 1334 2007 tas
1366 1973 1585 2015 intclligens,
1629 1979 1663 2005 et
1698 1972 1844 2004 facultas
1876 1972 2008 2007 volens.
2063 1971 2269 2018 Intelligens

1284 2023 1396 2067 gignit
1414 2023 1582 2065 imagines
1607 2023 1793 2065 cogitando
1806 2047 1814 2060 ‚
1843 2023 1965 2055 volens
1984 2021 2088 2056 babet
2104 2024 2268 2069 impetus,

1285 2075 1374 2107 sicut
1392 2086 1451 2107 cor
1463 2074 1574 2116 gignit
1591 2073 1746 2118 spiritus,
1774 2073 1878 2106 sentit
1893 2085 2061 2114 amorem,
2090 2074 2268 2115 laetitiam,

1285 2132 1316 2158 et
1334 2124 1420 2157 alios
1439 2124 1592 2157 affectus.
1645 2122 1702 2157 Ab
1720 2121 1773 2156 his
1796 2124 1962 2168 exemplis
1985 2125 2136 2158 sumitur
2154 2127 2269 2159 decla-

1284 2176 1384 2209 ratio.
1437 2174 1527 2208 Cum
1553 2174 1646 2207 filius
1670 2182 1813 2208 vocetur
1838 2171 1963 2221 λόγος,
1996 2175 2151 2217 gignitur
2174 2177 2269 2219 cogi-

1285 2228 1404 2260 tando.
1456 2224 1517 2258 Est
1546 2232 1660 2258 autem
1688 2225 1851 2269 cogitatio
1880 2226 1991 2267 imago
2016 2226 2066 2258 rei
2091 2226 2269 2269 cogitatae,

1285 2274 1390 2321 λόγος
1408 2276 1515 2320 igitur
1531 2276 1660 2310 dicitur
1685 2276 1795 2315 filius,
1838 2276 1919 2320 quia
1953 2276 2044 2309 filius
2074 2282 2124 2310 est
2154 2277 2268 2321 imago

1286 2328 1402 2372 patris.

1387 2384 1436 2420 At
1453 2385 1607 2430 Spiritus
1631 2392 1771 2419 sanctus
1795 2384 1923 2418 dicitur
1950 2386 2154 2428 procedere,
2183 2388 2266 2432 quia

1724 2435 1868 2468 Intuens
1886 2434 2104 2480 igiturpatet·
2124 2436 2266 2479 Filium,

1289 2546 1375 2572 trem
1387 2566 1395 2579 ‚
1423 2539 1499 2572 vult
1515 2545 1548 2587 et
1561 2544 1653 2571 amat
1669 2549 1760 2572 eum.
1812 2536 1888 2569 Hoc
1907 2543 2029 2570 mutuo
2046 2549 2163 2571 amore
2175 2565 2184 2579 ‚
2208 2540 2269 2584 qni

1290 2590 1430 2634 proprie
1448 2597 1497 2623 est
1515 2588 1749 2630 voluntatum,
1775 2587 1933 2630 procedit
1949 2586 2102 2631 Spiritus
2119 2595 2267 2630 sanctus,

1262 2673 1265 2681 ,
1291 2641 1352 2685 qui
1385 2647 1435 2674 est
1463 2640 1610 2683 agitator
1642 2639 1687 2672 ab
1718 2644 1859 2672 aeterno
1885 2644 2001 2682 patre,
2035 2647 2068 2674 et
2082 2639 2270 2688 filiocoae-
