2415 2942
70 80 139 115 721
248 77 347 113 Xlll.

73 172 222 198 ctorum.
255 161 308 195 De
324 160 392 196 hoc
407 174 532 206 genere
549 162 700 196 tenenda
717 168 768 196 est
783 162 919 205 regula:
938 158 1088 210 Opor-
1083 158 1090 188 l

941 210 1088 253 Quare

75 223 121 249 tet
138 212 221 247 Deo
245 226 289 246 m
284 214 353 257 igis
371 215 531 253 obedire,
548 226 652 258 quam
673 211 886 246 hominibus.

74 267 160 300 tales
179 265 388 298 traditiones
404 265 592 298 autoritate
615 264 735 297 divina
752 263 942 297 violantur.

176 332 340 366 Alterum
367 344 476 375 genus
504 339 553 365 est
580 331 829 370 traditionum,
864 342 952 375 quae
975 342 1059 362 con-

75 384 228 417 stituunt
253 385 296 416 de
318 383 466 424 talibus,
502 395 590 428 quae
625 393 684 416 sua
707 387 830 414 natura
852 387 935 413 sunt
964 381 1061 413 adia-

74 432 206 478 phora‚
234 441 272 467 ut
297 435 339 466 de
362 434 477 475 feriis,
509 433 654 472 vestitu,
683 432 780 466 cibis.
835 430 872 463 ln
899 428 953 463 his
977 443 1061 463 con-

77 486 256 518 siderandi
276 491 357 518 sunt
374 485 470 520 fines.
522 483 561 518 Si
587 482 667 516 finis
691 489 741 515 est
768 482 952 525 politicus,
979 489 1061 515 sunt

79 536 192 568 licitae
209 536 427 568 traditiones.
480 531 526 567 Ut
543 546 621 566 cum
639 533 745 566 feriae
762 540 964 573 servantur,
987 545 1060 565 non

78 587 170 630 quod
190 598 275 629 opus
301 587 387 619 illud
414 586 457 618 sit
475 585 608 622 cultus,
636 584 695 617 sed
720 583 857 617 ordinis
880 595 1000 624 causa,
1024 590 1061 617 ut

76 637 228 680 populus
246 637 330 669 sciat
349 648 417 681 quo
444 642 601 679 tempore
626 635 910 667 conveniendum
941 641 991 668 est
1018 635 1058 667 ad

75 687 290 720 audiendum
317 685 567 729 Evangefium,
609 692 641 718 et
666 686 708 718 ad
734 697 878 718 coenam
904 684 1060 718 Domini.

75 736 167 779 Quia
196 738 288 770 enim
323 734 428 770 homo
462 736 670 770 naturaliter
698 737 863 779 intelligit
889 736 1061 773 ordinem,
1087 739 1089 772 ξ

75 795 107 821 et
138 789 263 821 ordine
295 788 398 820 debet
420 788 573 821 actiones
607 798 685 820 suas
717 788 946 827 distribuere,
982 787 1061 819 ideo

74 838 176 871 etiam
216 838 368 872 actiones
394 838 644 871 ecclesiasticae
675 850 776 870 suum
811 839 972 870 ordinem
1000 836 1062 869 ba-

77 890 159 921 bere
178 889 329 928 debent,
357 901 419 921 nec
437 895 549 932 potest
568 889 637 922 vita
657 889 786 922 talibus
803 890 930 922 ritibus
947 901 1063 921 carere

74 946 107 972 et
138 938 444 979 ordinationibus,
472 951 560 984 quae
584 941 785 972 conducunt
815 942 856 972 ad
880 937 1063 978 εὐταξίαν.

77 989 159 1023 Ideo
178 996 211 1023 et
236 989 367 1022 Paulus
394 991 578 1034 praecipit:
608 990 655 1024 Ut
679 991 796 1024 omnia
824 990 907 1024 fiant
934 991 968 1023 in
995 989 1062 1023 Ec·—

77 1040 179 1073 clesia
200 1040 363 1073 decenter
384 1048 417 1074 et
437 1043 529 1074 bono
547 1042 683 1074 ordine.

178 1097 341 1132 Tertium
359 1111 468 1142 genus
485 1107 533 1133 est
551 1100 794 1139 traditionum,
811 1112 888 1133 cum
906 1101 946 1132 ad
967 1100 1063 1132 adia-

75 1147 184 1193 pliora
202 1151 334 1183 accedit
359 1151 480 1194 opinio
506 1151 639 1191 cultus,
668 1151 803 1193 meriti,
832 1157 889 1183 ant
914 1151 1063 1183 necessi-

76 1201 167 1233 tatis.
245 1200 350 1233 Tales
395 1203 602 1235 traditiones
641 1203 830 1234 obscurant
865 1202 1061 1234 doctrinam

74 1249 280 1293 Evangelii,
311 1259 342 1284 et
368 1252 489 1298 opinio
507 1254 673 1285 accedens
690 1252 773 1285 facit
792 1264 832 1284 ex
858 1250 1062 1299 adiaphoris

75 1302 201 1344 impias
226 1302 442 1334 traditiones.
495 1302 578 1335 Ideo
606 1311 696 1336 recte
723 1303 901 1335 violantur
924 1310 956 1335 ct
978 1304 1062 1334 abo-

78 1352 215 1394 lentur,
243 1359 281 1385 ut
306 1353 364 1384 illa
395 1354 518 1397 opinio
543 1354 629 1386 salsa
654 1353 867 1394 corrigatur,
893 1353 974 1397 quia
1002 1365 1062 1385 ne-

75 1414 166 1435 cesse
197 1410 247 1436 est
281 1415 417 1436 errores
449 1406 491 1437 de
526 1404 642 1445 cultu,
676 1403 810 1437 meritis
847 1410 879 1437 et
912 1403 1062 1436 necessi-

77 1460 146 1486 tate
162 1454 276 1488 abiici.

175 1510 239 1544 Est
259 1519 372 1545 autem
400 1512 514 1546 cultus
543 1513 611 1546 tale
635 1525 743 1557 opus,
777 1513 876 1546 cuius
898 1513 977 1545 finis
995 1513 1063 1546 im-

76 1562 250 1595 mediatus
273 1569 324 1596 est
349 1575 420 1595 non
448 1564 641 1606 corporalis
665 1565 816 1604 utilitas,
851 1565 909 1596 sed
940 1571 977 1597 ut
1003 1576 1064 1607 per

76 1612 111 1644 id
129 1624 215 1655 opus
231 1612 327 1645 Deus
343 1610 479 1645 honore
504 1615 686 1649 afficiatur.
751 1614 847 1648 Sicut
870 1616 912 1646 de
939 1615 1063 1646 discri-

78 1662 173 1695 mine
189 1663 348 1695 ciborum
367 1664 471 1696 sentit
490 1665 661 1707 populus,
689 1662 755 1698 hoc
773 1676 860 1707 opus
878 1665 956 1697 ideo
977 1665 1062 1702 fieri,

80 1714 160 1757 quia
179 1714 220 1745 sit
239 1711 371 1753 honos,
400 1727 503 1758 quem
522 1716 677 1759 requirat
695 1722 753 1748 aut
771 1717 940 1758 approbet
957 1715 1063 1748 Deus.

77 1762 130 1796 De
155 1761 209 1796 his
233 1764 350 1809 inquit
371 1763 549 1799 Christus:
586 1765 728 1799 Frustra
755 1766 876 1800 colunt
894 1779 948 1799 ine
964 1779 1063 1799 nian-

77 1815 166 1847 datis
186 1812 384 1850 hominum.

178 1872 224 1907 Et
256 1874 453 1919 plerunque
486 1875 619 1907 accedit
649 1875 769 1916 opinio
802 1876 939 1918 meriti,
976 1888 1064 1920 qnae

77 1923 180 1958 habet
199 1925 472 1958 manifestiorem
499 1926 733 1967 impietatem,
762 1926 940 1964 videlicet,
968 1929 1062 1971 quod

78 1977 145 2009 tale
163 1988 249 2018 opus
266 1984 441 2009 mereatur
465 1977 707 2009 remissionem
736 1986 975 2019 peccatorum,

79 2027 184 2059 vitam
210 2034 404 2066 aeternam,
438 2029 531 2070 quod
559 2027 601 2059 sit
627 2027 782 2067 iusticia,

80 2077 125 2110 sit
148 2077 346 2110 satisfactio.

80 2128 186 2160 dendi
204 2134 296 2161 sunt.

818 2028 858 2060 sit
886 2030 1063 2070 perfectio,

406 2077 453 2110 Hi
486 2089 620 2110 errores
653 2078 843 2111 necessario
873 2078 1062 2123 reprehen-

181 2184 318 2230 Opinio
352 2186 586 2226 necessitatis,
629 2199 706 2219 cum
739 2188 883 2222 violatio
920 2196 1064 2233 putatur

79 2250 150 2270 esse
173 2244 349 2281 peccatum
375 2237 530 2273 mortale,
594 2236 694 2269 H.·nc
727 2239 932 2282 opinionem
958 2241 1061 2272 etiam

79 2291 220 2322 damnat
244 2287 495 2330 Evangelium,
532 2288 625 2320 iuxta
652 2288 757 2321 illud:
786 2289 895 2323 Nemo
921 2303 981 2323 vos
1007 2304 1061 2323 ar-

79 2346 160 2381 guat
188 2340 224 2371 in
249 2340 344 2379 cibo,
379 2346 463 2382 potu
490 2346 552 2373 etc.

81 2391 174 2433 quod
190 2388 422 2432 Evangelium
447 2391 663 2423 ordinaverit
689 2388 777 2422 hanc
803 2392 997 2425 libertatem
1026 2394 1063 2425 in

83 2441 143 2478 iis,
170 2452 256 2484 quae
281 2448 362 2473 sunt
388 2453 546 2473 concessa
573 2442 680 2473 verbo
708 2441 794 2481 Dei,
829 2455 890 2475 nec
918 2445 999 2476 velit
1026 2444 1061 2475 in

83 2491 211 2523 talibus
236 2491 407 2524 iusticiam
441 2500 499 2525 aut
526 2499 703 2535 peccatum
729 2493 908 2528 constitui.
967 2493 1090 2527 Ilaec

83 2553 208 2583 genera
227 2542 454 2575 traditionum
472 2543 673 2576 meminisse
692 2544 851 2585 prodest,
877 2552 914 2577 ut
933 2545 1064 2577 sciatur
1088 2538 1091 2555 ¹

82 2592 260 2636 quomodo
279 2593 481 2627 reiiciantur
496 2594 720 2635 traditiones,
737 2601 797 2628 aut
813 2607 961 2640 quarum
981 2607 1062 2629 usus

84 2642 228 2676 retineri
251 2644 368 2685 possit.

138 2695 319 2726 Menan-rii.
341 2696 441 2728 Omen.
471 2694 554 2729 Vei..
574 2698 654 2732 XV.

399 78 433 111 2.
461 75 826 112 COMMENTARH
851 76 900 111 lN
926 72 1080 110 EPIST.
1107 65 1254 102 PAULI
1282 64 1349 102 AD
1376 63 1640 103 ROMANOS-
1695 67 1800 105 CAP.
1828 70 1925 107 xlv.

1005 1983 1089 2011 aut¹

614 2338 845 2373 Sentit-ndum
874 2349 920 2374 est
945 2343 1062 2384 igitur,
1087 2351 1089 2354 '

2030 75 2105 112 722

1322 148 1384 179 De
1412 147 1616 179 libertate
1640 150 1903 187 Christiana.

1085 230 1088 250 1
1215 211 1283 245 Hic
1304 222 1444 244 necesse
1468 217 1518 244 est
1542 210 1648 245 etiam
1667 213 1737 247 dici
1763 215 1805 248 de
1821 215 1982 250 libertate
1998 215 2104 251 Chri-

1086 256 1089 312 }
1114 263 1237 296 stiana.
1292 261 1398 294 Facio
1423 268 1539 294 autem
1558 263 1708 297 docendi
1733 277 1835 299 causa
1856 275 2008 312 quatuor
2024 280 2104 312 gra-

1114 314 1178 346 dus
1195 313 1367 345 libertatis
1389 309 1622 347 Christianae.

1215 362 1357 395 Primus
1376 369 1442 402 est,
1469 364 1562 406 quod
1584 375 1654 396 non
1674 372 1816 408 propter
1833 368 1941 410 legem
1960 377 2020 403 aut
2038 382 2102 403 no-

1086 410 1090 458 i
1114 421 1202 447 stras
1222 414 1388 452 virtutes,
1415 412 1474 445 sed
1501 413 1606 454 gratis
1629 423 1771 458 propter
1794 415 1974 452 Christum
1993 422 2103 453 dona-

1087 462 1090 503 ί
1114 473 1171 498 tur
1193 463 1353 497 remissio
1381 470 1619 506 peccatorum,
1661 472 1693 498 et
1722 467 1909 509 imputatio
1933 470 2101 511 insuetae,

1087 508 1090 549 ss
1115 523 1148 549 et.
1171 516 1242 548 vita
1275 521 1435 551 aeterna,
1472 516 1577 546 modo
1609 521 1647 548 ut
1677 518 1858 551 credamus
1886 517 1969 552 haec
2000 522 2103 554 nobis

1114 567 1317 608 contingere
1336 572 1477 608 propter
1496 562 1690 599 Christum.
1735 566 1786 600 De
1804 565 1871 601 hoc
1891 571 2000 612 gradu
2018 584 2104 604 con-

1114 617 1276 650 cionatur
1303 613 1483 648 Christus:
1521 615 1560 648 Si
1579 627 1642 648 vos
1667 616 1759 650 filius
1777 618 1997 659 liberaverit,
2025 634 2104 656 vere

1114 669 1215 701 liberi
1236 667 1331 700 estis·

1218 717 1403 751 Secundus
1433 716 1561 758 gradus
1593 724 1661 757 est,
1705 721 1797 763 qnod
1832 720 1866 752 in
1900 721 2104 755 remissione

1087 775 1088 791 ³
1119 775 1341 813 peccatorum
1362 768 1515 800 donatur
1533 767 1685 808 Spiritus
1702 780 1859 811 sanctuS,
1886 772 1944 816 qui
1965 774 2105 806 adiuvet

1117 831 1198 859 nos,
1226 827 1262 853 ut
1281 819 1426 851 obedire
1455 818 1518 860 legi
1539 816 1603 850 Dei
1623 819 1847 863 incipiamus,
1875 830 1968 863 regat
1994 830 2027 856 et
2046 825 2106 856 de-

1117 871 1234 903 fendat
1262 882 1323 902 nos
1344 871 1510 900 adversus
1530 869 1673 901 insidias
1692 872 1837 907 diaboli,
1892 872 1959 906 Hic
1979 877 2106 916 gradus

1116 934 1193 954 cum
1211 920 1382 964 superiori
1403 920 1610 952 coniunctus
1629 928 1695 960 est,
1723 925 1781 954 sed
1808 925 1886 955 ideo
1908 925 2099 958 inenume—

1117 973 1253 1005 ratione
1269 972 1441 1009 discerno,
1461 977 1499 1003 ut
1518 971 1626 1013 magis
1647 974 1802 1016 conspici
1820 975 1983 1007 beneficia
2001 973 2106 1008 Chri-

1116 1024 1158 1055 sti
1176 1023 1320 1066 possint.
1374 1020 1453 1053 lluc
1477 1021 1623 1062 pertinet
1647 1023 1780 1056 dictum
1802 1023 1919 1058 Pauli:
1951 1025 2017 1059 Ubi
2036 1027 2106 1069 spi-

1120 1075 1209 1107 ritus
1244 1072 1407 1111 Domini,
1447 1072 1496 1103 ibi
1531 1072 1672 1104 libertas
1703 1081 1762 1108 est,
1828 1074 1859 1106 Is
1888 1077 1979 1107 enim
2006 1078 2107 1120 erigit

1116 1126 1239 1164 corda,
1278 1135 1322 1157 ne
1349 1123 1598 1166 opprimantur
1627 1125 1820 1157 terroribus
1855 1128 2002 1168 peccati,
2046 1135 2105 1160 aut

1116 1176 1194 1208 aliis
1219 1174 1431 1211 terroribus,
1468 1180 1525 1204 aut
1558 1180 1680 1207 morte.
1750 1174 1901 1218 Impellit
1936 1178 2039 1210 etiam
2069 1186 2107 1212 ut

1116 1226 1286 1269 incipiant
1310 1224 1454 1256 obedire
1475 1223 1567 1262 Deo,
1597 1224 1686 1258 sicut
1710 1227 1793 1258 alibi
1813 1227 1960 1261 dicitur:
1989 1228 2104 1271 Spiri-

1116 1284 1170 1309 tus
1197 1282 1334 1308 sanctus
1363 1275 1505 1306 adiuvat
1532 1274 1769 1308 infirmitatem
1789 1285 1953 1312 nostram.
2009 1278 2104 1312 Haec

1116 1328 1258 1359 libertas
1278 1327 1341 1358 erit
1362 1326 1494 1366 integra
1514 1332 1589 1368 post
1610 1328 1914 1363 resurrectionem.
1966 1328 2103 1363 Interea

1115 1386 1231 1411 tamen
1251 1377 1286 1408 in
1306 1375 1367 1408 hac
1384 1376 1454 1408 vita
1475 1375 1606 1407 incoari
1625 1389 1699 1408 eam
1723 1386 1876 1420 oportet,
1908 1380 1941 1411 in
1971 1381 2103 1413 exerci-

1117 1430 1172 1463 tiis
1202 1428 1279 1460 fidei
1305 1435 1335 1460 et
1361 1427 1604 1462 invocationis.
1661 1426 1703 1461 Et
1733 1429 1766 1462 in
1788 1428 1840 1462 his
1859 1431 2031 1464 exercitiis
2050 1432 2104 1464 in-

1116 1479 1286 1521 telligitur
1310 1486 1341 1510 et
1366 1477 1506 1516 crescit,
1542 1489 1622 1510 cum
1649 1487 1883 1513 sustentamus
1908 1493 1971 1514 nos
1998 1483 2104 1516 verbo

1116 1531 1198 1570 Dei,
1229 1537 1267 1561 ut
1292 1529 1474 1560 vincamus
1499 1535 1649 1561 terrores
1677 1542 1714 1562 ac
1744 1531 1894 1563 dolores.
1955 1533 2005 1565 Hi
2030 1535 2100 1566 duo

1116 1582 1244 1624 gradus
1267 1579 1509 1621 principaliter
1534 1587 1616 1612 sunt
1640 1578 1842 1614 Christiina
1871 1583 2032 1621 libertas,
2070 1591 2102 1617 et

1116 1632 1291 1675 pertinent
1309 1631 1349 1661 ad
1368 1630 1472 1661 vitam
1494 1630 1713 1672 spiritualem
1737 1640 1768 1664 et
1792 1639 1986 1674 aeternam,
2015 1646 2103 1678 quae

1115 1691 1230 1715 tamen
1257 1681 1293 1713 in
1312 1678 1375 1713 hac
1394 1680 1462 1712 vita
1482 1680 1654 1713 incoanda
1684 1688 1750 1721 est,
1779 1689 1810 1715 et
1838 1695 1958 1717 eorum
1983 1685 2104 1727 cogni-

1115 1734 1164 1767 tio
1183 1744 1343 1774 magnam
1363 1732 1638 1764 consolationem
1659 1733 1724 1775 piis
1748 1734 1874 1768 adfert.

1217 1782 1359 1815 Tertius
1384 1783 1512 1824 gradus
1538 1789 1605 1821 est,
1636 1785 1729 1827 quod
1753 1782 1984 1827 Evangelium
2015 1786 2102 1819 libe-

1116 1841 1168 1867 rat
1192 1845 1256 1866 nos
1281 1845 1297 1865 a
1322 1834 1529 1865 ceremoniis
1555 1841 1586 1866 et
1611 1834 1809 1866 forensibus
1839 1847 1901 1869 seu
1927 1837 2104 1870 iudiciali-

1116 1887 1180 1918 bus
1197 1885 1332 1927 legibus
1348 1883 1451 1917 Masi.
1509 1883 1576 1916 Hic
1605 1886 1732 1926 gradus
1757 1886 1875 1930 aliquo
1902 1888 2006 1920 modo
2024 1900 2104 1932 per-

1088 1952 1089 1963 t
1116 1937 1201 1968 tinet
1228 1937 1270 1967 ad
1297 1934 1504 1967 exteriorem
1532 1935 1658 1973 vitam,
1687 1937 1745 1968 sed
1774 1934 1876 1971 habet
1903 1949 2039 1970 causam
2066 1939 2103 1972 in

1430 1985 1511 2017 Ideo
1530 1987 1623 2018 enim
1644 1986 1874 2029 Evangelium
1895 2000 1964 2021 non
1984 1991 2103 2034 requi-

1116 2039 1160 2070 rit
1187 2037 1402 2069 ceremonias
1427 2035 1621 2080 Leviticas,
1657 2038 1738 2082 quia
1770 2040 1869 2072 docet
1907 2051 1969 2072 nos
1994 2040 2103 2074 iustos

1405 2099 1476 2119 nen
1503 2095 1647 2131 propter
1678 2089 1758 2121 illos
1785 2090 1916 2127 cultus,
1950 2097 2008 2124 aut
2034 2092 2101 2125 alia

1116 2147 1233 2171 nostra
1252 2150 1376 2181 opera,
1408 2139 1466 2170 sed
1495 2140 1562 2170 tide
1589 2151 1649 2182 per
1665 2140 1941 2172 misericordiam
1961 2150 2103 2184 propter

1115 2189 1307 2223 Clu-istum.
1362 2188 1407 2221 Et
1432 2201 1508 2221 cum
1529 2187 1762 2231 Evangelium
1787 2192 1907 2224 doceat
1931 2193 1973 2224 de
1998 2193 2103 2236 spiri-

1116 2242 1199 2273 tuali
1219 2248 1250 2274 et
1272 2248 1437 2283 perpetua
1458 2240 1593 2272 iusticia
1612 2241 1743 2277 cordis,
1772 2253 1842 2273 non
1869 2243 2016 2286 requirit
2039 2256 2102 2288 po-

1117 2293 1245 2329 litiam,
1283 2299 1315 2324 et
1342 2291 1432 2333 leges
1458 2292 1611 2323 forenses
1642 2291 1756 2330 Mosi,
1792 2294 1849 2324 sed
1879 2295 2038 2327 concedit
2065 2296 2102 2328 in

1115 2341 1179 2375 linc
1200 2343 1268 2374 vita
1286 2342 1457 2384 corporali
1475 2342 1525 2374 uti
1547 2342 1680 2383 legibus
1703 2344 1862 2375 omnium
1888 2344 2103 2386 politiarum,

1087 2422 1090 2430 Δ
1116 2395 1152 2426 in
1183 2394 1310 2437 quibus
1334 2393 1505 2431 xivimus,
1547 2394 1652 2425 modo
1682 2401 1719 2426 ut
1754 2394 1824 2427 sint
1849 2402 2102 2429 consentaneae

1088 2473 1089 2479 ,
1114 2445 1262 2484 rationi,
1297 2445 1386 2476 sicut
1419 2443 1579 2476 concedit
1609 2445 1768 2477 omnium
1796 2446 1952 2488 gentium
1983 2445 2101 2479 archi-

1117 2496 1287 2529 tectonica
1307 2501 1364 2527 aut
1385 2494 1559 2526 medicina
1578 2495 1640 2526 uti.

1217 2546 1286 2579 Sed
1318 2544 1375 2577 hic
1405 2551 1548 2588 quaerat
1575 2545 1720 2589 aliquis:
1755 2544 1844 2578 Cum
1869 2544 2100 2590 Evangelium

1117 2598 1260 2639 abroget
1287 2597 1394 2637 legem
1422 2594 1537 2634 Masi,
1579 2607 1641 2627 cur
1675 2609 1744 2628 non
1772 2597 1875 2629 etiam
1900 2600 2101 2640 decalogum

1118 2647 1287 2690 abrogat?
1319 2646 1522 2690 praesertim
1552 2657 1631 2678 curn
1658 2647 1717 2680 illa
1742 2659 1821 2692 pars
1848 2648 1932 2690 legis
1948 2650 1991 2682 sit
2008 2650 2102 2682 disfi-

1545 2695 1593 2729 46

1087 556 1089 581 i

1087 587 1090 679 ἓ

1087 683 1090 735 z

1115 1987 1369 2029 superioribus.

1088 2095 1090 2108 *
1117 2087 1365 2132 pronunciari,
