2415 2942
130 99 203 135 813
324 94 425 131 XIII.

477 95 513 132 5.
539 91 837 130 ENARRATIO
865 92 1018 130 EPIST.
1046 89 1193 127 PAULI
1222 92 1292 126 AD
1320 91 1582 129 ROMANOS.
1634 93 2009 131 ARGUMENTUM.

2106 96 2179 132 814

133 181 260 220 Matth.
285 181 319 216 5.
356 180 442 216 haec
471 180 713 225 interpretatio
747 179 977 224 proponitur,
1016 185 1053 212 ut
1084 177 1157 215 sitl
1191 177 1387 211 admonitio
1414 179 1599 218 recitatur,
1644 193 1687 213 ne
1713 180 1869 214 iuniores
1901 181 2046 224 politico
2080 194 2178 215 moue

133 235 292 270 doctrina
321 233 577 278 poenitentiae,
611 239 644 266 et
666 230 784 275 agnito
808 236 950 279 peccato
978 241 1129 274 quaera-

134 295 193 322 tur
213 285 398 319 mediator.

237 336 336 371 Sicut
355 342 469 369 autem
486 332 667 368 Pharisaei
695 332 781 366 olim
809 338 945 365 tantum
969 329 1128 374 discipli-

136 400 218 422 nam
238 394 417 421 externam
437 386 631 420 satisfacere
656 384 721 426 legi
741 382 806 417 Dei
832 383 1128 426 imaginabantur,

137 447 170 474 et
193 445 310 483 postea
336 437 465 471 multos
492 448 627 469 errores
662 433 896 477 affingebant,
935 431 999 466 hac
1023 432 1127 466 disci-

138 490 235 534 plina
261 486 424 522 homines
452 487 578 520 mereri
613 485 858 519 remissionem
892 491 1127 528 peccatorum,

136 542 239 578 item,
267 540 377 573 iustos
402 550 475 571 esse
493 536 557 571 hac
582 536 768 580 disciplina
794 547 911 568 coram
928 534 1004 568 Deo
1028 542 1060 569 et
1084 535 1127 567 de
1152 540 1154 560 ἒ

137 592 330 624 mediatore
364 600 505 634 prorsus
528 588 708 621 silentium
733 593 816 619 erat.
887 586 936 620 Ita
963 598 1064 628 saepe
1089 585 1125 617 in

137 641 293 676 Ecclesia
311 641 442 674 similes
458 650 592 672 errores
609 639 677 672 late
694 637 807 680 vagati
827 645 928 676 sunt,
957 638 1005 670 sic
1021 636 1123 670 Pela-

136 693 229 737 giani
254 700 285 726 et
310 698 463 725 recentes
488 689 694 734 scriptores,
729 685 909 726 Thomas,
945 688 1070 722 Scotns
1094 694 1126 720 et
1152 711 1153 715 ,

137 744 268 777 similes
302 743 497 781 finxerunt,
541 738 704 773 homines
727 739 792 782 legi
829 740 898 772 Dei
929 739 1126 773 satisfacere

138 792 202 827 liae
227 793 433 836 disciplina,
477 798 510 825 et
542 790 667 823 mereri
697 790 939 823 remissionem
969 798 1126 834 peccato-

138 857 234 882 rum,
277 851 307 876 et
339 843 448 876 iustos
480 853 552 875 esse
582 853 701 874 coram
727 841 798 875 Deo
829 839 892 874 hac
927 841 1126 884 disciplina.
1152 860 1153 867 κ

136 894 212 928 Hae
238 894 366 936 impiae
396 892 666 935 imaginationes
694 899 726 926 et
760 892 869 935 legem
894 900 926 926 et
956 892 1124 925 beneficia

137 945 199 978 filii
226 944 293 978 Dei
321 945 612 978 obscuraverunt.

136 996 314 1029 intellectu
333 994 416 1037 legis
437 1006 574 1027 necesse
591 1001 658 1034 est,
686 994 774 1027 sicut
799 1003 829 1028 et
848 993 980 1028 Paulus
1003 996 1036 1029 2.
1055 994 1126 1028 Co-

136 1044 234 1080 rinth
250 1046 284 1079 3.
311 1045 477 1078 discernit
495 1042 729 1088 pharisaicum
756 1045 972 1078 intellectum
999 1045 1084 1087 legis
1107 1057 1124 1077 a

138 1110 220 1131 vero
247 1097 439 1130 intellectu.
503 1096 683 1139 Sapientia
708 1093 862 1129 humana
892 1096 1051 1130 intuetur
1075 1096 1126 1128 sa-

136 1149 224 1182 ciem
251 1148 356 1181 Moisi
381 1148 528 1181 velatam
546 1174 554 1187 ,
593 1147 626 1180 id
655 1154 722 1186 est,
764 1153 940 1180 externam
967 1147 1124 1190 discipli-

136 1210 218 1232 nam
238 1198 412 1232 existimat
433 1210 504 1231 esse
518 1198 602 1241 legis
620 1198 874 1241 impletionem.
904 1198 970 1232 Sed
984 1199 1126 1243 quando

135 1250 341 1284 indicantur
359 1250 463 1282 corda
484 1249 520 1281 in
541 1261 620 1281 vera
652 1249 866 1292 poenitentia
894 1262 954 1293 per
977 1260 1127 1291 evange-

137 1301 245 1334 licum
265 1299 525 1340 Ministerium,
555 1300 674 1344 aliquo
701 1301 806 1332 modo
833 1301 1000 1341 retegitur
1022 1299 1127 1332 facies

136 1351 264 1390 Moisi‚
292 1357 324 1384 et
344 1351 566 1394 cognoscitur
582 1350 752 1383 iudicium
771 1349 836 1383 Dei
863 1352 1029 1383 adversus
1048 1362 1126 1394 pec-

136 1409 229 1444 cata,
257 1401 488 1445 significatum
504 1402 614 1435 radiis
632 1401 760 1446 sparsis
779 1414 818 1435 ex
837 1402 924 1435 facie
943 1401 1064 1437 Moisi.

490 1493 552 1524 De
583 1491 774 1524 Peccato-

241 1554 381 1588 Peccati
407 1555 550 1587 nomine
568 1554 699 1587 Paulus
726 1567 826 1598 saepe
844 1555 956 1588 utitur
975 1568 1038 1600 pro
1058 1562 1129 1588 tota

142 1605 259 1640 radice
274 1613 307 1639 et
323 1605 423 1637 malis
441 1605 632 1644 fructibus,
661 1606 719 1638 sed
735 1607 886 1638 docendi
910 1618 1011 1639 causa
1039 1613 1130 1638 recte

143 1663 173 1690 et
192 1656 327 1689 utiliter
343 1655 469 1688 tradita
487 1662 535 1688 est
549 1656 729 1688 distinctio
742 1657 869 1700 peccati
883 1654 1080 1699 Originalis
1098 1663 1130 1689 et

143 1707 312 1742 Actualis.
354 1704 404 1739 Ac
423 1718 565 1749 prorsus
582 1718 619 1738 ac
635 1705 791 1739 Ecclesia
809 1718 946 1739 necesse
967 1714 1015 1740 est
1033 1708 1131 1747 scire,

142 1764 321 1803 peccatum
342 1769 413 1789 non
431 1764 566 1790 tantum
584 1757 778 1799 significare
799 1757 941 1790 vitiosas
965 1758 1131 1795 actiones,

142 1815 181 1843 ut
200 1807 436 1852 grammaticis
457 1808 596 1840 videtur
615 1819 739 1840 sonare
758 1808 968 1841 vocabulum
981 1833 989 1847 ,
1018 1821 1077 1842 seu
1093 1815 1131 1841 ut

141 1861 185 1892 de
219 1858 354 1891 vitiosis
388 1858 586 1891 actionibus
621 1865 681 1891 aut
716 1856 897 1891 habitibus
935 1859 1131 1904 loquuntur

142 1907 373 1953 Philosophi,
396 1915 455 1942 aut
475 1909 565 1951 leges
584 1909 764 1952 politicae,
792 1911 849 1942 sed
867 1908 1004 1943 Ebraea
1023 1907 1130 1954 phra-
1156 1917 1158 1947 ξ

141 1961 188 1994 sis
204 1960 365 1993 nominat
376 1958 558 1992 Peccatum
575 1961 705 1993 malum
719 1962 956 2006 quodcunque
973 1973 1132 2005 pugnans
1156 1984 1158 2021 ζ
1184 1976 1264 2010 Non
1283 1977 1364 2009 estis
1382 1978 1447 2011 sub
1471 1978 1563 2020 lege,
1591 1981 1648 2011 sed
1667 1981 1732 2013 sub
1757 1981 1864 2024 graia
1879 2008 1888 2020 ‚
1917 1993 1988 2013 non
2014 1980 2095 2013 satis
2121 1988 2171 2013 est

875 2010 1132 2056 complectitur
1157 2027 1158 2030 ¹

145 2074 227 2104 ²¹30
244 2074 316 2093 ¹¹⁰⁰
335 2068 471 2118 *fimum
492 2070 633 2094 ‘'¹¹¹⁰”S
657 2070 829 2120 ³⁰‚¹¹}'ne⁵’
859 2065 1046 2119 ⁵edqel¹³¹m
1075 2075 1131 2120 ¹⁸³J
1156 2076 1158 2109 l
1185 2090 1277 2112 cesse
1294 2086 1360 2119 est,
1388 2081 1484 2122 prins
1511 2078 1600 2114 hanc
1626 2082 1863 2115 dulcissimam
1895 2083 2171 2115 consolationem

145 2113 276 2151 dicem,
305 2111 457 2152 scilicet,
491 2112 623 2145 malum
647 2115 838 2156 originale,
874 2126 972 2147 cuins
999 2115 1131 2147 descri-
1157 2131 1158 2137 κ

679 2163 782 2197 Nunc
808 2165 981 2207 generalis
1005 2165 1131 2198 defini-
1156 2170 1158 2188 ²

143 2024 221 2044 cum
240 2011 307 2053 legi
324 2010 406 2048 Dei,
435 2017 466 2043 et
484 2023 581 2043 reum
600 2024 716 2044 coram
736 2010 822 2047 Deo.

145 2165 218 2207 ptio
244 2163 334 2195 infra
352 2163 530 2195 recitanda
550 2164 626 2198 erit.

144 2214 210 2255 tio,
244 2213 458 2246 conveniens
492 2221 524 2247 et
557 2215 719 2258 originali
753 2222 785 2249 et
817 2217 944 2251 actuali
980 2224 1132 2260 peccato,

144 2265 310 2299 constitui
330 2264 409 2298 talis
429 2272 550 2308 potest.

245 2315 430 2349 Peccatum
457 2323 505 2349 est
531 2317 703 2356 desectus,
746 2317 801 2350 vel
834 2318 1034 2356 inclinatio,
1076 2318 1130 2351 vel

146 2368 255 2410 actio,
290 2378 450 2414 pugnans
476 2380 554 2400 cum
580 2368 654 2411 lege
680 2367 764 2409 Dei,
797 2368 980 2402 offendens
1006 2369 1132 2410 Deum,

148 2425 182 2451 et
200 2430 416 2451 commerens
443 2426 600 2451 aeternas
624 2431 774 2463 poenas,
802 2420 868 2452 nisi
896 2420 982 2453 facta
1007 2420 1051 2452 sit
1076 2432 1131 2452 re-

149 2469 267 2502 missio
285 2476 426 2512 propter
439 2469 549 2502 filium
568 2469 642 2504 Dei.
689 2470 850 2504 Sumitur
867 2478 982 2504 autem
1000 2478 1032 2504 et
1047 2468 1130 2504 haec

147 2519 304 2552 definitio
323 2531 362 2552 ex
380 2520 472 2554 dicto
490 2519 615 2556 Moisi:

149 2577 208 2603 net
225 2570 259 2602 in
280 2570 463 2612 omnibus,
481 2584 569 2616 quae
585 2573 713 2615 scripta
730 2580 811 2606 sunt
829 2574 864 2605 in
883 2574 967 2616 lege.
1006 2572 1129 2606 Postea

148 2628 263 2654 antem
296 2621 469 2664 copiosius
511 2624 744 2667 explicabitur
785 2624 965 2657 distinctio
1000 2624 1130 2667 pcccati

146 2671 328 2716 originalis
354 2678 386 2705 et
411 2674 566 2709 actualis.
633 2673 735 2708 Nunc
768 2676 861 2708 enim
898 2673 981 2708 haec
1015 2675 1130 2708 brexis

1156 1703 1157 1712 ¹
1184 1668 1360 1710 hominis,
1389 1672 1444 1704 cui
1469 1673 1699 1705 remittuntur
1726 1681 1875 1717 peccata.

1190 235 1328 262 tantum
1356 236 1479 273 putent
1503 238 1643 264 externa
1670 232 1795 265 delicta
1821 233 1998 266 nominari
2027 241 2176 277 peccata,

1187 280 1246 311 sed
1266 286 1303 313 ut
1328 280 1460 324 sciant,
1488 293 1613 325 magna
1642 283 1809 316 interiora
1834 284 1923 316 mala
1949 296 2041 322 esse,
2070 285 2175 318 dnbi-

1183 335 1277 370 tare,
1309 341 1354 363 an
1377 339 1473 364 curet
1499 330 1594 366 Deus
1619 331 1792 375 humana,
1828 346 1871 367 an
1902 347 1982 368 vere
2005 335 2174 369 irascatur

1181 380 1343 414 omnium
1371 382 1537 424 peccatis,
1569 396 1613 416 an
1640 397 1718 417 vere
1737 385 1879 428 recipiat
1897 398 2018 419 omnes
2033 394 2173 430 agentes

1182 432 1448 474 poenitentiam.
1504 432 1611 475 Item,
1644 446 1716 467 esse
1739 435 1814 467 sine
1840 436 1967 469 timore
1985 436 2068 477 Dei,
2096 437 2172 470 sine

1180 482 1246 516 fide
1275 489 1307 516 et
1334 483 1409 516 sine
1435 484 1579 526 fiducia,
1607 485 1682 518 sine
1703 486 1893 519 dilectione
1911 487 1994 528 Dei,
2023 488 2097 521 sine
2114 488 2170 520 in-

1180 533 1386 572 vocatione,
1414 535 1544 578 fingere
1562 537 1732 569 secundas
1758 544 1790 570 et
1815 539 1977 570 adversas
2005 550 2058 571 res
2080 539 2171 571 acci-

1179 585 1279 625 dere,
1308 586 1361 617 vel
1389 586 1425 617 in
1452 586 1608 619 adversis
1633 587 1733 619 irasci
1756 586 1853 628 Deo,
1883 595 1915 622 et
1942 589 2060 632 fugere
2080 602 2171 623 eum.

1182 634 1280 675 Item,
1308 637 1413 669 corde
1431 644 1673 670 contumacem
1693 649 1764 671 esse
1782 640 1948 672 adversus
1966 640 2074 682 legem
2092 639 2171 682 Dei,

1179 693 1212 720 et
1233 688 1356 719 ardere
1374 688 1494 721 multis
1514 688 1663 721 flammis
1681 689 1874 722 errantium
1894 690 2141 733 cupiditatum.

1281 753 1375 787 Haec
1410 767 1533 798 magna
1569 755 1728 789 confusio
1756 756 1929 789 malorum
1957 757 1993 790 in
2025 755 2171 791 homine

1179 806 1398 848 agnoscenda
1418 814 1449 839 et
1468 806 1686 850 deploranda
1704 815 1766 848 est,
1794 814 1825 841 et
1842 809 2036 849 sciendum,
2059 809 2171 843 multo

1180 857 1280 900 plura
1301 857 1390 889 mala
1410 857 1538 900 peccati
1559 858 1703 890 nomine
1720 857 1974 902 comprehendi
1994 860 2030 892 in
2049 858 2170 893 Eccle-

789 943 795 950 ,
829 944 836 950 ,
858 943 866 950 ,
1151 908 1248 953 3sia,
1293 919 1397 951 quam
1433 909 1469 940 in
1505 906 1732 956 philosophia
1760 916 1791 943 et
1823 911 1964 954 politica
1997 911 2172 945 doctrina.

666 942 761 976 Haec
787 951 890 976 initio
917 955 1060 976 monere
1084 944 1126 975 de
1151 959 1153 962 ·

1179 955 1350 991 Monachi
1386 971 1468 992 vero
1507 966 1540 992 et
1577 957 1643 993 hoc
1681 961 1891 994 vocabulum
1925 970 2171 1006 corruperunt,

1179 1010 1259 1055 quia
1280 1016 1427 1051 negant,
1454 1010 1586 1043 malum
1605 1011 1778 1053 originale
1798 1012 1834 1044 in
1851 1013 1983 1046 renatis
1998 1024 2070 1046 esse
2096 1026 2170 1046 ma—

1178 1061 1251 1094 lum
1270 1072 1429 1105 pugnans
1446 1074 1524 1094 cum
1542 1062 1616 1105 lege
1634 1062 1719 1101 Dei,
1740 1069 1804 1098 etc.

1548 1150 1608 1182 De
1640 1150 1804 1183 Gratia.

1282 1211 1420 1245 Nomen
1446 1211 1590 1246 Gratiae
1616 1214 1715 1246 valde
1740 1215 1963 1247 obscuratum
1991 1221 2059 1255 est,
2090 1227 2168 1248 cnm

1181 1261 1346 1296 monachi
1377 1270 1513 1296 tantum
1549 1274 1764 1308 usurparunt
1797 1278 1859 1309 pro
1886 1262 2009 1299 habitu
2043 1266 2171 1306 infuso,

1180 1322 1213 1348 et
1240 1312 1323 1346 hinc
1349 1315 1513 1347 tenebrae
1535 1324 1703 1359 sequutae
1731 1324 1813 1349 sunt
1841 1316 1876 1348 in
1904 1317 2068 1349 universa
2105 1318 2169 1349 do-

1182 1366 1294 1398 ctrina
1321 1365 1364 1397 de
1394 1363 1536 1405 Gratia,
1570 1366 1733 1407 Iusticia‚
1762 1374 1793 1401 et
1817 1366 1915 1402 Fide.
1977 1368 2170 1402 Sciendum

1182 1424 1233 1449 est
1259 1416 1384 1458 igitur,
1421 1412 1642 1449 Gratiam
1672 1418 1868 1461 significare
1889 1419 2076 1462 gratuitam
2104 1419 2171 1451 mi-

1182 1467 1431 1509 sericordiam,
1459 1481 1518 1501 seu
1536 1469 1778 1501 remissionem
1798 1478 2038 1513 peccatorum,
2064 1478 2096 1504 et
2114 1483 2170 1504 ac-

1183 1519 1435 1562 ceptationem,
1470 1520 1635 1552 donatam
1663 1528 1806 1564 propter
1827 1521 1960 1559 filium,
1998 1534 2076 1554 cum
2101 1533 2170 1566 qua

1182 1577 1300 1603 tamen
1329 1569 1515 1602 coniuncta
1543 1577 1593 1603 est
1615 1572 1758 1604 donatio
1776 1571 1929 1616 Spiritus
1955 1572 2084 1611 sancti,
2112 1584 2170 1605 ac-

1183 1619 1365 1653 cendentis
1383 1633 1509 1653 novam
1530 1621 1655 1661 lucem,
1671 1629 1703 1656 et
1719 1634 1828 1656 novas
1846 1622 1994 1656 virtutes
2012 1623 2048 1655 in
2065 1625 2170 1656 corde

1933 1673 2053 1708 Utitur
2078 1673 2170 1707 Pau-

1156 1757 1158 1760 ,
1184 1722 1239 1754 lus
1273 1723 1410 1754 duabus
1441 1723 1738 1767 appellationIbus
1758 1752 1766 1765 ,
1810 1733 1848 1759 ut
1874 1726 2050 1758 discernat
2086 1723 2170 1758 haec

1185 1774 1272 1805 duo:
1309 1773 1533 1815 gratuitatam
1565 1776 1837 1818 acceptationem
1868 1783 1898 1809 et
1925 1788 2033 1809 novas
2059 1776 2171 1809 virtu-

1184 1830 1235 1857 tes
1260 1823 1296 1856 in
1320 1824 1422 1856 nobis
1452 1837 1623 1861 accensas.
1699 1825 1805 1860 Rom.
1831 1825 1883 1862 5.:
1920 1827 2037 1860 Multo
2062 1828 2172 1870 magis

1184 1875 1292 1917 gratia
1319 1874 1404 1913 Dei,
1440 1883 1471 1909 et
1499 1877 1632 1909 donum
1662 1890 1722 1921 per
1754 1879 1920 1921 gratiam,
1964 1891 2024 1922 per
2056 1877 2169 1911 Iesum

1185 1923 1363 1960 Christum
1385 1926 1420 1958 in
1439 1927 1567 1960 multos
1586 1930 1788 1964 exuberant.
1848 1929 1906 1964 Sic
1926 1942 2003 1962 cum
2024 1929 2170 1963 dicitur:

1185 2028 1233 2061 sic
1261 2028 1430 2071 intelligi,
1457 2031 1702 2072 gubernamini
1723 2028 1845 2065 habitu
1868 2032 2004 2070 infuso,
2032 2033 2088 2064 sed
2110 2044 2172 2064 ne-

1185 2137 1319 2163 tenere:
1349 2131 1428 2163 estis
1451 2132 1516 2164 snb
1535 2132 1663 2174 gratia,
1691 2133 1725 2166 id
1746 2141 1814 2174 est,
1843 2131 1977 2166 habetis
1996 2134 2173 2166 remissio-

1186 2194 1264 2213 nrm
1302 2190 1541 2224 peccatorum,
1582 2191 1615 2216 et
1649 2186 1778 2227 accepti
1808 2185 1888 2217 estis
1922 2184 1996 2217 Deo
2031 2192 2173 2227 propter

1185 2232 1436 2273 mediatorem,
1471 2235 1596 2277 gratis,
1626 2235 1761 2268 etiamsi
1780 2234 1894 2268 adhuc
1915 2235 1950 2267 in
1972 2236 2072 2268 vobis
2089 2235 2172 2268 reli-

1185 2283 1288 2327 quiae
1313 2291 1391 2317 snnt
1418 2286 1568 2332 peccati,
1593 2298 1717 2329 magna
1736 2286 1938 2327 infirmitas,
1966 2294 1997 2320 et
2019 2286 2171 2320 multum

1184 2334 1353 2370 sordium.

1456 2409 1519 2439 De
1542 2409 1896 2450 Iustife'catione.

1288 2468 1447 2511 Iusticia,
1489 2484 1567 2504 cum
1609 2473 1652 2504 de
1684 2472 1769 2515 legis
1798 2471 1937 2506 lusticia
1971 2472 2172 2517 loquimur,

645 2520 858 2555 Maledictus
875 2522 934 2566 qni
959 2534 1030 2555 non
1055 2534 1129 2554 ma-
1153 2493 1157 2554 l
1184 2521 1356 2564 significat
1380 2523 1526 2556 virtutes
1552 2523 1588 2555 in
1610 2523 1730 2563 nobis,
1758 2531 1789 2557 et
1817 2523 1932 2557 Iustus
1958 2523 2048 2556 idem
2077 2526 2172 2568 quod

1185 2570 1317 2605 habens
1336 2573 1413 2606 illas
1437 2574 1593 2609 virtutes.
1647 2573 1742 2607 Haec
1766 2587 1844 2608 cum
1871 2572 2114 2618 philosophica
2141 2581 2174 2608 et

1183 2623 1305 2666 legalia
1325 2624 1417 2664 sint,
1445 2621 1604 2658 Thomas
1623 2633 1654 2659 et
1671 2626 1804 2659 similes
1826 2633 1962 2659 tantum
1984 2623 2048 2657 hoc
2066 2628 2172 2657 modo

1184 2674 1432 2708 intellexerunt
1468 2671 1551 2709 haec
1579 2677 1749 2711 vocabula
1778 2678 1821 2710 de
1843 2676 2093 2722 qualitatibuS,
2137 2683 2173 2709 ct
