2415 2942
394 195 452 228 De
473 192 618 227 iusticia
643 191 730 239 quia
756 188 809 224 ad
826 196 966 238 patrem
993 188 1098 225 cado.

357 270 431 303 lloc
463 269 663 301 membrum
694 266 814 300 multis
838 265 1088 310 interpretibus
1111 264 1236 297 obscu-

255 323 328 356 rius
354 322 464 352 xisnm
490 326 549 351 est.
603 317 702 360 Quae
721 324 770 350 est
789 317 882 349 enim
901 314 984 349 haec
1002 328 1092 348 nova
1111 315 1236 348 delini-

255 375 303 406 tio
328 371 499 409 iusticiac,
535 369 668 401 iusticia
695 375 812 401 nostra
839 374 890 400 est
916 367 1082 400 transitus
1105 363 1235 399 Christi

256 424 297 455 ad
322 421 480 465 patrem?
533 419 651 461 Longe
674 419 766 451 enim
786 418 887 451 aliter
906 418 958 450 lex
977 417 1109 462 inquit,
1137 417 1237 450 insti-

255 474 343 506 ciam
370 478 525 504 nostram
548 481 619 502 esse
638 469 871 502 obedientiam
892 469 984 502 iuxta
1000 468 1117 501 omnia
1137 479 1237 510 prae-

255 530 363 566 cepta.
416 521 482 555 Sed
501 521 571 553 dixi
588 532 710 568 supra,
737 520 778 552 iis
795 520 853 564 qui
871 520 1033 563 ignorant
1049 518 1236 551 discrimen

256 575 341 617 legis
370 579 402 605 et
427 571 628 613 Evangelii,
665 568 757 603 hunc
788 570 903 603 locum
937 581 1047 606 meras
1078 569 1237 602 tenebras

257 636 338 657 esse.

257 676 339 720 quid
366 674 511 706 dicatur.
568 671 699 704 Verum
727 679 772 704 est
795 672 877 714 legis
896 671 1065 704 iusticiam
1085 681 1156 702 esse
1173 682 1237 701 no-

258 734 344 758 stras
379 724 542 765 virtutes,
578 724 634 755 sed
669 723 823 761 iusticia,
858 734 945 766 quae
975 722 1010 753 in
1044 720 1238 760 Evangelio

258 778 429 814 donatur,
467 781 515 806 est
539 772 669 806 Christi
696 774 862 805 transitus
885 779 917 804 et
939 783 1095 812 regnum.
1149 770 1236 802 Nam

257 834 402 873 propter
424 825 628 861 transitum,
660 824 692 854 id
713 832 780 862 est,
811 829 956 854 mortem
973 820 1124 859 Christi,
1152 822 1238 852 ‹lan-

256 886 315 911 tur
347 875 448 908 nobis
472 876 628 907 remissio
657 879 895 915 peccatorum,
929 878 961 904 et
987 870 1239 904 reconciliatio:

258 940 317 961 seu
345 925 509 959 transitus
534 932 566 957 et
593 935 685 955 mors
703 921 835 955 Christi
858 924 1038 955 donantur
1054 921 1176 962 nobis,
1203 929 1241 954 nt

257 984 400 1022 propter
426 972 491 1007 hoc
518 973 724 1007 sacrificium
751 974 858 1005 simus
884 973 1024 1016 accepti.
1090 970 1136 1004 Et
1159 972 1240 1018 quia

257 1027 419 1061 Christus
449 1026 543 1058 sedet
577 1025 618 1056 ad
649 1024 801 1056 dextram
829 1024 952 1067 patris,
985 1029 1017 1056 et
1042 1022 1242 1066 interpellat

257 1091 322 1123 pro
342 1077 462 1116 nobis,
490 1087 608 1108 sumus
627 1072 821 1107 haereditas
840 1071 990 1111 Christi,
1017 1080 1049 1106 et
1067 1074 1243 1106 donamur

259 1129 395 1173 Spiritu
427 1133 565 1165 sancto,
603 1132 742 1158 aeterna
774 1125 909 1157 iusticia
943 1131 974 1157 et
998 1124 1080 1158 vita.
1147 1122 1243 1156 Haec

259 1177 515 1222 simplicissima
543 1176 785 1219 interpretatio
811 1187 889 1207 vera
916 1182 948 1208 et
967 1175 1083 1207 nativa
1102 1180 1169 1214 est,
1196 1173 1243 1206 si-

261 1237 318 1263 cut
334 1234 465 1267 constat
482 1238 581 1270 saepe
598 1227 694 1270 loqui
712 1225 879 1266 Paulum,
909 1232 947 1258 nt
968 1226 997 1260 1.
1016 1224 1096 1260 Cor.
1117 1227 1162 1259 1.:
1189 1222 1243 1257 Ex

262 1282 336 1324 ipso
362 1291 423 1311 vos
439 1278 520 1311 estis
538 1278 573 1309 in
591 1275 732 1310 Christo
754 1276 846 1317 lesu,
874 1276 933 1320 qui
949 1276 1059 1308 sactus
1076 1282 1125 1308 est
1141 1275 1244 1307 nohis

262 1330 432 1374 sapientia
455 1340 472 1362 a
499 1327 595 1365 Deo,
631 1334 662 1360 et
691 1327 843 1366 iusticia,
879 1334 910 1359 et
935 1326 1184 1368 sanctificatio,
1212 1332 1244 1357 et

261 1381 442 1415 redemtio.
496 1377 557 1412 Ait
577 1376 757 1411 Christum
785 1389 854 1409 esse
879 1384 1032 1409 nostram
1058 1376 1244 1415 iusticiam,

262 1433 355 1477 quod
388 1437 538 1474 utroque
571 1429 675 1461 modo
703 1428 936 1469 intelligatur,
971 1434 1004 1460 et
1027 1427 1108 1471 quia
1135 1426 1245 1470 ipsius

261 1482 398 1515 iusticia
416 1480 519 1513 nobis
535 1480 702 1518 donatur,
731 1476 795 1510 hoc
812 1485 879 1518 est,
908 1485 1050 1521 propter
1066 1489 1143 1509 eum
1162 1477 1243 1510 iusti

262 1541 295 1566 et
315 1532 442 1575 accepti
460 1541 597 1569 sumus,
625 1536 656 1562 et
674 1530 753 1573 quia
773 1529 876 1562 efficit
892 1529 926 1560 in
946 1528 1047 1560 nobis
1066 1539 1192 1559 novam
1212 1534 1246 1560 et

261 1591 438 1617 aeternam
464 1580 635 1614 iusticiam
665 1588 694 1612 et
721 1579 838 1613 vitam.
892 1578 1031 1621 Cogites
1057 1578 1164 1620 igitur
1191 1578 1244 1610 iu-

263 1635 395 1667 sticiam
430 1640 525 1666 tuam
554 1642 644 1670 esse,
678 1642 749 1662 non
782 1630 927 1662 virtutes
960 1636 1054 1667 tuas,
1088 1635 1122 1661 et
1150 1635 1244 1661 tuam

262 1683 492 1722 munditiem,
527 1682 585 1714 sed
618 1681 754 1714 intuere
783 1680 893 1713 silium
920 1679 986 1713 Dei
1018 1679 1244 1711 mediatorem

262 1748 327 1780 pro
362 1741 394 1767 te
427 1744 564 1776 passum
593 1738 625 1764 et
650 1731 911 1771 resuscitatum,
944 1742 982 1762 ac
1008 1741 1101 1761 nunc
1124 1741 1186 1773 pro
1213 1736 1245 1762 te

263 1784 560 1828 interpellantem.
614 1781 730 1815 Huius
755 1781 889 1814 iusticia
906 1781 969 1815 tibi
988 1781 1158 1818 donatur,
1187 1780 1245 1818 ita,

263 1844 301 1869 nt
333 1836 377 1868 sis
404 1841 546 1878 propter
571 1845 649 1866 eum
675 1833 785 1865 iustus
809 1838 841 1865 et
864 1838 1042 1876 acceptus,
1076 1837 1108 1864 et
1134 1843 1177 1863 ne
1204 1831 1247 1863 sit

264 1894 399 1919 tantum
427 1884 613 1928 imputatio
638 1889 800 1916 manente
824 1890 964 1926 peccato
983 1889 1015 1915 et
1034 1888 1164 1922 morte,
1190 1878 1246 1914 bic

264 1936 438 1971 iusticiam
455 1942 487 1968 et
504 1935 608 1968 vitam
628 1941 803 1967 aeternam
824 1934 861 1966 in
879 1933 982 1967 nobis
997 1931 1113 1968 efficit.

367 2011 485 2055 Quare
509 2023 586 2044 cum
610 2011 754 2043 dicitur:
790 2009 942 2052 Spiritus
965 2016 1106 2042 sanctus
1128 2014 1247 2051 arguet

264 2064 438 2097 mundum
463 2063 506 2095 de
528 2061 684 2101 iusticia,
714 2059 803 2092 hanc
828 2061 935 2103 ipsam
956 2060 1104 2093 rationis
1122 2057 1247 2091 liuma-

264 2127 331 2147 nae
360 2113 563 2157 opinionem
595 2118 835 2143 accusaturum
860 2122 931 2142 esse
957 2110 1124 2149 affirmat,
1161 2121 1248 2153 quae

265 2165 363 2207 fingit
380 2161 540 2197 homines
556 2173 626 2194 esse
645 2163 769 2199 iustos,
797 2161 830 2192 id
851 2168 918 2199 est,
946 2158 1111 2192 habentes
1128 2160 1248 2191 remis-

268 2217 398 2247 sionem
427 2220 664 2258 peccatorum,
694 2219 724 2245 et
747 2218 920 2254 acceptas,
948 2217 1090 2253 propter
1108 2210 1248 2253 propria

266 2265 411 2299 honesta
437 2264 615 2302 exercitia,
648 2264 814 2301 virtutes,
849 2262 983 2304 cultus,
1017 2261 1249 2304 disciplinam.

269 2316 364 2349 Sicut
387 2315 526 2354 ludaei,
556 2311 842 2350 Mahometistae,
871 2311 1141 2354 Anabaptistae,
1169 2311 1250 2344 Mo-

268 2364 392 2406 nacbi,
415 2373 446 2397 et
468 2376 588 2398 omnes
612 2362 816 2409 hypocritae
839 2362 997 2395 fascinati
1018 2362 1251 2395 admiratione

269 2428 412 2449 suorum
438 2415 702 2454 exercitiorum,
729 2413 1004 2457 pertinacissime
1029 2419 1252 2456 propugnant

269 2465 360 2499 lianc
380 2465 581 2509 opinionem
594 2492 602 2505 ,
630 2466 722 2508 quod
741 2465 808 2496 sint
826 2464 905 2496 iusti
924 2470 1064 2507 propter
1081 2474 1140 2496 sua
1157 2474 1251 2495 exer-

269 2518 371 2557 citia,
405 2523 437 2549 et
468 2516 564 2548 illam
596 2516 873 2559 qualemcunque
904 2514 1120 2547 severitatem
1148 2513 1253 2546 disci-

269 2569 405 2611 plinae,
431 2573 463 2599 et
480 2564 568 2598 hanc
586 2577 702 2597 vocem
723 2564 921 2606 Evangelii,
949 2577 1036 2609 quae
1053 2565 1153 2597 dicit:
1182 2563 1254 2597 Nos

270 2618 379 2651 iustos
396 2629 467 2649 esse
486 2623 627 2659 propter
641 2613 819 2648 Christum
838 2627 975 2658 passum
994 2627 1055 2658 pro
1072 2615 1192 2655 nobis,
1222 2621 1254 2647 et

270 2669 510 2703 resuscitatum
535 2674 567 2700 et
593 2674 814 2709 regnantem,
843 2678 914 2698 non
944 2674 1087 2710 propter
1111 2665 1252 2710 propria

834 106 960 141 PlltL.
987 105 1104 140 MEL.
1134 103 1343 140 SCRIPTA
1370 102 1668 141 EXEGETICA.

395 623 462 655 Sed
488 629 578 655 recte
602 622 752 654 instituti
773 621 807 653 in
828 619 1016 662 Evangelio
1037 620 1237 661 intelligunt
1268 661 1269 664 Ἰ

2195 106 2268 143 856

1288 190 1465 228 exercitia,
1506 198 1564 224 ant
1596 191 1804 224 munditiem
1837 199 2013 232 nostram,
2050 199 2269 235 execrantur,

1289 248 1452 285 tanquam
1476 242 1709 284 corruptelam
1733 242 1907 275 bonorum
1928 256 2086 283 morum,
2115 250 2147 276 et
2166 243 2270 276 disci-

1289 292 1404 334 plinae
1428 292 1635 324 laxationem
1649 318 1658 331 ‚
1686 299 1722 325 ut
1740 293 1929 326 certamina
1950 293 2048 326 Pauli
2069 294 2270 333 ostendunt,

1287 354 1373 387 quae
1398 342 1427 374 ei
1455 355 1531 375 cum
1558 342 1802 375 defensoribus
1828 343 1984 376 iustitiae
2010 344 2093 385 legis
2115 345 2271 383 fuerunt,

1288 400 1319 426 et
1350 394 1536 426 extiterunt
1570 399 1688 425 nostra
1717 400 1827 426 aetate
1852 393 1981 426 similia
2005 395 2193 427 certamina
2216 394 2272 426 in-

1288 444 1414 487 gentia.

1338 535 1397 570 De
1425 533 1578 577 iudicio,
1612 535 1702 584 quia
1726 535 1893 584 princeps
1918 534 2050 570 mundi
2073 536 2148 570 iam
2173 534 2273 571 iudi-

1391 591 1493 620 catus
1516 591 1578 622 est.

1389 671 1529 705 Priores
1552 674 1641 705 duae
1666 679 1781 717 partes
1801 673 2082 716 complectuntur
2099 684 2272 706 summam

1290 723 1472 756 doctrinae
1502 724 1545 755 de
1576 730 1715 767 peceato
1743 730 1776 756 et
1805 724 1847 756 de
1878 723 2032 761 iusticia,
2067 725 2110 756 de
2134 724 2274 766 ignora-

1290 774 1386 807 tione
1415 772 1498 814 Dei,
1534 774 1575 806 ‹le
1608 774 1854 807 incredulitate
1885 774 2040 816 fugiente
2063 773 2198 814 Deum,
2231 775 2275 807 de

1291 824 1357 856 fide
1381 824 1416 855 in
1436 822 1617 857 Christum
1636 825 1882 865 mediatorem,
1910 824 2131 864 crucifixum,
2159 835 2277 858 resus-

1291 874 1455 914 citatum,
1487 875 1664 907 sedentem
1697 876 1738 907 ad
1765 876 1919 908 dextram
1947 875 2073 918 patris,
2106 875 2275 918 interpel-

1292 925 1419 957 lantem
1437 936 1499 968 pro
1518 925 1639 966 nobis,
1667 926 1709 958 de
1725 926 1999 968 gubernatione,
2028 937 2094 969 qua
2113 923 2276 958 Christus

1292 976 1415 1007 sedens
1437 976 1479 1007 ad
1503 976 1658 1008 dextram
1684 976 1811 1019 patris,
1839 977 1897 1009 dat
1915 975 2085 1019 Spiritum
2101 983 2275 1014 sanctum,

1293 1026 1417 1058 excitat
1452 1025 1632 1058 ministros
1663 1023 1864 1068 Evangelii,
1906 1026 2039 1067 colligit
2071 1024 2277 1066 Ecclesiam,

1294 1076 1409 1108 incoat
1440 1075 1476 1107 in
1506 1087 1543 1108 ea
1568 1087 1695 1108 novam
1720 1076 1853 1117 lucem,
1886 1076 2077 1114 iusticiam,
2112 1084 2144 1110 et
2169 1076 2277 1109 vitam

1293 1132 1480 1159 aeternam.
1534 1124 1629 1158 Haec
1648 1132 1697 1158 est
1715 1137 1849 1159 summa
1865 1124 2071 1168 Evangelii,
2098 1138 2201 1171 quam
2221 1126 2278 1159 di-

1293 1177 1342 1209 xit
1369 1175 1540 1219 Spiritum
1572 1182 1728 1209 sanctum
1762 1188 1823 1219 per
1845 1175 2079 1209 ministerium
2107 1188 2279 1221 propaga-

1295 1234 1412 1260 turum
1435 1238 1519 1261 esse.
1572 1225 1669 1259 Haec
1684 1238 1750 1259 vox
1767 1238 1844 1259 cum
1860 1232 1961 1259 sonat
1980 1233 2013 1259 et
2030 1227 2143 1270 coepit
2160 1226 2280 1269 colligi

1294 1276 1468 1315 Ecclesia,
1497 1283 1571 1309 tum
1589 1288 1671 1310 vero
1690 1277 1854 1310 oriuntur
1871 1276 2079 1317 certamina,
2105 1284 2137 1310 et
2154 1276 2280 1320 ingen-

1295 1335 1345 1361 tes
1368 1327 1563 1360 discordiae
1588 1327 1813 1360 iudiciorum.
1865 1325 2020 1360 Ecclesia
2044 1326 2194 1361 affirmat
2216 1339 2280 1360 vo-

1295 1390 1368 1410 cem
1387 1376 1572 1420 Evangelii
1596 1389 1712 1410 veram
1730 1389 1821 1417 esse,
1847 1384 1879 1410 et
1897 1377 2030 1409 firmam
2048 1384 2080 1410 et
2097 1377 2279 1410 immotam

1294 1427 1359 1460 Dei
1386 1428 1612 1468 sententiam,
1639 1429 1682 1460 de
1704 1427 1795 1460 veris
1818 1427 1970 1460 cultibus
1992 1425 2076 1467 Dei,
2102 1434 2135 1461 et
2158 1429 2201 1461 de
2225 1439 2281 1460 sa-

1298 1479 1368 1511 lute
1387 1476 1585 1513 hominum,
1638 1476 1685 1511 At
1704 1477 1831 1511 iudicia
1848 1477 2147 1511 contemnentium
2166 1476 2280 1511 Deum

1297 1529 1454 1571 epicurea
1489 1535 1520 1561 et
1551 1526 1765 1573 liypocritica
1794 1528 1997 1562 reclamant.
2061 1527 2223 1573 Tyranni
2248 1534 2281 1561 et

1297 1580 1356 1612 alii
1382 1577 1549 1624 Epicurei
1575 1579 1756 1612 clamitant
1777 1577 2010 1621 Evangelium
2037 1590 2108 1611 esse
2135 1586 2280 1622 porten-

1298 1637 1407 1663 tosam
1433 1636 1466 1662 et
1492 1629 1631 1661 inanem
1654 1629 1821 1663 fabulam.
1873 1628 2106 1673 Hypocritae‚
2130 1629 2191 1673 qui
2215 1629 2282 1661 fal-

1299 1692 1354 1713 sos
1376 1680 1489 1713 cultus
1506 1680 1720 1719 defendunt,
1746 1686 1964 1723 quaeruntur
1981 1678 2112 1712 aboleri
2128 1690 2283 1712 ceremo-

1299 1731 1373 1763 nias
1386 1757 1395 1770 ‚
1422 1737 1454 1763 et
1473 1730 1633 1763 exercitia
1651 1729 1726 1763 Deo
1745 1729 1934 1772 placentia,
1964 1737 1996 1762 et
2017 1729 2124 1762 laxari
2143 1730 2282 1762 frenum

1300 1781 1525 1824 disciplinae,
1579 1788 1612 1814 et
1652 1780 1874 1812 concordiam
1917 1780 2093 1823 publicam
2135 1779 2282 1813 turbari.

1303 1832 1384 1864 ldeo
1416 1837 1455 1864 ut
1486 1830 1690 1875 opprimant
1713 1829 1897 1871 Evangelii
1929 1842 2069 1871 vocem,
2104 1830 2282 1864 saevitiam

1301 1888 1459 1916 exercent
1474 1883 1640 1915 adversus
1655 1880 1838 1923 Evangelii
1857 1881 2080 1924 professores.

1402 1956 1455 1989 De
1479 1955 1542 1990 hac
1568 1956 1769 1989 diversitate
1791 1956 2000 1988 iudiciorum
2021 1953 2182 1990 Christus
2198 1968 2283 1989 con-

1302 2008 1435 2041 solatur
1466 2019 1548 2047 nos,
1590 2019 1668 2039 cum
1702 2006 1766 2039 ait:
1810 2005 1963 2049 Spiritus
1994 2014 2132 2040 sanctus
2163 2013 2284 2050 arguet

1302 2058 1474 2091 mundum
1494 2059 1536 2090 de
1554 2057 1695 2096 iudicio,
1725 2057 1886 2090 videlicet
1903 2058 2157 2090 condemnante
2167 2057 2284 2090 Evan-

1302 2109 1447 2150 gelium,
1484 2115 1514 2140 et
1546 2106 1708 2140 horribili
1738 2108 1881 2139 saexitia
1909 2114 2106 2149 grassante,
2141 2107 2284 2141 delendi

1302 2159 1483 2201 Evangelii
1509 2170 1627 2197 cansa,
1655 2158 1689 2190 id
1716 2164 1787 2197 est,
1812 2157 1963 2201 Spiritus
1985 2165 2123 2191 sanctus
2144 2169 2284 2191 accusa-

1303 2210 1353 2242 bit
1378 2211 1550 2241 mundum
1576 2210 1868 2241 condemnantem
1888 2206 2137 2250 Evangelium,
2166 2215 2198 2241 et
2222 2209 2283 2240 de-

1305 2262 1373 2292 lere
1406 2266 1602 2294 conantem.
1673 2258 1862 2301 Quomodo
1893 2258 2091 2291 accusabit?
2142 2256 2284 2292 Excita-

1305 2312 1353 2343 bit
1380 2312 1556 2350 doctores,
1584 2317 1621 2342 ut
1646 2310 1899 2349 confiteantur,
1925 2316 1957 2342 et
1981 2310 2145 2341 adversus
2163 2315 2284 2353 tyran-

1303 2374 1430 2394 norum
1449 2362 1584 2393 furores
1602 2360 1822 2393 confirmabit
1841 2366 1977 2402 pectora
1997 2365 2029 2392 et
2045 2359 2180 2392 animos
2197 2371 2283 2392 con-

1304 2412 1474 2445 fitentium
1510 2419 1540 2446 et
1573 2410 1809 2449 audientium,
1843 2421 1886 2442 ne
1912 2409 2077 2442 deterreri
2105 2421 2140 2442 se
2167 2409 2284 2443 sinant

1306 2462 1547 2505 magnitudine
1592 2460 1889 2494 atrocissimorum
1930 2459 2201 2503 suppliciorum,
2250 2467 2285 2494 et

1304 2514 1414 2546 multo
1439 2513 1554 2556 plures
1570 2513 1612 2544 ad
1631 2510 1861 2552 Evangelium
1880 2511 2055 2544 invitabit.
2108 2509 2284 2554 Proponi-

1305 2572 1361 2597 tur
1387 2575 1468 2606 ergo
1493 2563 1594 2596 nobis
1617 2561 1798 2604 multiplex
1821 2561 2031 2601 consolatio,
2066 2562 2284 2604 promittitur

1305 2614 1457 2657 Spiritus
1471 2621 1626 2653 sanctus,
1651 2619 1688 2645 ut
1705 2618 1797 2653 regat
1815 2618 1948 2644 nostras
1962 2618 2111 2652 mentes,
2138 2618 2177 2645 ut
2192 2618 2283 2644 recte

1306 2665 1479 2706 iudicent,
1506 2671 1545 2699 ut
1567 2663 1705 2697 sortiter
1727 2662 1977 2702 confiteantur,
2005 2669 2042 2695 ut
2065 2663 2174 2695 sciant
2198 2673 2283 2694 con-
