2415 2942
272 92 367 128 1267

368 177 445 210 lloc
463 175 566 207 modo
587 174 738 217 primum
761 182 904 214 persona
922 170 1105 212 recipitur,
1133 176 1250 213 postea

268 229 424 266 novitas,
449 237 552 270 quain
571 224 674 256 efficit
693 222 804 261 Deus,
830 229 880 254 est
896 220 1052 262 iusticia,
1082 227 1252 265 quatenus

271 288 320 312 est
338 289 424 320 opus
441 275 519 309 Dei.
573 273 641 307 Sed
667 273 771 305 simul
797 269 911 304 adhuc
935 271 971 303 in
991 271 1093 303 nobis
1113 275 1254 302 manent

274 329 382 362 multa
402 334 556 370 peccata,
587 325 664 356 ideo
692 334 837 365 persona
855 328 996 364 propter
1012 321 1106 354 aliud
1132 327 1182 353 est
1200 331 1256 352 ac-

275 387 390 422 cepta,
420 377 579 408 videlicet
609 380 751 417 propter
776 372 1015 404 obedientiam
1043 370 1256 406 mediatoris,

275 441 363 473 quae
389 427 490 460 etiam
517 433 565 458 est
589 424 744 462 iusticia,
785 430 818 455 et
852 423 994 466 quidem
1026 422 1084 454 illa
1112 420 1258 456 iusticia,

275 485 418 523 propter
443 488 547 520 qnam
581 487 644 506 nos
671 485 790 506 sumus
820 473 884 504 fide
909 473 1049 515 accepti.
1120 471 1159 503 lu
1194 468 1259 502 hoc

277 528 434 571 exemplo
462 526 680 561 consideres,
716 531 886 567 quantum
913 523 1072 563 caliginis
1100 522 1261 554 offundat

277 579 337 611 illa
362 577 491 621 species
517 576 709 619 sapientiae
727 601 734 612 ,
771 581 802 607 et
828 586 931 617 quain
959 573 1112 604 difficilis
1141 572 1181 604 sit
1204 582 1259 603 ex-

280 629 434 672 plicatio.
487 626 554 659 Sed
574 625 805 657 annitendum
824 630 872 655 est
892 624 926 654 in
946 623 1048 654 bonis
1065 622 1176 654 causis
1190 648 1198 660 ,
1224 627 1263 653 ut

280 687 313 712 et
344 677 626 711 confirmationes
659 676 774 706 firmas
800 681 995 713 teneamuS,
1030 679 1063 705 et
1093 678 1262 716 quantum

284 730 357 761 fleri
387 734 497 771 potest
531 726 743 759 obiectiones
778 724 957 766 perspicue
986 723 1203 761 solvamus‚-
1227 711 1290 753 acl

283 781 393 811 simus
421 789 590 810 memores
619 775 703 807 dicti
735 773 968 806 Aristotelici:
1010 770 1150 807 Πολλοὶ
1184 770 1266 806 πλέ-

288 830 413 868 ξαντες
429 824 488 871 εὖ,
516 827 638 864 κακῶς
653 821 791 858 λύουσι.

513 941 602 978 Non
618 939 806 989 parcendo
823 939 966 987 601·ΡοΓί
980 945 1040 974 ClC·

391 1029 575 1068 Vetusta,
603 1039 690 1072 quae
717 1026 784 1059 fuit
810 1025 982 1064 severior,
1010 1024 1120 1066 magis
1143 1023 1272 1055 amavit

288 1081 510 1126 disciplinam
531 1086 564 1112 et
582 1077 742 1110 exercitia
761 1076 1020 1118 temperantiae.
1072 1074 1193 1118 Aliqui
1214 1086 1273 1106 ex-

289 1133 480 1166 tenderunt
503 1129 656 1162 inediam
684 1128 719 1159 in
741 1127 897 1160 triduum
922 1132 955 1158 et
980 1126 1094 1168 plures
1121 1125 1214 1163 dies,
1242 1131 1274 1157 et

292 1184 467 1215 laeserunt
492 1191 647 1223 corpora.
703 1176 823 1221 Aliqui
849 1177 950 1209 etiam
967 1176 1177 1208 affinxerunt
1193 1176 1274 1207 talia

293 1245 398 1277 opera
415 1243 486 1264 esse
503 1231 616 1263 cultus
636 1229 719 1268 Dei,
749 1227 920 1260 iusticiam
939 1233 971 1259 et
993 1226 1276 1266 satisfactionem,

293 1291 326 1316 et
352 1282 476 1315 mereri
499 1280 738 1313 remissionem
764 1278 886 1320 culpae
912 1284 944 1309 et
971 1288 1120 1319 poenae,
1157 1283 1193 1309 ut
1218 1289 1274 1308 ex-

294 1345 409 1377 presse
427 1332 563 1374 scripsit
581 1328 747 1363 Thomas.
803 1328 850 1360 lta
873 1327 972 1359 multi
992 1327 1180 1369 dupliciter
1198 1339 1277 1368 pec-

296 1390 474 1420 caverunt,
502 1381 654 1413 laesione
674 1390 859 1421 corporum
878 1384 911 1410 et
928 1377 1022 1409 salsis
1039 1377 1276 1419 opinionibus.

297 1434 380 1467 Ideo
396 1434 438 1465 ad
458 1428 683 1464 Timotheum
702 1429 831 1461 Paulus
859 1427 1096 1470 gravissimam
1116 1427 1276 1458 admoni-

296 1485 428 1519 tionem
453 1483 574 1515 tradit:
603 1479 792 1522 Corporale
810 1478 1010 1510 exercitium
1032 1478 1072 1509 ad
1099 1477 1276 1508 modicum

298 1535 384 1568 utile
408 1541 476 1570 est,
504 1532 613 1575 pietas
639 1531 678 1562 ad
706 1529 824 1561 omnia
848 1528 943 1561 utilis
969 1533 1029 1561 est.
1090 1525 1157 1558 Hic
1182 1538 1276 1558 exer-

298 1585 380 1618 citia
404 1591 442 1617 ut
470 1583 605 1615 labores
638 1580 793 1623 corporis
818 1585 848 1611 et
875 1578 1026 1610 inediam
1045 1604 1053 1617 ‚
1093 1588 1180 1620 quae
1211 1577 1276 1608 sibi

299 1635 447 1680 quisque
469 1645 531 1665 suo
562 1631 691 1664 iudicio
718 1631 841 1669 sumit,
875 1628 1048 1670 sapienter
1070 1627 1237 1659 discernit
1260 1639 1278 1659 a

300 1687 446 1730 pietate,
473 1684 508 1715 id
533 1689 599 1719 est,
633 1681 831 1713 necessariis
857 1678 1030 1720 cultibus,
1065 1685 1095 1710 et
1122 1678 1279 1722 loquitur

302 1737 441 1769 diserte.
503 1732 627 1766 Cultus
651 1732 808 1764 nominat
835 1741 939 1772 opera
965 1728 1155 1761 necessaria
1179 1740 1279 1760 man-

303 1788 383 1819 data
399 1797 416 1817 a
432 1783 525 1822 Deo,
553 1795 623 1815 non
643 1783 690 1814 sic
704 1782 861 1813 nominat
877 1780 943 1813 alia
960 1791 1063 1822 opera
1088 1791 1159 1811 non
1178 1791 1279 1811 man-

304 1839 382 1870 data
407 1847 425 1868 a
456 1834 548 1875 Deo,
587 1834 645 1865 sed
669 1832 850 1871 exercitia,
885 1837 916 1863 et
941 1831 1136 1862 verecunde
1162 1841 1281 1872 repre-

301 1886 441 1920 hendit:
469 1884 524 1918 Ad
550 1884 726 1916 modicum
751 1883 849 1916 utilia
873 1888 965 1914 sunt.
1021 1879 1106 1913 Vult
1130 1880 1279 1922 intelligi

303 1938 382 1983 quis
405 1937 448 1969 sit
473 1947 593 1968 eorum
620 1946 720 1974 usus,
754 1941 786 1966 et
812 1933 886 1965 vult
912 1932 1056 1964 modum
1080 1942 1160 1963 esse.
1229 1931 1280 1963 Ac

303 1988 384 2033 quia
402 1998 501 2029 saepe
518 1986 555 2018 in
574 1983 724 2018 Ecclesia
743 1984 867 2017 stultae
884 1989 914 2015 et
931 1982 1189 2025 superstitiosae
1205 1982 1281 2024 opi-

303 2039 428 2071 niones
457 2037 499 2069 ad
535 2036 593 2069 illa
625 2035 786 2067 exercitia
820 2039 1053 2066 accesserunt:
1090 2033 1218 2065 multae
1249 2039 1281 2065 et

303 2090 453 2122 aliorum
478 2086 737 2119 admonitiones
768 2086 809 2116 de
837 2082 900 2116 hac
926 2095 962 2115 re
985 2083 1159 2125 leguntur.
1228 2081 1281 2116 Ex

305 2137 500 2172 Athanasio
520 2137 683 2170 recitatur
701 2133 767 2168 hoc
785 2135 915 2167 dictum
936 2134 1101 2166 memoria
1119 2134 1280 2176 dignum:

306 2187 419 2224 καλὸν
453 2185 474 2232 ἡ
513 2187 661 2231 ἄσκησις
697 2183 788 2230 μετὰ
818 2183 981 2229 ἀληθοῦς
1016 2181 1187 2230 γνώσεως
1218 2181 1282 2218 καὶ

306 2236 542 2283 συμμετρίας.
607 2237 708 2270 Bona
734 2248 788 2269 res
814 2243 864 2268 est
889 2235 1090 2268 exercitium
1125 2235 1281 2278 corporis

305 2302 383 2323 cum
405 2301 486 2322 vero
511 2288 689 2322 intellectu
715 2293 747 2319 et
771 2292 982 2328 congruente
1006 2286 1130 2326 modo,
1164 2286 1198 2317 id
1222 2292 1282 2326 est,

304 2341 368 2374 ubi
392 2346 441 2372 est
470 2340 554 2371 fides
575 2339 650 2371 sine
678 2336 859 2370 haereticis
887 2335 1123 2379 opinionibus
1184 2335 1282 2376 Item,

304 2390 367 2424 ubi
390 2390 496 2422 scitur
518 2388 581 2421 hos
605 2390 741 2422 labores
766 2394 884 2421 nostro
902 2387 1032 2420 iudicio
1053 2393 1184 2419 sumtos
1208 2398 1280 2419 non

304 2453 377 2475 esse
392 2440 504 2473 cultus
522 2439 606 2479 Dei,
635 2452 706 2472 non
723 2439 914 2477 iusticiam,
941 2449 1012 2470 non
1037 2437 1219 2476 meritum,
1248 2443 1279 2470 et

302 2492 365 2526 ubi
379 2489 464 2524 haec
480 2490 638 2522 exercitia
654 2497 734 2523 sunt
751 2488 956 2528 mediocria,
983 2488 1030 2521 ibi
1047 2489 1137 2520 hona
1154 2499 1207 2520 res
1231 2494 1278 2520 est

302 2541 386 2575 haec
409 2540 623 2574 consuetudo
648 2551 683 2572 se
706 2540 888 2580 frenandi,
916 2539 997 2583 quia
1026 2545 1109 2572 tunc
1131 2550 1277 2571 consue-

303 2594 387 2626 tudo
414 2589 505 2625 nihil
527 2590 624 2623 aliud
651 2597 717 2630 est,
749 2602 851 2634 quam
878 2590 1052 2623 concinno
1075 2589 1199 2623 ordine
1225 2589 1277 2622 vi-

303 2656 382 2677 vere
426 2649 516 2677 amat
534 2648 648 2675 autem
664 2647 788 2674 natura
804 2641 973 2674 ordinem.

852 84 978 120 PHlL.
1005 83 1124 119 MEL.
1153 81 1361 118 SCRIPTA
1386 78 1688 117 EXEGETICA.

2195 80 2290 115 1258

1401 164 1514 199 Erant
1530 166 1566 198 in
1586 176 1721 199 carcere
1737 165 1838 198 multi
1858 167 1967 200 sancti
1984 166 2068 209 viri,
2091 165 2183 199 inter
2206 177 2295 210 quos

1303 218 1368 251 suit
1388 217 1441 250 vir
1458 216 1587 250 nobilis
1603 216 1759 256 Attalus,
1792 216 1822 249 is
1838 214 2061 260 reprehendit
2085 217 2207 254 alium,
2233 217 2294 260 qui

1305 272 1438 302 tantum
1457 279 1564 311 pane,
1592 267 1662 300 sale
1679 275 1712 299 et
1729 278 1818 310 aqua
1837 267 2034 307 victitabat,
2059 275 2090 302 et
2109 267 2195 299 dixit
2214 278 2293 299 eum

1306 330 1370 351 suo
1398 318 1557 361 exemplo
1593 318 1681 350 alios
1715 318 1882 356 turbare,
1920 317 1980 361 qui
2009 317 2296 360 imaginarentur,

1308 380 1379 402 sese
1397 380 1469 401 non
1486 379 1557 400 esse
1575 375 1731 410 sanctos,
1759 368 1841 412 quia
1867 379 1938 399 non
1957 374 2026 400 tam
2045 367 2179 400 duriter
2199 367 2295 399 vive-

1308 425 1399 452 rent.
1474 417 1521 451 Ut
1546 427 1659 452 autem
1684 418 1743 450 illa
1770 425 1860 451 aetas
1885 424 1918 450 et
1942 429 2086 461 corpora
2113 416 2228 454 laesit,
2263 424 2295 450 et

1310 468 1566 512 superstitiosas
1611 469 1800 512 opiniones
1843 468 1978 500 addidit
2019 467 2210 506 exercitiis,
2250 466 2296 499 ita

1312 531 1406 552 nunc
1431 519 1554 552 laxatis
1581 519 1731 552 vinculis
1756 519 2006 558 traditionum,
2035 517 2135 551 multi
2158 517 2194 550 in
2211 517 2298 550 alte-

1313 582 1385 603 ram
1406 576 1538 612 partem
1557 576 1709 613 peccant.
1764 569 1842 602 Non
1871 580 2047 601 servamus
2071 568 2231 601 ordinem
2259 567 2297 599 in

1314 621 1411 659 cibo,
1435 627 1517 662 potu
1534 626 1565 652 et
1582 621 1773 652 laboribus.
1823 619 1997 663 Tempora
2018 619 2104 652 iusta
2122 619 2209 658 cibi,
2236 629 2299 661 po-

1314 678 1388 710 tus,
1416 671 1674 712 precationum,
1698 671 1878 710 laborum,
1895 669 2092 702 studiorum
2109 669 2182 700 fere
2197 679 2298 700 nemo

1316 727 1446 759 servat,
1490 727 1522 752 et
1549 721 1577 752 si
1610 721 1670 765 qni
1707 721 1836 754 vellent
1869 732 2024 758 servare,
2060 718 2300 762 impediuntur

1317 771 1509 803 barbaricis
1533 772 1759 805 oeconomiis.
1811 770 1948 803 Deinde
1966 782 2070 814 quam
2088 769 2187 802 multi
2206 775 2300 808 sunt,

1318 821 1377 866 qui
1395 819 1599 853 helluantur
1618 832 1741 863 magna
1760 828 1856 864 parte
1880 821 2012 861 noctis,
2040 821 2145 864 idque
2168 819 2301 851 faciunt

1320 871 1493 910 securius,
1523 871 1603 915 quia
1628 872 1776 904 audiunt
1800 872 1952 904 inediam
1979 883 2049 904 non
2074 881 2144 903 esse
2169 869 2300 902 cultum

1321 922 1396 956 Dei.
1451 920 1544 954 Haec
1571 922 1823 954 consideranda
1846 928 1945 961 sunt,
1965 929 1999 955 et
2021 920 2231 965 opponenda
2254 925 2303 952 est

1321 971 1422 1005 Pauli
1440 971 1635 1004 admonitio
1653 972 1800 1014 peccatis
1817 972 2000 1015 utriusque
2018 971 2163 1014 generis.

1423 1046 1598 1090 Praecipit
1628 1045 1757 1079 Paulus
1789 1044 1959 1079 honorem
1991 1044 2121 1079 habere
2156 1044 2306 1088 corpori,

1324 1099 1357 1130 id
1378 1105 1445 1135 est,
1473 1097 1640 1141 praecipit
1656 1098 1780 1130 ordine
1796 1097 1932 1138 vivere,
1960 1104 1991 1130 et
2015 1109 2077 1130 nec
2100 1096 2216 1129 inedia
2241 1107 2305 1127 nec

1325 1148 1541 1181 helluatione
1576 1159 1723 1191 corpora
1759 1148 1907 1183 laedere.
1957 1148 2026 1182 Sed
2053 1159 2115 1180 cur
2147 1146 2305 1179 nominat

1326 1197 1517 1238 honorem,
1553 1210 1632 1230 cum
1667 1198 1748 1231 satis
1776 1206 1877 1238 esset,
1912 1199 2036 1231 ordine
2067 1197 2198 1231 vivite?
2247 1195 2305 1229 Sic

1326 1250 1529 1294 loqueretur
1548 1249 1712 1281 medicus.
1766 1248 1833 1282 Sed
1853 1248 1982 1281 Paulus
1999 1247 2170 1281 honorem
2189 1247 2306 1280 nomi-

1329 1307 1405 1339 nat,
1447 1307 1486 1332 ut
1515 1300 1557 1332 de
1587 1300 1699 1332 causis
1724 1310 1788 1332 nos
1821 1299 2126 1338 commonefaciat,
2168 1303 2310 1342 propter

1329 1362 1413 1394 quas
1429 1351 1553 1382 ordine
1573 1350 1762 1382 vivendum
1781 1357 1840 1384 est.
1895 1349 2018 1383 Honos
2037 1350 2130 1382 enim
2153 1349 2307 1392 primum

1329 1408 1361 1433 et
1377 1407 1456 1432 ante
1472 1400 1588 1431 omnia
1607 1408 1656 1433 est
1681 1401 1848 1443 quiddam
1874 1402 1966 1444 quod
1986 1399 2061 1434 Deo
2082 1400 2245 1440 debetur,
2272 1398 2308 1430 id

1329 1457 1395 1490 est,
1422 1462 1607 1492 agnoscere
1624 1457 1655 1482 et
1674 1451 1793 1488 fateri,
1822 1452 1915 1495 quod
1941 1451 2014 1484 fere
2039 1451 2082 1483 sit
2101 1450 2199 1483 Deus
2213 1453 2308 1482 crea-

1329 1509 1401 1540 tor,
1423 1501 1483 1544 qni
1512 1512 1546 1532 se
1571 1500 1731 1544 patefecit
1753 1502 1857 1534 misso
1875 1502 1967 1539 filio,
1996 1501 2143 1544 perfecte
2159 1499 2308 1544 sapiens,

1330 1562 1449 1590 verax,
1485 1551 1676 1590 beneficuS,
1712 1551 1841 1591 iustus,
1874 1552 2000 1591 iudex,
2027 1558 2154 1590 castus,
2182 1560 2308 1584 curans

1329 1598 1508 1640 homines,
1535 1600 1723 1633 exaudiens
1742 1608 1774 1633 et
1792 1602 1930 1634 salvans
1947 1608 2039 1634 recte
2056 1602 2269 1635 invocantes.

1430 1673 1475 1708 Et
1492 1676 1535 1708 ad
1552 1673 1722 1708 honorem
1738 1676 1913 1719 pertinent
1930 1673 2014 1708 haec
2029 1676 2098 1709 duo
2110 1701 2119 1718 ‚
2138 1675 2310 1715 videlicet,

1330 1725 1414 1760 haec
1436 1726 1537 1759 fateri
1558 1733 1589 1759 et
1606 1726 1776 1759 subiicere
1793 1739 1856 1759 nos
1875 1725 1961 1760 Deo.
2010 1725 2133 1760 Postea
2150 1738 2226 1759 cum
2245 1722 2311 1759 ho-

1331 1777 1486 1810 minibus
1504 1775 1617 1809 honos
1640 1777 1826 1817 tribuitur,
1852 1789 1987 1821 semper
2013 1777 2230 1820 intelligatur
2247 1776 2311 1810 tri-

1333 1829 1394 1861 bui
1421 1835 1563 1871 propter
1594 1827 1736 1871 aliquod
1769 1828 1948 1868 divinum,
1983 1828 2017 1860 id
2051 1836 2117 1869 est,
2151 1828 2232 1873 quia
2260 1827 2309 1860 ibi

1331 1878 1426 1912 Deus
1442 1878 1575 1923 aliquid
1593 1890 1653 1922 per
1669 1889 1740 1910 sese
1759 1879 1839 1921 agit,
1865 1886 1901 1912 ut
1920 1876 2033 1911 honos
2050 1880 2196 1912 debetur
2206 1877 2312 1918 Mosi,

1331 1929 1472 1967 Heliae,
1499 1929 1579 1973 qnia
1599 1937 1730 1962 certum
1751 1936 1815 1967 est,
1841 1941 1899 1962 eos
1916 1937 1948 1962 et
1964 1929 2086 1962 missos
2103 1941 2174 1962 esse
2190 1941 2208 1962 a
2226 1927 2311 1968 Deo,

1332 1988 1363 2013 et
1382 1980 1557 2012 domicilia
1576 1978 1640 2012 Dei
1656 1991 1743 2018 esse,
1771 1986 1802 2012 et
1820 1980 1934 2013 lucere
1954 1978 2066 2013 Deum
2093 1992 2130 2013 ac
2148 1991 2248 2023 agere
2272 1978 2309 2011 in

1332 2032 1390 2063 eis.
1447 2030 1495 2063 lta
1520 2030 1736 2072 intelligatur
1765 2028 1878 2063 honos
1903 2031 2113 2064 tribuendus
2140 2043 2209 2064 esse
2233 2041 2310 2062 cor-

1331 2083 1427 2125 pori,
1455 2081 1535 2126 quia
1555 2081 1647 2114 Deus
1671 2080 1826 2115 infundit
1850 2093 1921 2114 sese
1943 2082 1981 2114 in
1997 2083 2153 2114 membra
2181 2087 2311 2120 nostra,

1332 2134 1369 2165 in
1388 2133 1529 2165 cerebro
1558 2131 1767 2173 cogitatione
1788 2132 1886 2165 verbi
1908 2133 2066 2165 accendit
2085 2133 2215 2172 lucem,
2242 2142 2311 2175 qua

1333 2195 1410 2216 eum
1443 2189 1534 2216 recte
1563 2182 1799 2224 agnoscimus,
1843 2190 1875 2216 et
1905 2183 2056 2216 involvit
2091 2194 2162 2215 sese
2196 2181 2310 2225 Spiri-

1333 2241 1387 2268 tus
1418 2241 1555 2267 sanctus
1577 2232 1758 2275 spiritibus
1782 2233 1914 2273 cordis,
1949 2240 1981 2266 et
2006 2233 2139 2266 cerebri
2169 2240 2202 2266 et
2228 2244 2310 2265 ner-

1333 2297 1476 2325 vorum,
1510 2290 1543 2317 et
1572 2290 1609 2316 ut
1639 2282 1777 2315 flamma
1801 2291 1937 2317 nostras
1968 2284 2124 2316 flammas
2150 2283 2310 2327 purificat

1332 2343 1364 2369 et
1388 2336 1514 2378 agitat,
1550 2341 1589 2367 ut
1615 2345 1691 2366 cum
1717 2331 1830 2366 David
1861 2334 2052 2378 praeliatur
2081 2334 2251 2367 invadens
2278 2339 2311 2366 et

1332 2393 1555 2430 prosternens
1589 2381 1755 2424 Goliam,
1795 2396 1893 2418 mens
1928 2385 2084 2418 intuetur
2111 2384 2241 2425 Deum,
2279 2390 2311 2418 et

1331 2437 1456 2480 cogitat
1480 2448 1557 2469 eum
1585 2435 1703 2467 adesse
1725 2435 1762 2466 in
1788 2432 1939 2468 Ecclesia
1964 2447 2043 2476 sua,
2070 2436 2195 2478 repetit
2217 2434 2311 2476 cogi-

1329 2488 1460 2521 tatione
1477 2485 1723 2530 promissiones
1749 2485 1903 2524 divinas‚
1929 2491 1960 2518 et
1977 2486 2061 2528 petit
2078 2498 2095 2518 a
2113 2486 2187 2519 Deo
2211 2485 2311 2517 auxi—

1299 2662 1302 2665 ·
1328 2646 1438 2673 armat
1457 2651 1583 2672 nervos
1603 2638 1640 2670 in
1660 2633 1823 2671 brachiis.

1328 2539 1415 2572 lium
1440 2537 1612 2571 divinum.
1679 2534 1728 2568 Ita
1756 2533 1819 2568 hac
1843 2536 2052 2578 cogitatione
2077 2537 2173 2569 verbi
2198 2536 2310 2568 lucem

1328 2589 1484 2622 accendit
1502 2588 1605 2625 filius,
1624 2594 1657 2622 et
1676 2585 1829 2629 Spiritus
1847 2593 1985 2620 sanctus
2000 2587 2059 2620 dat
2074 2587 2184 2620 robur
2203 2586 2311 2626 cordi,

1877 2636 1931 2671 lta
1953 2649 2078 2682 corpus
2096 2636 2243 2671 Davidis
2260 2643 2311 2670 est
