2415 2942
245 99 317 135 487

246 198 305 220 sus
329 185 491 218 fanaticas
515 181 719 225 opiniones,
755 189 839 223 quas
865 177 946 211 serit
971 177 1152 217 diabolus,
1188 183 1226 210 nt

250 235 476 277 livangelium
496 233 613 265 reddat
637 230 807 269 inrisum,
836 235 869 262 et
897 236 932 261 ut
959 228 1112 262 excitatis
1135 228 1226 261 sedi-

251 286 404 320 tionibus
421 284 563 326 dissipet
584 280 754 315 Ecclesias
774 287 805 313 et
824 280 1046 323 respublicas.

354 367 524 402 Doctrina
544 363 744 399 Christiana
773 362 837 397 boc
861 364 1004 397 nomine
1028 363 1093 397 suit
1119 363 1229 396 invisa

252 420 387 462 magnis
406 418 488 451 viris
517 418 606 450 inter
623 414 810 455 Ethnicos,
846 416 939 460 quod
972 415 1123 447 vindicta
1150 427 1230 458 pro-

252 469 364 504 hibita
392 469 593 501 iudicabant
620 467 839 509 magistratus
864 473 896 499 et
918 466 1046 498 iudicia
1071 478 1088 497 e
1114 466 1231 509 repub.

254 521 352 558 tolli,
388 519 632 562 impunitatem
662 518 830 561 improbis
858 524 891 550 et
916 516 1120 549 facinorosis
1150 528 1233 547 con-

255 572 329 605 cedi
343 599 350 607 ,
375 578 405 603 et
426 570 563 602 vincula
583 569 674 612 pacis
692 575 722 601 et
739 568 850 600 civilis
872 567 1045 600 societatis
1070 566 1234 599 rescindi.

256 624 311 655 Ad
335 620 417 654 haec
435 621 602 664 putabant
627 619 662 651 iu
679 617 871 661 Evangelio
892 618 1105 651 Platonicam
1124 629 1232 661 quau-

257 676 335 706 dam
352 670 706 704 communicationem
729 669 928 701 facultatum
948 667 1120 714 praecipi,
1148 677 1235 711 quae

258 734 400 768 prorsus
415 735 431 755 a
450 729 573 755 natura
592 718 737 753 humani
754 719 889 761 generis
906 716 1081 751 abhorret.

359 808 425 840 llic
456 805 565 839 nostri
593 805 753 837 laborant
782 804 818 836 in
849 804 1074 836 confutando.
1141 801 1239 835 Non-

260 860 350 892 nulli
369 858 579 901 respondent
598 853 681 887 haec
701 861 879 897 praecepta
891 855 932 887 ad
948 855 1116 897 perfectos
1135 852 1240 896 perti-

260 922 360 948 nere,
394 921 437 940 ne
463 907 652 939 vindictam
677 912 882 943 exerceant,
918 912 954 937 ut
980 905 1241 936 communicent

260 960 458 997 facultates,
486 958 621 999 tingunt
646 956 812 995 circulos,
839 956 926 987 alios
945 955 1242 998 imperfectorum,

261 1011 347 1043 alios
371 1009 623 1053 perfectorum,
652 1007 709 1039 sed
735 1004 818 1038 haec
846 1018 917 1038 non
943 1005 1159 1038 satisfaciunt
1182 1006 1242 1036 ad-

261 1061 433 1094 versariis.
501 1057 546 1091 Et
576 1059 687 1090 donec
720 1054 837 1089 haeret
868 1057 903 1088 in
930 1055 1082 1088 Ecclesia
1112 1055 1244 1100 opini0‚

261 1114 354 1156 quod
380 1110 543 1154 perfectio
568 1108 612 1140 sit
635 1108 670 1140 iu
697 1105 899 1140 huiusmodi
926 1107 1111 1149 operibns,
1151 1118 1244 1138 nun-

263 1174 365 1206 qnam
385 1163 478 1194 deest
498 1159 639 1192 materia
656 1158 884 1192 tumultuum.
918 1156 1137 1190 Exoriuntur
1152 1157 1245 1190 enim

263 1213 403 1245 fanatici
432 1210 616 1248 homines,
660 1209 720 1254 qui
742 1209 943 1251 improbant
980 1209 1244 1251 magistratuum

263 1263 437 1306 officium,
481 1261 540 1304 qui
567 1262 735 1293 damnant
766 1259 905 1291 civilem
940 1259 1030 1291 vitae
1060 1265 1246 1291 consuetu-

265 1315 397 1348 dinem.
471 1311 576 1344 Tales
608 1310 793 1353 opiniones
824 1321 959 1352 sparsae
988 1309 1024 1341 in
1054 1309 1248 1351 imperitos,

265 1366 456 1398 multorum
490 1361 720 1395 conscientias
751 1361 976 1404 perturbant,

267 1423 382 1449 motus
397 1414 499 1447 cient.

1020 1366 1052 1393 et
1079 1359 1248 1391 maximos

369 1497 486 1540 Quare
503 1495 588 1528 utile
607 1501 655 1527 est
672 1491 735 1526 hos
758 1505 892 1525 errores
918 1493 1084 1525 radicitus
1109 1505 1148 1524 ex
1173 1492 1249 1524 ani-

268 1550 334 1583 mis
359 1546 542 1581 hominum
571 1545 727 1578 evellere.
784 1543 819 1575 ld
845 1544 889 1575 ita
916 1544 991 1583 fiet,
1016 1544 1043 1575 si
1069 1550 1160 1575 recte
1187 1545 1250 1574 do-

269 1607 413 1634 ceantur
428 1596 591 1630 homines
616 1597 659 1627 de
679 1594 812 1627 iusticia
839 1594 937 1633 fidei,
968 1595 1061 1637 quod
1087 1594 1250 1636 perfectio

271 1650 404 1684 nonsit
430 1649 466 1681 in
492 1646 643 1680 externis
666 1646 755 1678 vitae
776 1644 1100 1681 observationibus,
1129 1645 1187 1676 sed
1215 1644 1249 1675 iu

271 1703 396 1735 timore
432 1712 470 1732 ac
502 1699 588 1736 fide,
626 1698 718 1740 quod
754 1696 852 1728 liceat
878 1695 912 1726 in
937 1704 1076 1728 externa
1103 1707 1250 1727 consue-

271 1753 394 1787 tudine
422 1750 511 1782 vitae
535 1748 584 1781 uti
610 1747 774 1780 omuibus
805 1746 968 1778 civilibus
999 1747 1118 1785 robus,
1160 1746 1251 1777 sicat

273 1804 366 1836 victu
383 1804 478 1840 aere,
506 1806 538 1831 et
561 1799 735 1830 similibus
759 1798 861 1829 rebus
890 1797 1126 1836 naturalibus,
1156 1797 1248 1840 quod

270 1852 433 1887 Christus
450 1850 622 1883 iusticiam
640 1856 813 1881 aeternam
841 1849 972 1889 tradat,
1002 1859 1089 1891 quae
1114 1848 1251 1879 contin-

580 1899 714 1933 Interea
732 1910 802 1931 non
828 1898 964 1931 aboleat
988 1898 1102 1930 civilia
1127 1898 1252 1937 officia,

275 1957 331 1987 sed
353 1953 497 1985 maxime
517 1951 638 1994 probet
656 1957 688 1983 et
705 1949 857 1994 requirat
878 1962 935 1988 ea,
958 1956 990 1982 et
1010 1949 1093 1981 velit
1110 1959 1173 1980 nos
1198 1960 1253 1980 re-

275 2006 394 2049 ligiose
416 2003 544 2036 servire
562 2001 713 2044 politicis
738 1999 1031 2032 ordinationibus.
1083 1997 1172 2031 Cum
1193 2011 1251 2031 co-

275 2056 460 2100 gnoverint
487 2051 663 2091 homines,
699 2051 783 2094 quid
808 2050 851 2083 sit
876 2062 1019 2092 regnum
1045 2047 1194 2088 Clu-isti,
1222 2056 1250 2081 et

276 2107 361 2152 quid
387 2104 521 2137 intersit
556 2103 646 2135 inter
679 2113 824 2142 regnum
847 2098 1002 2140 Christi,
1046 2107 1077 2132 et
1108 2111 1252 2142 regnum

277 2157 475 2190 mundiseu
490 2151 694 2191 πολιτείαν,
721 2159 753 2184 et
779 2151 871 2195 quod
899 2149 1130 2193 Evangelium
1158 2161 1253 2182 seve-

274 1906 321 1948 git
341 1915 399 1947 per
415 1903 525 1935 fidem,

276 2208 412 2242 rissime
437 2204 645 2249 praecipiat,
686 2209 723 2235 ut
751 2200 862 2234 honos
890 2198 1058 2233 habeatur
1087 2200 1256 2243 potestati,
1280 2192 1282 2224 <³

277 2267 315 2292 nt
340 2270 379 2290 ex
406 2257 524 2289 animo
548 2262 581 2288 et
606 2265 684 2286 cum
712 2253 839 2286 timore
865 2250 929 2284 Dei
964 2253 1254 2294 obtemperemus,

277 2321 316 2342 ea
343 2320 395 2340 res
416 2307 609 2351 plurimum
634 2304 676 2336 ad
699 2303 915 2336 retinendam
935 2303 1108 2345 publicam
1126 2314 1256 2345 pacem,
1283 2334 1284 2339 ¹

277 2368 310 2392 et
331 2359 532 2398 dignitatem
551 2355 813 2398 magistratuum
828 2352 1007 2396 profuerit.
1045 2352 1156 2385 Porro
1172 2350 1256 2385 haec
1282 2368 1284 2373 ¹

280 2408 459 2452 Epistulae
477 2407 577 2440 Pauli
600 2406 738 2448 copiose
756 2415 819 2436 nos
836 2405 879 2436 de
896 2410 1045 2447 utroque
1065 2415 1170 2446 regno
1193 2405 1256 2435 do-

280 2468 351 2494 cet.
385 2459 461 2502 quit
482 2458 525 2490 sit
549 2468 692 2498 regnum
719 2452 870 2494 Christi,
904 2461 937 2486 et
961 2454 1044 2498 quid
1071 2454 1112 2486 de
1136 2453 1256 2497 politia

279 2509 502 2544 sentiendum
518 2508 573 2540 sit.
629 2506 680 2539 Ac
697 2506 804 2549 possit
821 2505 948 2549 aliquis
963 2502 1031 2536 hoc
1054 2505 1158 2537 modo
1177 2515 1257 2548 par-

279 2561 338 2595 tiri
364 2558 577 2602 Epistolam,
612 2557 706 2602 quod
729 2557 765 2588 in
791 2556 906 2599 priore
931 2561 1028 2598 parte
1051 2555 1172 2587 doceat
1194 2566 1257 2587 nos

280 2615 325 2645 de
344 2622 451 2650 regno
471 2607 621 2646 Christi,
648 2608 684 2638 in
701 2607 892 2650 posteriore
916 2607 1037 2638 doceat
1060 2605 1102 2638 de
1126 2605 1258 2648 politia.

276 2662 378 2697 Olim
398 2667 544 2704 uterque
563 2659 659 2692 locus
685 2657 722 2689 in
748 2657 906 2690 doctrina
924 2653 1182 2690 Monaeborum
1207 2655 1258 2688 ia·

826 91 951 128 PlttL.
978 91 1095 126 MEL.
1125 90 1333 126 SCRIPTA
1357 86 1657 124 ExEGETtCA.

2183 89 2255 124 488

1283 175 1353 209 cuit
1371 175 1519 208 obrutus
1537 174 1720 218 plusquam
1736 172 1934 208 Cimmeriis
1951 175 2114 209 tenebris.
2157 173 2258 207 Nunc

1283 225 1348 260 Dei
1366 225 1533 259 beneficio
1552 226 1676 257 iterum
1699 225 1857 268 patefacti
1876 233 1908 258 et
1926 226 2088 259 illustrati
2105 231 2197 259 sunt.

1379 293 1556 335 Quorsum
1573 298 1686 324 autem
1707 291 1901 335 pertineant
1917 293 2104 326 sententiae
2122 294 2164 326 de
2182 292 2260 324 vin-

1288 344 1388 382 dicta,
1412 355 1511 387 saepe
1528 343 1610 375 alias
1629 342 1793 375 diximus.
1837 340 1990 374 Maxime
2007 344 2099 375 enim
2116 345 2157 376 ad
2179 355 2260 376 con-

1286 396 1475 427 firmandos
1493 394 1712 436 magistratus
1728 393 1855 426 valent.
1909 391 2031 425 Toties
2048 393 2138 426 idem
2164 405 2263 438 repe-

1288 447 1327 479 tit
1345 443 1521 484 Christus,
1548 451 1586 477 ut
1611 443 1745 476 discant
1768 442 1931 486 discipuli
1950 455 2021 475 non
2039 454 2110 476 esse
2127 443 2263 477 violan-

1288 498 1350 529 dos
1373 496 1604 538 magistratus.
1658 491 1827 526 Prohibet
1853 493 1947 526 enim
1971 493 2041 526 illis
2065 493 2266 534 vindictam,

1289 547 1348 591 qui
1374 559 1445 579 non
1467 552 1548 579 sunt
1572 545 1607 577 in
1632 544 1855 587 magistratu,
1888 544 2019 589 quique
2043 544 2267 578 somniabant

1292 610 1422 630 novum
1442 608 1587 639 regnum
1606 595 1742 628 mundi.
1792 593 1893 628 Sicut
1918 592 2032 628 adhuc
2050 594 2169 628 Iudaei
2190 606 2268 638 spe-

1291 655 1369 681 rant
1400 658 1433 679 se
1469 647 1615 690 imperio
1645 646 1741 679 orbis
1775 651 1946 679 terrarum
1982 646 2153 690 potituros
2186 656 2269 681 esse.

1292 697 1396 731 Hunc
1415 709 1569 730 errorem
1592 697 1702 730 voluit
1719 694 1880 730 Christus
1906 696 2055 729 eximere
2077 696 2269 740 discipulis,

1293 760 1398 792 qnare
1424 748 1525 781 toties
1551 754 1642 781 vetat
1663 747 1794 780 ulcisci.
1857 746 1924 780 Sed
1948 748 1990 779 de
2014 744 2068 780 his
2089 747 2270 781 sententiis

1293 799 1378 831 alibi
1405 798 1569 833 diximus.
1636 797 1757 843 ltaque
1790 810 1867 830 cum
1901 799 2160 841 magistratum,
2194 809 2272 831 cum

1294 850 1421 889 fasces,
1460 861 1538 882 cum
1566 849 1704 892 imperii
1729 849 1825 891 sigua
1853 848 2025 889 intueris,
2067 861 2145 882 cum
2175 848 2274 882 audis

1296 900 1384 942 leges
1408 899 1572 940 recitare,
1600 911 1679 932 cum
1704 899 1799 932 vides
1824 900 1975 932 exerceri
1998 900 2188 940 iudicium,
2215 905 2275 932 aut

1297 951 1369 993 lege
1387 947 1549 982 homines
1567 950 1658 982 inter
1672 961 1707 981 se
1726 947 1943 991 contrahere,
1972 951 2172 984 memineris
2190 948 2274 983 haec

1297 1012 1367 1033 esse
1384 999 1449 1033 Dei
1465 1000 1745 1038 ordinationem,
1774 1011 1878 1044 quam
1907 1002 1974 1033 nisi
1998 1014 2015 1033 a
2035 1001 2108 1034 Deo
2133 1013 2276 1034 conser-

1299 1057 1455 1089 varetur,
1489 1062 1560 1082 non
1585 1056 1700 1097 posset
1728 1050 1916 1082 consistere
1946 1053 2113 1085 adversus
2142 1051 2275 1085 diaboli

1299 1101 1496 1142 saevitiam,
1524 1101 1679 1145 quicum
1704 1100 1749 1133 sit
1772 1097 1967 1142 homicida,
1994 1103 2130 1135 assidue
2155 1102 2277 1136 incitat

1301 1153 1480 1196 improbos
1514 1152 1556 1183 ad
1593 1151 1867 1195 perturbandam
1907 1149 1997 1185 hanc
2031 1153 2278 1196 pulcerrimam

1302 1201 1521 1236 harmoniam
1541 1200 1687 1234 humani
1703 1201 1850 1244 generis.
1904 1200 2025 1247 Itaque
2050 1214 2129 1246 agas
2152 1204 2280 1247 gratias

1301 1253 1395 1291 Deo,
1423 1253 1483 1298 qui
1507 1259 1545 1286 ut
1570 1258 1778 1296 perpetuum
1799 1252 1882 1285 solis
1909 1264 2070 1294 cursum,
2111 1254 2156 1288 ita
2180 1256 2280 1288 πολι-

1300 1302 1424 1343 τείαν,
1457 1303 1655 1343 ordinavit,
1690 1309 1722 1336 et
1747 1314 1824 1335 ores
1849 1309 1888 1336 ut
1909 1304 2202 1350 tranquillitatem
2226 1318 2280 1338 re-

1303 1356 1426 1390 tineat,
1467 1361 1500 1387 et
1523 1355 1694 1396 gubernet
1718 1353 1854 1385 animos
1875 1354 2093 1398 principum,
2128 1363 2165 1389 ut
2190 1362 2280 1389 recte

1304 1413 1334 1437 et
1355 1404 1502 1436 feliciter
1520 1405 1702 1446 imperent.
1756 1402 1793 1436 Si
1812 1404 1896 1448 quid
1915 1411 1963 1437 est
1984 1405 2059 1438 vitii
2086 1406 2121 1438 in
2149 1406 2280 1449 princi-

1306 1456 1426 1499 pibus,
1466 1466 1529 1487 nos
1553 1464 1771 1493 accusemuS,
1806 1454 1865 1498 qui
1891 1465 1969 1487 cum
1994 1454 2068 1488 Deo
2091 1456 2199 1490 simus
2224 1457 2282 1489 in-

1304 1506 1410 1549 grati,
1438 1513 1469 1538 et
1487 1511 1661 1538 contemto
1680 1504 1882 1547 magistratu
1899 1502 1964 1538 boc
1981 1507 2187 1540 beneficium
2204 1519 2283 1541 cor—

1306 1567 1527 1599 rumpamus,
1559 1567 1631 1587 non
1656 1566 1776 1588 sumus
1799 1555 1896 1597 digni
1923 1556 2050 1600 quibus
2074 1557 2285 1600 contigerint

1306 1607 1464 1640 utiliores
1499 1606 1684 1649 principes.
1753 1603 1841 1637 Nam
1878 1607 1971 1649 quod
2001 1606 2106 1640 Poeta
2149 1608 2283 1655 inquit:

1306 1657 1485 1701 Quicquid
1504 1656 1655 1689 delirant
1671 1666 1784 1698 reges,
1812 1656 2013 1700 plectuntur
2029 1655 2174 1700 Achivi,
2204 1672 2285 1693 vere

1306 1710 1435 1740 dictum
1459 1715 1524 1740 est:
1553 1709 1611 1740 sed
1635 1707 1723 1739 illud
1747 1713 1797 1739 est
1822 1707 1956 1747 verius,
1984 1708 2158 1753 principes
2184 1722 2285 1756 saepe

1306 1759 1412 1802 affligi
1433 1765 1573 1802 propter
1588 1765 1706 1792 nostra
1729 1764 1877 1802 peccata.

1409 1825 1541 1859 Verum
1573 1826 1665 1859 dicat
1695 1825 1839 1869 aliquis:
1882 1824 1971 1858 Cum
2002 1828 2125 1870 probat
2156 1828 2286 1864 Paulus

1306 1878 1460 1919 gentium
1487 1877 1642 1920 politias,
1668 1883 1829 1909 uteturne
1846 1873 2068 1910 Christianus
2091 1879 2193 1912 etiam
2214 1880 2286 1913 Mi-

1307 1929 1472 1961 lesiorum
1490 1935 1548 1960 aut
1565 1927 1807 1971 Sybaritarum
1826 1927 1980 1968 legibus,
2012 1929 2055 1960 de
2073 1930 2286 1972 prostituen-

1307 1980 1360 2011 dis
1377 1978 1475 2010 novis
1489 1978 1604 2020 nuptis
1622 1983 1684 2011 etc.
1716 1975 1961 2010 ViditPaulus
1979 1976 2043 2012 hoc
2060 1980 2165 2012 obiici
2178 1993 2286 2024 posse,

1309 2037 1488 2073 propterea
1505 2028 1609 2061 etiam
1628 2028 1763 2060 addidit
1788 2029 1830 2060 de
1854 2028 1967 2061 officio
1989 2030 2229 2073 magistratus,
2256 2041 2289 2067 et

1307 2082 1349 2113 de
1379 2080 1529 2123 legibus,
1556 2078 1675 2124 quales
1699 2090 1770 2111 esse
1795 2079 1955 2114 debeant.
2014 2079 2152 2114 Debent
2175 2091 2290 2117 autem

1280 2156 1281 2170 ¹
1309 2132 1439 2164 bonum
1472 2142 1561 2177 opus
1588 2127 1722 2162 honore
1745 2129 1880 2161 afficere
1898 2156 1906 2169 ,
1945 2137 1977 2164 et
2003 2131 2127 2173 punire
2149 2133 2288 2176 flagitia.

1279 2173 1282 2187 “
1309 2181 1408 2224 Quae
1431 2192 1512 2214 vero
1536 2181 1605 2214 sint
1629 2181 1720 2213 bona
1747 2191 1870 2223 opera,
1898 2180 1951 2212 lex
1975 2188 2119 2214 naturae
2142 2183 2288 2219 iudicat:

1280 2227 1284 2274 Ι
1310 2232 1402 2275 Ergo
1419 2232 1578 2264 concedit
1595 2230 1741 2271 Paulus,
1766 2237 1804 2264 ut
1820 2231 1975 2273 gentium
1992 2231 2125 2273 legibus
2141 2240 2292 2277 utamur,

1282 2288 1284 2330 ζ
1310 2295 1397 2327 quae
1420 2290 1500 2316 suut
1526 2289 1777 2315 consentaneae
1799 2281 1938 2314 rationi.
1999 2280 2168 2317 Confusio
2194 2287 2294 2319 ordi-

1282 2375 1284 2384 Α
1310 2334 1463 2367 nationis
1487 2334 1628 2366 divinae
1652 2340 1725 2374 est,
1759 2332 1907 2376 probare
1933 2332 2150 2367 manifestam
2179 2337 2292 2381 turpi-

1281 2386 1285 2418 i
1311 2385 1483 2419 tudinem.

1279 2113 1282 2149 l

1412 2451 1480 2485 Sed
1510 2462 1581 2484 non
1607 2458 1657 2484 est
1675 2448 1779 2483 huius
1805 2449 1955 2483 instituti
1978 2451 2148 2495 explicare
2171 2455 2293 2499 singu-

1312 2503 1362 2535 las
1381 2502 1568 2546 particulas
1584 2508 1713 2539 textus,
1740 2508 1821 2534 sunt
1837 2501 1931 2533 enim
1949 2502 2156 2540 uberrimae.
2197 2505 2292 2540 Con-

1310 2553 1422 2586 clusio
1448 2555 1540 2596 apud
1567 2551 1715 2584 Paulum
1741 2558 1802 2586 est.
1864 2550 1945 2585 Ideo
1972 2564 2108 2586 necesse
2132 2562 2181 2589 est
2204 2558 2290 2590 obe-

1311 2604 1405 2645 dire,
1432 2600 1504 2637 noi]
1522 2610 1658 2636 tantum
1679 2608 1821 2645 propter
1837 2601 1944 2643 iram,
1972 2606 2030 2636 sed
2049 2613 2190 2649 propter
2205 2619 2291 2641 con-

1311 2655 1514 2696 scientiam,
1540 2651 1606 2687 hoc
1633 2660 1700 2693 est,
1735 2660 1772 2687 ut
1797 2653 1951 2687 breviter
1974 2654 2107 2695 dicam,
2141 2656 2169 2690 si
2194 2666 2291 2704 potes
