2415 2942
254 115 323 150 511

257 196 427 234 dientiam
446 190 692 233 universalem,
709 199 770 221 seu
786 193 922 221 nostras
941 186 1136 231 qualitates,
1153 196 1233 218 cum

257 251 403 283 dicitur:
435 243 519 277 Fide
536 244 688 274 donatur
706 239 809 271 nohis
835 237 991 277 iusticia,
1018 237 1076 270 scd
1103 235 1236 279 signifi—

256 308 306 333 cat
341 294 606 340 imputationem
640 290 816 327 iusticiae,
858 300 916 321 seu
953 287 1237 331 acceptationem.

258 349 301 383 Et
321 350 430 381 iustus
449 343 514 378 hoc
532 343 636 376 modo
663 340 807 374 relative
831 339 1066 382 intelligatur,
1096 350 1159 382 pro
1183 349 1240 371 ac-

259 407 357 442 cepto
385 398 425 429 ad
447 397 551 428 vitam
576 400 762 426 aeternam.
816 390 884 424 Sed
908 390 1088 422 sciendum
1112 396 1178 430 est,
1203 388 1240 421 in

259 449 462 483 remissione
482 451 698 489 peccatorum
715 441 819 475 simul
836 441 959 474 donari
975 439 1145 484 Spiritum
1161 451 1242 473 san-

260 510 352 534 ctum
367 527 375 536 ,
401 506 437 530 ιιι
458 508 560 540 supra
579 494 670 533 dixi,
697 505 775 526 cum
793 492 859 525 fule
878 503 941 525 nos
962 491 1138 533 erigimus.
1192 489 1241 523 lta

259 564 335 584 cum
368 547 612 582 iustificatione
637 545 823 577 coniuncta
845 549 895 576 est
925 542 1067 575 donatio
1091 540 1244 585 Spiritus

261 601 390 635 sancti.
426 599 484 643 qui
511 609 581 630 non
608 602 741 629 tantum
769 605 874 626 unam
908 593 1090 632 virtutem,
1129 592 1244 628 fidem,

262 654 319 686 sed
340 652 441 684 etiam
468 656 616 682 caeteras
642 646 772 678 incoat:
809 645 992 683 timorem,
1020 642 1244 675 dilectionem

264 703 352 741 Dei,
390 711 543 733 amorem
572 696 744 732 veritatis,
779 695 990 731 castitatem,
1030 692 1246 735 patientiam,

266 753 439 787 iusticiam
467 760 544 791 erga
570 747 786 791 proximum,
813 751 850 777 ut
877 751 992 786 postea
1016 743 1058 774 de
1081 741 1247 785 operibns

264 806 390 838 (licam.
445 800 512 833 Sed
533 799 595 831 hae
614 797 760 828 virtutes
783 806 855 826 non
873 800 1051 826 merentur
1070 792 1248 825 remissio-

265 867 344 889 nem
366 858 604 900 peccatorum,
633 858 694 878 nec
713 852 793 878 sunt
814 844 948 877 iusticia
976 849 1118 887 propter
1144 854 1248 887 quam

265 916 410 950 persona
436 901 478 934 sit
509 905 669 941 accepta,
712 907 800 941 quae
825 893 939 927 adhuc
968 893 1118 926 multum
1143 891 1249 927 habet

266 952 489 989 infirmitatis.
558 948 667 982 Porro
692 958 770 979 cum
805 944 1015 979 couscientia
1043 944 1249 988 perterrefa—

265 1014 317 1040 cta
335 1003 483 1049 quaerit,
512 999 690 1045 quomodo
710 997 949 1035 iustiticemur,
973 1007 1044 1028 non
1060 992 1127 1028 hoc
1145 1006 1251 1040 quae·-

267 1058 309 1091 rit
330 1065 414 1100 quas
434 1052 626 1086 habeamus
644 1049 810 1085 virt-ntes,
845 1047 902 1080 sed
929 1047 1106 1091 quomodo
1129 1057 1250 1079 conse-

267 1116 419 1153 quamur
443 1102 684 1136 remissionem
710 1104 951 1143 peccatorum,
990 1103 1021 1130 et
1044 1097 1249 1130 reconcilia-

268 1160 401 1192 tionem
421 1166 499 1188 cum
517 1153 602 1187 Deo.
655 1149 708 1183 De
726 1150 905 1182 voluntate
924 1147 988 1181 Dei
1009 1159 1086 1190 erga
1106 1159 1170 1180 nos
1190 1159 1251 1180 an-

271 1209 384 1252 gitur,
420 1216 492 1238 non
518 1201 774 1245 contemplatur
799 1198 956 1243 proprias
980 1198 1142 1242 virtutes,
1181 1210 1252 1230 non

269 1257 416 1303 opponit
440 1256 517 1288 illas
540 1252 671 1287 iudicio
700 1251 774 1285 Dei.
844 1249 925 1283 ldeo
949 1249 1008 1294 qui
1035 1249 1253 1282 iustificatio—

271 1321 351 1344 nem
369 1308 644 1348 interpretantur
662 1302 875 1334 infusionem
898 1300 1086 1339 virtutum,
1113 1312 1185 1332 non
1203 1306 1255 1333 at-

271 1360 422 1395 tendunt
445 1354 503 1389 hic
527 1353 646 1399 quaeri
673 1354 714 1384 ‹le
737 1351 941 1384 remissione
959 1356 1196 1393 peccatorum,
1223 1357 1255 1383 et

273 1414 316 1444 de
335 1420 415 1453 pace
437 1404 669 1441 conscientiae
695 1414 772 1445 erga
790 1400 923 1437 Deum,
951 1412 1010 1433 seu
1034 1401 1077 1432 de
1098 1400 1254 1432 reconci-

273 1461 428 1495 liatione.
495 1455 706 1498 Quaerimus
731 1453 909 1497 quomodo
938 1450 1187 1490 iustificemur‚
1221 1450 1255 1482 id

275 1519 350 1551 est,
392 1509 485 1542 unde
527 1504 716 1539 habeamus
750 1502 990 1535 remissionem
1026 1508 1259 1545 peccatorum,

275 1572 382 1608 quare
408 1557 629 1592 statuendum
666 1554 734 1594 sit,
775 1551 888 1585 Deum
924 1551 1027 1584 nobis
1061 1551 1259 1594 propicium

277 1624 361 1647 esse.
415 1608 560 1641 Necesse
577 1613 625 1639 est
649 1605 774 1648 igitur,
802 1601 1083 1636 iustificationem
1111 1601 1260 1645 intelligi

277 1660 519 1697 remissionem
552 1663 772 1701 peccatorum
804 1659 837 1686 et
865 1652 1139 1696 acceptationem
1169 1652 1261 1685 divi-

278 1725 359 1748 nam
379 1723 438 1744 seu
456 1707 722 1753 imputationem
742 1704 909 1738 iusticiae.

383 1760 505 1795 Gratia
550 1758 719 1801 significat
758 1755 943 1799 gratuitam
979 1754 1266 1798 acceptationem,

281 1826 342 1850 seu
366 1810 646 1846 misericordiam
671 1807 877 1852 promissam
906 1811 1050 1848 propter
1073 1805 1265 1846 Christum,

282 1877 362 1900 cum
384 1874 452 1908 qua
470 1860 656 1894 coniuncta
675 1864 724 1891 est
740 1857 884 1890 donatio
901 1855 1054 1900 Spiritus
1069 1857 1178 1889 sancti
1192 1883 1200 1896 ‚
1227 1863 1266 1890 ut

282 1915 436 1951 Roman.
461 1910 496 1946 5.
521 1910 638 1955 inquit
663 1908 808 1942 Paulus:
850 1906 993 1950 Quanto
1025 1907 1133 1949 magis
1157 1907 1266 1949 gratia

283 1965 376 2006 Dei,
403 1969 435 1996 et
452 1963 584 1995 donum
602 1960 639 1992 in
658 1959 781 2002 gratia.
831 1957 900 1992 Ubi
917 1969 994 1990 cum
1013 1958 1173 1991 nominat
1188 1969 1268 2000 gra-

284 2017 386 2054 tiam,
406 2011 572 2055 intelligit
589 2010 773 2054 gratuitam
794 2007 1125 2048 reconciliationum
1140 2009 1267 2041 deinde

286 2068 420 2102 donum
444 2063 481 2096 in
507 2062 634 2106 gratia,
677 2059 839 2101 intelligit
864 2058 1090 2091 donationem
1115 2059 1268 2102 Spiritus

287 2116 398 2152 sancti
421 2121 454 2148 et
479 2112 714 2147 incoationem
748 2110 839 2143 vitae
865 2116 1036 2143 aeternae.
1109 2109 1199 2142 Nam
1232 2109 1267 2141 in

287 2165 493 2202 remissione
518 2168 763 2207 peccatorum,
796 2166 834 2192 ut
863 2159 953 2196 dixi,
989 2159 1092 2192 datur
1117 2159 1270 2203 Spiritus

288 2224 439 2253 sanctus.
486 2213 620 2259 Estque
635 2212 780 2255 profana
804 2206 1026 2253 philosophia
1044 2208 1175 2252 Pelagii
1193 2222 1271 2243 exe·

290 2268 439 2305 cranda,
479 2264 539 2310 qui
573 2261 807 2297 contendebat
841 2260 915 2292 sine
949 2261 1085 2294 actione
1119 2260 1272 2304 Spiritus

293 2318 404 2352 sancti
429 2313 592 2349 homines
617 2312 692 2346 fieri
717 2312 807 2344 filios
824 2309 911 2348 Dei,
939 2316 972 2343 et
999 2308 1164 2344 haeredes
1181 2312 1272 2344 vitae

293 2376 463 2403 aeternae.

292 2427 351 2454 tur
383 2416 551 2450 auxilium
584 2422 616 2448 et
646 2413 736 2447 actio
761 2411 914 2456 Spiritus
943 2411 1065 2445 sancti.
1143 2411 1272 2446 Verum

293 2466 500 2515 principalis
526 2463 732 2508 significatio
754 2469 804 2496 est
829 2461 979 2506 gratuita
1003 2463 1210 2506 acceptatio,
1236 2470 1275 2496 ut

295 2530 374 2553 cum
397 2516 563 2550 dicimus:
599 2514 730 2548 Paulus
752 2524 814 2558 per
836 2512 983 2555 gratiam
999 2520 1204 2547 consecutus
1227 2520 1276 2547 est

296 2566 539 2604 remissionem
567 2571 807 2609 peccatorum,
840 2563 877 2596 id
902 2569 970 2604 est,
1004 2562 1136 2596 Paulus
1171 2565 1277 2607 gratis

298 2624 441 2665 propter
456 2613 637 2650 Christum
656 2620 860 2647 consecutus
877 2620 928 2647 est
943 2613 1182 2648 remissionem
1201 2627 1278 2658 pec-

299 2677 469 2705 catorum.
520 2664 573 2700 Ac
589 2664 808 2708 repudianda
827 2670 877 2697 est
893 2662 1154 2699 Monachorum
1180 2676 1280 2698 enar-

850 100 973 134 PlllL.
1004 100 1116 137 anit„
1144 95 1353 134 scnttvrA
1383 90 1678 128 ExEGEthA.

516 2365 625 2409 Saepe
643 2363 749 2406 igitur
773 2361 905 2405 gratiae
930 2362 1074 2393 nomine
1098 2361 1272 2404 significa-
1296 2381 1299 2399 ς

2208 96 2281 132 512

1288 178 1398 218 ratio,
1425 177 1487 223 qui
1512 176 1690 212 finxerunt
1713 177 2035 223 interpretationem
2055 194 2095 215 ex
2113 182 2283 215 diametro

1290 236 1505 276 pugnantem
1523 240 1602 262 cum
1621 228 1751 262 Paulo:
1779 228 1846 262 Per
1867 232 2011 273 gratiam
2035 233 2284 277 consequimur

1292 280 1535 315 remissionem
1546 303 1556 318 ,
1580 279 1615 312 id
1633 285 1700 319 est,
1726 281 1973 324 consequimur
1989 291 2131 327 propter
2147 290 2282 316 nostras

1293 333 1450 365 virtutes.
1502 329 1607 373 Quod
1639 329 1736 364 enim
1760 330 1870 373 gratia
1904 331 2072 374 significet
2100 333 2284 378 praecipue

1293 382 1480 426 gratuitam
1495 381 1767 425 acceptationem
1785 387 1928 425 propter
1937 380 2117 416 Christum
2134 384 2284 427 promis·

1294 445 1367 467 sam
1379 459 1390 474 ‚
1403 438 1576 466 testantur
1592 431 1702 465 multa
1717 431 1827 473 dicta,
1843 438 1897 465 ut:
1920 431 2000 465 Non
2019 434 2099 466 estis
2117 435 2181 467 sub
2197 435 2284 478 lege,

1297 486 1355 518 sed
1374 484 1438 516 sub
1454 483 1575 526 gratia.
1602 482 1718 516 Sentit
1733 482 1828 515 enim
1845 482 1966 524 iustos,
1983 484 2043 516 etsi
2059 481 2189 517 habent
2207 497 2286 528 pec-

1298 541 1371 567 cata
1386 559 1396 574 ,
1423 539 1540 566 tamen
1564 545 1637 566 non
1661 532 1839 571 accusari,
1875 534 1957 578 quia
1984 534 2055 568 siut
2079 534 2144 567 sul»
2166 535 2288 578 gratia,

1301 586 1335 618 id
1352 585 1421 624 est'‚
1449 584 1581 627 accepti
1598 584 1666 616 iam
1684 595 1724 616 ex
1740 584 1915 627 placentes
1937 591 2077 628 propter
2096 583 2288 619 Christum.

1300 635 1380 668 Non
1399 634 1492 667 enim
1511 635 1585 667 vult
1602 646 1660 667 eos
1676 634 1825 675 sentire,
1852 636 1945 680 quod
1964 635 2122 679 placeant
2143 642 2287 680 propter

1300 697 1380 719 suos
1401 683 1554 719 habitus-

1402 743 1507 777 Rom.
1525 742 1556 776 4.
1583 741 1665 776 Ideo
1694 754 1735 776 ex
1759 743 1827 776 fide
1853 755 1893 777 ac
1920 745 2112 778 secundum
2129 744 2290 788 gratiam,

1302 801 1339 828 ut
1356 795 1455 827 firma
1472 794 1515 827 sit
1534 794 1735 838 promissio.
1789 793 1901 827 Porro
1920 796 2133 829 conscientia
2151 807 2223 828 non
2240 801 2289 828 est

1301 852 1393 879 certa
1410 851 1554 888 propter
1569 851 1709 878 nostros
1731 842 1875 878 habitus
1896 857 1956 879 seu
1978 846 2123 880 virtutes
2141 853 2289 886 nostras,

1302 897 1361 930 sed
1389 903 1531 940 propter
1554 895 1742 938 gratuitam
1767 895 2045 929 misericordiam
2070 897 2289 941 promissam.

1303 947 1422 989 Quare
1440 944 1522 979 huic
1540 946 1617 979 loco
1641 957 1864 991 nequaquam
1890 947 2073 981 conveniet
2093 944 2291 980 Monacho-

1303 1008 1381 1030 rum
1403 996 1666 1040 interpretatio,
1694 996 1755 1040 qui
1781 997 1929 1039 gratiam
1957 1004 2092 1031 tantum
2118 998 2291 1042 interpre-

1303 1054 1424 1082 tantur
1440 1053 1577 1079 nostras
1594 1046 1751 1079 virtutes.

1405 1105 1512 1141 Rom.
1536 1103 1571 1140 5.
1613 1103 1685 1137 Ubi
1717 1105 1912 1139 abundavit
1943 1112 2143 1150 peccatum,
2183 1103 2293 1148 magis

1304 1157 1507 1191 exuberavit
1532 1155 1660 1199 gratia,
1702 1155 1738 1187 id
1764 1162 1834 1196 est,
1880 1157 2030 1198 gratuita
2053 1156 2293 1190 misericordia

1305 1210 1414 1252 magis
1431 1206 1664 1251 conspicitur,
1689 1217 1768 1238 cum
1792 1206 1999 1249 magnitudo
2024 1207 2154 1251 peccati
2181 1206 2294 1240 nostri

1305 1259 1540 1303 conspicitur,
1570 1264 1603 1290 et
1625 1256 1855 1299 intelligimus
1876 1268 1940 1290 nos
1963 1257 2088 1300 gratis,
2117 1268 2190 1290 non
2212 1268 2294 1301 pro-

1305 1317 1382 1354 pter
1412 1309 1531 1353 aliqua
1564 1308 1689 1341 merita
1729 1307 1898 1353 consequi
1936 1307 2178 1341 remissionem
2213 1318 2294 1352 pec-

1304 1367 1474 1394 catorum.

1405 1416 1460 1449 Ad
1487 1413 1660 1459 Ephesios
1679 1415 1711 1448 1.
1759 1413 2030 1449 Praedestinans
2057 1426 2121 1448 nos
2147 1427 2209 1459 per
2240 1414 2293 1449 le-

1304 1477 1382 1501 sum
1396 1464 1598 1506 Christum,
1624 1466 1718 1498 iuxta
1743 1465 2003 1509 beneplacitum
2027 1477 2107 1499 suae
2132 1466 2296 1500 volunta-

1306 1518 1370 1555 tis,
1405 1518 1448 1550 ad
1472 1517 1611 1549 laudem
1636 1516 1766 1559 gloriae
1793 1517 1921 1559 gratiae
1950 1528 2043 1550 suae.
2110 1515 2179 1549 Hic
2203 1524 2295 1550 certe

1308 1567 1385 1601 vult
1400 1567 1566 1600 celebrari
1588 1578 1662 1599 non
1685 1573 1822 1600 nostras
1840 1567 2004 1609 virtutes,
2029 1567 2087 1601 sed
2106 1567 2293 1610 gratuitam

1309 1618 1587 1652 misericordiam
1609 1617 1689 1652 Dei.

1411 1676 1466 1709 Ad
1483 1674 1628 1709 Galatas
1645 1676 1680 1710 2.
1722 1674 1803 1708 Non
1829 1686 1954 1720 sperno
1985 1676 2129 1719 gratiam
2147 1674 2229 1709 Dei:
2267 1675 2296 1709 si

1311 1728 1406 1761 enim
1431 1739 1471 1759 ex
1496 1727 1571 1769 lege
1596 1732 1648 1759 est
1672 1725 1829 1767 iusticia,
1860 1727 1988 1760 frustra
2016 1724 2180 1759 Christus
2202 1739 2298 1760 mor·

1312 1786 1392 1813 tuus
1411 1784 1473 1810 est.
1525 1776 1607 1810 Non
1629 1775 1695 1809 hoc
1715 1777 1814 1810 dicit:
1844 1776 2058 1820 Magnifacio
2077 1789 2169 1810 meas
2187 1777 2298 1811 virtu-

1311 1837 1383 1870 tes,
1409 1828 1466 1861 sed
1487 1828 1673 1871 gratuitam
1690 1827 1967 1861 misericordiam
1983 1828 2203 1871 magnifacio,
2230 1840 2297 1873 qua

1313 1877 1403 1914 mihi
1428 1886 1570 1923 propter
1586 1875 1718 1913 Christi
1735 1886 1884 1912 mortem
1909 1886 2021 1913 statuo
2040 1878 2152 1912 Deum
2181 1878 2298 1926 placa-

1313 1938 1387 1965 tum
1411 1941 1493 1964 esse.

1414 1989 1449 2022 2.
1470 1986 1679 2023 Thessalon.
1704 1989 1740 2023 2.
1782 1985 1890 2022 Dedit
1914 1987 2018 2021 nobis
2041 1999 2136 2031 spem
2166 1988 2297 2021 bonam

1319 2041 1355 2073 in
1375 2039 1497 2082 gratia.
1551 2037 1632 2071 Non
1650 2038 1748 2072 iubet
1763 2050 1901 2082 sperare
1917 2045 2062 2083 propter
2077 2044 2213 2072 nostras
2228 2039 2301 2071 vir-

1319 2098 1426 2131 tutes,
1453 2091 1513 2123 sed
1537 2097 1680 2133 propter
1703 2089 1891 2132 gratuitam
1918 2089 2194 2123 misericordiam
2217 2101 2301 2134 pro-

1319 2141 1458 2175 missam
1474 2147 1617 2185 propter
1631 2137 1826 2174 Christum.

1421 2198 1478 2232 Ad
1496 2197 1676 2232 Hebraeos
1693 2197 1729 2233 4.
1762 2198 1980 2232 Accedamus
2002 2209 2080 2232 cum
2103 2197 2229 2231 fiducia
2255 2199 2300 2231 ad

1321 2248 1489 2285 thronum
1506 2249 1656 2292 gratiae,
1683 2249 1719 2281 id
1734 2256 1803 2290 est,
1825 2249 2015 2294 promissae
2030 2247 2300 2282 misericordiae.

1322 2301 1413 2335 Satis
1430 2301 1524 2333 enim
1541 2300 1671 2345 liquet,
1696 2297 1754 2333 hic
1773 2299 1922 2343 intelligi
1943 2310 2014 2332 non
2038 2309 2138 2343 posse
2157 2299 2302 2342 gratiam

1323 2353 1366 2385 de
1383 2351 1511 2384 nostris
1530 2351 1732 2386 virtutibus.

1425 2409 1587 2455 Denique
1613 2418 1697 2442 nota
1724 2414 1774 2442 est
1806 2407 1952 2441 eruditis
1978 2404 2114 2451 phrasis
2136 2406 2304 2442 Hebraici

1325 2461 1516 2502 sermonis,
1543 2471 1611 2505 qua
1634 2461 1834 2497 observata,
1869 2458 1971 2491 facile
1994 2458 2060 2492 erit
2083 2458 2237 2493 iudicare
2261 2460 2304 2492 de

1327 2511 1580 2555 significatione
1613 2509 1786 2543 vocabuli.
1852 2507 1990 2542 Deinde
2022 2520 2126 2542 nemo
2167 2510 2306 2553 ignorat

1329 2562 1478 2596 Paulum
1496 2559 1586 2596 hanc
1603 2561 1713 2605 ipsam
1729 2560 1775 2593 ob
1792 2570 1929 2593 causam
1955 2560 2131 2593 inculcare
2151 2562 2304 2594 vocabu-

1330 2614 1404 2645 lum
1428 2613 1574 2655 gratiae,
1600 2617 1640 2644 ut
1661 2617 1852 2645 statuamus
1875 2621 1938 2643 nos
1966 2610 2102 2654 placere
2125 2610 2199 2645 Deo
2224 2623 2306 2656 pro-

1306 2693 1310 2713 l
1334 2671 1408 2708 pter
1425 2661 1604 2697 Christum
1617 2687 1626 2703 ‚
1653 2672 1725 2695 non
1741 2668 1884 2706 propter
1899 2667 2036 2695 nostras
2050 2661 2208 2698 virtutes.
2265 2661 2306 2695 Id
