2415 2942
271 85 364 123 1251

269 180 421 219 gestatur
439 168 536 215 panis
553 174 586 202 et
602 167 779 208 adoratur,
796 179 874 201 cum
893 165 985 201 nihil
1003 168 1111 212 possit
1127 165 1257 202 habere

273 225 442 259 rationem
469 218 686 255 sacramenti
704 224 796 251 extra
817 219 1018 252 institutum
1035 231 1156 257 usum,
1185 220 1256 252 ele-

272 281 396 319 gerunt
421 270 609 314 singularia
632 280 747 312 opera
764 268 937 303 Eremitae
961 276 993 303 et
1016 268 1198 311 monachi,
1224 277 1255 304 et

274 327 447 359 finxerunt
476 333 514 354 ea
543 320 667 353 mereri
699 320 939 353 remissionem
969 328 1187 363 peccatorum
1224 328 1257 355 et

273 376 379 408 vitam
411 379 608 410 aeternam,
641 370 731 404 sicut
754 377 786 403 et
809 370 869 403 alii
895 367 1056 404 homines
1082 372 1256 405 finxerunt

270 426 383 460 cultus
401 423 469 458 Dei
488 429 521 456 et
539 422 662 454 merita
680 432 752 454 esse
769 432 830 454 sna
852 421 981 454 ieiunia
1007 429 1040 456 et
1066 422 1132 455 alia
1160 435 1257 455 exer-

271 476 376 510 citia:
427 472 612 507 sacrificuli
644 473 802 505 vendunt
833 483 910 505 suas
941 472 1061 506 missas
1090 479 1257 518 tanquam

274 526 500 570 praecipuum
521 523 697 556 meritum.
752 520 931 556 Adversus
948 520 1010 556 has
1028 524 1259 557 contumelias

274 576 338 611 Dei
359 586 494 608 necesse
513 581 563 607 est
582 580 699 607 tenere
717 573 931 613 doctrinam,
961 586 1028 618 qua
1045 573 1139 607 Deus
1159 587 1258 619 prae-

273 628 357 671 cipit
374 637 472 659 veros
491 624 604 658 cultus
622 630 655 657 et
674 624 817 657 damnat
834 624 949 657 falsos.

369 684 525 727 Regulae
552 683 658 725 igitur
682 689 867 716 teneantur
889 679 1064 717 Ezechiel.
1095 683 1173 718 20.:
1217 681 1259 716 In
1285 704 1287 711 ¹

276 736 468 781 praeceptis
492 734 577 767 meis
602 733 796 772 ambulate,
824 744 896 765 non
921 733 956 765 in
983 734 1175 778 praeceptis
1198 746 1259 778 pa-

275 795 368 821 trum
392 792 598 819 vestrorum.
668 782 771 816 Item:
801 781 868 815 Hic
895 791 945 817 est
968 784 1060 817 filius
1086 796 1181 818 meus
1206 785 1260 817 di-

274 838 401 874 lectus,
428 834 521 869 hunc
544 834 672 868 audite.
727 830 851 868 Iohan.
872 833 945 870 14.:
981 834 1019 868 Si
1045 835 1123 880 quis
1145 836 1261 877 diligit

275 900 340 928 me,
359 898 554 920 sermonem
572 896 687 917 meum
705 884 876 925 servabit,
901 892 934 919 et
951 892 1047 929 pater
1063 898 1160 919 mens
1178 886 1258 919 dili-

273 945 328 982 get
352 950 449 976 eum,
492 943 521 968 et
552 936 731 968 veniemus
759 936 802 967 ad
838 947 937 974 eum,
981 943 1014 970 et
1041 937 1258 970 mansionem

274 989 367 1033 apud
391 999 469 1020 eum
492 986 668 1021 faciemus.
736 983 907 1019 Matthaei
931 985 1006 1023 15,;
1039 985 1182 1021 Frustra
1207 1000 1261 1020 me

275 1040 393 1073 colunt
413 1037 586 1070 mandatis
607 1034 806 1070 hominum.

371 1096 440 1130 Hic
460 1102 634 1139 repetatur
656 1102 730 1129 tota
756 1095 916 1129 doctrina
944 1096 986 1129 de
1002 1097 1092 1130 veris
1110 1096 1261 1130 cultibus

277 1149 366 1182 etde
385 1147 571 1180 mandatis.
624 1144 748 1180 Cultus
767 1144 831 1179 Dei
848 1154 897 1180 est
915 1159 1002 1191 opus
1018 1149 1221 1181 mandatum
1242 1159 1259 1180 a

279 1201 377 1237 Deo,
419 1198 547 1231 sactum
581 1196 617 1229 in
650 1197 828 1240 agnitione
861 1196 1008 1231 Domini
1041 1199 1151 1231 nostri
1185 1198 1261 1232 Iesu

275 1248 406 1284 Christi
432 1256 463 1281 ct
490 1249 574 1286 fide,
602 1247 700 1280 cuius
725 1248 839 1291 operis
866 1249 1069 1292 principalis
1093 1250 1170 1282 finis
1198 1256 1260 1287 est,

272 1309 310 1335 ut
336 1312 395 1344 per
420 1300 533 1343 ipsum
558 1296 671 1331 honos
695 1297 770 1331 Deo
795 1299 989 1339 tribuatur,
1024 1297 1090 1333 hoc
1119 1307 1186 1340 est,
1223 1306 1260 1333 ut

273 1352 435 1385 ostendas
470 1360 589 1382 verum
617 1349 735 1382 Deum
765 1349 854 1381 velle
885 1350 952 1382 coli
978 1348 1044 1382 boc
1071 1352 1194 1390 modo,
1229 1357 1261 1383 et

275 1400 370 1435 hunc
387 1412 457 1433 esse
472 1411 592 1433 verum
611 1400 724 1432 Deum
744 1405 774 1432 et
793 1399 962 1440 iudicem,
990 1412 1092 1445 quem
1111 1400 1158 1433 sic
1174 1401 1259 1433 colis

275 1459 307 1485 et
325 1464 396 1484 non
413 1451 531 1488 aliter,
558 1456 590 1483 et
609 1450 742 1483 testeris
762 1447 844 1482 huic
863 1462 943 1483 vero
964 1451 1037 1484 Deo
1057 1449 1147 1484 hanc
1176 1451 1258 1483 obe-

276 1502 442 1536 dientiam
474 1500 614 1536 deberi,
655 1507 693 1533 ut
727 1499 864 1533 castitas
891 1499 1015 1544 loseph
1052 1508 1102 1534 est
1135 1501 1260 1541 cultus,

277 1553 358 1598 quia
383 1558 432 1585 est
455 1563 542 1595 opus
558 1563 574 1582 a
594 1548 668 1582 Deo
686 1550 907 1590 mandatum,
935 1558 967 1584 et
986 1552 1021 1584 fit
1039 1551 1261 1595 praelucente

277 1603 467 1646 agitatione
493 1601 714 1640 mediatoris,
754 1608 786 1634 et
816 1600 884 1634 fide
907 1602 1096 1645 promissae
1124 1601 1260 1634 miseri-

277 1654 434 1691 cordiae,
473 1659 505 1685 et
531 1650 596 1684 hoc
626 1663 730 1695 opere
755 1651 879 1685 tribuit
906 1649 1077 1685 honorem
1101 1651 1196 1690 Deo,
1224 1653 1259 1684 id

277 1712 345 1740 est.
373 1704 526 1737 ostendit
545 1714 665 1735 verum
686 1702 797 1735 Deum
819 1702 868 1736 sic
881 1704 970 1736 velle
994 1703 1080 1746 coli,
1109 1711 1140 1736 et
1166 1700 1260 1735 hunc

279 1767 349 1788 csse
376 1766 495 1786 verum
523 1753 654 1792 Deum,
681 1765 785 1797 quem
807 1753 857 1786 sic
879 1754 982 1795 colit,
1016 1754 1115 1799 eique
1141 1754 1261 1787 deberi

277 1804 367 1839 hanc
385 1803 620 1838 obedientiam
643 1810 799 1839 testatur.

380 1862 474 1895 Haec
501 1862 658 1895 definitio
681 1868 794 1895 sumta
819 1867 870 1895 est
895 1873 934 1894 ex
958 1861 1059 1895 dictis
1075 1861 1172 1908 'quae
1191 1863 1260 1896 iam

276 1914 436 1947 recitavi:
475 1912 513 1945 In
544 1912 735 1956 praeceptis
770 1913 856 1946 meis
891 1912 1079 1947 ambulate.
1157 1913 1259 1948 Item:

281 1963 385 1997 Hunc
403 1964 533 1997 audite.

380 2020 431 2055 Ex
461 2019 524 2053 hac
558 2021 762 2054 definitione
797 2022 911 2055 cultus
938 2020 1003 2055 Dei
1034 2023 1259 2056 manifestum

279 2080 346 2111 est,
386 2084 490 2114 opera
524 2084 594 2104 non
619 2073 780 2105 mandata
811 2085 827 2105 a
854 2072 928 2106 Deo
953 2085 1024 2105 non
1051 2085 1122 2105 esse
1147 2075 1261 2107 cultus

278 2123 359 2164 Dei,
387 2123 459 2156 sive
476 2123 546 2155 sint
564 2122 726 2155 mandata
747 2123 782 2154 in
808 2121 972 2156 humanis
998 2125 1259 2165 traditionibus,

281 2174 352 2207 sive
370 2174 439 2206 sint
456 2174 561 2206 electa
581 2173 717 2216 privato
741 2173 900 2209 arbitrio,
953 2173 1119 2207 Nominat
1144 2182 1258 2208 antem

282 2222 338 2257 hic
354 2222 534 2257 Elementa
557 2223 699 2262 mundi,
738 2235 810 2256 non
836 2230 875 2257 ut.
893 2221 1032 2269 Physici
1053 2225 1259 2270 loquuntur,

281 2276 339 2308 sed
356 2274 565 2308 vocabulum
585 2273 755 2316 significat
774 2274 1034 2308 ordinationem
1060 2288 1077 2308 a
1105 2277 1259 2320 στοῖχος,

281 2326 375 2370 quod
394 2331 443 2358 est
461 2325 583 2363 series,
612 2332 643 2358 et
663 2325 827 2368 intelligit
848 2325 1091 2359 ordinationes
1108 2329 1259 2360 munda-

281 2387 364 2416 nas,
399 2376 486 2409 ritus
521 2375 722 2416 distinctos,
756 2376 920 2421 qualibus
948 2376 985 2409 in
1020 2375 1087 2410 hoc
1115 2379 1260 2419 mundo,

282 2423 349 2459 boc
378 2433 446 2465 est,
481 2424 544 2459 hac
579 2426 648 2460 vita
681 2427 854 2470 corporali
891 2427 1045 2466 utimur,
1087 2428 1259 2468 videlicet,

281 2476 408 2519 gradus
433 2488 659 2519 personarum
677 2502 688 2518 ‚
730 2478 892 2511 ordinem
918 2478 955 2511 in
980 2479 1076 2520 cibo,
1121 2479 1260 2520 vestitu,

281 2527 405 2560 diebus
422 2534 481 2561 aut
496 2527 681 2561 similibus.

381 2593 542 2628 Tertium
563 2605 671 2636 genus
691 2594 962 2638 imposturarum
988 2604 1036 2630 est
1055 2597 1171 2631 ficticii
1195 2609 1257 2631 en-

279 2642 480 2687 thusiasmi,
508 2645 568 2690 qui
589 2652 647 2679 aut
662 2652 742 2679 sunt
760 2658 902 2690 prorsus
919 2647 1073 2683 simulati
1088 2655 1119 2682 et
1136 2661 1254 2683 emen-

849 80 975 119 PHtL.
1009 80 1125 119 MEL.
1164 80 1371 118 SCRIPTA
1409 82 1708 120 EXEGETICA.

2201 83 2298 122 1252

1309 168 1378 210 titi,
1402 176 1440 203 ut
1459 169 1717 215 Anabaptistici
1734 168 1891 215 plerique
1906 177 1939 205 et
1955 169 2217 212 Stencfeldiani,
2235 177 2296 206 aut.

1310 227 1392 253 sunt
1418 221 1597 255 illusiones
1627 221 1840 262 diabolicae,
1869 228 1907 254 nt
1931 221 2074 256 suerunt
2099 223 2294 256 multorum

1310 271 1541 306 fanaticorum
1561 270 1764 313 hominum,
1790 270 2067 316 Pepusianornm
2085 280 2119 307 et
2141 274 2294 307 aliorum

1310 322 1455 356 furores.

1413 379 1531 423 Fingit
1556 380 1791 415 Stencseldius
1806 380 1924 414 Deum
1942 392 2014 414 sese
2036 382 2297 417 communicare

1311 431 1385 465 sine
1401 431 1536 472 medio,
1564 431 1598 465 id
1618 439 1685 473 est,
1711 431 1787 464 sine
1811 431 1908 464 verbi
1935 432 2048 465 divini
2074 433 2293 476 cogitatione.

1313 481 1361 515 lta
1380 489 1490 515 astute
1508 482 1670 516 diabolus
1689 482 1831 515 abducit
1855 479 2017 516 homines
2037 496 2052 515 a
2071 485 2177 516 verbo
2197 490 2294 526 pate-

1311 533 1400 566 facto
1425 533 1555 566 divinis
1581 533 1811 572 testimoniis,
1845 539 1884 565 ut
1907 541 2022 577 postea
2039 533 2161 568 ludant
2179 532 2296 567 homi·

1313 594 1374 616 nes
1413 584 1583 625 fingendis
1615 583 1865 628 opinionibus,
1908 584 2080 623 cultibus,
2131 585 2235 618 idolis
2263 591 2296 620 et

1313 634 1518 667 confusione
1536 647 1702 678 operum,
1730 634 1819 668 sicut
1836 635 1928 677 apud
1947 633 2118 668 Ethnicos
2136 635 2296 669 acccidit:

1313 691 1345 718 et
1358 685 1480 718 relicto
1497 686 1603 718 verbo
1621 685 1743 717 divino
1761 696 1902 728 prorsus
1915 683 2005 718 nihil
2025 692 2073 718 est
2092 686 2188 727 fides,
2207 697 2296 731 quae

1314 742 1363 768 est
1381 733 1612 779 apprehensio
1634 734 1697 768 Dei
1715 735 1926 777 cogitatione
1943 736 2061 780 scripti
2081 737 2189 778 verbi,
2206 737 2296 770 sicut

1284 713 1288 842 1
1313 785 1442 818 Paulus
1454 786 1585 830 inquit:
1614 785 1716 819 Fides
1729 798 1767 818 ex
1778 787 1900 819 auditu
1913 793 1974 826 est,
1989 787 2127 820 auditus
2137 799 2176 820 ex
2188 787 2295 820 verbo

1286 843 1287 859 t
1315 836 1390 870 Dei.
1422 835 2299 880 lnconversionedolororiaturcogitationeverbi,

1285 867 1289 924 ι
1314 887 1407 931 quod
1432 887 1546 930 arguit
1571 893 1756 930 peccatum.
1779 904 1785 912 ·
1818 886 1956 920 Rursus
1977 889 2080 921 etiam
2106 889 2142 921 in
2170 900 2295 922 conso-

1285 930 1289 996 l
1314 938 1443 971 latione
1460 949 1558 970 mens
1577 938 1754 970 intueatur
1771 937 2016 980 promissiones
2032 939 2179 979 divinas,
2197 951 2296 972 cum-

1314 1000 1381 1033 que
1404 1000 1464 1021 cor
1487 994 1688 1021 susentatur
1712 988 1921 1030 cogitatione
1945 989 2063 1029 verbi,
2105 1002 2185 1023 vera
2211 989 2297 1023 fides

1313 1039 1525 1074 accenditur.
1578 1038 1637 1072 Sic
1653 1038 1744 1070 filius
1765 1038 1834 1071 Dei
1857 1038 1975 1072 efficax
1996 1046 2064 1079 est,
2091 1040 2177 1073 dans
2193 1040 2297 1074 nobis

1287 1099 1290 1106 ¹
1314 1090 1356 1122 de
1379 1101 1442 1122 suo
1464 1089 1612 1133 spiritu,
1638 1101 1701 1121 nec
1718 1089 1981 1132 imaginandum
2005 1097 2054 1123 est
2072 1090 2174 1124 fidem
2198 1090 2297 1134 prius

1285 1110 1290 1177 i
1316 1152 1389 1173 esse
1414 1140 1449 1172 in
1477 1141 1600 1180 corde,
1628 1146 1661 1173 et
1678 1146 1794 1183 postea
1815 1140 1967 1182 primum
1986 1142 2147 1174 accedere
2164 1141 2296 1184 cogita-

1286 1185 1290 1422 ι
1315 1191 1446 1224 tionem
1465 1191 1660 1227 doctrinae,
1689 1202 1776 1235 quae
1793 1190 1836 1223 sit
1853 1191 2052 1224 exercitium
2077 1192 2210 1225 externi
2233 1190 2297 1225 ho-

1287 1632 1289 1650 Ι

1316 1242 1421 1274 minis
1448 1253 1506 1275 seu
1532 1242 1772 1275 testimonium
1800 1242 1842 1273 de
1874 1241 1950 1274 luce
1976 1241 2163 1282 interiore,
2205 1243 2295 1278 sicut

1316 1292 1474 1337 loquitur
1492 1292 1738 1326 Stencfeldius.
1791 1290 1886 1324 Haec
1911 1304 2047 1325 necesse
2071 1299 2120 1326 est
2143 1293 2294 1337 diligen-

1315 1350 1365 1375 ter
1379 1343 1614 1383 considerari,
1644 1354 1687 1374 ne
1708 1349 1922 1386 quaerantur
1940 1342 2218 1378 illuminationes
2236 1355 2296 1378 seu

1314 1391 1541 1426 enthusiasmi
1560 1393 1634 1426 sine
1656 1394 1761 1425 verbo
1779 1391 1855 1426 Dei.

1323 1480 1372 1515 In
1403 1481 1482 1529 ipso
1516 1478 1665 1515 habitat
1702 1481 1819 1515 omnis
1850 1480 2041 1528 plenitudo
2076 1480 2285 1517 divinitatis

1643 1531 1881 1579 corporaliter
1904 1537 1964 1566 etc.

1416 1606 1636 1641 Vocabulum
1673 1607 1914 1651 Corporaliter
1947 1608 2118 1651 significat
2156 1606 2297 1652 proprie

1314 1658 1406 1691 idem
1426 1656 1491 1691 hoc
1509 1659 1604 1699 loco,
1631 1660 1724 1704 quod
1747 1659 1870 1692 usitate
1890 1659 2037 1692 dicimus
2049 1658 2298 1698 Personaliter,

1287 1750 1290 1756 ‚
1315 1716 1346 1742 et
1363 1716 1440 1753 post
1458 1710 1657 1753 oppositum
1675 1707 1924 1743 inhabitationi
1944 1710 2148 1753 separabili,
2176 1717 2212 1743 ut
2233 1706 2296 1741 ha—

1287 1763 1289 1770 ⁴
1315 1761 1401 1794 bitat
1427 1759 1521 1793 Deus
1548 1761 1583 1793 in
1611 1761 1721 1793 beatis
1755 1761 1808 1793 vel
1839 1761 1875 1793 in
1903 1761 2030 1793 sanctis
2057 1761 2091 1793 in
2124 1758 2186 1794 hac
2213 1760 2295 1800 vita,

1315 1812 1373 1843 sed
1401 1811 1465 1852 ita,
1501 1819 1539 1845 ut
1562 1812 1606 1845 sit
1630 1811 1679 1844 ibi
1706 1810 1844 1850 efficax,
1879 1819 1912 1845 et
1940 1812 1984 1846 sit
2013 1811 2217 1855 separabilis
2240 1811 2296 1843 di-

1285 1860 1289 1887 l
1316 1862 1454 1897 vinitas,

1414 1920 1693 1955 Considerentur
1710 1928 1825 1955 autem
1843 1919 1899 1954 hic
1915 1929 2066 1967 quatuor
2084 1922 2178 1955 modi
2197 1933 2296 1966 prae—

1314 1971 1445 2005 sentiae
1464 1972 1539 2005 Dei.

1416 2030 1555 2064 Primus
1572 2031 1697 2063 modus
1714 2037 1763 2064 est
1782 2031 1976 2074 praesentia
1992 2031 2209 2072 universalis,
2228 2043 2297 2076 quo

1315 2082 1356 2113 ad
1382 2082 1682 2115 conservationem
1708 2083 2002 2122 substantiarum,
2030 2094 2097 2126 qna
2121 2082 2170 2116 sic
2196 2084 2292 2118 adest

1313 2131 1408 2165 Deus
1434 2133 1599 2166 omnibus
1625 2132 1791 2165 creaturis
1816 2133 1919 2165 bonis
1942 2139 1972 2166 et
1996 2132 2118 2178 malis,
2145 2139 2183 2166 ut
2208 2145 2291 2166 con-

1285 2207 1288 2230 1
1313 2190 1426 2216 servet
1445 2195 1561 2216 earum
1579 2183 1807 2221 substantias,
1834 2183 2002 2226 tantisper
2027 2184 2137 2216 donec
2154 2195 2295 2216 conser-

1285 2231 1288 2254 ¹
1314 2241 1465 2274 vantur,
1503 2241 1542 2267 ut
1569 2232 1706 2266 Pharao
1731 2235 1924 2267 destruitur
1947 2246 2024 2267 cum
2048 2232 2144 2266 Deus
2167 2234 2295 2268 desinit

1314 2296 1451 2317 servare
1467 2284 1708 2317 substantiam.
1760 2283 1814 2317 De
1838 2282 1902 2317 hac
1929 2284 2116 2317 universali
2135 2296 2299 2328 praesen-

1313 2336 1359 2368 tia
1386 2336 1515 2368 dicitnr
1532 2334 1728 2368 Hieremiae
1747 2336 1822 2368 23,;
1856 2334 2001 2368 Coelum
2024 2341 2056 2368 et
2081 2341 2207 2368 terram
2233 2347 2295 2379 ego

1313 2385 1462 2429 impleo,
1504 2386 1589 2419 dicit
1612 2384 1801 2420 Dominus,
1874 2387 1922 2419 Et
1948 2391 2054 2418 notus
2081 2385 2125 2419 sit
2155 2397 2291 2420 versus:

1312 2434 1440 2477 Emer,
1468 2444 1686 2481 praesenter,
1717 2435 1812 2470 Deus
1828 2434 1885 2469 hic
1904 2442 1936 2469 et
1953 2436 2084 2480 ubique
2101 2443 2270 2480 potenter.

1411 2494 1593 2529 Secundus
1610 2496 1735 2528 modus
1757 2494 1968 2539 praesentiae
1991 2494 2195 2528 nominatur
2215 2506 2293 2538 spe-

1311 2545 1425 2584 cialis,
1451 2558 1518 2591 qua
1536 2545 1630 2579 Deus
1646 2553 1695 2579 est
1713 2545 1750 2579 in
1770 2545 1894 2585 beatis,
1921 2544 2071 2583 scilicet,
2101 2545 2147 2578 ita
2163 2552 2202 2579 ut
2219 2557 2292 2578 non

1311 2603 1448 2630 tantum
1472 2603 1583 2630 servet
1602 2596 1832 2635 substantias,
1862 2598 1921 2629 sed
1939 2607 2011 2628 sese
2029 2595 2078 2629 eis
2092 2596 2291 2629 communi-

1280 2615 1287 2695 ι
1311 2654 1382 2690 cet,
1409 2649 1589 2693 complens
1610 2658 1669 2682 eos
1692 2659 1753 2682 sua
1776 2648 1854 2682 luce
1879 2654 1913 2682 et
1939 2646 2093 2689 iusticia,
2119 2653 2151 2681 et
2176 2646 2289 2681 vivifi-
