2415 2942
160 96 254 134 1141

156 184 358 217 hernatoses
382 183 501 218 laxant
533 183 652 217 frenos
687 184 760 217 irae
787 191 820 217 et
853 183 1037 226 cupiditati
1075 183 1154 215 vin-

156 235 288 272 dictae,
318 242 355 268 ut
381 235 509 268 tollant
535 247 610 275 eos,
643 235 772 280 quibus
799 241 1015 268 succensent.

157 286 377 318 verissimum
401 293 431 318 et
452 287 588 319 dictum
617 285 756 319 lacobi:
797 284 851 318 Ira
877 285 944 317 viri
972 297 1044 317 non
1069 297 1153 327 ope-

153 343 252 369 ratur
271 337 445 370 iusticiam
464 335 547 369 Dei.
601 336 650 369 Et
670 343 792 370 contra
820 343 958 369 tenaces
985 336 1149 368 offensio-

152 399 237 421 num
261 396 491 431 opponantur
528 387 638 420 dicta:
674 386 859 420 Remittite
888 393 921 419 et
954 387 1152 420 remittetur

151 437 264 478 vobis,
281 439 374 483 quod
396 438 553 471 versibus
564 437 776 470 Nazianzeni
797 437 932 479 egregie
952 437 1137 471 recitatur:

234 502 298 535 Eld’
324 502 412 538 οἷῦας
434 502 541 544 ἔφλων
561 502 610 532 καὶ
631 500 810 542 πρόχρησον
833 502 868 532 τὸ
887 505 1004 544 πρᾷον,

322 545 426 588 Οἴκτῳ
450 545 509 587 γὰρ
535 543 635 581 οἶκτος
657 546 708 576 καὶ
731 548 796 587 θεῷ
821 546 1033 583 σταθμίζεται.

256 613 335 647 Huc
354 622 386 648 et
407 616 584 648 decretum
602 614 759 649 Atticum
786 614 954 658 pertinet:
981 611 1033 659 μή
1056 627 1149 659 μνη-

156 667 332 702 σικακεῖν.

155 757 209 794 Οὐ
229 756 410 806 λογίζεται
432 756 472 792 τὸ
494 756 622 793 κακὸν.
688 757 725 790 Id
746 763 816 797 est,
846 768 919 789 non
940 756 1129 802 suspicax.

255 824 318 860 Est
342 833 458 860 autern
489 826 661 870 pernicies
687 837 812 868 magua
838 825 929 858 vitae
949 826 1147 859 communis

154 889 225 910 esse
251 878 484 920 suspicacem,
519 884 551 910 et
579 877 703 910 vitium
738 876 849 909 amori
874 876 1144 911 calumniarum.

154 928 292 970 Pugnat
313 928 405 959 enim
427 935 459 960 et
484 927 636 970 suspicio
656 939 735 960 cum
765 927 912 960 veritate
930 934 963 960 et
981 929 1144 962 candore.
1171 954 1173 959 ⁴

1002 977 1146 1012 Candor
1172 977 1173 1009 j

155 977 293 1011 Veritas
312 984 449 1011 tantum
470 979 578 1011 credit
596 985 688 1011 certa
708 985 741 1011 et
759 978 949 1022 explorata.

153 1029 316 1071 ambigua
336 1029 590 1072 interpretatur
613 1031 650 1062 in
677 1030 858 1061 meliorem
878 1037 1023 1073 partem.
1077 1029 1145 1063 Su-

336 97 436 133 XIII.
466 97 502 133 4.
537 95 875 133 COMMENTAR.
904 96 955 131 IN
982 95 1136 133 EPIST.
1166 93 1310 131 PAULI
1340 92 1406 129 AD
1431 90 1752 130 CORINTHIOS.
1803 89 1906 128 CAP.
1934 91 2034 126 XIII.

1070 232 1153 266 Ideo
1177 256 1180 279 1

1175 543 1178 582 t
1202 549 1338 570 causam
1356 536 1502 569 Davidis
1521 542 1639 568 contra
1666 541 1810 576 patrem.

1174 644 1177 679 j
1201 639 1388 671 aemulatio
1409 644 1492 670 erat.

1174 688 1176 714 !
1201 689 1428 733 Scipionum,
1466 695 1582 721 tamen
1609 686 1812 728 Scipionem
1839 685 2035 719 Asiaticum
2063 686 2191 719 libera-

2103 92 2200 129 1142

1177 182 1183 201 ¹
1208 194 1268 215 nes
1292 188 1384 215 recte
1409 181 1619 218 sentientes,
1646 190 1725 212 cnm
1751 178 1863 222 reipsa
1889 179 1992 212 aliter
2009 179 2192 214 sentirent.

1207 231 1283 266 Hoc
1301 233 1426 265 vitium
1444 239 1491 264 est
1510 226 1821 276 rzpooumohstlvt'ce,
1851 238 1994 272 propter
2011 242 2197 271 personam

1206 284 1334 316 iniuste
1353 286 1395 315 de
1420 284 1523 315 rebus
1549 282 1716 314 iudicare.
1770 279 1838 312 Sed
1865 278 1947 313 huic
1972 281 2058 314 vitio
2085 293 2196 323 oppo-

1205 341 1340 367 nuntur
1365 332 1505 366 iusticia
1529 340 1559 365 et
1586 332 1742 370 Veritas,
1770 343 1858 374 quae
1885 333 2032 365 virtutes
2056 343 2136 363 vera
2163 339 2196 364 et

1177 392 1179 408 ¹
1204 385 1294 418 iusta
1312 385 1532 426 adprobant,
1559 391 1590 416 et
1609 384 1777 415 damnant
1797 381 1927 415 iniusta
1953 390 1984 415 et
2009 383 2094 414 falsa
2119 382 2195 414 siue

1176 429 1179 484 Ι
1204 435 1276 469 ullo
1298 447 1525 479 personarum
1552 439 1728 475 respectu,
1758 438 1789 465 et
1809 432 1884 465 sine
1903 433 1984 465 ullis
2003 432 2195 476 peregrinis

1176 488 1177 492 ’
1203 486 1397 519 affectibus.
1452 485 1549 517 Sicut
1570 481 1732 516 louatlias
1756 490 1958 516 constanter
1983 483 2193 527 approbavit

1864 533 2038 567 Aristides
2065 535 2193 578 proba-

1202 588 1252 621 vit
1276 587 1462 620 consilinm
1483 584 1752 623 'l‘heinistocli5‚
1782 596 1985 628 quanquam
2016 586 2108 618 inter
2134 596 2192 617 eos

1545 635 1778 678 Sempronius
1799 647 2002 679 quanquam
2027 635 2194 668 inimicus

1204 740 1273 781 vit,
1302 752 1380 773 cum
1410 740 1446 771 in
1466 749 1636 771 carcerem
1655 738 1853 771 duceretur.

1533 818 1668 856 Πάντα
1699 818 1827 868 στέγει.

1300 892 1505 937 Sequuntur
1527 891 1673 923 virtutes
1701 896 1852 934 quatuor
1878 887 2028 921 maxime
2066 899 2187 921 neces-

1199 945 1308 978 sariae
1328 944 1362 976 in
1381 942 1646 986 gubernatione.
1683 939 1799 973 Prima
1817 946 1866 973 est
1883 937 2072 981 ἐπιείκεια,
2102 951 2191 984 quae

1199 1004 1248 1030 est
1265 996 1424 1037 mitigare
1441 993 1574 1038 aliquid
1595 1004 1634 1024 ex
1652 1004 1790 1024 summo
1818 991 1910 1031 iure,
1938 992 2030 1023 ferre
2053 989 2191 1034 aliquas

1199 1046 1458 1079 imbecillitates
1488 1056 1628 1084 eorum,
1666 1042 1725 1086 qui
1762 1048 1843 1074 sunt
1870 1042 2062 1078 sanabiles,
2100 1041 2191 1074 sicut

153 1091 263 1124 εΨῙΨΟ
288 1092 390 1123 ⁵³⁰9⁹
416 1081 528 1120 f‘''¹⁵¹⁵⁵
558 1088 591 1114 et
618 1081 814 1125 plerunque
833 1089 976 1113 ¹¹¹⁰⁸s¹¹⁵
999 1089 1145 1113 ‘'Ssemb
1172 1098 1174 1131 ἰ
1199 1098 1362 1139 coniuges
1383 1104 1415 1129 et
1431 1096 1561 1128 amicos
1581 1100 1716 1136 oportet
1738 1093 1828 1124 iuter
1846 1104 1918 1124 sese
1936 1089 2000 1125 hac
2020 1089 2190 1137 ἐπιεικείᾳ

151 1137 226 1164 ῙΗΓῑ
258 1130 319 1164 Εὸῑ
346 1138 453 1174 ¹g¹t¹¹¹⁸
477 1140 602 1164 ἫῙΗΙΥΠ
628 1133 772 1174 mgnum
799 1131 900 1170 0d¹0⁷
929 1138 960 1164 ‘³1
979 1143 1057 1164 cum
1085 1143 1144 1174 Pa·
1172 1151 1174 1175 i
1199 1150 1329 1193 aliqua,
1347 1159 1436 1192 quae
1452 1146 1649 1182 offendunt,
1667 1144 1827 1181 obruere,
1845 1150 1884 1175 ut
1900 1143 2023 1176 usitate
2040 1143 2189 1175 dicitur:

156 1182 221 1214 riat
240 1182 486 1215 distractiones
511 1183 753 1221 voluntatum,
781 1192 905 1224 magna
925 1194 1005 1214 cura
1032 1182 1146 1214 vitan-

491 1233 497 1238 .
779 1232 786 1240 ,
928 1232 934 1239 ,
1171 1199 1174 1232 l
1200 1200 1321 1232 Mores
1344 1198 1446 1231 an'iici
1470 1197 1624 1236 noveris,
1652 1207 1724 1227 non
1750 1194 1877 1226 oderis.
1930 1193 2001 1227 Nec
2022 1193 2191 1238 possibile

155 1233 238 1265 dum
257 1240 318 1266 ⁰³¹⁶
372 1231 591 1266 Cl³¹¹d¹³¹¹¹¹⁵
615 1234 735 1266 hffldflt
756 1230 1022 1276 rlheo‘iosmm'
1051 1233 1145 1277 q¹¹⁰d
1171 1263 1174 1288 ι
1199 1258 1248 1283 est
1266 1250 1415 1292 collegas
1439 1249 1512 1280 siut·
1530 1245 1594 1279 hac
1615 1246 1742 1278 virtute
1765 1245 1987 1277 concordiam
2007 1245 2099 1277 inter
2117 1255 2189 1276 sese

154 1296 224 1316 nou
245 1283 356 1317 suerat
375 1284 547 1331 suspicax.

1172 1291 1173 1301 ἵ
1379 1298 1423 1332 Et
1456 1299 1492 1330 in
1525 1298 1670 1329 eandem
1703 1296 1911 1329 sententiam
1939 1307 2043 1338 supra
2077 1295 2190 1338 capite

1197 1363 1293 1384 nono
1310 1350 1411 1383 dixit:
1439 1345 1561 1382 πάντα
1580 1345 1768 1392 στίγομεν,
1822 1346 1892 1388 Qui
1912 1346 1955 1377 sit
1976 1353 2094 1378 autem
2113 1357 2190 1377 mo-

1170 1397 1174 1454 Ι
1197 1403 1261 1435 dus
1279 1399 1386 1434 huius
1412 1399 1571 1439 virtutis,
1598 1398 1683 1430 alibi
1709 1397 1850 1431 dicitur.
1905 1394 2191 1429 Dissimulandae

1170 1464 1172 1500 l
1197 1461 1229 1486 et
1251 1454 1452 1486 tolerandae
1479 1457 1561 1483 suut
1588 1461 1725 1481 morum
1749 1447 1988 1488 infirmitates,
2016 1459 2088 1480 non
2106 1447 2190 1480 vitia

1197 1301 1299 1334 tueri

393 1382 446 1419 Οὐ
471 1382 593 1430 χαίρει
618 1381 674 1417 ἐπὶ
700 1385 745 1428 τῇ
771 1380 908 1429 ἀδικίᾳ.

253 1453 290 1487 ld
319 1460 387 1493 est,
416 1460 466 1486 est
490 1453 567 1486 sine
592 1450 878 1498 ἒπιχαιρεκακίᾳ.
937 1451 1000 1487 Est
1028 1461 1143 1487 autem

152 1501 424 1550 ἑπιχαιρεκακίᾳ
454 1504 577 1537 vitium
603 1504 753 1536 maxime
782 1504 962 1547 proprium
988 1505 1144 1545 diabolo,
1171 1520 1172 1551 j

153 1557 271 1588 laetari
303 1556 338 1587 iu
367 1555 562 1588 calamitate
589 1555 717 1587 iniusta
747 1556 942 1595 bonorum,
971 1562 1008 1588 ut
1028 1555 1142 1588 Semei

154 1607 302 1638 laetatur
329 1606 364 1637 in
382 1605 578 1638 calamitate
597 1605 767 1645 Davidis,
796 1612 829 1638 et
855 1617 933 1637 eum
962 1607 1144 1639 venenatis

159 1656 341 1688 sarcasmis
366 1656 525 1697 exagitat.
578 1654 704 1687 Fulvia
728 1656 815 1688 adeo
840 1655 962 1688 laetata
986 1663 1035 1689 est
1061 1669 1144 1689 nece

152 1706 353 1746 Ciceronis,
379 1715 417 1739 ut
435 1707 592 1748 linguam
611 1712 804 1749 exemptam
828 1718 867 1738 ex
892 1706 1063 1740 interfecti
1089 1719 1144 1740 ca-

157 1758 225 1801 pite
253 1758 398 1790 aciculis
423 1757 631 1797 confoderit,
683 1755 728 1790 Et
754 1756 789 1788 in
809 1755 950 1799 Belgico
977 1757 1146 1799 imagines

156 1808 284 1852 captivi
305 1806 426 1841 Ducis
443 1815 474 1841 et
493 1808 665 1846 filiorum,
698 1807 837 1850 publice
853 1809 1066 1841 contumelia
1084 1810 1141 1841 ad·

155 1860 263 1892 fectae
291 1866 391 1900 sunt,
435 1866 466 1892 et
491 1871 585 1891 nunc
610 1858 711 1891 multi
748 1859 938 1891 adversarii
971 1859 1147 1893 laetantur

155 1918 272 1943 nostra
313 1910 519 1943 calamitate.
587 1908 624 1941 ln
658 1907 723 1942 hoc
754 1909 839 1942 vitio
868 1911 976 1943 multa
1001 1923 1148 1944 concur-

153 1968 252 1994 runt:
285 1960 462 1994 luiusticia
482 1969 514 1994 et
532 1961 728 1994 crudelitas,
792 1959 880 1993 Nam
899 1961 1056 1994 iusticiae
1075 1968 1148 1995 erat

155 2013 258 2045 bouis
287 2013 376 2044 hona
404 2020 536 2054 optare.
590 2010 636 2044 Et
661 2011 902 2043 misericordia
931 2020 997 2052 est,
1025 2013 1147 2045 dolore

154 2063 253 2096 adfici
295 2063 331 2095 in
372 2063 568 2095 calamitate
603 2062 835 2095 mediocrium
873 2059 1077 2103 homiuum,
1114 2071 1147 2097 et

156 2115 265 2146 lenire
284 2114 403 2158 aliquo
421 2114 526 2146 modo
552 2125 757 2153 aerumnas,
784 2119 822 2146 ut
846 2111 1004 2147 Theseus
1031 2115 1147 2160 inquit

155 2167 245 2209 apud
274 2165 502 2208 Euripidem:
539 2162 607 2198 οὐκ
631 2161 787 2208 αἰσχρὸν
811 2161 1056 2208 ἇνθριύποσιν
1084 2164 1147 2199 ἃλ-
1172 2188 1174 2211 3

152 2213 284 2250 Zoi'Lwi‘
310 2212 418 2250 κακά.
484 2214 594 2248 ltem:
631 2215 660 2248 εἰ
686 2213 736 2259 μὴ
761 2212 835 2262 γὰρ
862 2213 916 2249 (ὃν
945 2214 1147 2260 ἄνθρωπος

153 2263 362 2312 ἀνθρώπου
398 2262 526 2311 τύχαις
562 2262 805 2312 ὑπηρεῑήσω,
847 2265 892 2300 οὐ
931 2265 1147 2314 φανήσομαι

155 2331 318 2364 φρονων.

381 2399 588 2450 Συγχαίρει
619 2397 657 2435 δὲ
681 2402 726 2446 τῇ
751 2398 918 2447 ἀληθείᾳ.

257 2467 355 2503 Odio
388 2481 558 2514 personae
592 2468 687 2502 nolle
720 2469 917 2511 adprobare
953 2469 1148 2511 veritatem,

159 2533 262 2567 quam
287 2528 402 2554 tamen
427 2521 529 2554 tacite
557 2521 704 2564 probas,
731 2525 790 2552 aut
815 2519 929 2563 specie
955 2520 1072 2565 aliqua
1092 2533 1148 2554 re-

158 2570 400 2616 prehendere,
428 2571 697 2605 usitatissimum
725 2570 852 2603 vitium
887 2577 955 2610 est,
991 2579 1029 2605 ut
1052 2572 1147 2605 vidi-

157 2635 235 2656 mus
258 2624 428 2668 quosdam
459 2629 595 2656 tantum
627 2621 710 2655 odio
744 2633 913 2666 personae
939 2619 1088 2656 Lutheri
1115 2630 1148 2657 et

159 2674 273 2708 studio
299 2674 452 2719 partium
475 2675 658 2707 damnasse
687 2684 784 2707 veras
809 2684 945 2715 causas,
973 2680 1005 2707 et
1031 2671 1148 2708 homi-

1170 1503 1172 1516 l

1170 1559 1173 1587 l

1170 1599 1173 1624 l

1170 1628 1174 1696 l
1526 1638 1665 1676 Πάντα
1684 1635 1854 1674 πιστεύει.

1171 1697 1173 1711 l

1170 1716 1173 1739 t

1196 1504 1372 1542 enormia,
1400 1509 1459 1535 aut
1478 1500 1696 1543 corruptelae
1717 1498 1885 1532 veritatis.

1362 1576 1532 1621 Sequitur
1555 1573 1714 1608 Candor:

1291 1700 1481 1737 Ἕπιείκεια
1507 1702 1622 1733 vicina
1649 1707 1699 1733 est
1723 1698 1879 1732 candori.
1940 1696 1988 1731 Ut
2014 1697 2106 1730 enim
2133 1710 2190 1731 re-

1195 1755 1304 1788 mittit
1336 1752 1504 1788 ἐπιείκεια
1535 1751 1668 1797 aliquid
1702 1763 1742 1783 ex
1771 1749 1959 1783 acerbitate
1989 1749 2095 1782 iuris:
2140 1749 2189 1783 ita

1196 1807 1327 1840 candor
1360 1806 1610 1849 interpretatur
1639 1801 1802 1844 ambigua
1829 1801 1864 1832 in
1893 1799 2074 1832 meliorem
2105 1811 2187 1843 par-

1198 1865 1287 1897 tem,
1315 1863 1347 1890 et
1372 1869 1444 1889 non
1476 1863 1525 1889 est
1557 1854 1739 1892 diffidens,
1785 1864 1856 1884 non
1890 1851 2070 1893 suspicax,
2114 1862 2187 1883 non

1198 1909 1340 1942 lividus.
1400 1906 1471 1941 Nec
1498 1912 1640 1950 propter
1666 1905 1759 1937 leves
1786 1909 1819 1935 et
1844 1901 1989 1935 frivolas
2015 1901 2189 1944 suspicio-

1197 1971 1259 1992 nes
1283 1959 1394 1992 credit
1417 1958 1524 1991 alium
1558 1956 1624 1989 sibi
1650 1954 1811 1988 insidiari
1841 1959 1901 1986 aut
1935 1952 2069 1996 aliquid
2102 1952 2188 1984 mali

1199 2010 1340 2051 moliri,
1365 2011 1475 2042 donce
1496 2013 1699 2050 argumenta
1725 2016 1803 2037 vera
1824 2001 1947 2041 habet,
1976 2010 2014 2036 ut
2031 2001 2187 2036 Alexan-

1198 2064 1261 2095 der
1294 2061 1408 2094 noluit
1437 2060 1597 2093 diffidere
1630 2056 1766 2090 medico
1794 2053 1979 2097 Philippo,
2023 2054 2122 2086 cuius
2154 2054 2187 2086 ei

1198 2113 1283 2145 fides
1301 2118 1477 2156 perspecta
1497 2116 1588 2149 erat,
1622 2107 1758 2142 tametsi
1788 2105 1975 2138 Parmenio
2000 2111 2187 2138 monuerat

1197 2165 1241 2197 ab
1259 2176 1298 2197 eo
1316 2162 1511 2207 periculum
1534 2171 1617 2194 esse.
1671 2158 1810 2191 Veritas
1829 2164 1861 2189 et
1881 2155 2023 2189 Candor
2040 2155 2186 2188 virtutes

1198 2222 1279 2248 sunt
1309 2216 1346 2247 in
1381 2213 1513 2247 medio:
1551 2218 1703 2244 extrema
1729 2214 1828 2248 sunt,
1869 2218 1940 2240 esse
1966 2218 2108 2250 prorsus
2131 2206 2210 2239 in-'

1197 2273 1363 2305 cautum,
1402 2271 1434 2298 et
1470 2262 1687 2296 contrarium
1713 2258 1940 2298 Dislidentia,
1986 2269 2075 2301 quae
2108 2257 2185 2290 sine

1171 2314 1173 2337 ³
1197 2316 1374 2362 probabili
1399 2316 1554 2354 ratione,
1593 2319 1710 2346 tamen
1749 2310 1915 2343 omnibus
1938 2308 2064 2341 diffidit
2098 2320 2186 2353 qua-

1170 2340 1174 2414 l
1198 2370 1279 2401 dam
1306 2375 1450 2401 naturae
1484 2363 1750 2402 malevolentia,
1789 2361 1878 2394 sicut
1910 2359 2107 2404 Dionysius
2132 2366 2187 2404 ty-

1171 2431 1174 2466 3
1197 2430 1348 2459 rannus,
1383 2417 1585 2452 Alexander
1610 2412 1778 2447 Pheretis,
1842 2409 1939 2444 Inter
1964 2408 2048 2442 haec
2071 2410 2186 2443 media

1172 2472 1174 2495 ῐ
1197 2470 1310 2503 virtus
1334 2476 1403 2510 est,
1437 2467 1661 2502 considerare
1687 2464 1888 2496 voluntates
1919 2459 2126 2500 hominum,
2153 2466 2187 2493 et

1172 2528 1174 2551 Ι
1197 2521 1377 2565 probabili
1403 2519 1539 2553 ratione
1559 2516 1733 2550 confidere
1752 2526 1789 2546 ac
1806 2513 1976 2546 diffidere.
2031 2512 2082 2544 Ita
2103 2508 2188 2543 haec

1171 2584 1175 2622 ᾗ
1199 2572 1308 2605 virtus
1333 2572 1460 2605 retinet
1486 2574 1613 2606 metas,
1656 2572 1689 2600 et
1720 2565 1940 2608 obtemperat
1967 2560 2049 2596 huic
2075 2561 2186 2594 dicto:

1172 2625 1174 2634 '
1198 2621 1364 2667 μέμνησο
1391 2620 1576 2659 ἀπιστεῖν,
1613 2630 1657 2651 ne
1681 2617 1724 2650 sit
1749 2617 1907 2653 incauta,
1935 2621 1968 2648 et
1992 2624 2035 2645 ne
2059 2611 2189 2644 oblivi-

1171 2636 1176 2711 l
1199 2680 1315 2708 scatur
1330 2674 1431 2707 dicti:
1461 2669 1673 2706 Maledictus
1691 2668 1752 2714 qui
1769 2666 1914 2701 confidit
1929 2665 1967 2698 in
1984 2662 2140 2697 homine.

1540 2720 1587 2754 72
1604 2716 1623 2735 '¹⁵
