2415 2942
278 114 348 149 119

278 210 362 232 mun
389 195 503 241 inquit
526 194 561 227 in
578 191 784 225 Ecclesiaste
807 189 918 232 capite
943 194 1081 221 octavo:
1110 185 1181 229 Qui
1197 197 1257 219 cu-

280 250 385 282 stodit
407 252 645 291 praeceptum,
673 253 743 273 non
762 240 931 272 afficietur
947 237 1085 281 poeni5‚
1114 238 1174 270 sed
1193 236 1260 269 im-

281 301 340 344 pio
359 311 428 331 non
449 297 511 328 crit
528 293 695 327 auxilium
715 291 751 322 in
771 290 826 322 die
843 289 984 329 mortis,
1011 299 1074 320 nec
1090 288 1153 321 erit
1170 287 1259 320 libe-

282 350 369 383 ratio
387 349 420 380 iu
441 346 550 381 bello,
577 354 639 374 nec
656 341 783 374 evasio,
834 337 1049 383 Blaspliemi,
1076 337 1260 372 utRabsa-

282 412 353 437 ces,
385 398 503 433 ludas,
531 393 654 432 Arius3
691 391 843 434 periuri,
870 397 908 424 ut
939 389 1084 430 Metius3
1112 387 1260 422 homici-

281 451 364 488 dae,
392 454 428 479 ut
446 446 553 483 Cain,
581 450 612 476 ct
632 442 792 487 tyranni,
819 448 858 474 ut
873 440 1092 481 Alexander,
1117 438 1261 482 Caligu-

283 500 332 539 la,
367 498 478 536 Ner03
512 494 681 533 adulteri,
715 499 754 526 ut
791 491 908 532 Paris,
941 491 1095 533 Tereus,
1131 497 1163 523 et
1201 489 1262 522 alii

283 546 558 582 innumerabiles
583 544 798 588 puniuntur,
824 549 863 576 ut
888 542 1048 575 desinant
1068 541 1202 578 furere,
1231 546 1263 572 et

283 599 478 642 exemplum
511 607 701 640 poenarum
733 595 882 627 deterret
913 593 1010 625 alios.
1063 590 1158 624 Haec
1182 590 1264 624 satis

284 657 332 683 cst
352 649 528 682 monuisse
547 649 587 678 de
606 643 782 678 hocloco:
812 643 861 676 Ne
877 643 1040 685 deinceps
1059 653 1193 685 pecces,
1219 652 1262 672 ne

283 701 368 745 quid
388 699 538 732 deterius
556 697 616 730 tibi
638 695 777 728 accidat.
822 694 922 727 llanc
941 693 1145 725 concionem
1163 692 1265 724 nobis

284 751 449 784 omnibus
472 747 620 792 proponi
644 746 809 782 sciamus,
838 751 869 777 et
886 744 1040 786 exempla
1060 740 1165 775 huius
1181 754 1264 774 con-

285 801 397 834 cionis
421 811 492 833 esse
516 798 701 830 maximam
725 802 857 841 partem
881 794 1114 827 calamitatum
1142 790 1265 824 liuma-

285 863 431 894 narum,
467 861 554 894 quae
578 859 640 879 nos
663 848 705 879 de
730 846 779 878 ira
804 845 870 878 Dei
893 845 1123 880 admoneant,
1150 843 1267 874 deter-

286 909 383 936 reant
409 914 426 934 a
452 898 688 937 contumacia,
721 903 755 929 et
778 893 964 928 hortentur
985 905 1049 926 nos
1072 894 1113 926 ad
1142 892 1268 939 poeni-

286 953 441 986 tentiam.

443 1031 555 1066 Pater
574 1042 672 1064 meus
696 1027 766 1062 hnc
790 1040 900 1076 usque
925 1032 1107 1074 operatur.

387 1101 483 1134 Haec
513 1106 563 1132 est
591 1097 766 1136 defensio,
800 1107 904 1140 quam
928 1092 1090 1128 Christus
1120 1093 1268 1137 opponit

287 1153 427 1188 crimini
452 1152 494 1183 de
517 1149 645 1181 violata
669 1148 740 1189 lege
766 1146 912 1180 sabbati.
964 1144 1095 1190 Estque
1118 1145 1268 1177 secunda

286 1205 376 1238 ratio
401 1215 440 1235 ex
460 1200 530 1239 liis,
558 1210 643 1243 quas
659 1209 760 1240 supra
778 1195 954 1232 recensui,
980 1197 1037 1228 sed
1054 1196 1165 1228 multo
1182 1196 1269 1227 ube-

287 1256 370 1290 rior.
422 1253 510 1286 Nam
527 1248 689 1283 Christus
712 1255 779 1280 tres
802 1246 991 1279 sententias
1017 1246 1270 1289 complectitur,

288 1317 436 1352 quarum
461 1314 530 1335 una
554 1307 621 1337 est,
651 1297 740 1331 lianc
762 1297 997 1336 sanationem,
1024 1298 1067 1328 de
1094 1308 1161 1340 qua
1186 1303 1270 1329 tunc

289 1356 541 1392 disserebatur,
573 1361 660 1394 opus
686 1349 753 1382 Dei
780 1360 860 1383 csse.
913 1346 1092 1386 Secunda,
1126 1358 1161 1378 se
1190 1359 1268 1379 cum

288 1415 429 1441 aeterno
457 1410 554 1447 patre
583 1402 700 1434 eadem
726 1411 829 1443 opera
857 1398 940 1430 inde
964 1409 1072 1441 usque
1098 1397 1142 1429 ab
1167 1397 1269 1429 initio

288 1459 427 1497 secisse,
455 1462 485 1487 et
505 1465 598 1486 nunc
615 1452 738 1484 facere.
793 1449 931 1488 Tertia,
957 1455 1088 1491 patrem
1108 1459 1178 1479 nun
1199 1459 1270 1478 esse

289 1509 459 1546 otiosum,
491 1511 550 1537 aut
575 1502 715 1534 desiisse
739 1511 857 1542 agere,
882 1504 1065 1542 postquam
1089 1497 1272 1530 fabricavit

288 1566 503 1595 creaturam,
529 1555 617 1587 sicut
642 1551 760 1584 Iudaei
785 1551 880 1583 iuxta
902 1549 1077 1581 somnium
1098 1545 1271 1580 humanae

289 1609 436 1644 rationis
453 1606 640 1647 fingebant,
662 1602 771 1635 Deum
790 1600 940 1633 conditis
959 1600 1062 1632 rebus
1078 1609 1194 1642 postea
1215 1610 1271 1631 eas

288 1659 471 1704 reliquisse
484 1681 491 1694 ‚
520 1656 607 1688 sicut
625 1654 721 1685 faber
738 1651 853 1684 navim
872 1650 1073 1683 fabricatam
1091 1649 1269 1693 relinquit.

288 1713 346 1746 De
377 1709 431 1743 his
461 1707 573 1742 tribus
593 1703 773 1737 sententiis
796 1700 983 1734 uberrimis
1004 1699 1128 1732 ordine
1152 1700 1271 1732 dicen-

289 1764 375 1796 dum
407 1766 473 1797 est,
509 1768 596 1801 quae
621 1755 724 1787 etiam
748 1752 929 1785 continent
956 1751 1090 1783 illustre
1115 1751 1270 1783 testimo-

290 1814 389 1846 nium
408 1811 449 1842 de
468 1809 557 1847 filio,
585 1805 677 1850 quod
695 1804 738 1837 sit
754 1801 968 1835 substantiae
985 1801 1136 1833 divinae.

391 1861 549 1894 Primum
589 1867 669 1897 ergo
707 1855 750 1886 de
781 1853 880 1886 tertia
914 1851 1085 1884 sententia
1119 1851 1271 1883 dicatur:

290 1913 393 1948 Pater
411 1922 508 1943 meus
528 1919 636 1950 usque
655 1903 759 1937 bodie
774 1909 950 1947 operatur.
1003 1901 1098 1934 Haec
1113 1908 1162 1934 est
1179 1902 1271 1933 refu-

291 1964 376 1998 tatio
400 1958 593 2003 argumenti
622 1955 751 1988 ludaici
777 1956 817 1985 de
843 1954 1006 1990 sabbato,
1042 1952 1139 1997 quasi
1164 1952 1271 1983 dicat:

290 2013 445 2050 Erratis,
487 2021 550 2042 nec
587 2014 678 2040 recte
718 2004 913 2047 intelligitis
945 2004 1074 2045 legem,
1113 2014 1191 2034 cum
1226 2002 1299 2045 aitg

291 2065 402 2100 Exod.
420 2063 496 2097 20.:
526 2060 591 2093 Sex
619 2058 741 2089 diebus
763 2055 842 2088 fecit
867 2054 960 2087 Deus
986 2054 1119 2086 coelum
1144 2059 1176 2085 et
1203 2059 1273 2085 ter-

293 2128 384 2154 ram,
411 2121 444 2146 et
469 2108 640 2155 requievit
664 2107 720 2139 die
743 2106 905 2149 septimo:
932 2102 1015 2137 hinc
1034 2103 1273 2136 ratiocinami-

291 2167 348 2203 ni,
375 2164 488 2197 Deum
510 2172 604 2193 nunc
628 2158 777 2191 otiosum
800 2167 889 2195 esse,
915 2161 947 2187 et
970 2161 1059 2187 certe
1075 2154 1111 2186 in
1129 2154 1272 2187 sabbato

293 2215 385 2250 nibil
407 2225 515 2253 agere.
569 2211 686 2254 Quare
709 2207 924 2240 sanationem
948 2218 964 2238 a
989 2216 1042 2236 me
1067 2205 1189 2237 factam
1211 2216 1273 2236 ne-

295 2267 381 2312 gatis
411 2276 482 2297 esse
506 2262 569 2295 Dei
602 2270 700 2303 opus,

294 2328 435 2362 oppono
453 2312 518 2346 hoc
537 2312 678 2344 dictum.

295 2381 369 2403 ram
396 2376 511 2399 rerum
535 2374 607 2394 non
625 2360 766 2393 desiisse
784 2369 900 2400 agere,
927 2357 984 2389 sed
1005 2356 1167 2399 deinceps
1185 2368 1274 2388 sem-

296 2430 358 2464 per
379 2416 519 2449 affuisse
544 2425 605 2444 suo
631 2410 747 2453 operi,
775 2416 808 2442 et
831 2408 865 2440 id
889 2413 1113 2443 sustentasse,
1141 2412 1172 2438 et
1191 2419 1275 2438 con-

296 2479 465 2506 servasse,
492 2463 702 2497 foecundare
718 2467 844 2493 terram
862 2457 1068 2504 quotannis,
1096 2456 1276 2500 impertire

297 2521 368 2553 vim
393 2513 663 2561 procreationis,
699 2517 731 2544 et
755 2510 860 2542 vitam
885 2508 1134 2541 animantibus.
1190 2505 1275 2539 ltem

295 2571 333 2604 in
355 2567 511 2602 Ecclesia
534 2563 682 2597 subinde
706 2561 882 2592 mirandas
907 2558 1132 2592 liberationes
1153 2557 1277 2592 facere.

294 2621 376 2655 Non
400 2624 472 2651 erat
496 2615 627 2649 otiosus
643 2612 758 2651 Deus,
786 2623 863 2644 cum
887 2610 978 2642 viam
998 2609 1128 2653 populo
1146 2608 1277 2652 patefa-

858 103 981 138 PIIlL.
1010 100 1123 137 MEL.
1152 98 1358 136 SCRlPTA
1387 99 1686 137 EXEGETICA.

760 2256 852 2289 Huic
876 2262 1008 2288 vestrae
1032 2254 1274 2297 imaginationi

730 2307 866 2341 Patrem
885 2313 961 2351 post
977 2305 1151 2338 conditam
1171 2312 1274 2338 natu·
1298 2329 1300 2338 .

2215 100 2288 137 120

1309 186 1501 230 praeliante
1539 187 1661 228 Iosua,
1703 183 1788 219 haec
1825 190 1858 219 et
1891 184 2018 219 similia
2048 184 2294 230 complectitur

1310 237 1440 270 dictum
1466 236 1617 278 Clu-isti,
1652 237 1747 282 quod
1777 235 1921 281 quidem
1951 237 2137 280 diligenter
2165 235 2293 270 memi:

1310 288 1402 320 nisse
1423 289 1606 329 debemus,
1636 294 1668 321 et
1690 287 1880 329 adiungere
1903 287 2044 320 caeteris
2070 285 2292 324 testimoniis,

1310 350 1398 383 quae
1429 341 1555 373 docent
1578 350 1642 371 nos
1665 338 1708 371 de
1731 337 1884 380 generali
1905 337 2041 371 actione
2062 336 2129 370 Dei
2151 347 2294 369 conser-

1311 390 1425 422 vantis
1454 397 1635 430 naturam,
1669 400 1712 421 ne
1741 386 1912 430 fingamus
1944 399 1999 420 res
2022 399 2116 420 nunc
2138 398 2201 420 suo
2227 386 2295 419 im-

1312 446 1393 483 petu
1418 440 1521 481 serri,
1557 440 1632 472 siue
1655 437 1749 478 Deo,
1784 450 1848 472 nec
1872 450 1891 471 a
1914 437 1989 471 Deo
2011 438 2195 481 petendam
2221 447 2294 470 esse

1313 491 1418 522 vitam
1430 517 1439 530 ,
1467 497 1578 523 terrae
1595 489 1886 527 foecunditatem,
1913 495 1947 522 et
1963 488 2030 521 alia
2048 493 2193 520 naturae
2211 499 2296 531 ope-

1313 552 1369 580 ra,
1409 538 1491 573 huic
1530 540 1656 572 delirio
1691 537 1866 572 humanae
1899 539 2047 572 rationis
2076 548 2297 582 opponamus

1314 588 1398 624 baec
1428 591 1536 623 dicta:
1576 589 1616 622 In
1639 589 1713 622 Deo
1745 601 1881 630 sumus,
1915 589 2087 629 vivimus,
2118 595 2152 622 et
2176 598 2297 621 move—

1313 652 1404 674 mur.
1456 640 1512 674 Ad
1529 639 1618 674 IIeb.
1639 641 1687 675 1⁴:
1715 639 1845 672 Ferens
1860 639 1978 673 omnia
1995 639 2102 672 verbo
2118 637 2294 682 potentiae

1314 703 1406 726 suae.
1442 690 1640 725 Coloss.1.:
1669 687 1803 723 Omnia
1820 690 1857 722 in
1871 702 1910 723 eo
1923 690 2133 723 consistunt.
2166 685 2296 723 Matth,

1318 742 1394 775 10.:
1423 740 1502 774 Duo
1527 752 1679 785 passeres
1702 752 1775 773 asse
1797 747 1969 780 veneunt,
1996 747 2029 773 et
2052 749 2144 772 unus
2169 750 2209 771 ex
2226 738 2297 772 illis

1316 804 1387 824 non
1412 793 1509 824 cadet
1533 804 1639 835 super
1663 797 1791 824 terram
1815 790 1889 823 sine
1912 797 2008 834 patre
2031 796 2158 824 vestro.
2211 787 2299 822 Item

1317 841 1444 874 Psalm.
1469 842 1566 875 103.:
1602 840 1734 874 Omnia
1765 853 1784 873 a
1809 848 1842 874 te
1868 847 2070 885 expectant,
2100 846 2140 873 ut
2163 839 2224 873 des
2250 839 2299 873 eis

1317 904 1427 925 escam
1445 892 1482 924 in
1499 899 1655 940 tempore
1672 898 1862 935 oportuno.

1419 942 1560 976 Praeter
1575 942 1663 975 hanc
1679 942 1877 984 generalem
1893 940 2066 974 actionem
2081 938 2168 981 Dei,
2195 939 2299 975 etiam

1318 993 1405 1026 fiunt
1431 993 1656 1037 quotidianae
1675 993 1865 1036 peculiares
1882 992 2110 1025 liberationes
2126 991 2161 1023 in
2178 989 2300 1025 Eccle-

1318 1043 1386 1084 sia,
1422 1044 1464 1076 de
1492 1043 1620 1088 quibus
1644 1043 1840 1086 loquuntur
1862 1043 1928 1075 alia
1955 1043 2064 1075 multa
2090 1041 2303 1082 testimonia,

1318 1100 1357 1127 ut
1380 1094 1486 1138 petite
1510 1100 1543 1126 et
1563 1092 1750 1136 accipietis.
1803 1092 1893 1126 Psal.
1913 1092 1988 1125 33.:
2023 1091 2160 1125 Multae
2183 1092 2301 1126 tribu-

1319 1145 1466 1177 lationes
1492 1144 1684 1180 iustorum,
1717 1143 1776 1175 sed
1801 1143 1844 1175 de
1867 1140 1922 1175 his
1948 1142 2113 1176 omnibus
2137 1141 2302 1175 liberabit

1319 1207 1377 1228 eos
1404 1195 1580 1227 (lominus.
1632 1192 1679 1226 Et
1701 1200 1879 1237 utrunque
1903 1204 2012 1236 genus
2036 1193 2213 1226 actionum
2232 1192 2301 1224 fide

1320 1245 1588 1288 intelligendum
1604 1251 1670 1284 est,
1697 1251 1736 1277 ut
1752 1255 1830 1276 vere
1847 1249 2040 1276 statuamus
2056 1241 2168 1276 Deum
2184 1243 2303 1275 adesse

1320 1302 1465 1328 naturae
1494 1307 1633 1335 rerum,
1671 1301 1702 1327 et
1736 1300 1893 1337 petamus
1922 1294 1966 1327 ab
1996 1293 2091 1336 ipso,
2126 1299 2165 1327 ut
2194 1292 2304 1326 vitam

1320 1353 1476 1379 nostram
1503 1352 1658 1382 tueatur,
1685 1350 1725 1377 ut
1749 1344 1936 1378 foecundet
1952 1351 2101 1383 terram,
2125 1350 2165 1377 ut
2183 1343 2304 1376 defen-

1321 1398 1378 1429 dat
1395 1408 1468 1429 nos.
1515 1395 1609 1428 llaec
1626 1395 1709 1427 fides
1725 1401 1773 1428 est
1791 1395 1929 1427 credere
1947 1393 2135 1427 articulum
2151 1395 2193 1426 de
2207 1404 2304 1425 crea-

1321 1447 1428 1480 tione.
1479 1446 1567 1479 Nam
1593 1446 1653 1490 qui
1678 1445 1726 1478 sic
1743 1452 1880 1479 tantum
1904 1445 2001 1488 fingit
2017 1456 2034 1477 a
2053 1443 2128 1477 Deo
2144 1443 2304 1476 conditas

1322 1509 1393 1530 esse
1416 1508 1488 1536 res,
1516 1503 1546 1529 et
1571 1502 1688 1538 postea
1715 1496 1869 1536 relictas,
1897 1502 1934 1528 ut
1959 1506 2037 1528 cum
2063 1494 2161 1527 faber
2185 1493 2304 1527 navim

1321 1549 1467 1587 factam,
1502 1552 1619 1590 postea
1653 1546 1839 1590 relinquit,
1873 1552 1906 1578 et
1939 1545 2047 1577 tradit
2077 1545 2210 1585 nautis,
2247 1541 2305 1576 hic

1323 1610 1394 1630 non
1418 1603 1507 1630 recte
1529 1597 1655 1638 cogitat
1679 1597 1721 1628 de
1746 1595 1933 1628 creatione.
1988 1594 2078 1628 Cum
2104 1601 2219 1627 autem
2237 1591 2306 1626 hu-

1322 1660 1424 1680 mana
1450 1659 1547 1679 mens
1570 1648 1645 1679 siue
1670 1647 1736 1678 fide
1755 1658 1825 1678 non
1844 1646 1945 1678 aliter
1962 1645 2112 1685 iudicet,
2140 1644 2306 1677 discenda

1323 1706 1372 1732 est
1391 1710 1469 1730 vera
1491 1698 1660 1730 sententia
1677 1698 1719 1729 de
1737 1697 1999 1729 conservatione
2018 1707 2145 1735 rerum,
2172 1700 2204 1727 et
2220 1693 2307 1727 assi·

1324 1749 1401 1782 duis
1419 1748 1481 1780 Dei
1507 1748 1671 1790 operibus
1693 1758 1732 1778 ex
1752 1746 1977 1783 testimoniis,
2003 1752 2040 1778 ut
2063 1746 2147 1778 fides
2164 1754 2307 1778 accensa

1325 1805 1486 1842 agnoscat
1504 1798 1567 1830 Dei
1587 1797 1836 1840 praesentiam,
1863 1803 1893 1829 et
1909 1803 1999 1828 recte
2017 1795 2153 1829 invocet
2169 1806 2260 1831 eum.

1427 1848 1493 1881 Sed
1514 1860 1575 1880 cur
1592 1848 1722 1880 dictum
1740 1854 1788 1879 est
1805 1847 1841 1878 in
1859 1847 1932 1888 lege
1947 1857 2104 1886 cessasse,
2133 1858 2192 1879 seu
2207 1845 2307 1889 quie—

1326 1900 1416 1932 visse
1434 1898 1569 1932 Deum‘?
1609 1897 1836 1943 Respondeo:
1866 1895 1945 1929 Non
1966 1897 2112 1928 dubium
2136 1902 2186 1929 est
2207 1907 2307 1928 arca-

1297 1959 1299 1966 ¹
1327 1962 1406 1983 nam
1441 1949 1636 1982 doctrinam
1672 1947 1843 1980 contineri
1869 1947 1904 1978 in
1927 1944 1992 1979 hac
2014 1947 2148 1980 sabbati
2175 1946 2307 1979 descri-

1327 2001 1444 2045 ptione
1468 2006 1499 2032 et
1527 1998 1739 2034 conditione,
1792 1996 1965 2030 Evolvere
1988 2003 2103 2030 autem
2123 2009 2176 2030 res
2194 2003 2308 2029 tantas

1325 2051 1467 2084 ‹tisficile
1484 2056 1544 2082 est.
1597 2048 1753 2082 Primum
1772 2048 1850 2080 ideo
1868 2047 1997 2080 dicitur
2013 2047 2184 2091 quievisse
2201 2045 2308 2087 Deus,

1326 2102 1408 2147 quia
1432 2100 1566 2133 nullam
1593 2112 1719 2132 novam
1744 2099 1890 2143 speciem
1916 2098 1952 2130 in
1971 2105 2094 2131 natura
2114 2098 2251 2138 condit,
2274 2103 2308 2131 et

1325 2153 1406 2185 facit
1429 2151 1643 2184 mentionem
1667 2149 1867 2183 cessationis
1887 2148 2000 2188 Deus,
2026 2155 2065 2181 ut
2090 2149 2181 2181 clare
2201 2155 2307 2181 teste-

1327 2211 1404 2245 tur,
1438 2213 1472 2234 se
1498 2213 1571 2234 non
1595 2200 1698 2233 aliam
1727 2200 1874 2243 speciem
1897 2199 2030 2232 abiecto
2056 2196 2198 2232 homine
2223 2210 2307 2231 con-

1327 2254 1483 2287 diturum
1513 2262 1602 2291 esse,
1636 2251 1694 2283 sed
1729 2248 1909 2283 hominem
1944 2261 2016 2282 esse
2048 2255 2239 2281 extremum
2273 2255 2307 2283 et

1326 2315 1501 2337 summum
1526 2312 1634 2345 opus,
1662 2313 1732 2346 quo
1761 2302 1967 2340 delectetur,
1994 2307 2026 2333 et
2049 2299 2084 2331 in
2109 2311 2178 2344 quo
2205 2299 2307 2344 quie-

1326 2366 1420 2387 scere
1445 2353 1545 2392 velit,
1570 2364 1608 2384 ac
1631 2351 1846 2393 significatur
1873 2351 1995 2392 ingens
2021 2349 2172 2392 dignitas
2191 2347 2307 2382 homi-

1328 2407 1402 2448 nis,
1429 2411 1462 2437 et
1486 2414 1584 2435 amor
1601 2402 1666 2435 Dei
1692 2413 1769 2444 erga
1794 2399 1992 2440 hominem,
2019 2400 2056 2432 in
2080 2399 2144 2433 hoc
2161 2401 2235 2444 ipso
2253 2406 2306 2434 te-

1327 2455 1513 2494 stimonio,
1540 2453 1633 2498 quod
1651 2451 1745 2485 Deus
1767 2450 1977 2494 pronunciat
1997 2449 2090 2484 hunc
2106 2462 2178 2483 esse
2192 2458 2308 2485 extre-—

1326 2519 1423 2539 mum
1446 2516 1551 2548 opus,
1584 2504 1627 2536 ad
1649 2503 1742 2547 quod
1767 2501 1870 2534 fuerit
1894 2501 2022 2534 directa
2046 2501 2152 2534 totius
2172 2501 2307 2545 opificis

1327 2556 1534 2589 deliberatio
1568 2560 1601 2587 et
1630 2553 1811 2601 appetitio.
1869 2550 1946 2584 Hoc
1977 2563 2065 2595 opus
2096 2552 2208 2586 voluit
2239 2553 2306 2585 sibi

1325 2606 1421 2641 Deus
1446 2606 1586 2650 quidem
1612 2616 1703 2644 esse,
1729 2616 1798 2648 quo
1818 2602 1891 2646 ipse
1909 2602 2049 2646 proprie
2065 2602 2306 2645 delectaretur,

295 2678 388 2705 ceret
403 2680 463 2714 per
479 2677 573 2700 mare
591 2665 756 2704 rubrum,
784 2673 861 2695 cum
879 2661 1015 2695 sisteret
1030 2671 1169 2693 cursum
1184 2658 1277 2693 Solis
1298 2661 1304 2691 l
1326 2665 1360 2692 et
1377 2657 1413 2690 in
1431 2669 1499 2703 quo
1515 2661 1683 2702 perpetuo
1704 2660 1736 2689 et
1754 2654 1829 2688 sine
1845 2654 1913 2686 fine
1929 2653 2176 2692 celebraretur,
