2415 2942
249 105 319 140 711

420 184 553 221 Omnt's
579 185 707 217 anima
730 181 972 230 poteslatihus
1000 187 1061 218 etc.

356 261 461 295 Initio
484 259 690 303 simpliciter
716 266 749 293 et
774 258 954 302 perspicue
970 259 1076 292 tradit
1097 268 1235 302 praece-

255 321 371 358 ptum,
398 319 435 345 ut
455 323 517 344 suo
543 311 690 355 quisque
710 309 927 352 magistratui
952 311 1104 343 obediat.
1147 308 1236 342 Nam

255 363 442 408 particula:
481 360 580 403 Quae
602 368 784 404 praesunt,
813 373 885 393 non
905 368 951 394 est
973 361 1083 393 otiose
1108 361 1238 399 addita,
1263 367 1265 398 ᾗ

257 415 317 446 sed
336 413 485 446 excludit
504 412 638 444 alienos
653 412 884 454 magistratus.
938 411 1018 444 Non
1035 412 1127 444 enim
1151 422 1238 453 opus

257 472 307 498 est
333 465 441 497 civem
462 462 708 496 Coloniensem
734 463 878 495 obedire
902 463 1117 503 magistratui
1141 461 1240 494 Pari-

257 515 372 548 siensi.
425 513 493 547 Sed
512 512 576 546 hoc
596 516 695 547 docet
715 512 863 554 Paulus,
897 521 934 547 ut
954 514 1003 546 illi
1024 512 1240 556 magistratui
1267 530 1268 536 κ

257 566 485 603 obediamus,
511 565 570 608 qui
595 565 696 597 nobis
714 571 864 608 praeest,
883 565 936 597 vel
954 571 991 598 ut
1011 576 1072 597 suo
1093 564 1241 609 quisque
1267 578 1269 593 ι

258 616 477 660 magistratui
507 616 659 649 obediat.

361 674 498 709 Deinde
522 675 619 707 addit
644 675 815 708 rationem
842 674 1033 718 praecepti,
1071 674 1169 717 (non
1194 678 1244 704 est

261 727 356 760 enim
378 732 546 769 potestaS,
565 726 631 758 nisi
651 737 669 758 a
686 724 792 770 Deo)
821 736 922 769 quem
944 725 1024 768 quia
1041 726 1142 756 docet
1159 723 1244 767 qnid

261 778 305 811 sit
325 777 562 819 magistratus,
598 783 629 808 et
656 777 749 808 unde
773 776 833 812 sit,
862 776 1015 808 ostendit
1034 775 1135 807 aliter
1160 775 1243 805 obe-

263 829 433 861 diendum
459 838 547 864 esse,
581 837 683 869 quam
710 827 1005 870 quemadmodum
1033 826 1158 858 tolerat
1181 824 1246 856 ali-

262 879 341 923 quis
370 878 534 910 iniustam
562 877 762 909 xiolentiam
788 876 973 920 praedonis
998 883 1055 908 aut
1087 875 1246 909 latronis.

263 929 331 963 Sed
360 929 425 967 ita,
453 936 490 961 ut
519 927 781 960 meminerimus
798 935 831 961 et
854 927 1010 968 politiam
1029 927 1158 970 ipsam,
1188 937 1248 958 seu
1271 912 1274 944 l

262 980 503 1021 magistratum
522 989 593 1010 esse
607 990 680 1010 rem
699 979 827 1010 bonam
844 978 1015 1011 divinitus
1036 978 1249 1016 ordinatam,

264 1037 297 1063 et
315 1037 506 1063 statuamus
522 1026 610 1062 hanc
626 1029 862 1061 obedientiam
874 1040 891 1060 a
902 1027 975 1061 Deo
990 1028 1134 1072 requiri,
1149 1040 1248 1072 prae-

264 1083 424 1114 standam
443 1087 608 1123 tanquam
628 1079 736 1122 ipsius
753 1080 982 1112 ordinationi.
1016 1078 1060 1112 Et
1077 1080 1143 1112 fuit
1161 1090 1249 1122 opus
1273 1090 1275 1097 ⁸

266 1133 303 1164 in
321 1131 473 1163 Ecclesia
496 1128 557 1162 hac
577 1130 866 1172 praemonitione,
884 1137 921 1163 ut
939 1130 984 1173 pii
1003 1131 1143 1167 scirent,
1163 1130 1247 1173 quid
1274 1156 1275 1159 ,

266 1183 309 1215 sit
331 1182 551 1214 sentiendum
573 1183 614 1213 de
638 1182 740 1213 rebus
765 1181 932 1224 politicis,
967 1180 1019 1213 Ne
1042 1184 1251 1214 damnarent
1273 1178 1277 1211 l

266 1233 431 1276 imperia,
450 1232 577 1264 iudicia
597 1239 629 1264 et
648 1232 713 1263 alia
733 1232 871 1275 politica
889 1232 1000 1264 officia
1016 1259 1022 1271 ,
1045 1231 1249 1274 praesertim

268 1296 346 1317 cum
364 1284 465 1315 multi
485 1283 673 1316 abutantur
689 1279 742 1314 liis
761 1283 886 1316 verbis.
921 1281 967 1315 Et
986 1280 1068 1315 haec
1093 1283 1175 1314 vitia
1196 1282 1251 1314 in-
1275 1294 1277 1318 ,ν

267 1342 369 1367 tuens
398 1332 502 1366 homo
529 1346 599 1365 non
627 1340 717 1366 recte
743 1333 940 1371 institutus,
986 1345 1057 1365 non
1084 1333 1250 1365 discernit

268 1384 414 1429 imperia
437 1391 469 1417 et
495 1384 687 1417 latrocinia.

371 1442 420 1475 lta
447 1440 647 1475 Manichaei
668 1442 703 1474 in
726 1448 838 1475 totum
863 1443 1076 1475 damnabant
1102 1442 1252 1486 politias.

269 1491 439 1529 Blonachi
473 1494 574 1525 etiam
605 1493 880 1526 obscuraverunt
912 1505 1026 1525 veram
1056 1493 1278 1525 doctrinam*

269 1547 313 1579 de
332 1544 554 1586 magistratu,
591 1555 666 1575 cum
693 1543 869 1576 finxerunt
894 1555 964 1576 esse
995 1544 1254 1586 periectionem,

270 1596 445 1629 abstinere
469 1606 485 1626 a
505 1594 667 1626 civilibus
690 1594 824 1628 officiis.
880 1595 927 1627 At
950 1595 1165 1626 contrarium
1191 1607 1254 1637 po-
1278 1603 1279 1607 ¹

272 1648 339 1679 tius
358 1646 554 1678 docendum
574 1653 662 1684 erat,
691 1645 718 1677 si
736 1657 802 1688 qua
820 1652 906 1678 esset
931 1646 1108 1689 perfectio.
1163 1644 1255 1687 Quia
1279 1642 1280 1670 l

272 1696 356 1730 haec
380 1708 482 1738 opera
509 1702 589 1728 sunt
616 1707 669 1728 res
693 1707 710 1728 a
736 1695 810 1728 Deo
836 1696 1049 1739 propositae,
1084 1703 1121 1729 ut
1147 1697 1255 1729 inno-
1279 1699 1281 1710 ¹

273 1754 377 1781 tescat
393 1746 487 1779 Deus
508 1746 544 1778 in
561 1747 742 1785 societate,
761 1753 792 1779 et
813 1754 849 1780 ut
866 1759 929 1779 nos
948 1745 1139 1779 habeamus
1157 1759 1256 1779 exer—

273 1799 355 1832 citia
380 1797 624 1836 confessionis,
666 1798 869 1840 patientiae,
905 1798 1004 1837 fidei,
1046 1798 1256 1832 dilectionis,
1281 1806 1283 1824 ³

275 1849 371 1882 Haec
396 1848 555 1880 exercitia
583 1849 699 1889 sugere
723 1855 769 1880 est
788 1849 904 1891 potius
922 1848 1124 1888 infirmitas,
1153 1861 1257 1892 quam

276 1899 459 1945 perfectio,
500 1899 587 1931 sicut
613 1899 681 1931 dici
706 1899 809 1932 solet:
853 1899 1080 1941 Magistratus
1105 1900 1260 1933 ostendit

277 1952 404 1984 virum.
473 1948 633 1992 Denique
664 1950 829 1982 omnibus
862 1951 1080 1993 temporibus
1111 1959 1191 1983 sunt
1223 1949 1287 1983 inl

278 2001 432 2036 Ecclesia
458 2011 594 2043 sparsae
620 2000 805 2042 opiniones
829 2001 1074 2034 incommodae
1097 2003 1138 2034 de
1157 2002 1262 2034 rebus
1285 2003 1287 2011 ’

279 2052 455 2085 civilibus,
485 2049 568 2083 Ideo
589 2051 688 2083 valde
706 2052 843 2094 prodest
862 2059 979 2084 tenere
996 2064 1112 2084 veram
1132 2053 1263 2085 doctri-

282 2115 362 2136 nam
390 2103 432 2134 de
458 2099 522 2134 hoc
547 2102 699 2143 negotio.

384 2162 446 2195 Est
462 2173 541 2203 ergo
564 2162 715 2205 primum
733 2157 816 2194 baec
834 2161 1025 2204 propositio
1044 2161 1153 2201 Pauli,
1170 2162 1263 2206 quod
1290 2159 1291 2164 ¹

283 2213 525 2255 magistratus,
561 2213 594 2244 id
618 2219 689 2252 est,
723 2212 898 2244 ordinatio
924 2212 1171 2255 imperiorum,
1206 2224 1266 2245 seu

288 2265 409 2308 politia
431 2265 473 2297 sit
499 2274 551 2296 res
576 2264 688 2303 bona,
716 2275 819 2306 quam
842 2262 935 2296 Deus
960 2275 1020 2295 suo
1045 2275 1146 2306 opere
1162 2270 1193 2297 et
1212 2264 1267 2295 in-
1291 2271 1295 2319 λι

292 2315 403 2347 stituit
424 2322 456 2348 et
472 2320 665 2348 conservat.
701 2313 798 2346 Sicut
815 2313 991 2346 ordinatio
1011 2322 1169 2347 motuum
1190 2326 1269 2348 coe-

292 2365 449 2401 lestium,
478 2373 509 2398 et
528 2365 684 2397 instituta
703 2371 751 2396 est
768 2376 784 2396 a
806 2363 881 2397 Deo
895 2389 902 2401 ,
929 2371 962 2397 et
985 2371 1212 2398 conservatur
1227 2366 1270 2397 ab

294 2416 381 2459 ipso,
434 2415 550 2457 Quare
574 2427 650 2447 cum
675 2415 789 2460 inquit
809 2413 956 2447 Paulus:
985 2414 1134 2458 Imperia
1157 2428 1174 2448 a
1196 2415 1270 2448 Deo

296 2477 386 2504 esse,
414 2465 650 2506 intelligamus
671 2478 708 2497 ea
731 2477 801 2497 non
827 2472 962 2498 tantum
982 2466 1134 2509 permitti
1153 2478 1171 2499 a
1187 2465 1274 2506 Deo,

299 2517 384 2549 sicut
407 2523 539 2557 peccata
559 2516 723 2547 dicuntur
743 2516 916 2559 permitti,
945 2518 1003 2548 sed
1031 2516 1146 2560 potius
1169 2529 1274 2560 opera
1296 2520 1298 2525 ’

299 2566 363 2600 Dei
390 2566 547 2598 instituta
575 2577 645 2597 esse
668 2573 698 2597 et
725 2567 942 2605 conservari,
979 2574 1011 2599 et
1042 2579 1102 2610 per
1128 2568 1273 2600 verbum
1298 2562 1299 2595 l

301 2616 505 2650 confirmata
527 2627 609 2648 esse.
662 2617 746 2647 Ideo
766 2616 892 2649 Paulus
915 2618 1040 2651 diserte
1063 2625 1163 2651 vocat
1186 2618 1276 2661 poli·
1298 2605 1301 2636 ¹³

301 2668 405 2709 tiam,
432 2666 691 2700 ordinationem
710 2664 793 2707 Dei,
822 2667 855 2699 id
875 2674 941 2709 est,
968 2681 1039 2701 rem
1061 2681 1150 2714 quae
1176 2669 1276 2703 insti-

835 97 958 134 PfflL.
987 95 1103 134 MEL.
1131 96 1340 132 SCRIPTA
1369 93 1668 131 EXEGETICA.

1265 449 1390 470 vmum
1423 435 1553 470 habent
1585 435 1766 470 momenti.

1266 502 1267 506 ¹
1293 495 1341 521 est
1374 495 1488 521 extare
1513 485 1603 520 hanc
1628 487 1822 519 doctrinam
1848 486 1884 518 in
1909 484 2081 525 Ecclesia,

1299 2650 1302 2664 Β
1327 2617 1404 2652 Dei.

1300 2706 1301 2709 Ἰ
1329 2676 1450 2714 pturae
1482 2667 1701 2708 testimonia,
1736 2677 1824 2711 quae
1850 2666 2059 2701 confirmant
2083 2666 2302 2707 sententiam,

2197 96 2271 133 712

1258 191 1261 200 ¹
1287 183 1398 216 tuitur
1424 181 1572 215 consilio
1599 181 1680 222 Dei,
1707 189 1745 215 ut
1762 190 1929 226 congruat
1948 196 2025 216 cum
2051 183 2124 216 eius
2142 182 2271 216 volun-

1260 241 1262 263 :
1288 241 1377 277 tate,
1405 245 1463 266 seu
1483 239 1522 266 ut
1540 234 1754 276 approbetur
1778 234 1822 266 ab
1849 234 1933 277 ipso,

1987 233 2107 276 Quare
2132 240 2273 278 peccata

1290 297 1360 317 non
1385 283 1465 317 sunt
1491 284 1667 317 ordinatio
1698 283 1786 325 Dei,
1820 284 1891 317 imo
1917 296 1996 317 vere
2023 292 2104 319 sunt
2127 284 2274 318 ordina-

1290 335 1397 369 tionis
1417 335 1606 378 dissipatio.

1392 385 1487 419 thee
1513 386 1664 418 breviter
1688 384 1854 418 dicuntur
1879 395 1896 416 a
1921 382 2050 424 Panlo,
2082 385 2139 417 sed
2164 386 2276 429 pluri-

1833 434 1991 468 Primum
2016 434 2108 467 enim
2140 446 2276 469 necesse

2125 497 2168 519 ne
2192 497 2277 530 opus

1267 556 1269 576 3
1294 538 1359 572 Dei
1378 539 1551 572 tribuatur
1568 538 1728 575 diabolo,
1757 538 1816 570 sed
1842 544 1880 570 ut
1905 537 2150 569 discernantur
2173 548 2279 581 opera

1296 589 1360 622 Dei
1390 596 1422 623 et
1447 601 1550 633 opera
1581 589 1725 622 diaboli.
1779 587 1962 627 Secundo,
1989 593 2026 620 ut
2044 587 2280 631 intelligamus

1296 641 1356 673 illa
1377 640 1449 684 ipsa
1466 640 1576 673 officia
1596 653 1613 672 a
1632 638 1704 672 Deo
1723 639 1899 683 proposita
1917 650 2010 676 esse,
2037 644 2076 671 ut
2094 639 2164 673 sint
2184 649 2281 671 exer-

1297 691 1376 724 citia
1415 691 1643 724 consessionis
1659 717 1667 730 ,
1718 689 1954 723 invocationis
1996 696 2029 723 et
2068 696 2281 722 caeterarum

1297 741 1485 781 virtutum,
1526 749 1558 775 et
1583 742 1667 775 fiant
1690 741 1761 773 veri
1789 741 1902 774 cultus
1929 740 2007 773 Dei.
2068 739 2210 780 Tertio,
2243 746 2283 774 ut

1298 793 1498 825 obedientia
1518 793 1759 829 confirmetur,
1788 803 1832 824 ne
1851 792 2021 824 violemus
2041 790 2198 824 divinam
2221 802 2283 823 or·—

1298 843 1539 883 dinationem,
1565 844 1623 875 sed
1646 842 1910 875 meminerimus
1934 842 2046 875 Deum
2069 853 2141 875 esse
2165 841 2284 874 vindi-

1299 906 1372 928 cem
1396 901 1429 927 et
1448 901 1726 926 conservatorem
1744 905 1824 926 suae
1839 893 2085 928 ordinationis.
2133 891 2283 935 Quarto,

1300 952 1337 978 ut
1355 945 1576 987 magistratus
1594 951 1625 977 et
1642 955 1705 976 nos
1728 956 1849 976 omnes
1873 945 1909 976 in
1935 944 2030 977 civili
2058 945 2127 976 vita
2153 941 2284 976 hahea-

1301 1007 1377 1028 mus
1395 995 1689 1032 consolationem,
1717 996 1811 1037 quod
1832 993 1926 1027 Deus
1950 993 2032 1027 haec
2056 994 2210 1037 pericula
2233 993 2285 1025 ci-

1301 1047 1381 1079 vilis
1400 1046 1490 1079 vitae
1507 1047 1695 1088 gubernet,
1724 1052 1755 1077 et
1771 1052 1952 1078 conservet
1969 1057 2092 1088 regna,
2111 1043 2284 1078 iusticiam

1273 1110 1274 1113 ¹
1302 1098 1441 1131 civilem
1472 1109 1508 1129 ac
1539 1109 1655 1139 pacem
1681 1095 1717 1128 iu
1737 1097 1892 1137 mundo,
1919 1103 1952 1129 et
1977 1096 2101 1140 puniat
2123 1094 2286 1142 tyranni—

1274 1164 1275 1174 *
1303 1150 1362 1181 des
1382 1160 1419 1181 ac
1438 1147 1634 1181 latrocinia.

1402 1197 1497 1231 Haec
1515 1206 1564 1232 est
1583 1199 1705 1240 ingens
1722 1197 1915 1231 consolatio
1932 1197 2065 1230 omnib.
2084 1196 2149 1240 piis
2162 1195 2197 1228 in
2210 1203 2287 1229 tan-

1302 1250 1346 1283 tis
1365 1249 1592 1293 imperiorum
1613 1249 1792 1292 periculis,
1813 1255 1845 1281 et
1866 1245 1991 1281 horum
2009 1247 2287 1290 magnitudinem

1304 1301 1351 1344 pii
1369 1300 1591 1332 considerare
1607 1301 1755 1340 debent,
1785 1301 1878 1344 quod
1901 1299 2060 1332 videlicet
2083 1297 2308 1331 concutiam‘

1304 1358 1362 1385 tur
1392 1351 1531 1393 respub.
1563 1362 1635 1382 uon
1668 1357 1803 1382 tantum
1834 1348 1985 1383 humana
2017 1349 2181 1388 audacia,
2228 1348 2287 1380 sed

1305 1401 1415 1434 multo
1436 1402 1544 1442 magis
1559 1401 1677 1433 furore
1702 1400 1852 1440 diaboli,
1886 1400 1945 1443 qui
1971 1406 2020 1432 est
2045 1397 2155 1432 hostis
2182 1398 2288 1430 disci-

1307 1452 1422 1496 plinae
1453 1459 1485 1484 et
1516 1449 1714 1484 honestatis.
1776 1450 1858 1483 Ideo
1881 1449 2043 1483 Christus
2074 1462 2152 1482 eum
2189 1455 2288 1482 vocat

1306 1501 1531 1536 homicidam.
1586 1502 1633 1535 Et
1657 1502 1693 1533 in
1723 1500 1868 1534 Daniele
1894 1501 2059 1534 scribitur
2082 1501 2196 1533 bonus
2224 1512 2288 1533 an-

1305 1554 1402 1595 gelus
1438 1553 1633 1585 defendisse
1662 1563 1809 1594 regnum
1833 1551 2032 1590 Persicum,
2073 1558 2192 1584 contra
2217 1562 2290 1582 ma-

1307 1605 1381 1637 lum
1398 1603 1573 1645 angelum.
1627 1601 1752 1636 Incitat
1776 1602 1883 1645 igitur
1907 1602 2070 1635 diabolus
2094 1613 2154 1634 sua
2180 1612 2291 1633 mem-

1308 1656 1369 1688 bra
1395 1655 1438 1686 ad
1464 1654 1702 1697 dissipandam
1727 1650 1946 1685 harmoniam
1973 1652 2158 1696 publicam.
2220 1650 2292 1685 Ne-

1309 1717 1376 1750 que
1407 1711 1542 1738 tantum
1577 1711 1714 1736 autores
1749 1704 1893 1747 periculi
1925 1703 2170 1735 considerandi
2201 1709 2293 1742 sunt,

1310 1758 1366 1789 sed
1385 1756 1488 1789 etiam
1508 1755 1633 1788 moniti
1652 1752 1964 1787 hacconsolatione
1975 1755 2177 1797 scripturae,
2195 1754 2291 1798 quod

1282 1843 1283 1851 ἵ
1311 1808 1409 1841 Deus
1442 1806 1525 1838 velit
1551 1818 1757 1838 conservare
1786 1806 1943 1848 polinas,
1977 1806 2103 1838 addere
2126 1805 2294 1838 debemus

1282 1887 1284 1892 i
1312 1857 1590 1895 invocationem,
1626 1857 1714 1890 sicut
1735 1856 1900 1900 praecipit
1922 1856 2092 1899 scriptura
2114 1855 2150 1887 in
2175 1855 2294 1888 multis

1311 1909 1409 1943 locis,

1415 1957 1510 1991 Haec
1524 1957 1678 1991 breviter
1694 1956 1863 1997 recensui,
1877 1963 1914 1990 ut
1931 1955 2133 1998 cogitemus,
2150 1956 2190 1988 ad
2209 1955 2294 2000 quid

1314 2010 1426 2055 prosit
1452 2007 1535 2041 baec
1559 2008 1737 2047 doctrina,
1774 2014 1805 2040 et
1832 2014 1869 2040 ut
1895 2007 2142 2047 transferamus
2166 2007 2201 2038 in
2226 2006 2296 2040 vita

1316 2063 1359 2095 ad
1374 2072 1497 2099 usum,
1532 2066 1563 2091 et
1588 2059 1622 2090 in
1648 2058 1798 2101 politicis
1821 2058 1945 2091 officiis
1968 2069 2187 2091 exerceamus
2212 2069 2297 2090 con-

1316 2113 1501 2145 sessionem
1527 2117 1557 2142 et
1583 2109 1858 2150 invocationem,
1893 2109 1954 2153 qui
1982 2115 2062 2142 sunt
2086 2108 2297 2152 principales

1291 2192 1293 2198 ,
1318 2163 1403 2196 lines
1422 2161 1594 2193 societatis
1613 2160 1736 2194 civilis.

1418 2211 1555 2244 Deinde
1572 2212 1629 2243 fiat
1644 2210 1796 2245 collatio.
1849 2209 1954 2243 Nulla
1981 2206 2203 2254 philosophia
2228 2216 2298 2242 tam

1320 2261 1513 2298 honorifice
1546 2263 1587 2294 de
1619 2261 1775 2303 imperiis
1798 2261 1895 2306 loqui
1921 2267 2043 2304 potest.
2105 2258 2180 2293 Etsi
2204 2260 2299 2292 enim

1320 2315 1409 2347 ratio
1426 2319 1585 2346 movetur
1602 2312 1811 2357 quibusdam
1828 2311 1954 2353 signis,
1980 2317 2019 2343 ut
2037 2310 2160 2354 cogitet
2184 2322 2256 2343 esse
2281 2323 2300 2344 a

1322 2363 1395 2398 Deo
1421 2363 1586 2407 imperia,
1618 2370 1732 2395 tamen
1758 2363 1894 2395 dubitat
1918 2368 2060 2404 propter
2084 2362 2176 2394 varia
2202 2374 2301 2394 scan-

1322 2416 1422 2454 dala,
1455 2427 1532 2447 cum
1560 2425 1631 2446 non
1655 2420 1704 2445 est
1725 2413 1926 2445 confirmata
1953 2413 2059 2444 verbo
2078 2410 2154 2447 Dei.
2209 2412 2301 2445 lllud

1324 2473 1415 2499 certe
1432 2478 1506 2498 non
1525 2465 1638 2504 videt,
1670 2463 1786 2496 Deum
1812 2463 1900 2495 velle
1923 2464 2120 2505 gubernare
2148 2463 2300 2506 pericula

1298 2536 1299 2558 3
1326 2525 1443 2549 nostra
1465 2516 1505 2559 in¹
1521 2514 1806 2548 administatione
1821 2514 1936 2554 civili,
1964 2514 2054 2546 velle
2070 2514 2242 2551 invocari,
2269 2522 2302 2548 et

1326 2565 1453 2600 horum
1478 2566 1697 2609 negotiorum
1723 2564 2063 2597 administrationem
2090 2564 2164 2597 fieri
2188 2565 2302 2597 cultus

1458 2616 1634 2659 Colligant
1649 2616 1755 2658 igitur
1777 2615 1922 2648 studiosi
1949 2627 1987 2647 ex
2012 2615 2089 2648 aliis
2112 2615 2196 2648 locis
2218 2615 2303 2648 scri-
