2415 2942
84 107 159 147 15⁷
477 105 561 144 ΧΠ.

82 194 122 228 in
145 205 180 228 se
205 191 420 228 iniusticiam
445 203 536 234 esse,
579 199 613 227 et
635 205 757 227 verum
789 199 839 226 est
864 194 908 225 de
930 193 1074 227 caeteris

85 242 294 279 hominibus
311 256 384 278 non
409 256 510 289 posse
535 244 621 277 dici:
649 251 765 277 tamen
788 244 832 276 de
850 241 991 276 Christo
1011 256 1072 276 ne-

82 295 229 330 cessaria
253 293 338 329 haec
353 295 513 329 doctrina
541 301 609 336 est,
642 294 703 339 qui
727 305 762 327 se
786 294 917 327 talibus
941 295 1072 327 descri-

80 347 263 392 ptionibus
280 347 448 380 discernit
464 346 508 380 ab
525 345 692 379 omnibus
708 342 926 380 hominibus.

182 414 385 458 Diligenter
400 420 517 448 autem
534 412 787 446 consideranda
805 418 855 445 est
875 408 1071 452 antithesis,

80 462 158 509 Ego
177 477 253 499 sum
271 466 399 499 iustus:
425 464 537 498 Nemo
555 469 708 496 vestrum
725 463 807 496 facit
832 463 940 506 legem
962 462 1069 498 Mosi.

79 515 154 552 Nec
171 516 358 560 disputabo
381 515 546 549 subtilius
570 515 614 547 de
637 510 702 546 hac
728 514 920 547 universali
939 526 1068 558 propo-

79 567 228 608 sitione,
252 567 315 600 etsi
336 578 456 600 verum
480 571 548 605 est,
587 576 708 597 omnes
728 571 865 608 praeter
886 562 1065 599 Christum

80 614 210 651 habere
226 623 381 660 peccata,
409 616 469 650 sed
491 622 610 649 tamen
635 612 692 648 hic
715 615 754 648 fit
777 616 916 649 collatio
933 613 1067 649 Christi

79 674 114 702 et
129 665 301 701 hostium:
336 666 448 700 Nemo
467 679 507 700 ex
524 666 642 707 vobis,
669 666 809 711 inquit,
838 667 920 700 facit
943 667 1066 709 legem.

75 716 124 752 Et
145 719 289 752 damnat
308 715 394 751 haec
416 729 484 750 vox
509 729 632 750 omnes
655 717 787 755 cultus,
829 717 1065 760 disciplinam,

75 768 237 803 exercitia
272 768 413 802 virtutis
440 768 478 801 in
511 765 673 801 hostibus
705 766 859 807 Christi,
911 768 1000 802 sicut
1032 775 1066 802 et

75 819 205 854 Psalm.
224 817 282 855 15.
299 819 445 853 dicitur:
472 818 552 852 Non
571 830 706 852 sumam
725 820 869 852 nomina
885 831 1008 852 eorum
1027 819 1062 851 iu

74 871 169 904 labia
191 882 278 903 mea.
334 869 436 904 Item:
479 868 559 903 Fiat
586 870 698 903 oratio
724 882 846 903 eorum
873 877 1064 914 peccatum,

75 921 203 956 Psalm.
222 920 306 956 109.
332 919 526 954 Damnatae
542 928 624 954 sunt
640 933 762 954 omnes
787 927 915 961 sectae,
944 920 1064 953 Iudai-

75 985 132 1014 ca,
158 969 409 1012 Mahometica,
433 970 628 1010 Haeretici,
657 973 858 1005 defensores
874 972 1065 1012 idolorum,

74 1023 228 1068 denique
243 1035 365 1056 omnes
390 1029 586 1067 pugnantes
608 1035 686 1056 cum
706 1021 922 1065 Evangelio,
950 1030 981 1056 et
1001 1023 1063 1055 tri-

75 1075 198 1109 buitur
215 1071 281 1107 hoc
298 1074 432 1107 crimen
450 1073 634 1106 omnibus:
672 1073 852 1115 Quaeritis
872 1086 926 1106 me
953 1074 1062 1107 inter—

75 1126 195 1166 ficere,
222 1124 259 1158 id
277 1131 346 1163 est,
374 1137 496 1157 omnes
513 1125 637 1157 ardent
655 1124 736 1157 odio
754 1122 887 1157 Christi
905 1131 937 1157 et
953 1136 1063 1156 mem-

73 1177 220 1211 brorum
239 1175 332 1216 eius,
360 1181 394 1208 et
416 1175 564 1218 cupiunt
589 1175 726 1217 explere
751 1175 830 1207 odia
857 1177 959 1208 caede
983 1187 1063 1207 san-

74 1234 224 1262 ctorum.
276 1226 431 1259 Miretur
445 1225 602 1258 fortassis
620 1226 746 1270 aliquis
763 1222 830 1258 hoc
848 1226 1001 1266 dictum,
1030 1232 1062 1258 et

74 1278 249 1312 existimet
270 1289 343 1310 non
366 1283 500 1311 tantam
524 1288 596 1309 esse
621 1276 863 1310 crudelitatem
887 1277 923 1308 in
946 1274 1063 1309 homi-

72 1329 191 1364 nibus.

174 1395 242 1430 Sed
269 1391 429 1428 Christus
453 1395 530 1429 vult
558 1406 622 1428 nos
656 1395 949 1428 commonefactos
976 1405 1060 1434 esse,

74 1447 151 1481 vult
172 1458 237 1479 nus
262 1446 367 1486 scire,
407 1457 511 1490 quam
546 1457 686 1479 saevum
714 1443 847 1479 hostem
871 1443 1062 1478 habeamus

72 1498 274 1537 diabolum,
300 1504 337 1529 ut
356 1496 465 1529 simus
481 1497 723 1543 vigilantiores
746 1497 781 1529 in
807 1497 972 1529 omnihus
999 1508 1060 1527 ne-

72 1549 194 1593 gotiis,
220 1559 309 1592 quae
326 1547 429 1580 nobis
446 1548 562 1581 sutura
581 1555 662 1581 sunt
685 1559 762 1580 cum
784 1546 969 1588 Evangelii
996 1544 1060 1579 ho-

72 1601 202 1640 stibus,
226 1605 258 1632 et
276 1598 425 1632 sciamus
441 1609 500 1631 eos
524 1610 597 1631 non
622 1599 805 1631 consulere
827 1598 971 1632 utilitati
992 1596 1061 1630 Ec-

72 1651 214 1691 clesiae,
241 1649 346 1683 etiam
364 1661 443 1682 cum
461 1647 527 1682 hoc
546 1650 726 1684 simulant.
767 1649 956 1693 Postquam
977 1661 1058 1681 vcro

71 1700 234 1736 Christus
249 1712 305 1732 eos
322 1699 435 1741 arguit
460 1697 664 1740 homicidii,
692 1700 758 1742 ipsi
781 1702 916 1732 addunt
940 1712 1061 1743 pecca-

71 1760 146 1786 tum
176 1751 309 1790 maius,
352 1749 483 1783 scilicet
517 1748 791 1793 blasphemiam,
833 1763 910 1783 cum
944 1751 1059 1783 aiunt:

72 1802 309 1836 Daemonium
332 1797 458 1840 habes,
491 1798 575 1834 haec
598 1798 814 1844 blasphemia
843 1801 974 1834 indicio
1001 1809 1061 1842 est,

74 1864 144 1899 quo
161 1852 286 1897 spiritu
301 1859 463 1894 agantur.

205 1943 256 1979 In
278 1942 436 1978 sabbalo
457 1940 716 1977 circumciditis
734 1940 931 1980 hominem.

172 2021 287 2056 Multa
329 2019 532 2063 gravissima
572 2025 775 2062 argumenta
815 2020 1061 2063 complectitur

613 103 915 144 ENARRATIO
945 106 995 143 IN
1021 103 1205 145 EVANG.
1232 104 1447 143 lOANNIS.
1505 103 1614 143 CAP.
1641 105 1724 144 vn.

2049 109 2121 147 158

1124 199 1178 226 tae
1194 199 1337 235 argutae
1358 193 1648 241 consequentiae,
1685 204 1772 240 quas
1795 199 1968 240 quantum
1995 202 2119 240 potero

1124 244 1318 288 explicabo,

1226 293 1344 327 Prima
1368 291 1453 327 haec
1484 301 1552 329 est:
1593 294 1824 330 Circumcisio
1854 302 1904 330 est
1933 308 2022 341 opus
2051 309 2117 346 pa-

1122 349 1237 384 trum,
1270 351 1304 378 et
1325 351 1442 377 tamen
1472 353 1648 386 servatur,
1691 359 1764 381 non
1791 347 1952 382 obstante
1974 348 2049 392 lege
2070 350 2115 383 de

1123 395 1288 433 sabbato,
1316 406 1397 436 ergo
1416 395 1470 428 lex
1490 398 1534 429 de
1558 398 1702 431 sabbato
1724 410 1798 431 non
1825 410 1969 442 prorsus
1992 400 2113 433 omnia

1121 456 1226 488 opera
1252 443 1428 488 prohibet.
1481 445 1643 480 Secunda
1669 450 1939 494 consequentia,
1967 457 2110 494 patrum

1120 507 1209 539 opus
1225 497 1419 529 antefertur
1433 496 1498 539 legi
1515 498 1559 530 de
1575 499 1718 532 sabbato
1730 523 1738 537 ‚
1767 511 1847 542 ergo
1871 501 1984 534 multo
2001 502 2112 544 magis

1120 559 1236 579 meum
1255 559 1342 591 opus
1359 547 1625 581 anteferendum
1644 556 1714 590 est,
1742 550 1824 594 quia
1840 549 1989 584 Messias
2007 563 2110 596 prae-

1119 597 1270 631 stantior
1293 604 1344 631 est
1369 598 1547 641 patribus,
1576 606 1608 632 et
1631 611 1719 643 opus
1742 599 1911 639 Messiae‚
1941 603 2035 646 quod
2060 609 2111 636 est

1119 661 1191 682 non
1210 649 1323 683 solum
1341 648 1488 690 sanatio,
1517 651 1575 683 sed
1596 650 1701 683 simul
1723 651 1868 684 donatio
1887 651 1978 685 vitae
1997 660 2109 686 aeter-

1118 711 1182 732 nae
1206 706 1257 733 est
1279 700 1529 743 praestantius,
1565 713 1669 746 quam
1693 702 1924 737 circumcisio.
1986 702 2110 737 Tertia

1118 748 1202 784 haec
1220 757 1285 784 est:
1312 750 1383 783 Lex
1403 751 1475 794 ipsa
1492 752 1583 795 cogit
1598 753 1768 797 quaedam
1786 765 1891 797 opera
1908 753 1945 786 in
1963 754 2110 788 sabbato

1116 802 1248 840 facere,
1277 808 1313 835 ut
1331 802 1550 836 circumcisio
1565 803 1724 837 facienda
1742 810 1791 837 est
1815 804 1852 836 in
1870 804 2014 838 sabbato
2027 831 2036 845 ,
2063 816 2108 838 ne

1117 853 1168 885 lex
1186 852 1363 893 solvatur,
1391 853 1571 894 videlicet,
1598 866 1687 899 quae
1710 855 1881 899 praecipit
1898 856 1940 888 de
1957 856 2108 889 circum-

1116 903 1265 944 cisione,
1292 904 1341 936 sic
1368 903 1423 936 lex
1444 904 1486 937 de
1510 905 1667 938 sanando
1691 912 1724 939 et
1747 906 1917 939 salvando
1943 906 2105 950 proximo

1115 955 1276 987 facienda
1302 961 1351 987 est
1369 954 1405 986 in
1425 955 1590 996 sabbato,
1617 968 1661 988 ne
1683 957 1737 989 lex
1760 957 1936 999 solvatur,
1964 958 2107 999 scilicet,

1116 1017 1205 1051 quae
1220 1006 1320 1038 docet
1340 1005 1452 1038 officia
1469 1007 1662 1039 necessaria
1680 1007 1893 1043 dilectionis.

1216 1054 1306 1089 Cum
1330 1064 1547 1090 concurrunt
1570 1058 1658 1091 duae
1684 1059 1794 1101 leges,
1820 1059 1927 1092 altera
1945 1059 1986 1091 de
2009 1070 2106 1092 cere-

1116 1106 1253 1147 monia,
1276 1107 1384 1140 altera
1402 1108 1444 1140 de
1460 1108 1655 1141 necessario
1672 1109 1788 1141 officio
1806 1109 2022 1150 dilectionis,
2050 1121 2106 1142 ce-

1115 1158 1168 1190 dit
1192 1158 1389 1190 ceremonia
1419 1158 1618 1198 dilectioni,
1652 1166 1747 1192 extra
1773 1171 1889 1192 casum
1914 1160 2105 1193 confessio-

1114 1208 1179 1240 nis.
1216 1207 1317 1240 Hanc
1335 1208 1490 1250 regulam
1509 1210 1653 1242 tradunt
1672 1207 1887 1257 Prophetae,
1915 1217 1947 1244 et
1964 1211 2104 1244 dicunt:

1117 1258 1400 1291 Misericordiam
1420 1260 1521 1299 volo,
1549 1272 1622 1293 non
1639 1261 1858 1294 sacrificium.
1895 1261 1986 1295 Cum
2006 1274 2103 1295 exer-

1115 1309 1202 1342 citus
1219 1307 1389 1342 Antiochi
1408 1310 1444 1341 in
1463 1311 1608 1344 sabbato
1634 1311 1817 1345 invaderet
1835 1311 2001 1353 Iudaeos,
2030 1320 2104 1347 erat

1114 1360 1267 1392 officium
1291 1360 1505 1393 defensionis
1531 1363 1778 1398 necessarium.
1834 1361 1917 1396 Ideo
1942 1370 2033 1397 recte
2050 1362 2103 1396 fe·-

1114 1411 1160 1445 cit
1178 1410 1426 1452 Maccabaeus‚
1458 1424 1536 1445 cum
1555 1425 1595 1445 eo
1613 1413 1669 1445 die
1689 1413 1851 1456 repressit
1869 1412 1996 1449 hostes.
2031 1413 2102 1447 Sed

1114 1462 1150 1494 in
1194 1473 1274 1495 casu
1305 1463 1537 1496 consessionis
1573 1464 1768 1507 praefertur
1800 1465 1981 1498 dilectioni
2008 1477 2104 1498 cere-

1112 1513 1247 1545 monia:
1275 1519 1314 1546 ut
1341 1514 1456 1556 potius
1481 1515 1583 1548 debet
1608 1514 1795 1549 Eleazarus
1818 1523 1965 1550 mortem
1994 1528 2103 1560 oppe-

1112 1570 1203 1604 tere,
1231 1576 1336 1608 quam
1355 1565 1447 1597 vesci
1463 1577 1567 1599 carne
1583 1566 1707 1606 suilla,
1736 1574 1831 1608 tunc,
1859 1579 1937 1600 cum
1954 1564 2102 1601 Ethnici

1112 1615 1192 1648 ideo
1234 1615 1430 1658 postulant,
1481 1623 1520 1649 ut
1556 1624 1735 1658 vescatur,
1785 1624 1824 1651 ut
1859 1617 2102 1651 testimonium

1083 1696 1085 1704 ,
1112 1667 1291 1705 ostendat,
1325 1677 1360 1698 se
1384 1666 1493 1708 legem
1520 1666 1585 1700 Dei
1610 1668 1779 1709 abiicere,
1821 1675 1854 1702 et
1875 1675 2102 1702 contemnere

1112 1715 1225 1750 Deum
1247 1713 1351 1749 huius
1367 1717 1451 1759 legis
1467 1725 1635 1751 autorem.

1213 1766 1282 1800 Sed
1302 1765 1385 1800 haec
1402 1769 1593 1812 disputatio
1619 1770 1661 1802 (le
1685 1770 1830 1802 sabbato
1853 1781 1957 1814 supra
1980 1771 2102 1814 copio-

1112 1818 1185 1850 sius
1211 1824 1355 1851 tractata
1381 1827 1449 1857 est,
1484 1826 1518 1853 et
1542 1820 1626 1864 quid
1651 1828 1725 1863 post
1752 1820 1913 1854 reiectam
1940 1822 2102 1865 politiam

1114 1867 1326 1909 Mosaicam,
1367 1877 1399 1903 et
1426 1870 1570 1903 reiectos
1602 1871 1717 1909 cultus
1740 1871 1917 1904 Leviticos
1945 1873 2102 1905 sentien-

1113 1920 1196 1951 dum
1216 1919 1259 1952 sit
1277 1920 1319 1951 de
1336 1920 1499 1961 sabbato,
1528 1928 1674 1955 constat.
1731 1921 1854 1955 Genus
1879 1923 1973 1956 tertii
1997 1935 2100 1967 prae-

1113 1970 1202 2013 cepti
1221 1970 1372 2003 retinere
1388 1972 1573 2011 debemus,
1602 1973 1782 2012 videlicet,
1810 1981 1848 2007 ut
1864 1974 2101 2007 ministerium

1115 2021 1294 2064 publicum
1335 2029 1581 2063 conservetur,
1633 2024 1717 2056 fiant
1746 2036 1949 2067 congressus
1980 2025 2100 2069 aliquo

71 2075 242 2112 Ioannes,
268 2084 355 2116 quae
372 2077 644 2113 consentaneum
674 2078 724 2104 est
744 2083 761 2103 a
778 2068 920 2104 Christo
940 2072 1057 2114 copio-
1083 2060 1086 2110 l
1115 2079 1290 2114 tempore,
1343 2072 1429 2105 sicut
1461 2072 1592 2106 Paulus
1631 2075 1762 2119 inquit:
1812 2074 2102 2120 Quotiescunque

71 2127 143 2161 sius
166 2123 333 2166 explicata
358 2133 440 2154 esse.
499 2120 574 2153 Etsi
599 2129 714 2154 autem
739 2132 843 2164 supra
860 2134 933 2165 cap.
951 2121 985 2156 5.
1005 2135 1060 2155 re-
1082 2113 1086 2176 ζ
1113 2123 1359 2158 conveneritis.
1418 2122 1495 2157 Etsi
1525 2126 1618 2157 enim
1641 2124 1797 2158 Ecclesia
1834 2126 2015 2159 dissimilis
2051 2133 2101 2160 est

71 2179 204 2211 futatur
220 2173 339 2206 eadem
357 2172 553 2211 calumnia,
581 2178 696 2204 tamen
707 2173 844 2206 >solutio
862 2185 902 2205 ex
921 2174 1059 2206 alistru-
1083 2178 1089 2196 5
1114 2173 1291 2215 imperiis,
1335 2182 1450 2208 tamen
1474 2174 1569 2208 Deus
1591 2188 1663 2209 non
1689 2177 1764 2209 vult
1790 2188 1863 2209 eam
1889 2177 2042 2218 ignotam
2068 2185 2102 2211 et

71 2229 162 2263 siore
187 2224 347 2258 doctrina
373 2223 416 2255 de
439 2222 635 2262 creatione,
676 2229 709 2256 et
733 2224 776 2255 de
800 2224 978 2256 continuis
996 2223 1060 2257 Dei

70 2277 236 2323 operibus
254 2280 366 2308 sumta
393 2279 461 2313 est,
496 2272 658 2306 videlicet
681 2285 700 2306 a
724 2274 951 2308 distinctione
975 2288 1059 2318 ope-

70 2341 147 2365 rum
174 2326 241 2361 Dei
271 2333 304 2359 et
336 2322 586 2357 humanorum.
657 2323 850 2358 Sabbatum
895 2323 1059 2368 prohibet

72 2391 175 2425 opera
205 2375 391 2410 hominum
423 2374 652 2422 impedientia
684 2375 942 2416 ministerium,
985 2389 1058 2410 non

68 2428 236 2478 prohibet
250 2427 315 2461 Dei
336 2438 458 2472 opera:
496 2425 598 2459 Pater
622 2437 732 2470 usque
760 2428 864 2460 modo
882 2434 1059 2470 operatur,

69 2491 103 2518 et
118 2493 181 2525 ego
201 2490 339 2524 operor.
391 2475 486 2520 Ergo
504 2476 557 2510 lex
575 2477 618 2509 de
641 2477 786 2511 sabbato
811 2490 885 2510 non
910 2478 1058 2521 impedit

70 2533 155 2569 haee
181 2542 255 2564 mea
273 2540 377 2573 opera
398 2528 542 2568 divina,
570 2528 806 2568 sanationem,
835 2535 868 2562 et
892 2529 1057 2562 donatio-

68 2597 149 2619 nem
168 2583 259 2615 vitae
287 2586 467 2617 aeternae,
502 2579 551 2611 sic
576 2590 681 2622 supra
708 2580 900 2622 respondit.
952 2579 1056 2614 Nunc

68 2649 109 2670 ex
123 2634 193 2668 alio
211 2633 306 2666 fonte
320 2631 471 2664 sumitur
486 2630 651 2664 refutatio
662 2656 672 2671 ‚
698 2630 863 2663 videlicet
879 2630 923 2663 ab
939 2642 1055 2664 exem-

67 2688 127 2733 plo
143 2691 283 2732 patrum
307 2688 342 2716 et
364 2681 651 2715 circumcisionis.
704 2679 797 2715 Sunt
819 2688 935 2716 autem
960 2682 1055 2716 mul-

1114 2224 1268 2257 abditam
1286 2237 1357 2258 esse
1376 2226 1411 2258 in
1429 2225 1590 2265 latebris,
1619 2228 1677 2260 sed
1702 2234 1738 2260 ut
1756 2227 1949 2260 innotescat
1968 2228 2100 2262 doctri-

1114 2287 1177 2313 na,
1214 2283 1246 2309 et
1270 2276 1339 2309 late
1368 2277 1565 2310 celebretur
1596 2289 1725 2310 nomen
1742 2275 1893 2318 Christi,
1928 2278 2005 2311 vult
2027 2291 2100 2312 esse

1112 2323 1278 2359 honestos
1299 2334 1331 2359 et
1354 2328 1516 2371 publicos
1540 2339 1765 2371 congressus,
1800 2328 1837 2360 in
1862 2327 1991 2372 quihus
2014 2342 2100 2362 con-

1112 2377 1200 2420 spici
1217 2384 1249 2410 et
1269 2378 1385 2411 audiri
1403 2376 1558 2411 Ecclesia
1579 2379 1704 2421 possit,
1733 2384 1771 2411 ut
1788 2379 1835 2412 ait
1853 2377 2031 2413 Psalmus:
2058 2380 2099 2413 ln

1112 2440 1253 2460 ornnem
1277 2435 1406 2462 terram
1431 2429 1537 2462 exivit
1567 2441 1673 2461 sonus
1697 2441 1830 2462 eorum.
1890 2428 1986 2463 Haec
2017 2443 2099 2464 sen-

1110 2479 1219 2511 tentia
1237 2486 1286 2512 est
1303 2491 1412 2522 genus
1429 2492 1574 2523 operum
1593 2480 1684 2513 tertii
1710 2480 1910 2527 praecepti,
1944 2493 2033 2526 quae
2055 2483 2099 2514 ad

1110 2530 1229 2562 omnia
1258 2536 1415 2574 tempora
1441 2530 1628 2573 pertinent.
1689 2530 1872 2565 Caeterum
1899 2532 2029 2578 species
2056 2533 2099 2565 de

1109 2587 1203 2614 certo
1221 2580 1298 2620 die,
1328 2587 1359 2613 et
1376 2582 1418 2613 de
1434 2582 1541 2614 modo
1557 2582 1620 2614 otii
1639 2588 1746 2615 cessat
1764 2589 1841 2625 post
1861 2582 2020 2625 politiam
2037 2583 2098 2616 Iu·

1107 2631 1254 2665 daicam.
1305 2630 1380 2664 Etsi
1399 2631 1505 2673 igitur
1519 2632 1645 2675 allegat
1662 2630 1825 2666 Christus
1851 2638 1884 2665 et
1907 2632 1993 2666 alias
2017 2646 2098 2666 cau-

1108 2693 1180 2724 sas,
1206 2694 1270 2716 cur
1285 2682 1425 2716 licuerit
1440 2682 1543 2717 illum
1558 2684 1706 2718 modum
1725 2683 1790 2718 otii
1807 2683 1952 2725 violare,
1979 2691 2097 2718 tamen
