2415 2942
89 73 160 109 681

209 156 411 194 Veritatem
438 153 518 190 dico
541 155 579 190 in
606 153 751 192 Christo
773 153 859 189 Iesu
878 158 936 189 etc.

178 226 282 260 Nunc
298 227 340 259 ad
360 232 492 261 textum
510 225 631 266 venio,
661 225 697 257 in
716 236 785 269 quo
808 222 1062 256 constituamus

25 306 29 310 .
75 276 171 312 hunc
189 288 353 321 scopum,
378 278 471 322 quod
489 277 590 311 docet
610 275 877 309 discernendam
907 284 978 306 esse
1002 285 1063 305 ve-

76 341 151 362 ram
178 336 211 362 et
233 330 377 362 electam
403 326 594 361 Ecclesiam
618 328 662 360 ab
687 327 767 367 illa,
802 337 891 370 quae
917 323 1060 358 titulum

74 378 199 421 habet,
228 386 287 412 aut
311 379 569 424 praerogativas
591 377 757 412 carnales.
811 375 906 408 Haec
929 381 979 407 est
1000 387 1059 407 ne-

75 431 222 464 cessaria
239 430 420 470 doctrina,
447 431 612 462 adversus
631 429 727 461 illam
745 427 963 470 magnificam
982 437 1061 469 spe-

76 483 182 521 ciem,
211 493 315 527 quam
343 481 444 514 iactat
467 481 552 513 falsa
572 479 747 520 Ecclesia,
779 478 942 511 videlicet
968 476 1061 509 anti-

76 533 266 578 quitatem,
302 532 458 576 exempla
481 538 638 575 patrum,
665 541 874 563 consensum
898 528 1061 561 multitu-

77 583 183 616 dinis.
236 582 331 616 Haec
351 595 428 616 cum
454 582 639 615 incurrunt
660 581 696 613 in
714 581 853 619 oculos,
882 580 1061 613 discerna-

76 646 154 666 mus
178 631 370 673 Eoelesias,
405 640 443 666 ut
467 630 524 666 hic
556 632 725 666 discernit
755 631 887 665 Paulus
912 630 1061 674 populos

74 683 155 720 Dei.
209 683 321 717 Verus
348 684 498 728 populus
529 690 580 716 est
610 684 740 717 electus
771 695 833 728 per
862 681 1060 715 misericor-

74 736 189 776 diam,
218 735 277 780 qui
303 733 406 768 habet
421 734 666 777 Evangelium.

178 794 244 828 Sed
284 793 401 827 Iudaei
434 794 693 826 contendebant
730 804 765 826 se
793 804 864 825 esse
889 792 1060 837 populum

75 845 163 885 Dei,
200 845 280 889 quia
305 850 415 878 essent
443 845 623 888 propagati
652 845 696 878 ab
724 841 925 884 Abraham,
952 841 1060 876 habe-

75 902 152 928 rent
187 896 315 937 legem,
350 902 481 939 patres,
521 895 699 940 exempla,
733 895 914 930 miracula.
974 895 1062 927 Inde

75 947 376 980 ratiocinabantur
410 944 476 979 hoc
506 948 627 979 modo:
670 946 836 980 Nondum
864 943 1059 979 exhibitum

76 1008 148 1029 esse
166 995 364 1035 Christum,
385 997 465 1042 quia
485 995 646 1031 Christus
671 998 814 1030 veniens
831 997 980 1030 salvabit
1000 1009 1061 1041 po-

77 1049 219 1091 pulum,
250 1048 405 1091 Populus
422 1061 494 1080 non
512 1056 561 1082 est
579 1049 752 1089 salvatus,
783 1049 842 1081 sed
861 1048 959 1092 pauci
982 1047 1061 1092 qui-

76 1100 176 1139 dam,
212 1106 379 1143 tanquam
404 1099 580 1138 seditiosi,
612 1099 811 1142 gloriantur
835 1110 870 1132 se
895 1111 967 1132 esse
991 1099 1060 1132 sal-

77 1157 173 1183 vatos
187 1177 194 1189 ,
223 1148 316 1192 Ergo
333 1151 492 1182 noudum
512 1150 607 1183 venit
623 1148 796 1184 Christus.

178 1208 244 1241 Hic
261 1210 450 1252 respondet
468 1209 597 1242 Paulus
613 1210 657 1242 ad
677 1210 869 1242 minorem:
897 1207 944 1243 Et
961 1209 1060 1242 docet

76 1260 247 1303 populum
283 1271 354 1292 esse
387 1260 534 1293 electum
572 1273 633 1303 per
662 1261 957 1300 misericordiam,
988 1272 1059 1292 non

78 1317 221 1353 propter
235 1310 390 1342 carnales
407 1312 681 1353 praerogativas,
705 1318 762 1344 aut
781 1318 923 1354 propter
938 1311 1059 1353 legem.

77 1360 213 1402 Quodsi
247 1362 290 1392 ad
323 1358 414 1393 hanc
437 1362 644 1394 sententiam
670 1362 839 1394 reseretur
867 1362 1059 1405 disputatio

75 1409 194 1450 Pauli,
228 1411 294 1444 erit
323 1411 534 1454 expeditior,
581 1419 614 1445 et
641 1413 768 1456 poterit
802 1413 985 1446 transferri
1016 1415 1057 1445 ad

73 1473 176 1494 usum
203 1468 382 1501 nostrum,
417 1469 456 1496 ut
479 1463 674 1502 discamus,
702 1475 791 1509 quae.
817 1464 861 1498 sit
891 1476 971 1497 vere
990 1462 1060 1497 Ec—

74 1512 188 1545 clesia.

177 1571 308 1616 Incipit
332 1579 447 1606 autem
473 1572 605 1607 Paulus
628 1586 645 1607 a
672 1574 875 1617 gravissima
904 1575 1059 1620 querela,

76 1622 113 1655 in
140 1634 207 1665 qua
233 1629 380 1656 testatur
402 1635 438 1655 se
463 1625 583 1657 dolere
617 1625 798 1658 interitum
824 1638 908 1659 suae
934 1626 1058 1669 gentis.

75 1673 173 1707 Sicut
190 1685 311 1706 omnes
333 1674 443 1706 sancti
460 1675 525 1707 viri
546 1675 677 1717 ingenti
696 1677 819 1708 dolore
845 1677 1059 1717 afficiuntur,

76 1736 154 1757 cuin
179 1725 333 1767 cogitant
355 1731 487 1757 tantam
512 1726 775 1759 multitudinem
794 1725 979 1760 hominum
997 1729 1058 1760 ‹la-

77 1775 211 1814 unuari,
246 1782 278 1808 et
301 1775 524 1809 admirantur
549 1777 635 1810 illud
660 1789 826 1810 arcanum
857 1779 1058 1817 consilium,

76 1827 169 1869 quod
186 1825 339 1859 Ecclesia
359 1834 408 1860 est
425 1827 544 1869 exigua
574 1828 784 1869 multitudo,
812 1829 970 1871 infirma,
996 1832 1058 1862 ab·

230 1875 270 1909 In
294 1877 416 1920 primis
440 1886 555 1910 autem
582 1879 671 1912 natis
695 1879 731 1912 in
759 1880 820 1913 illo
845 1882 976 1924 populo
993 1882 1057 1914 suit

75 1927 293 1965 misorabile,
335 1925 424 1960 lianc
448 1936 583 1971 gentem
609 1930 723 1971 reiici,
764 1931 800 1963 in
824 1943 891 1976 qua
915 1933 1057 1965 fuerunt

75 1977 193 2012 Patres
213 1986 243 2011 et
268 1976 473 2022 Prophetae.
526 1978 571 2012 Et
592 1978 648 2014 hic
673 1982 865 2024 cogitemus
884 1983 983 2016 Pauli
1001 1996 1058 2016 ar-

76 2036 302 2068 gumentum,
328 2037 365 2062 ut
392 2030 563 2063 discamus
589 2032 713 2065 timere
743 2032 867 2069 Deum.
921 2034 957 2068 Si
988 2035 1058 2067 illis

79 2091 149 2110 non
168 2079 340 2122 pepercit,
369 2080 429 2124 qui
446 2081 589 2115 fuerunt
614 2084 741 2126 posteri
759 2083 902 2117 Patrum
920 2093 951 2118 et
972 2085 1058 2118 Pro—

77 2127 279 2171 phetarum,
321 2132 364 2162 de
393 2131 521 2173 quibus
550 2134 797 2176 promissiones
824 2136 1060 2181 loquebantur

75 2188 212 2223 aperte,
242 2187 375 2226 quanto
394 2181 512 2215 minus
545 2192 661 2226 parcet
686 2184 874 2223 Gentibus.

77 1877 173 1910 iveta.

137 2269 225 2306 Non
251 2276 391 2314 aulem,
424 2271 525 2320 quod
545 2273 718 2309 exciderit
741 2277 884 2312 verbum
904 2278 993 2317 Dei.

178 2338 377 2380 Cori-ectio,
403 2339 551 2374 Etiamsi
572 2343 716 2386 deploro
734 2346 845 2386 gentis
864 2347 1058 2388 interitum,

76 2398 192 2423 tamen
229 2402 300 2422 non
340 2391 443 2424 iubeo
480 2405 680 2439 quenquam
713 2396 905 2438 desperare.

77 2452 198 2472 omnes
221 2441 338 2484 potius
369 2440 557 2483 adhortor,
587 2452 623 2478 ut
648 2447 805 2480 credant.
857 2447 937 2482 Non
964 2451 1056 2484 enim

78 2488 143 2523 hoc
164 2491 295 2529 sentin,
327 2491 450 2526 Nullos
469 2506 507 2526 ex
530 2494 666 2528 Iudaeis
690 2498 821 2531 servari
842 2511 958 2542 posse,
988 2502 1057 2535 imo

75 2541 261 2583 promissio
285 2541 398 2576 adhuc
425 2546 574 2587 pertinet
605 2548 647 2579 ad
675 2559 757 2588 nos,
788 2561 850 2582 nec
875 2559 923 2585 est
947 2552 1055 2588 irrita.

76 2591 220 2626 Utinam
258 2594 483 2636 promissioni
515 2598 680 2639 credatis,
729 2601 823 2644 quod
853 2603 1054 2650 quicunque

72 2642 221 2684 sacient,
251 2651 352 2678 erunt
368 2645 467 2680 salvi.

984 2399 1058 2433 Iino

266 71 367 109 XIII.
418 72 454 107 2.
483 68 845 106 COMMENTARII
872 67 922 103 IN
948 66 1104 104 EPIST.
1131 65 1280 102 PAULI
1307 64 1374 102 AD
1401 63 1662 103 ROMANOS.
1724 63 1828 102 CAP.
1855 65 1917 101 IX.

1084 1170 1091 1476 „

2030 66 2105 102 682

1174 150 1263 187 lVon
1285 151 1383 187 enim
1408 164 1549 193 omnes,
1576 151 1642 201 qui
1666 163 1711 187 ex·
1728 150 1857 187 Israel
1878 156 1963 187 sunt
1982 157 2043 189 etc.

1218 220 1313 255 Haec
1336 229 1385 256 est
1408 222 1614 266 principalis
1647 221 1860 267 propositio,
1894 220 1932 254 in
1956 232 2022 265 qua
2047 231 2103 252 re-

1116 273 1265 314 spondet
1291 274 1333 305 ad
1358 274 1593 308 obiectionem
1619 274 1662 306 de
1687 273 1838 318 populo,
1866 272 1944 318 quis
1962 271 2004 305 sit
2021 282 2102 304 vere

1115 324 1267 366 populus
1284 322 1362 359 Dei.

1220 381 1340 416 ludaei
1375 383 1638 416 contendebant
1671 395 1706 416 se
1729 394 1801 416 esse
1827 383 1996 426 populum
2022 381 2101 420 Dei,

1115 444 1150 465 se
1176 444 1248 466 esse
1272 432 1485 474 Ecclesiam,
1512 434 1555 466 ad
1581 446 1616 466 se
1643 435 1735 466 solos
1757 434 1931 476 pertinere
1951 434 2100 477 promis-

1115 484 1262 519 sionem.
1325 483 1457 518 Paulus
1491 486 1694 528 respondet:
1730 483 1871 518 Electos
1893 496 1964 517 esse
1988 496 2101 528 popu-

1116 536 1188 568 lum
1213 534 1296 576 Dei,
1323 542 1356 569 et
1379 536 1548 569 discernit
1573 548 1652 568 vere
1678 536 1850 579 populum
1875 536 1919 568 ab
1936 533 2010 575 his,
2039 535 2101 580 qui

1115 586 1258 621 titulum
1282 584 1433 628 habent,
1469 587 1515 620 ita
1541 587 1770 620 discernenda
1797 594 1846 620 est
1876 598 1954 619 vera
1980 584 2103 619 Eccle-

1116 637 1164 671 sia
1190 638 1235 671 ab
1257 638 1319 671 illo
1345 649 1454 681 regno
1478 639 1573 683 quod
1599 637 1742 671 titulum
1769 635 1893 678 habet,
1927 644 1960 671 et
1984 645 2099 671 tamen

1115 689 1343 732 belligeratur
1361 701 1440 723 cum
1463 701 1543 723 vera
1562 687 1732 722 Ecclesia.

1216 748 1262 782 Et
1279 748 1409 783 Paulus
1427 748 1704 792 propositionem
1723 749 1813 781 clare
1837 746 2013 791 exprimit,
2042 746 2102 780 Fi-

1116 801 1153 833 lii
1171 799 1234 833 Dei
1254 801 1343 833 finnt
1361 813 1434 833 non
1454 800 1704 844 propagatione
1730 799 1880 839 carnali,
1907 811 1979 831 non
1998 806 2102 831 natu-

1116 852 1249 884 ralibus
1280 852 1402 891 donis,
1445 859 1503 884 aut
1538 850 1690 892 meritis,
1731 852 1789 884 sed
1822 850 1990 883 electione
2025 849 2101 883 Dei.

1115 902 1215 936 Hanc
1233 904 1439 936 sententiam
1456 910 1493 935 ut
1511 902 1680 940 declaret,
1707 902 1847 935 deducit
1869 913 1932 933 nos
1953 902 1995 933 ad
2015 901 2100 934 scri-

1117 962 1274 997 pturam,
1316 962 1354 987 ut
1380 955 1598 993 intueamur,
1633 957 1811 998 quomodo
1838 951 1931 985 Deus
1965 963 2103 996 semper

1116 1017 1176 1038 sua
1194 1007 1363 1039 electione
1389 1005 1619 1048 segregaverit
1646 1005 1800 1049 aliquos,
1828 1011 1865 1036 ut
1883 1009 2101 1046 compararet

1115 1055 1328 1097 Ecclesiam,
1355 1064 1387 1089 et
1413 1057 1609 1089 ostenderet
1637 1068 1708 1088 nou
1726 1055 1799 1087 fieri
1823 1054 2011 1088 Ecclesiam
2033 1052 2101 1086 hu·

1115 1120 1218 1140 mano
1237 1108 1397 1142 consilio.
1451 1106 1489 1141 Si
1515 1114 1639 1140 natura
1663 1114 1722 1140 aut
1741 1107 1872 1138 meritis
1889 1106 2010 1138 fierent
2027 1106 2102 1146 filii,

1116 1157 1204 1191 uiliil
1224 1172 1311 1202 opus
1331 1160 1451 1192 fuisset
1472 1158 1563 1201 Deo,
1592 1169 1770 1200 segregare
1792 1158 1900 1190 filium
1920 1169 1999 1189 suae
2019 1169 2101 1201 pro-

1116 1211 1291 1242 missionis
1311 1223 1327 1242 a
1347 1210 1502 1254 reliquis.

1216 1266 1405 1308 Chaldaei,
1432 1267 1595 1312 Aegyptii
1619 1280 1691 1300 non
1717 1274 1815 1300 erant
1838 1266 2019 1299 inferiores
2037 1266 2099 1298 do-

1115 1320 1187 1359 nis,
1216 1320 1423 1352 autmeritis
1450 1319 1687 1358 naturalibus,
1723 1330 1827 1363 quam
1855 1317 1960 1351 Isaac.
2016 1318 2100 1349 Ale—

1113 1372 1245 1403 xander
1270 1370 1439 1412 Macedo,
1475 1369 1625 1409 Fabius,
1654 1369 1795 1414 Scipio,
1822 1370 1932 1411 magis
1958 1369 2100 1401 fuerunt

1114 1422 1274 1455 instructi
1299 1422 1402 1455 donis
1426 1422 1669 1463 naturalibus,
1698 1433 1802 1466 quam
1820 1432 1902 1460 nos,
1931 1427 1962 1452 et
1982 1427 2099 1453 tamen

1113 1486 1185 1506 non
1218 1471 1419 1506 habuerunt
1456 1471 1703 1515 Evangelium,
1748 1470 1842 1514 Ergo
1874 1472 1911 1504 fit
1943 1470 2098 1504 Ecclesia

1112 1525 1302 1565 electione,
1329 1537 1401 1557 non
1424 1524 1527 1557 donis
1547 1524 1766 1557 naturalibus
1783 1531 1841 1556 aut
1866 1523 2012 1555 meritis.

1238 1614 1314 1649 Sed
1342 1615 1380 1649 in
1404 1614 1518 1649 Isaac
1543 1614 1729 1649 vocabitur
1752 1613 1822 1647 tibi
1842 1627 1970 1650 semen.

1214 1684 1255 1718 In
1280 1683 1369 1718 lianc
1385 1685 1592 1718 sententiam
1611 1685 1851 1718 accommodat
1871 1682 1965 1716 hunc
1982 1684 2097 1717 locum

1112 1738 1154 1769 de
1182 1735 1286 1772 Isaac.
1340 1735 1472 1782 Estque
1502 1734 1587 1770 haec
1612 1737 1723 1780 prima
1749 1736 1911 1779 probatio
1937 1737 2099 1779 proposi-

1112 1788 1242 1821 tionis:
1280 1787 1343 1820 llle
1367 1795 1417 1821 est
1445 1788 1555 1832 filius,
1599 1800 1701 1832 quem
1734 1785 1829 1819 Deus
1862 1799 1921 1819 sua
1947 1788 2097 1829 promis-

1111 1840 1210 1872 sione
1232 1839 1299 1871 sibi
1330 1839 1474 1881 delegit,
1502 1846 1535 1872 et
1562 1838 1750 1882 segregavit
1778 1851 1795 1871 a
1818 1838 1899 1871 filiis
1923 1837 2098 1879 Abrabae,

1112 1890 1203 1932 Ergo
1224 1890 1286 1923 filii
1306 1889 1368 1923 Dei
1396 1891 1483 1923 fiunt
1503 1891 1683 1924 electione.
1736 1889 1830 1922 Ilaec
1856 1897 1998 1934 propter
2016 1890 2097 1922 bre-

1112 1942 1254 1974 vitatem
1277 1954 1348 1974 non
1369 1942 1451 1975 satis
1469 1942 1756 1985 conspiciuntur,
1784 1954 1860 1974 cum
1883 1949 1997 1974 tamen
2018 1953 2096 1983 gra—

1113 1993 1288 2025 vissimam
1315 1994 1511 2026 doctrinam
1539 1993 1760 2031 contineant,
1794 1993 1973 2032 videlicet,
2002 1993 2096 2036 quod

1112 2043 1263 2076 Ecclesia
1282 2057 1353 2076 non
1372 2045 1428 2077 fiat
1454 2042 1607 2077 humano
1626 2045 1792 2088 consilio,
1822 2044 1924 2077 donis
1947 2051 2004 2076 aut
2024 2056 2096 2075 me-

1112 2095 1188 2127 ritis
1221 2095 1460 2136 naturalibus,
1499 2097 1558 2128 sed
1595 2096 1765 2128 electione
1802 2095 1921 2128 divina
1954 2102 1986 2128 et
2013 2106 2096 2138 pro-

1113 2146 1290 2179 missione.

1224 2226 1312 2262 Non
1340 2241 1385 2263 ex
1409 2229 1593 2277 operibns,
1618 2228 1683 2264 sed
1700 2241 1744 2263 ea·
1760 2234 1907 2264 vocante
1922 2233 1983 2265 εἰσ.

1213 2296 1374 2331 Secunda
1401 2298 1578 2341 probatio:
1606 2299 1708 2330 Iacob
1733 2298 1767 2331 fit
1786 2297 1898 2338 filius,
1924 2309 1996 2330 non
2012 2309 2096 2341 pro-

1115 2354 1190 2390 pter
1222 2360 1345 2392 opera,
1381 2351 1442 2382 sed
1474 2357 1617 2393 propter
1642 2357 1844 2389 vocantem,
1890 2349 1999 2392 Igitur
2032 2348 2094 2381 filii

1112 2398 1176 2430 Dei
1202 2399 1290 2433 fiunt
1321 2400 1508 2441 electione,
1537 2413 1608 2433 uon
1636 2401 1759 2437 donis,
1788 2409 1847 2434 aut
1870 2400 2004 2433 meritis
2033 2412 2095 2432 na-

1112 2450 1303 2492 turalibus,
1331 2458 1390 2485 aut
1415 2451 1499 2495 lege.

1272 2532 1374 2569 IVum
1395 2533 1582 2567 iniusticia
1599 2539 1649 2568 est
1667 2533 1771 2581 apud
1785 2533 1908 2568 Deum
1921 2534 1939 2567 P

1211 2604 1279 2638 Sed
1305 2605 1402 2637 videt
1417 2603 1547 2637 Paulus
1565 2602 1650 2638 haec
1675 2606 1778 2647 longe
1807 2607 1915 2650 posita
1942 2618 2013 2638 esse
2037 2617 2094 2637 su-

1111 2667 1173 2699 pra
1200 2662 1424 2700 conspectum
1450 2655 1598 2690 rationis
1626 2655 1817 2692 humanae:
1849 2670 1956 2704 quare
1985 2658 2093 2690 inter·
