2415 2942
282 88 354 123 819

284 176 460 207 decretum
499 178 611 211 neque
637 164 778 207 angeli,
827 175 941 207 neque
972 159 1136 195 homines
1166 171 1269 193 nosse

287 228 465 267 poterant,
492 218 559 250 nisi
583 216 655 249 Deo
680 216 755 260 ipso
782 213 1038 259 promulgante.
1090 211 1144 246 Sit
1165 211 1272 255 igitur

288 273 370 307 lt-icc
388 269 557 303 definitio.

392 319 625 362 Evangelium
645 323 695 350 est
715 314 928 360 praedicatio
953 312 1210 358 poeniteutiae,
1239 318 1272 344 et

289 372 492 417 promissio,
520 369 618 402 euius
641 367 770 401 noticia
791 378 862 399 non
886 365 1040 398 nascitur
1058 375 1138 397 cum
1157 361 1273 397 homi-

290 425 412 464 nibus,
442 422 499 454 sed
520 431 557 452 ex
576 430 702 452 arcano
725 416 872 450 consilio
891 415 1022 450 aeterni
1039 415 1170 459 patris,
1206 413 1274 446 im-

294 485 412 506 mensa
439 471 611 510 bonitate,
648 469 780 513 prolata
806 475 839 501 et
864 467 1031 512 patefacta
1050 473 1118 506 est,
1143 465 1180 497 in
1206 475 1274 508 qua

295 525 467 568 promittit
495 520 589 554 Deus
614 528 756 563 propter
780 518 911 557 filium,
944 517 1069 560 gratis,
1099 514 1274 549 remissio-

296 586 375 607 nem
420 578 639 617 peccatorum
659 597 666 610 ‚
710 568 1030 603 reconciliationem
1049 591 1060 610 ,
1103 565 1275 610 Spiritum

296 632 473 660 sanctum,
500 621 674 655 iusticiam
690 628 723 654 et
747 620 852 653 vitam
877 626 1075 658 aeternam,
1102 615 1276 650 credenti-

296 678 361 708 bus
387 677 421 706 in
449 673 570 706 silium.

399 725 491 757 llaec
517 722 672 756 definitio
694 720 845 754 sumitur
862 725 893 751 et
913 731 952 752 ex
968 716 1034 752 hac
1049 718 1122 762 ipsa
1141 716 1279 759 epigra-

299 775 381 821 plia,
401 782 430 807 et
448 775 610 816 deinceps
624 784 661 804 ex
681 769 871 815 perspicuis
887 769 1054 801 membris
1072 768 1278 812 praecipuae

300 826 550 870 disputationis
568 825 602 855 in
620 820 683 854 bac
699 820 868 864 ‚Epistola-
921 819 966 853 Ut
991 820 1080 852 infra
1103 817 1225 862 Capite
1244 817 1279 851 3.

591 873 692 906 Nunc
711 872 786 904 sine
812 871 885 912 lege
910 870 1128 903 manifestata
1153 875 1203 902 est
1225 867 1280 899 iu-

550 923 654 957 ltem:
685 921 802 955 Gratis
826 921 1054 954 iustificamur
1078 920 1161 960 fide,
1198 931 1279 962 pro-

302 985 379 1022 pter
406 977 514 1008 fitium
540 982 602 1010 etc.
655 972 701 1006 Et
719 972 799 1016 quia
825 972 914 1004 infra
939 983 992 1004 res
1017 971 1155 1003 eaedem
1181 981 1280 1013 repe-

302 1030 426 1061 tendae
452 1032 571 1063 erunt,
611 1035 705 1056 nunc
730 1023 811 1056 satis
833 1022 877 1054 sit
906 1022 1063 1055 iuniores
1085 1021 1280 1060 monuisse,

301 1087 340 1112 ut
365 1089 501 1120 semper
524 1077 561 1108 in
586 1081 773 1118 conspectu
804 1071 957 1106 habeant
980 1072 1167 1105 discrimen
1198 1071 1282 1113 legis

304 1137 335 1163 et
362 1127 542 1169 Evangelii
560 1153 569 1166 ,
616 1137 659 1158 ne
685 1124 870 1157 delabatur
894 1123 1078 1166 posteritas
1104 1123 1140 1154 in
1164 1121 1280 1165 perni-

304 1180 435 1213 ciosum
463 1189 614 1211 errorem
641 1187 781 1212 eorum,
810 1174 870 1218 qui
895 1174 1087 1214 finxerunt,
1120 1180 1187 1206 tres
1212 1184 1283 1205 esse

305 1232 413 1272 leges:
450 1227 671 1265 Naturalem,
712 1225 925 1266 Mosaicam‚
963 1232 994 1258 et
1025 1223 1285 1266 Ewngelicam,

306 1289 337 1313 et
355 1282 549 1313 obruerunt
565 1277 758 1309 doctrinam
777 1277 818 1308 de
834 1275 982 1317 gratuita
1000 1275 1226 1314 remissione,
1253 1279 1287 1306 et

306 1334 348 1364 de
374 1331 491 1363 multis
515 1328 671 1362 articulis
696 1325 893 1369 Evangelii.

301 889 378 911 cum
398 877 537 908 dcitur.

301 929 396 961 sticia
420 925 495 958 Dei.

306 1410 419 1460 Quod
435 1416 542 1444 antea
558 1407 728 1456 promisit
745 1419 809 1454 per
819 1404 1022 1454 Prophetas
1042 1406 1080 1439 in
1095 1405 1288 1452 scripturis

722 1457 872 1492 sanclis.

408 1528 575 1563 Occurrit
601 1527 808 1560 obiectioni:
848 1526 932 1559 Sine
966 1525 1035 1559 ulla
1067 1524 1288 1558 dubitatione

308 1594 428 1614 verum
455 1587 523 1619 est,
551 1578 735 1611 articulum
760 1577 941 1610 doctrinae
958 1577 993 1609 in
1013 1574 1165 1608 Ecclesia
1190 1575 1289 1618 prin-

309 1632 473 1675 cipalem.
514 1636 676 1672 oportere
711 1628 876 1660 omnibus
913 1626 1132 1670 temporibus
1165 1631 1287 1657 notum

311 1695 400 1716 esse:
440 1681 497 1713 Tu
521 1679 633 1712 adfers
655 1691 781 1711 novam
802 1677 1018 1718 doctrinam,
1052 1675 1133 1709 Non
1153 1682 1203 1708 est
1224 1675 1288 1718 igi-

310 1741 367 1767 tur
393 1731 582 1764 necessaria
608 1727 793 1763 Ecclesiae,

412 1781 504 1814 Huic
529 1787 733 1822 argumento
752 1779 866 1812 statim
892 1776 947 1812 bic
973 1778 1009 1811 in
1035 1775 1209 1810 vestibulo
1233 1786 1289 1807 re-

311 1834 459 1877 spondet
486 1831 634 1867 Paulus,
677 1837 708 1863 et
740 1837 939 1863 constanter
967 1834 1155 1864 asseverat,
1198 1823 1288 1858 hane

311 1884 505 1917 doctrinam
519 1909 526 1921 ,
554 1882 596 1913 de
615 1880 820 1913 remissione
838 1886 1075 1924 peccatorum,
1092 1879 1134 1911 de
1152 1876 1287 1910 iusticia

311 1943 344 1968 et
370 1935 438 1968 vita
462 1939 619 1971 aeterna,
649 1931 812 1964 donanda
833 1937 973 1975 propter
997 1930 1127 1969 filium,
1155 1938 1287 1972 nequa—

311 1998 413 2030 quam
431 1995 558 2016 novam
577 1994 665 2020 esse,
694 1982 750 2013 sed
767 1982 881 2014 statim
907 1981 1010 2015 initio
1032 1978 1209 2014 Ecclesiae
1228 1989 1287 2021 pa-

310 2037 468 2068 tefactam
493 2045 564 2066 esse
588 2032 853 2076 promissionem
878 2044 896 2065 a
921 2031 1014 2072 Deo,
1059 2037 1090 2064 et
1124 2030 1287 2071 deinceps

311 2098 393 2118 voce
418 2082 670 2128 Prophetarum
700 2083 897 2116 illustribus
918 2081 1129 2116 testimoniis
1156 2080 1287 2112 divinis

310 2143 534 2179 propagatam
551 2146 632 2168 esse.
686 2131 728 2166 Et
754 2133 895 2177 quidem
913 2133 1053 2166 deducit
1072 2143 1135 2164 nos
1153 2131 1193 2163 ad
1212 2130 1285 2173 ipsa

308 2188 433 2230 scripta
457 2183 670 2229 prophetica.
725 2182 779 2216 Ad
799 2181 882 2217 baec
901 2183 1039 2226 alligata
1056 2189 1105 2216 est
1122 2180 1287 2221 Ecclesia,

308 2238 395 2270 sicut
414 2237 498 2268 alias
515 2236 661 2275 dicitur,
680 2233 868 2267 Ecclesiam
887 2241 1077 2267 extructam
1093 2244 1164 2265 esse
1182 2243 1286 2275 super

308 2289 573 2320 fundamentum
593 2284 842 2328 Apostolorum
861 2292 893 2318 et
908 2281 1164 2328 Prophetarum
1183 2289 1245 2316 etc.

406 2336 474 2369 llic
502 2348 622 2369 rursus
651 2335 865 2368 admonendi
903 2342 984 2369 sunt
1016 2335 1192 2374 iuniores,
1241 2333 1283 2365 de

305 2387 505 2419 discrimine
523 2387 604 2427 legis
625 2394 657 2419 et
683 2384 878 2429 Evangelii.
939 2385 1017 2419 Una
1044 2391 1094 2419 est
1122 2385 1175 2417 lex
1207 2396 1281 2416 mo-

304 2438 408 2477 ralis,
445 2444 476 2469 et
501 2444 638 2469 aeterna
666 2437 824 2469 omnium
851 2444 1068 2480 temporum,
1101 2435 1156 2468 cui
1181 2435 1280 2468 nullo

303 2495 458 2531 tempore
476 2485 558 2519 haec
575 2494 735 2528 corrupta
750 2485 936 2520 hominnm
949 2494 1073 2520 natura
1085 2486 1280 2519 satisfacere

302 2538 434 2582 potuit,
476 2549 588 2581 neque
614 2538 808 2570 satisfacere
834 2544 957 2581 potest.
1011 2536 1130 2580 Quare
1160 2535 1279 2569 Patres

301 2596 332 2622 et
357 2584 551 2631 Prophetae
583 2599 653 2619 non
689 2585 863 2622 habebant
893 2588 1134 2622 remissionem
1160 2598 1277 2630 pecca-

301 2647 435 2678 torum,
464 2650 578 2682 neque
595 2644 691 2671 erant
717 2638 796 2672 iusti
815 2650 931 2672 coram
947 2637 1043 2681 Deo,
1071 2639 1106 2672 id
1125 2644 1192 2680 est,
1220 2649 1275 2671 ac—

885 75 1010 110 PtltL.
1038 74 1153 111 MEL.
1180 72 1390 109 SCRIPTA
1418 71 1717 110 ExEGETtCA.

2227 75 2302 110 820

1324 158 1413 203 cepti
1439 159 1483 192 ad
1506 158 1614 192 vitam
1647 164 1846 199 aeternam,
1893 168 2038 205 propter
2067 161 2198 204 legem,
2242 161 2302 193 sed

1325 216 1467 255 propter
1489 208 1718 242 mediatorem
1740 210 1819 245 fide.
1871 209 1948 245 Una
1973 218 2023 246 est
2045 212 2139 245 enim
2164 218 2198 245 et
2221 222 2303 255 pro-

1325 260 1444 294 missio
1471 259 1688 294 remissionis
1712 267 1932 304 peccatorum
1959 267 1990 294 et
2023 263 2114 296 vitae
2143 269 2304 296 aeternae

1325 312 1485 345 omnium
1504 318 1724 354 temporum,
1749 311 1840 344 edita
1861 311 1963 344 initio
1987 308 2043 344 his
2066 313 2196 346 verbis:
2241 311 2302 346 Se-

1327 374 1407 395 men
1447 361 1607 395 mulieris
1647 361 1866 395 conculcabit
1906 367 2009 404 caput
2049 363 2236 406 serpentis,
2273 369 2306 396 et

1328 413 1456 446 deinde
1481 412 1589 455 magis
1611 412 1790 457 magisque
1817 412 1988 445 illustrata
2012 424 2095 445 voce
2113 410 2306 456 Propheta—

1329 475 1418 498 rum.
1472 462 1590 505 Quare
1620 475 1691 495 uno
1716 470 1749 496 et
1773 464 1895 495 eodem
1920 463 2026 495 modo
2052 473 2175 496 omnes
2198 463 2307 496 sancti

1331 514 1375 546 ab
1407 513 1509 546 initio
1540 513 1717 557 accipqut
1751 513 1992 546 remissionem
2027 519 2246 557 peccatorum
2277 518 2311 545 et

1331 564 1438 597 vitam
1462 571 1638 597 aeternam
1662 564 1746 604 fide,
1779 564 1813 596 id
1839 571 1906 604 est,
1941 564 2066 597 fiducia
2096 562 2310 602 mediatoris,

1331 627 1433 659 quem
1457 614 1642 658 promissio
1660 621 1848 654 monstrat,
1877 614 1969 647 iuxta
1989 614 2094 647 illud:
2123 613 2216 648 Huic
2234 626 2311 647 om-

1332 677 1393 698 nes
1421 662 1617 708 Prophetae
1645 662 1831 708 perbibent
1863 664 2121 704 testimonium,
2156 665 2312 708 accipere

1333 715 1571 749 remissionem
1592 722 1809 757 peccatorum
1829 728 1889 760 per
1912 727 2041 749 nomen
2058 715 2150 756 eius,
2177 712 2312 749 Omnes

1333 766 1393 811 qui
1418 767 1566 799 creduut
1592 765 1628 798 in
1655 778 1745 800 eum.

1333 849 1392 883 De
1410 847 1500 895 filio
1521 861 1605 887 suo,
1640 848 1706 895 qui
1726 853 1837 882 natus
1861 853 1912 882 est
1939 861 1985 883 ea:
2008 848 2144 883 semine
2169 847 2313 888 David,

1333 897 1528 934 secundum
1551 911 1706 933 carnem.
1760 898 1812 932 El
1833 899 1899 946 qui
1912 897 2122 934 declaratus
2139 904 2213 944 est,
2241 910 2315 933 esse

1424 948 1537 995 filius
1556 949 1634 983 Dei
1646 954 1792 997 polens,
1818 949 1860 983 id
1874 954 1943 992 est,
1976 950 2214 998 omnipotens-

1437 1017 1504 1051 Hie
1522 1016 1653 1051 Paulus
1669 1017 1899 1050 concionatur
1917 1018 1959 1050 de
1975 1018 2110 1052 duabus
2128 1018 2264 1052 naturis
2279 1018 2316 1050 in

1337 1069 1477 1104 Messia.
1519 1068 1571 1101 De
1590 1074 1712 1101 natura
1731 1065 1904 1108 bumana,
1920 1079 2024 1112 quam
2044 1069 2205 1102 assumsit
2223 1068 2316 1102 filius

1338 1127 1542 1154 coaeternus
1566 1118 1654 1162 patri
1679 1114 1786 1165 λόγος
1809 1131 1847 1151 ex
1873 1118 2005 1151 semine
2021 1117 2153 1157 David,
2201 1120 2236 1152 id
2256 1126 2318 1160 est,

1338 1184 1377 1205 ex
1396 1170 1531 1212 virgine
1551 1169 1676 1202 Maria.
1718 1168 1771 1202 De
1786 1175 1910 1202 natura
1931 1169 2051 1202 divina
2068 1178 2183 1202 autem
2202 1170 2317 1203 addit:

1340 1221 1411 1265 Qui
1430 1221 1625 1253 declaratus
1639 1226 1707 1258 est,
1735 1231 1807 1252 esse
1823 1219 1915 1252 filius
1934 1219 2009 1254 Dei.
2061 1218 2206 1254 Resutat
2223 1221 2317 1254 euim

1340 1271 1617 1314 vulgatissimum
1642 1282 1799 1303 errorum
1828 1269 2061 1310 ludaeorum,
2094 1271 2153 1315 qui
2179 1278 2211 1304 et
2235 1278 2319 1305 tunc

1342 1323 1448 1366 impie
1474 1322 1673 1364 cogitabant
1695 1327 1727 1354 et
1742 1319 1856 1353 adhuc
1873 1321 1917 1354 ita
1937 1321 2137 1364 clamitant,
2168 1321 2204 1354 in
2221 1320 2320 1354 Mes-

1341 1373 1390 1406 sia
1407 1379 1541 1406 tantum
1562 1369 1752 1403 humanam
1771 1378 1929 1403 naturam
1948 1371 2032 1404 fore.
2084 1371 2213 1404 Paulus
2232 1384 2318 1405 con-

1343 1431 1394 1457 tra
1422 1423 1582 1455 nominat
1601 1421 1766 1454 Messiam
1794 1421 1904 1454 filium
1930 1419 2012 1460 Dei,
2040 1423 2233 1455 secundum
2256 1434 2320 1455 na-

1343 1483 1455 1508 turam
1482 1479 1678 1517 potentem,
1722 1484 1783 1504 seu
1806 1472 2081 1515 omnipotentem
2106 1478 2140 1506 et
2165 1472 2319 1505 vivifica-

1342 1525 1475 1558 tricem.
1529 1521 1575 1556 Et
1598 1530 1647 1557 est
1669 1534 1752 1555 usus
1777 1522 1904 1564 insigni
1933 1523 2057 1562 verbo,
2084 1519 2318 1568 ὁρισθέντος,

1343 1575 1436 1619 quod
1463 1573 1651 1616 significat,
1683 1579 1777 1606 certo
1801 1572 1978 1615 cognitum
2003 1584 2095 1613 esse,
2136 1574 2235 1617 quasi
2263 1574 2320 1606 di-

1344 1631 1415 1658 cat:
1445 1623 1498 1657 De
1521 1623 1612 1661 filio,
1641 1623 1701 1668 qui
1726 1629 1829 1655 natus
1851 1630 1957 1657 estex
1979 1623 2112 1656 semine
2128 1622 2242 1656 David
2265 1635 2322 1657 se-

1344 1676 1497 1708 cundum
1522 1685 1680 1713 carnem,
1723 1680 1755 1706 et
1784 1685 1886 1717 quem
1918 1681 2011 1706 certo
2042 1674 2220 1716 cognitum
2252 1681 2321 1715 est,

1344 1737 1415 1758 esse
1438 1725 1549 1757 filium
1572 1722 1637 1757 Dei
1669 1723 1958 1767 omnipotentem.
2012 1723 2102 1757 Nam
2127 1721 2320 1771 ὁρίζεσθαι

1343 1776 1531 1819 significat,
1566 1774 1756 1807 certissime
1781 1774 1939 1814 definiri,
1974 1774 2050 1807 sine
2076 1775 2147 1808 ulla
2180 1776 2321 1809 dubita·

1343 1827 1438 1860 tione
1457 1823 1708 1869 comprehendi
1735 1831 1766 1858 et
1782 1825 1961 1868 cognosci:
1989 1837 2093 1869 quam
2120 1837 2240 1858 vocem
2264 1833 2322 1860 ut-

1343 1889 1480 1923 cunque
1502 1876 1618 1910 reddit
1642 1876 1815 1909 recentior
1846 1875 1980 1909 versio:
2018 1874 2091 1917 Qui
2125 1876 2319 1910 declaratus

1343 1935 1404 1963 est.
1457 1926 1612 1971 Antiqua
1653 1927 1766 1959 versio
1808 1937 1951 1969 prorsus
1988 1926 2203 1960 obscuravit:
2246 1926 2319 1970 Qui

1343 1979 1618 2024 praedestinatus
1635 1984 1701 2017 est,
1728 1984 1760 2009 et
1779 1976 1939 2020 praebuit
1957 1977 2174 2010 occasionem
2195 1977 2319 2011 alienis

1342 2029 1650 2073 disputationibus,
1710 2026 1772 2061 Est
1806 2027 1912 2069 igitur
1946 2039 2026 2060 vera
2062 2027 2319 2071 interpretatio:

1341 2093 1444 2126 quem
1471 2079 1660 2112 certissime
1686 2078 1864 2120 cognitum
1893 2084 1961 2116 est,
2000 2089 2072 2111 esse
2096 2078 2206 2111 filium
2240 2077 2318 2113 Dei.

1341 2131 1516 2176 Loquitur
1543 2130 1635 2162 enim
1662 2127 1814 2169 Paulus,
1851 2140 1923 2161 non
1943 2129 1986 2161 de
2003 2129 2318 2172 praedestinatione

1340 2183 1376 2215 in
1393 2188 1507 2214 mente
1525 2180 1665 2218 divina,
1692 2181 1750 2212 sed
1770 2181 1811 2212 de
1828 2179 2016 2213 certissima
2036 2179 2317 2213 manifestatione

1339 2233 1402 2265 filii
1431 2231 1496 2266 Dei
1525 2231 1561 2264 in
1589 2237 1660 2264 toto
1693 2241 1817 2273 genere
1848 2227 2014 2264 humano,
2066 2228 2318 2263 Convincimur

1339 2284 1449 2324 enim,
1486 2279 1580 2315 hunc
1605 2281 1772 2314 Messiam
1801 2292 1873 2313 esse
1898 2280 2193 2323 omnipotentem,
2234 2279 2316 2323 quia

1338 2341 1370 2368 et
1402 2333 1591 2367 resurrexit
1625 2344 1643 2365 a
1679 2332 1845 2370 mortuis,
1888 2338 1921 2365 et
1963 2329 2179 2363 resuscitavit
2222 2340 2318 2362 mor-

1337 2393 1414 2420 tuos
1442 2391 1505 2419 etc.

1700 2462 1750 2497 In
1774 2461 1950 2511 potentia.

1453 2533 1613 2569 Iuniores
1656 2533 1841 2576 diligenter
1886 2529 2109 2563 considerent
2150 2527 2314 2574 phrasin:

1332 2585 1425 2629 Quia
1449 2585 1645 2618 declaratus
1668 2589 1738 2622 est,
1781 2593 1853 2615 esse
1878 2581 1970 2614 filius
1996 2579 2061 2612 Dei
2085 2579 2123 2614 in
2147 2580 2315 2625 potentia,

1329 2637 1364 2670 id
1390 2645 1457 2676 est,
1490 2643 1625 2680 potens.
1674 2631 1884 2677 Opponitur
1901 2638 2018 2666 autem
2039 2628 2123 2664 haec
2142 2631 2312 2676 particula
