2415 2942
12 1390 19 1397 ·
67 1378 283 1411 ceremoniae
301 1390 317 1410 a
334 1377 410 1411 Deo
430 1379 610 1412 institutae
639 1379 682 1411 ab
708 1377 883 1413 humanis.

71 121 146 158 225

72 215 191 242 tamen
215 207 306 240 illud
332 213 468 241 tantum
501 205 690 249 imperium
723 217 793 239 nox
823 211 889 245 est,
932 205 968 238 id
1001 212 1064 249 est,

73 270 171 293 caeca
186 258 396 299 multitudo,
423 257 544 301 ignara
561 256 649 298 Dei,
676 269 735 290 rea
752 257 824 289 irae
840 255 920 299 Dei,
952 262 984 289 et
1001 257 1062 289 de-

73 310 201 344 stinata
219 309 370 343 aeternis
390 309 524 354 poenis.

172 392 322 442 Expuit
339 394 378 427 in
395 398 554 437 terram,
580 398 610 426 et
624 391 717 441 fecit
735 390 875 433 lutum,
899 396 959 428 etc,

145 462 291 507 Semper
305 461 402 496 Deus
417 462 514 505 signa
539 461 711 506 quaedam
736 472 878 493 suarum
909 460 1061 505 promis-

72 514 212 547 sionum
229 522 261 548 et
281 514 458 547 actionum
483 512 652 552 instituit,
687 523 776 556 quae
802 522 967 545 vocamus
995 510 1059 545 Sa-

73 571 269 605 cramenta,
313 576 402 609 quae
432 570 514 597 sunt
545 563 714 602 efficacia,
766 562 902 595 etiamsi
937 574 1060 596 causae

71 613 235 661 physicae
258 615 375 648 nullae
397 621 498 656 sunt,
532 621 571 647 ut
592 614 708 646 infans
734 613 960 647 circumcisus
985 613 1058 656 pla-

71 666 170 699 cebat
197 664 292 703 Deo,
334 672 448 712 spreta
490 665 758 698 circumcisione
789 677 863 698 non
898 664 1058 709 placebat

69 714 163 758 Deo,
191 717 239 750 sic
257 723 373 760 postea
401 716 468 749 alia
493 717 591 759 signa
609 716 767 749 instituta
795 722 898 756 sunt,
934 714 1056 758 Bapti-

70 778 165 801 smus
184 774 216 801 et
231 766 347 801 Coena
358 766 513 801 Domini.
550 766 646 800 Ilaec
661 767 726 800 Dei
745 779 848 811 opera
869 767 1058 810 dupliciter

68 825 328 862 oppugnantur.
381 818 557 852 Diabolus
573 818 700 850 similia
719 818 912 860 excogitat,
938 825 970 852 et
988 818 1054 850 fin-

19 908 22 911 ,
69 871 118 911 git
146 869 378 908 ceremonias,
405 876 444 903 ut
467 876 547 903 sunt
568 868 758 912 Magorum
784 870 872 902 facta
909 876 942 903 et
963 869 1056 901 mul-

20 950 21 953 ,
67 926 123 953 tae
147 920 352 963 praestigiae
374 920 411 952 in
440 921 538 954 cultu
562 920 752 954 idolorum.
816 919 936 953 Puella
962 927 1055 953 stans

18 990 23 1003 ι.
66 971 105 1003 in
137 971 275 1015 tripode
310 969 471 1014 delphica
504 971 617 1015 coepit
647 972 762 1004 furere
795 977 827 1004 et
860 971 1055 1006 vaticinari.

65 1020 290 1055 Celebrantes
313 1022 408 1065 orgia
425 1020 570 1063 Bacchi,
606 1023 709 1057 etiam
735 1034 797 1055 suo
822 1023 975 1067 quodam
1003 1022 1054 1054 af-

66 1072 152 1106 flatu
178 1073 429 1113 movebantur,
465 1080 497 1107 et
522 1071 637 1107 adhuc
661 1073 828 1107 usitatum
855 1080 903 1106 est
925 1073 1053 1116 corripi

16 1150 19 1162 ‹
65 1124 184 1157 surore
202 1121 362 1156 homines
381 1125 629 1159 convenientes
657 1125 698 1157 ad
717 1125 843 1157 festum
862 1132 892 1157 et
909 1122 1053 1157 choreas

17 1175 19 1177 ’
68 1174 160 1215 Viti,
185 1181 224 1208 ut
248 1181 384 1209 vocant.

438 1176 538 1208 Alios
561 1188 644 1208 vero
664 1175 791 1219 impios
816 1175 957 1218 instigat
977 1175 1052 1207 dia-

67 1226 189 1267 bolus,
231 1232 269 1258 ut
295 1226 425 1270 pariter
455 1227 638 1260 derideant
669 1239 791 1259 omnes
824 1226 1053 1265 ceremonias,

67 1283 234 1321 tanquam
260 1277 382 1309 inanes
406 1278 687 1321 superstitiones,
721 1277 793 1309 sive
817 1289 835 1309 a
853 1276 947 1315 Deo,
981 1277 1053 1310 sive

67 1327 211 1361 aliunde
230 1327 309 1361 sint.
357 1326 475 1369 Quare
493 1329 684 1371 prudenter
702 1328 953 1361 discernendae
971 1333 1053 1360 sunt

950 1377 1054 1411 Valet

65 1428 279 1472 baptismus,
314 1429 395 1473 quia
414 1430 579 1463 mandato
597 1429 663 1462 Dei
679 1430 864 1463 ordinatus
882 1435 942 1462 est.
995 1428 1053 1462 Sic

66 1480 156 1513 valet
175 1476 259 1512 haec
275 1483 491 1521 ceremonia,
517 1493 620 1526 quam
646 1479 702 1514 hic
721 1478 883 1513 Christus
909 1478 1054 1513 adhibet

65 1530 177 1564 oculis
192 1531 314 1566 sanati.
368 1531 460 1574 Quia
478 1532 550 1575 ipse
575 1532 741 1565 dominus
758 1538 790 1565 et
810 1531 974 1565 conditor
991 1542 1053 1563 na-

64 1590 163 1616 turae
202 1593 276 1614 eam
306 1583 548 1623 administrat,
575 1594 639 1616 nec
658 1595 745 1627 opus
761 1591 810 1616 est
834 1583 1054 1627 superstitio-

67 1645 162 1673 sum,
195 1638 255 1666 aut
278 1633 402 1674 inane,
445 1634 504 1667 sed
530 1634 666 1667 bonum
698 1641 731 1667 et
761 1634 880 1667 efficax
911 1641 1055 1678 propter

68 1690 272 1718 creatorem.

172 1733 243 1766 Nec
260 1733 351 1766 valet
376 1732 593 1778 κακοζηλία,
628 1733 790 1769 Christus
813 1747 896 1768 usus
920 1742 968 1768 est
993 1736 1055 1769 tali

69 1784 283 1825 ceremonia,
308 1796 389 1827 ergo
413 1785 516 1817 nohis
541 1798 681 1830 quoque
704 1787 784 1819 licet
808 1787 935 1819 similia
954 1786 1054 1819 insti-

68 1843 183 1875 tuere,
219 1841 251 1868 et
275 1847 401 1880 aquam
428 1843 681 1877 consecratam,
721 1843 755 1870 et
780 1837 910 1870 ossium
936 1844 1055 1871 conta-

66 1892 182 1926 ctum,
207 1892 239 1918 et
263 1886 380 1919 nescio
404 1898 493 1931 quae
514 1887 594 1920 alia.
659 1886 732 1920 Imo
758 1885 842 1920 haec
865 1887 950 1920 falsa
977 1899 1057 1931 per-

67 1936 182 1970 suasio
207 1937 366 1980 implevit
387 1944 499 1970 totum
525 1939 698 1971 mundum
724 1939 847 1977 idolis,
877 1939 970 1983 quod
992 1936 1056 1971 ho-

68 1987 197 2028 mines,
240 1999 318 2020 cum
343 1988 513 2021 vidissent
545 1989 718 2022 divinitus
745 1990 880 2035 aliquas
901 2001 1056 2022 ceremo-

68 2038 144 2072 nias
169 2039 351 2071 mandatas
376 2050 466 2079 esse,
499 2051 617 2072 errore
639 2040 815 2074 finxerunt
843 2040 992 2078 similes,
1024 2047 1056 2073 et

68 2090 117 2123 eis
135 2089 372 2124 attribuerunt
388 2102 548 2133 maguam
569 2090 769 2132 efficaciam,
796 2089 880 2124 haec
898 2089 1056 2136 κακοζη-

70 2138 129 2174 λία
144 2141 341 2173 damnanda
362 2148 428 2179 est,
465 2148 498 2174 et
522 2144 670 2175 tenenda
694 2143 832 2186 regula,
865 2143 956 2176 solas
978 2143 1056 2175 illas

69 2191 281 2225 ceremonias
304 2191 379 2225 Deo
413 2193 566 2235 placere,
608 2200 640 2226 et
673 2205 754 2226 vere
787 2194 942 2226 efficaces
974 2205 1057 2234 esse,

67 2253 153 2288 quas
180 2241 274 2276 Deus
299 2255 362 2276 suo
388 2244 495 2277 verbo
520 2244 673 2279 instituit
709 2251 742 2278 et
769 2245 872 2278 nobis
898 2245 1055 2283 tradidit,

67 2300 100 2328 et
120 2291 186 2327 hoc
202 2294 316 2338 ipsum
342 2295 541 2338 exemplum
570 2293 676 2329 huius
703 2293 872 2329 historiae
899 2296 1057 2329 testimo-

67 2344 166 2378 nium
185 2352 252 2384 est,
281 2346 497 2379 ceremonias
518 2358 536 2379 a
552 2345 626 2380 Deo
647 2347 843 2385 institutas,
872 2354 965 2380 certo
982 2346 1055 2380 effi-

69 2407 163 2429 caces
180 2407 270 2437 esse,
296 2397 387 2430 sicut
403 2405 573 2431 sanantur
589 2399 683 2432 oculi
699 2398 789 2431 illita
814 2409 943 2439 massa,
969 2398 1055 2431 facta

70 2457 110 2478 ex
126 2453 226 2490 sputo
244 2454 276 2481 et
292 2454 382 2481 terra
407 2460 425 2481 a
444 2446 604 2489 Christo,
635 2450 683 2482 sic
708 2456 841 2483 certum
866 2456 915 2482 est
939 2447 1055 2482 homi-

70 2508 150 2529 nem
173 2498 385 2542 baptizatum
411 2511 430 2532 a
448 2498 524 2533 Deo
548 2500 675 2544 recipi,
714 2507 746 2533 et
769 2500 894 2533 donari
921 2499 1055 2544 Spiritu

70 2555 200 2583 sancto.
252 2548 390 2584 Poterat
409 2562 531 2584 sanare
553 2548 648 2585 hunc
669 2549 833 2586 Christus
852 2551 958 2585 etiam
981 2551 1056 2584 sine

69 2596 134 2631 hac
152 2610 280 2643 massa,
316 2601 390 2634 solo
416 2602 546 2644 verbo,
580 2610 617 2636 ut
642 2603 764 2636 multis
787 2596 981 2647 opitulatus
996 2609 1057 2643 est,

70 2649 128 2682 sed
146 2649 284 2684 addidit
299 2653 531 2686 ceremoniam
543 2681 552 2694 ,
579 2661 618 2687 ut
635 2660 821 2688 testaretur
841 2653 1057 2688 ceremonias

69 2712 88 2734 a
104 2712 140 2734 se
156 2700 332 2735 institutas
359 2703 512 2737 efficaces
538 2716 620 2738 esse.

121 2752 296 2785 Mnawrn.
327 2755 429 2787 Oeen.
458 2757 538 2788 Vox,⁴
560 2758 638 2790 XV.

539 105 838 156 ENARRA‘rio
871 118 922 154 IN
954 117 1138 156 EvANG.
1173 116 1390 156 toANMS.

1456 117 1564 155 CAP.
1594 119 1658 155 IX.

1220 203 1367 240 Accedit
1383 212 1416 240 et
1433 203 1519 240 haec
1535 217 1658 251 causa,
1687 208 1784 252 quod
1801 208 1886 242 fides
1903 210 1994 243 caeci
2012 223 2109 246 exer-

1118 262 1216 290 cetur
1239 254 1303 290 hac
1327 269 1444 298 mora,
1485 257 1639 291 mittitur
1662 258 1756 293 enim
1781 260 1823 292 ad
1847 266 2027 304 stagnum,
2069 270 2109 297 ut

1117 306 1168 340 ibi
1193 307 1313 342 abluat
1334 319 1481 342 massam
1504 309 1651 351 illitam,
1697 316 1731 343 et
1756 319 2030 346 consentaneum
2057 320 2108 348 est

1116 367 1278 400 magnam
1297 358 1403 391 fuisse
1419 365 1651 403 spectatorum
1676 361 1839 401 turbam,
1876 375 1965 408 quae
1989 371 2105 398 secuta

1116 415 1184 448 est,
1215 414 1254 441 ut
1279 416 1443 442 eventum
1466 410 1620 449 videret,
1664 411 1820 445 fortassis
1846 420 1879 448 et
1900 411 2105 456 cachinnos,

1115 465 1148 492 et
1165 470 1265 491 voces
1281 460 1467 493 maledicas
1492 461 1685 494 multorum
1706 463 1852 499 audivit.
1906 464 2003 507 Quid
2028 478 2105 499 cre-

1114 509 1170 542 dis
1197 507 1279 543 huic
1306 510 1514 554 impostori?
1554 512 1640 544 adeo
1671 524 1715 545 ne
1741 514 1887 556 deliras,
1921 523 1960 550 ut
1984 517 2102 550 curari

1113 567 1317 604 perpetuam
1353 561 1553 596 caecitatem
1593 563 1718 606 putes?
1765 565 1824 597 sed
1857 566 2102 613 qualecunque

1112 612 1348 655 spectaculum
1374 613 1459 651 fuit,
1498 613 1535 645 in
1559 614 1633 658 ipsa
1654 625 1752 647 more
1775 615 1860 648 fides
1884 622 2015 651 tentata
2040 626 2102 660 est,

1112 664 1171 696 sed
1188 670 1332 697 eventus
1349 664 1503 697 ostendit
1519 664 1657 697 firmam
1681 671 1715 698 et
1737 673 1955 700 constantem
1980 668 2100 704 fuisse.

1111 713 1170 747 Sic
1186 726 1282 747 mora
1301 721 1436 748 exercet
1452 713 1691 754 Cananaeam,
1725 716 1774 749 sic
1800 729 1897 750 mora
1921 720 2102 753 exercebat

1110 764 1302 806 Israelitas,
1328 773 1511 810 postquam
1531 765 1649 799 Moses
1666 767 1827 810 promisit
1845 769 2102 812 liberationem,

1109 828 1173 849 nec
1190 817 1307 850 statim
1325 817 1443 850 eduxit
1460 817 1630 861 populum
1651 829 1690 850 ex
1707 818 1887 864 Aegypto,
1921 820 1992 853 imo
2019 821 2101 854 irri—

1109 868 1194 900 tavit
1211 875 1420 912 tyrannum,
1447 875 1485 901 ut
1501 869 1706 903 servitutem
1721 877 1949 914 exasperaret.
2004 870 2100 906 Haec

1109 919 1265 963 exempla
1293 919 1503 953 confirment
1531 931 1615 960 nos,
1656 931 1700 952 ne
1726 920 1932 964 frangamur
1958 923 2099 966 animis,

1109 981 1172 1002 nec
1199 970 1406 1003 abiiciamus
1437 982 1534 1015 spem
1563 971 1705 1010 auxilii,
1757 973 1891 1005 etiamsi
1924 973 2100 1010 differtur.

1110 1020 1204 1053 ldem
1226 1027 1345 1054 monet
1361 1020 1493 1054 dictum
1512 1019 1662 1062 Christi,
1691 1029 1724 1056 et
1739 1022 1956 1063 similitudo,
1982 1024 2099 1059 Lucae

1112 1072 1184 1106 18.:
1213 1069 1365 1116 Oportet
1384 1083 1520 1116 semper
1535 1084 1656 1113 orare,
1684 1080 1716 1107 et
1732 1085 1806 1107 non
1824 1075 2039 1118 languefieri.

2037 127 2112 162 226

1234 1161 1336 1196 Abiit
1355 1174 1458 1208 ergo,
1487 1167 1517 1195 el
1534 1161 1627 1196 lacit
1640 1190 1648 1205 ,
1677 1168 1707 1197 et
1726 1161 1832 1196 rediit
1853 1162 1989 1201 cidens.

1207 1238 1303 1271 Haec
1322 1238 1458 1271 sanatio
1481 1238 1595 1282 imago
1625 1245 1676 1273 est
1706 1240 1883 1284 baptismi.
1938 1241 2021 1276 Ideo
2045 1250 2099 1282 tv-

1109 1300 1172 1334 pus
1190 1290 1371 1332 congruit,
1399 1289 1494 1323 lavat
1521 1301 1556 1322 se
1573 1290 1609 1322 in
1628 1291 1762 1334 piscina
1781 1303 1919 1333 caecuS,
1948 1295 2007 1327 sed
2024 1283 2098 1328 iuis-

1107 1352 1164 1373 sus
1198 1353 1282 1373 voce
1312 1337 1455 1376 Christi.
1523 1339 1582 1374 Sic
1605 1341 1800 1386 baptismus
1829 1343 1922 1377 valet
1955 1352 2099 1389 propter

1107 1392 1312 1425 mandatum
1344 1398 1377 1425 et
1402 1391 1671 1436 promissionem
1706 1390 1858 1432 Christi,
1907 1401 1940 1428 et
1969 1396 2100 1430 dicitur

1107 1450 1267 1486 stagnum
1292 1442 1447 1481 Siloam,
1488 1443 1524 1475 id
1555 1450 1622 1484 est,
1663 1443 1781 1484 missi,
1822 1451 1861 1478 ut
1884 1446 2100 1488 significetur

1106 1501 1267 1537 stagnum
1286 1494 1375 1527 illud
1391 1494 1595 1527 adeundum
1614 1506 1686 1528 esse
1703 1495 1741 1527 in
1753 1492 1920 1538 Ecclesia,
1947 1499 1991 1531 ad
2004 1500 2101 1544 quod

1107 1546 1214 1579 verbo
1231 1543 1296 1578 Dei
1313 1545 1498 1578 mittimur.

1208 1611 1348 1646 Deinde
1381 1613 1419 1646 in
1445 1613 1668 1647 enarratione
1698 1614 1894 1648 recitantur
1922 1627 2101 1651 sermones

1109 1664 1199 1697 varii
1215 1665 1257 1697 de
1277 1662 1341 1697 hac
1362 1665 1564 1706 sanatione,
1592 1671 1624 1698 et
1641 1666 1906 1707 contentiones,
1934 1679 2023 1711 quae
2045 1680 2101 1701 se-

1109 1723 1207 1749 cutae
1226 1722 1327 1756 sunt,
1354 1722 1392 1748 ut
1417 1716 1627 1749 miraculum
1652 1715 1750 1749 fieret
1774 1717 1909 1758 notius,
1937 1724 1971 1751 et
1990 1719 2100 1762 magis

1109 1768 1356 1807 celebraretur,
1384 1773 1416 1800 et
1430 1774 1469 1800 ut
1488 1767 1601 1800 sanati
1617 1767 1788 1800 confessio
1803 1768 1898 1801 fieret
1916 1769 2101 1811 illustrior,

1110 1826 1143 1852 et
1159 1819 1244 1851 fides
1265 1825 1444 1852 cresceret.
1500 1817 1546 1851 Et
1570 1815 1655 1851 haec
1680 1819 1870 1852 certamina
1885 1826 1968 1853 sunt
1984 1821 2098 1865 imago

1111 1870 1349 1913 periculorum
1382 1867 1570 1902 Ecclesiae.
1636 1868 1695 1902 Sic
1726 1870 1893 1903 omnibus
1925 1872 2100 1905 aetatibus

1110 1920 1277 1953 usitatum
1303 1920 1370 1953 fuit
1396 1927 1429 1953 et
1451 1920 1517 1953 erit
1539 1919 1732 1961 Ecclesiae,
1774 1921 1910 1966 quoties
1937 1922 2100 1956 doctrina

1111 1972 1218 2015 impia
1242 1978 1396 2009 taxatur,
1433 1978 1465 2004 et
1492 1983 1571 2003 vera
1598 1971 1833 2012 instauratur,
1873 1973 2002 2005 exoriri
2026 1974 2098 2006 dis-

1110 2023 1290 2055 sensiones
1322 2029 1354 2055 et
1389 2019 1602 2062 schismata,
1665 2022 1755 2056 sicut
1792 2023 1908 2067 inquit
1939 2022 2099 2059 Christus

1111 2071 1238 2106 Matth.
1258 2073 1331 2108 lO.:
1359 2072 1493 2106 Tradet
1517 2073 1626 2106 frater
1647 2073 1810 2114 fratrem,
1836 2081 1899 2108 etr.
1953 2073 2000 2108 Et
2026 2076 2098 2108 vir—

1111 2132 1165 2158 tus
1182 2124 1375 2157 necessaria
1401 2131 1451 2158 est
1474 2124 1597 2163 nobis,
1633 2136 1707 2156 non
1735 2125 1884 2157 abiicere
1909 2127 2099 2169 professio-

1112 2187 1190 2208 nem
1210 2187 1311 2208 verae
1328 2182 1360 2208 et
1379 2175 1543 2208 salutaris
1561 2175 1753 2216 doctrinae,
1781 2183 1873 2209 metu
1892 2177 2099 2218 discordiae,

1110 2233 1168 2259 aut
1193 2227 1357 2259 odiorum
1393 2224 1651 2267 humanorum,
1694 2233 1733 2260 ut
1756 2226 1834 2259 Esa.
1859 2225 1919 2261 51.
1953 2228 2097 2262 dicitur:

1110 2276 1162 2311 Ne
1180 2278 1333 2312 timeatis
1351 2277 1541 2322 opprobria
1568 2274 1773 2317 hominum,
1808 2284 1839 2310 et
1862 2277 2098 2322 blasphemias

1110 2341 1231 2362 eorum
1262 2341 1306 2362 ne
1337 2328 1545 2362 formidetis.
1611 2327 1706 2360 Haec
1736 2328 1774 2360 iu
1805 2340 1941 2362 summa
1966 2331 2009 2363 de
2031 2328 2099 2364 hoc

1111 2381 1268 2425 exemplo
1294 2380 1422 2413 dixisse
1436 2380 1519 2412 satis
1536 2379 1591 2413 sit.
1652 2377 1783 2412 Iterum
1811 2389 1987 2424 quaerunt
2010 2382 2099 2415 ieiu-

1110 2443 1190 2464 nam
1210 2431 1422 2465 calumniam
1442 2431 1484 2463 de
1499 2429 1690 2462 violatione
1707 2430 1862 2472 sabbati,
1890 2429 1980 2466 hanc
1996 2444 2099 2477 supra

1110 2483 1349 2527 copiosissime
1366 2481 1530 2515 refutavit
1551 2478 1724 2516 Christus.

1326 2572 1408 2609 Nos
1425 2571 1538 2607 affusi
1553 2570 1731 2619 discipuli
1749 2584 1887 2609 sumus,

1214 2652 1275 2686 Est
1299 2659 1333 2686 et
1357 2649 1440 2685 haec
1467 2651 1668 2694 arrogantia
1693 2662 1798 2695 supra
1823 2650 1992 2691 refutata,
2026 2661 2098 2694 cap.

1109 2704 1160 2740 5.:
1197 2702 1234 2738 Si
1259 2703 1355 2737 Mosi
1378 2703 1581 2744 crederetis,
1617 2699 1708 2735 mibi
1732 2713 1874 2747 quoque
1904 2701 2102 2741 crederetis,

1352 2751 1398 2788 15
