2415 2942
284 92 357 125 503

286 175 444 220 generale
469 182 597 205 nomen
623 175 691 207 est,
726 167 960 212 complectens
983 165 1102 199 omnia
1124 170 1276 209 peccata,

287 234 406 261 contra
418 224 530 257 Deum
547 228 581 255 et
595 218 772 253 homines:
795 218 966 263 significat
981 217 1076 251 enim
1091 216 1277 250 universa-

287 278 353 310 lem
374 271 662 308 inobedientiam.

424 354 502 403 Qui
518 354 699 389 verilalem
717 353 756 387 in
772 351 961 387 iniusticia
980 350 1150 388 detinent.

395 424 592 457 Veritatem
623 429 721 456 vocat
752 420 919 454 noticiam
948 421 1033 464 Dei,
1077 432 1137 454 seu
1171 419 1280 462 legem

293 483 448 511 naturae.
503 472 594 507 Cum
612 474 704 506 enim
722 478 917 515 arguuntur
931 478 1070 516 peccata
1088 471 1124 503 in
1143 469 1281 514 praedi-

295 527 430 561 catione
458 524 715 567 poenitentiae,
758 523 885 556 citatur
919 523 994 563 lex,
1028 524 1119 555 sicut
1148 520 1282 553 Paulus

298 578 428 622 inquit:
457 575 524 608 Per
542 575 651 617 legem
671 574 826 616 cognitio
845 573 985 617 peccati.
1039 571 1091 605 lta
1115 569 1173 603 hic
1198 571 1284 602 alle-

298 635 353 671 gat
371 629 477 669 legem
496 632 658 663 naturae,
687 625 735 658 ait
751 635 873 657 omnes
890 621 1052 656 homines
1068 621 1200 654 habere
1218 620 1282 653 ali-

300 690 402 724 quam
437 677 504 710 Dei
534 675 711 709 noticiam.
770 673 839 706 Per
866 672 957 706 hanc
979 679 1115 705 accusat
1140 678 1174 705 et
1199 682 1284 704 con-

304 732 445 762 demnat
470 738 607 760 omncs:
642 725 734 767 Quia
760 725 853 757 enim
880 724 1008 756 scimus
1032 724 1163 764 legem,
1185 728 1217 754 et
1233 728 1285 754 ta-

302 791 383 812 men
410 790 482 809 non
509 777 707 808 obedimus:
742 774 812 807 Lex
837 786 925 818 quae
948 780 997 806 est
1020 772 1190 806 iudicIum
1205 770 1285 814 Dei,

303 835 437 862 accusat
457 834 488 860 et
508 827 717 859 condemnat
737 835 867 857 omnes.
922 822 1082 856 Primum
1100 823 1206 865 igitur
1224 822 1287 854 ad-

304 879 471 911 u-onendi
496 883 576 909 sunt
602 875 771 913 studiosi,
813 881 852 907 nt
875 874 1064 916 diligenter
1085 873 1288 906 discernant

307 931 415 971 legem
440 934 471 960 et
495 926 735 969 Evangelium.
804 923 934 969 Aliqua
958 924 1043 966 legis
1068 923 1196 957 noticia
1222 934 1287 955 no-

307 981 440 1011 biscnm
460 977 634 1017 nascitur,
660 976 721 1009 etsi
742 976 778 1008 in
795 972 860 1007 hac
877 975 1127 1019 depravatione
1142 980 1287 1006 naturae

307 1028 481 1062 humanae
506 1035 555 1060 est
587 1027 795 1069 obscurior,>
825 1037 897 1058 non
919 1032 1035 1059 tamen
1060 1035 1202 1068 prorsus
1225 1024 1290 1056 ob-

308 1081 442 1113 literata
468 1085 528 1123 est.
603 1077 695 1110 Sunt
720 1083 834 1110 autem
860 1073 925 1108 hae
956 1076 1105 1109 noticiae
1131 1075 1174 1107 de
1198 1072 1289 1108 Deo:

310 1129 415 1172 Quod
440 1129 484 1162 sit
504 1128 597 1161 Deus
622 1138 733 1167 unus,
774 1127 965 1159 immensae
988 1126 1190 1170 potentiae,
1233 1136 1288 1157 sa-

310 1181 428 1225 piens,
471 1180 600 1217 iustus,
639 1179 770 1217 bonus,
805 1178 967 1210 conditor
1003 1183 1035 1210 et
1068 1182 1292 1209 conservator

312 1238 466 1268 naturae,
493 1229 643 1272 puniens
661 1228 809 1261 iniustos
827 1234 859 1261 et
875 1228 1076 1267 sceleratos,
1104 1226 1291 1259 exaudiens

311 1288 344 1314 et
368 1291 528 1320 servam,
571 1291 643 1311 non
667 1279 793 1322 gratis,
837 1290 910 1310 non
944 1290 1020 1311 reos
1045 1277 1194 1321 peccati,
1229 1276 1291 1308 sed

314 1334 421 1364 iustos
454 1343 492 1363 ac
523 1330 694 1368 mundos,
736 1329 829 1373 quod
858 1329 934 1361 Deo
970 1328 1014 1361 sit
1046 1327 1293 1364 obediendum,

313 1383 406 1426 quod
441 1380 628 1424 praecipiat
666 1378 836 1418 honesta,
876 1390 914 1411 ac
946 1375 1130 1422 prohibeat
1167 1376 1294 1419 turpia,

314 1432 448 1476 turpia,
482 1432 577 1475 quod
606 1430 771 1462 inseverit
796 1428 922 1462 animis
950 1428 1077 1461 nostris
1106 1427 1293 1460 discrimen

312 1481 541 1515 honestorum
561 1486 592 1512 et
611 1480 777 1523 turpium.
832 1478 907 1511 Hae
926 1486 1007 1512 sunt
1031 1477 1206 1512 naturales
1230 1489 1294 1509 no—

313 1534 430 1571 ticiae,
457 1542 542 1576 quas
567 1530 728 1563 audimus
752 1530 855 1562 nobis
880 1529 916 1561 in
941 1529 1151 1562 conscientia
1170 1539 1293 1571 perpe-

313 1591 373 1616 tuo
392 1582 650 1615 concionantes.
703 1580 783 1613 Non
805 1579 905 1612 novit
922 1580 1010 1612 ratio
1028 1578 1199 1611 naturalis
1216 1588 1294 1619 gra—

314 1634 437 1667 tuitam
456 1631 769 1669 condonationem,
798 1637 857 1663 aut
874 1629 1193 1662 reconciliationem
1213 1639 1295 1670 pro-

313 1691 390 1728 pter
400 1680 594 1722 Christum,
619 1683 677 1714 sed
696 1688 741 1714 est
762 1681 846 1723 legis
863 1681 991 1714 noticia
1010 1679 1192 1724 requirens
1209 1690 1295 1710 con-

314 1735 484 1768 ditionem
503 1740 642 1766 nostrae
661 1732 897 1764 obedientiae:
931 1731 1061 1764 iudicat
1084 1741 1142 1762 eos
1158 1735 1293 1762 tantum

313 1785 448 1829 placere
465 1782 559 1821 Deo,
586 1783 644 1827 qui
663 1789 743 1815 sunt
760 1782 833 1814 sine
850 1788 1001 1826 peccato,
1053 1779 1149 1813 Haec
1166 1786 1215 1812 est
1232 1791 1295 1811 na—

316 1835 438 1869 turalis
463 1846 530 1866 vox
553 1833 795 1868 conscientiae.
863 1831 931 1872 Sed
957 1830 1190 1875 Evangelium
1214 1842 1295 1874 pro-

315 1887 423 1919 mittit
449 1884 634 1928 gratuitam
658 1882 953 1916 condonationem
979 1889 1012 1916 et
1035 1881 1294 1915 reconciliatio-

316 1948 395 1969 nem
413 1942 554 1979 propter
573 1934 683 1968 filium
700 1933 774 1968 Dei.
827 1932 922 1966 Haec
944 1933 1073 1966 noticia
1091 1944 1165 1965 non
1182 1931 1295 1964 nasci-

315 1994 372 2021 tur
391 1986 592 2025 nobiscum,
621 1985 679 2017 sed
697 1992 745 2017 est
763 1984 913 2017 revelata
932 1984 1112 2022 divinitus,
1139 1989 1177 2016 ut
1192 1982 1295 2016 Ioan-

314 2049 375 2070 nes
400 2036 541 2081 inquit:
584 2033 696 2068 Filius
727 2035 787 2079 qui
812 2041 861 2067 est
890 2035 926 2066 in
951 2035 1030 2066 sinu
1057 2034 1182 2077 patris,
1223 2033 1296 2075 ipse

317 2096 454 2121 enarrat
477 2086 590 2119 nobis.
645 2083 690 2118 Et
714 2085 794 2128 quia
819 2085 980 2118 dissentit
998 2096 1016 2116 a
1036 2083 1188 2117 naturali
1212 2093 1295 2114 voce

315 2137 547 2171 conscientiae
571 2142 603 2168 et
629 2147 646 2167 a
672 2132 904 2177 chirographo
930 2141 1049 2167 contra
1079 2146 1142 2167 nos
1167 2133 1294 2176 scripto

315 2190 351 2221 in
379 2188 507 2221 nostris
534 2186 729 2225 mentibus,
773 2185 850 2217 ideo
885 2185 1026 2217 difficile
1054 2192 1103 2218 est
1134 2183 1295 2217 assentiri

317 2238 540 2283 promissioni
560 2236 728 2280 gratuitae
744 2235 1050 2270 reconciliationis.
1104 2235 1199 2268 Haec
1224 2234 1295 2266 ini-

316 2291 364 2321 tio
380 2289 578 2321 meminisse
595 2288 758 2320 lectorem
777 2293 932 2330 oportet,
958 2286 1124 2319 noticiam
1150 2292 1293 2318 natura-

318 2340 383 2371 lem
403 2341 443 2372 de
462 2338 554 2379 Deo,
579 2349 651 2370 esse
669 2338 843 2381 quandam
862 2336 946 2378 legis
967 2337 1150 2377 noticiam,
1176 2348 1220 2368 ne
1238 2336 1292 2367 in-

316 2446 362 2471 est
382 2446 496 2471 autem
515 2438 614 2471 Pauli
639 2438 777 2476 concio,
814 2444 846 2471 et
868 2438 970 2480 longe
986 2449 1152 2481 superans
1169 2435 1290 2470 Philo-

314 2486 504 2531 sophorum
523 2489 759 2531 cogitationes‚
786 2489 834 2522 ait
850 2489 886 2520 in
904 2488 1007 2521 nobis
1025 2500 1096 2521 esse
1112 2488 1289 2525 noticiam,

312 2551 415 2584 qnam
436 2544 534 2571 vocat
554 2540 742 2572 veritatem.
794 2537 841 2572 At
857 2538 1019 2583 Epicurei
1037 2546 1068 2572 et
1087 2537 1286 2572 Academici

312 2589 372 2623 lias
397 2590 486 2633 ipsas
512 2589 658 2621 noticias
685 2590 895 2630 obruerunt,
937 2591 997 2622 sed
1021 2591 1226 2622 mentientes
1253 2596 1285 2623 et
1310 2581 1313 2626 f

309 2647 501 2685 pugnantes
518 2651 595 2673 cum
615 2640 686 2684 ipsa
706 2646 827 2674 natura
846 2638 1016 2674 hominis:
1046 2638 1162 2674 haeret
1189 2639 1282 2673 enim
1308 2642 1311 2685 j

886 81 1010 118 pntL.
1037 77 1153 115 MEL.
1178 77 1387 116 SCRIPTA
1414 77 1714 117 EXEGETICA.

1343 2439 1461 2473 iustos.

1314 2517 1315 2520 ,
1341 2490 1517 2535 opificium
1536 2490 1670 2525 mundi.

2232 80 2306 116 564

1328 168 1445 212 aliqua
1476 166 1514 199 in
1538 165 1641 199 nobis
1663 167 1706 199 de
1730 164 1805 198 Deo
1829 165 1957 201 noticia
1973 193 1984 209 ‚
2026 173 2066 201 ut
2088 165 2220 200 dictum
2245 172 2307 200 est.

1327 217 1467 252 Deinde
1482 217 1580 251 addit
1597 215 1745 257 Paulus,
1770 214 1873 250 Hanc
1897 218 2006 261 ipsam
2026 218 2193 252 noticiam
2219 216 2310 250 deti-

1330 269 1407 303 neri
1435 268 1473 301 in
1503 267 1698 308 iniusticia‚
1731 266 1768 300 id
1798 273 1869 307 est,
1905 268 2121 303 voluntatem
2153 265 2310 301 hominis

1331 332 1391 354 seu
1413 331 1491 358 cor,
1527 331 1600 351 non
1625 317 1784 351 assentiri
1814 316 1869 350 his
1895 318 2054 357 noticiis,
2089 331 2155 352 nec
2176 319 2314 351 obtem-

1331 382 1466 419 perare.
1527 368 1646 402 Multo
1671 369 1825 412 penitius
1850 368 2057 411 introspexit
2084 375 2219 402 mentes
2244 365 2313 401 hu-

1333 432 1472 462 manas,
1505 432 1608 464 quam
1630 416 1852 463 Philosophi.
1913 417 1980 452 Hic
2005 418 2137 461 colligit
2159 418 2316 461 ingentia

1333 472 1429 506 vitia.
1496 469 1581 504 Esse
1605 469 1719 503 Deum
1752 477 1930 514 utcunque
1961 469 2082 503 statuit
2103 479 2223 511 mem,
2255 470 2316 502 sed

1335 522 1417 567 quia
1445 522 1541 554 videt
1570 521 1694 554 florere
1720 520 1919 565 improbos,
1952 526 1987 553 et
2011 519 2145 552 duriter
2167 519 2319 552 exerceri

1335 574 1466 613 bonos,
1493 579 1525 605 et
1545 572 1686 616 quidem
1712 583 1730 604 a
1755 571 1949 611 sceleratis,
1975 581 1993 603 a
2017 570 2178 615 tyrannis
2194 570 2320 603 crude-

1337 624 1418 656 liter
1434 623 1602 662 inteffici,
1631 622 1757 665 incipit
1781 621 1944 655 dubitare
1965 632 2008 653 an
2026 619 2121 653 Deus
2145 627 2242 654 curet
2264 631 2319 653 res

1336 672 1509 707 humanas
1522 698 1530 711 ‚
1560 685 1602 706 an
1622 673 1745 717 puniat
1763 672 1958 715 sceleratos,
1985 683 2029 704 an
2045 671 2240 705 benefaciat
2254 670 2320 703 bo-

1337 724 1403 757 nis.
1458 723 1593 757 ludicat
1610 724 1721 758 Deum
1746 730 1805 756 aut
1829 735 1901 756 non
1926 733 2047 756 curare
2063 734 2118 755 res
2137 719 2322 759 humanas,

1338 781 1397 808 aut
1422 785 1494 807 esse
1518 775 1714 815 crudelem,
1740 774 1801 819 qui
1826 780 1895 806 tam
1920 773 2131 806 imbecillem
2158 778 2321 805 naturam

1339 825 1537 858 oneraverit
1563 825 1670 858 tantis
1696 824 1964 857 calamitatibus.
2019 821 2072 856 Ex
2095 820 2160 855 hac
2179 822 2323 855 dubita-

1339 875 1435 908 tione
1453 882 1485 908 et
1503 875 1650 920 caligine
1668 875 1832 908 oriuntur
1857 874 1967 907 multa
1992 874 2094 907 vitia:
2130 871 2201 907 Cor
2224 878 2323 905 vacat

1341 932 1454 968 metu,
1488 922 1632 965 fiducia,
1670 926 1857 958 dilectione
1878 925 1961 959 Dei:
2001 923 2049 958 Et
2073 936 2151 957 cum
2178 923 2222 956 sit
2245 923 2322 955 sine

1341 976 1459 1013 freno,
1501 976 1718 1019 obtemperat
1742 975 1992 1019 cupiditatibus
2024 981 2144 1007 contra
2174 973 2322 1007 noticias

1341 1026 1529 1059 naturales.
1594 1025 1740 1058 Etiamsi
1767 1026 1831 1059 scit
1853 1025 1951 1058 Paris
1975 1025 2144 1058 iniustum
2171 1035 2243 1057 esse
2267 1035 2325 1056 ra-

1342 1088 1423 1120 pere
1447 1075 1590 1109 alterins
1607 1076 1810 1118 coniugem,
1837 1082 1952 1108 tamen
1978 1076 2066 1117 gerit
2085 1087 2217 1108 morem
2242 1085 2325 1107 suae

1345 1127 1507 1168 libidini,
1544 1133 1718 1159 contemto
1742 1124 1828 1160 Deo.
1891 1123 2039 1159 Erudite
2064 1126 2171 1169 igitur
2194 1124 2325 1158 descri-

1343 1178 1411 1222 psit
1427 1176 1557 1210 Paulus
1580 1177 1819 1210 infirmitatem
1835 1173 2047 1216 humanam,
2073 1175 2234 1209 attribuit
2257 1173 2325 1208 ho-

1344 1228 1432 1260 mini
1464 1227 1630 1260 noticiam
1655 1227 1827 1271 aliquam,
1870 1233 1903 1259 et
1928 1232 2045 1259 tamen
2069 1233 2214 1260 testatur
2243 1223 2328 1258 huic

1345 1279 1498 1311 noticiae
1516 1289 1580 1310 nec
1603 1277 1782 1317 assentiri,
1809 1288 1872 1310 nec
1896 1277 2137 1321 obtemperare
2162 1276 2327 1310 volunta-

1345 1335 1414 1361 tem
1443 1340 1503 1360 seu
1529 1340 1607 1366 cor,
1641 1328 1735 1372 quod
1762 1334 1812 1361 est
1834 1338 1992 1360 aversum
2016 1339 2033 1359 a
2062 1325 2160 1367 Deo,
2195 1333 2226 1360 et
2251 1326 2326 1359 sine

1346 1379 1500 1411 motibus
1527 1378 1675 1418 dix-inis,
1718 1389 1790 1410 sese
1814 1384 1924 1416 amat,
1965 1389 2038 1410 non
2063 1375 2198 1417 Deum,
2243 1377 2324 1409 ideo

1346 1429 1481 1472 rapitur
1496 1429 1648 1461 motibus
1667 1428 1866 1461 errantibus
1889 1439 1928 1460 ac
1952 1427 2057 1460 variis
2081 1434 2202 1460 contra
2226 1438 2328 1459 man-

1346 1481 1465 1512 datum
1488 1478 1565 1512 Dei.
1626 1477 1721 1511 Haec
1747 1479 1865 1511 omnia
1891 1478 2060 1520 significat
2089 1476 2238 1517 Paulus,
2270 1477 2328 1509 in-

1347 1530 1469 1574 quiens
1491 1530 1670 1562 veritatem
1695 1529 1863 1569 detineri,
1896 1535 2061 1572 tanquam
2091 1528 2262 1572 captivam
2287 1527 2325 1559 in

1346 1580 1539 1618 iniusticia‚
1567 1580 1602 1611 id
1629 1585 1695 1619 est,
1719 1579 1890 1622 pravitate
1906 1578 2097 1611 voluntatis
2120 1590 2179 1611 seu
2198 1577 2324 1617 cordis,

1348 1642 1435 1673 quae
1465 1636 1533 1670 est,
1575 1636 1611 1662 ut
1642 1629 1732 1662 infra
1758 1629 1915 1672 dicitur,
1948 1629 2133 1661 inimicitia
2164 1629 2329 1661 adversus

1345 1679 1472 1715 Deum.

1347 1761 1538 1810 Quatenus
1580 1762 1672 1797 enim
1702 1761 1807 1797 Deus
1842 1763 2011 1809 cognosci
2039 1767 2181 1811 polest,
2221 1768 2328 1798 notus

1769 1818 1818 1847 est
1847 1815 1910 1847 eis.

1451 1880 1634 1926 Expositio
1663 1889 1712 1915 est
1736 1881 1927 1926 superioris
1956 1881 2224 1926 propositionis:
2261 1879 2330 1914 Hie

1348 1933 1440 1966 enim
1472 1933 1596 1974 allegat
1623 1933 1732 1974 legem
1763 1939 1933 1972 naturae,
1976 1939 2008 1966 et
2043 1943 2202 1976 expresse
2230 1932 2328 1970 dicit,

1348 1996 1435 2028 quae
1458 1983 1501 2016 sit
1526 1983 1586 2015 illa
1613 1983 1741 2015 veritas
1764 1983 1801 2015 in
1829 1983 2005 2016 mentibus
2031 1980 2236 2023 hominum,
2270 1994 2328 2015 ar·-

1348 2045 1456 2076 guens
1473 2040 1505 2067 et
1524 2045 1688 2066 accusans
1705 2044 1780 2068 nos,
1821 2031 1885 2067 Est
1902 2033 2030 2067 noticia
2047 2034 2162 2078 inquit
2179 2034 2221 2066 de
2239 2032 2328 2074 Deo,

1348 2091 1380 2118 et
1398 2091 1548 2118 caeterae
1564 2084 1731 2125 noticiae,
1761 2096 1847 2128 quae
1871 2091 2042 2117 vocantur
2064 2084 2154 2127 leges
2171 2091 2326 2117 naturae.

1348 2134 1509 2180 Syntaxis
1527 2135 1743 2168 observanda
1767 2142 1832 2168 est:
1860 2134 2055 2168 Invisibilia
2079 2135 2171 2175 eius,
2197 2134 2324 2167 videli-

1347 2192 1398 2219 cet
1425 2192 1563 2219 aeterna
1592 2185 1748 2229 potentia
1775 2186 1868 2226 eius,
1896 2192 1929 2219 et
1958 2185 2149 2225 divinitas,
2183 2184 2324 2228 conspi-

1346 2236 1488 2270 ciuntur
1503 2238 1547 2269 ab
1565 2236 1702 2279 opificio
1719 2237 1842 2269 mundi
1857 2262 1864 2276 ,
1892 2236 2133 2268 animadversa
2151 2246 2190 2267 ex
2208 2235 2326 2278 operi-

1345 2287 1420 2320 bus.
1476 2285 1653 2320 Divinitas
1677 2287 1751 2319 eius
1777 2294 1808 2319 et
1831 2293 1970 2319 aeterna
1995 2285 2172 2330 potentia,
2206 2285 2240 2318 id
2265 2292 2324 2326 est,

1318 2370 1319 2374 ,
1345 2339 1438 2381 quod
1455 2338 1499 2371 sit
1516 2336 1627 2378 Deus,
1655 2344 1828 2378 aeternus,
1856 2343 1991 2380 potem,
2017 2335 2168 2380 sapiens,
2197 2336 2321 2377 iustus,

316 2389 516 2432 tempestive
532 2390 723 2421 confundat
740 2388 848 2430 legem
865 2394 898 2420 et
916 2385 1158 2430 Evangelium.
1197 2386 1289 2419 Mira
1316 2410 1318 2413 ·

1344 2388 1475 2429 bonus,
1503 2389 1653 2432 puniens
1679 2388 1846 2426 iniustos,
1879 2387 2067 2420 exaudiens
2093 2393 2124 2419 et
2149 2387 2322 2420 adiuvans

1530 2438 1644 2482 Haec,
1680 2439 1842 2482 inquam,
1874 2438 2028 2479 agnoscit
2054 2448 2152 2470 mens
2179 2437 2322 2470 intuens

1723 2488 1809 2521 Nam
1837 2499 1876 2520 ex
1894 2488 2012 2521 multis
2029 2488 2184 2531 vestigiis
2209 2488 2320 2521 ratio-

1340 2541 1478 2574 cinatur
1495 2541 1559 2574 ista
1577 2541 1619 2572 de
1633 2539 1720 2573 Deo.
1774 2537 1894 2582 Neque
1911 2545 2027 2572 tamen
2047 2537 2111 2572 hae
2129 2537 2319 2571 ratiocina-

1338 2597 1451 2632 retur,
1479 2586 1545 2624 nisi
1564 2591 1664 2623 etiam
1682 2589 1784 2622 insita
1810 2596 1895 2623 esset
1923 2590 2033 2623 menti
2053 2590 2223 2635 quaedam
2252 2600 2318 2620 no-

1336 2641 1415 2675 ticia
1439 2653 1499 2675 seu
1520 2640 1700 2688 πρόληψις
1720 2640 1762 2672 de
1779 2638 1867 2676 Deo.
1919 2639 2037 2682 Quare
2062 2640 2159 2684 prius
2182 2638 2317 2684 inquit:
