2415 2942
290 90 386 127 1155

287 178 516 211 conseruntur
548 175 640 208 iuxta
671 186 768 208 suam
798 173 1003 212 essentiam,
1039 173 1266 207 verissimum

287 237 334 261 est
349 256 356 267 ,
383 228 603 260 dilectionem
623 225 685 258 Dei
711 226 812 267 longe
831 226 997 258 omnibus
1018 225 1096 257 aliis
1117 225 1269 260 antecel-

290 279 371 313 lere.
431 277 528 310 Sicut
556 278 608 308 lex
637 277 739 309 etiam
766 288 935 308 suminam
962 275 1127 308 virtutem
1155 275 1269 309 nonii-

292 335 367 361 nat:
397 326 530 369 Diligas
551 326 743 359 Dominum
761 325 873 359 Deum
893 333 993 359 tuum
1011 338 1050 359 ex
1070 333 1143 359 toto
1168 327 1272 359 corde

294 386 366 412 tuo.
420 378 470 411 De
488 390 555 421 quo
577 383 756 420 praecepto
773 389 849 409 cum
870 376 1044 409 Dominus
1070 377 1141 419 ipse
1165 377 1273 409 dicat:

297 428 371 461 lloc
395 435 443 460 est
468 429 619 471 primum
646 434 677 459 et
703 438 866 468 inagnum
893 428 1115 466 mandatum,
1143 426 1276 468 signill—

298 487 413 518 catur‚
443 485 472 511 et
492 479 672 515 virtutem,
699 478 740 508 de
766 489 832 521 qua
855 478 1028 521 loquitur,
1057 478 1276 520 praecipuam

300 540 382 562 esse.
434 527 476 560 Et
503 529 538 560 in
563 529 632 560 vita
659 534 797 560 aeterna
821 540 942 560 sensus
968 528 1096 559 amoris
1115 526 1178 559 Dei
1198 539 1277 568 erga

300 591 383 616 nos,
411 586 440 611 et
461 579 609 611 vicissim
626 585 742 609 noster
758 590 857 610 amor
873 590 950 619 erga
970 577 1081 610 Deum
1100 578 1164 610 erit
1184 589 1278 609 sum-

302 641 378 662 inus
397 630 523 671 gradus
545 628 782 663 beatitudinis.
834 626 881 661 Et
905 639 1041 671 semper
1063 639 1161 660 amor
1187 638 1281 659 com-

303 680 467 723 plectitur
489 679 674 716 noticia¹n‚
703 690 789 722 quae
812 679 953 721 quidem
983 678 1018 709 in
1048 678 1116 710 vita
1143 684 1281 710 aeterna

303 730 368 763 erit
390 730 500 763 multo
526 729 715 768 illustrior,
751 740 822 760 non
845 729 1011 766 obscura,
1047 735 1086 761 ut
1110 740 1204 761 nunc
1232 734 1283 760 cst

305 781 386 813 fidei
415 780 555 813 noticia.

408 829 486 863 Non
505 829 690 872 disputabo
708 835 821 861 autem
847 829 1010 862 subtilius
1033 830 1076 861 de
1100 829 1286 862 collatione

305 879 431 914 harum
452 881 633 913 virtutum.
697 878 888 923 Utramque
911 880 1058 912 sciamus
1086 891 1156 912 esse
1184 880 1287 911 ssam-

306 943 398 964 mam
424 942 441 963 a
468 930 604 974 Spiritu
628 937 746 962 sancto
773 941 970 970 accensam,
1012 930 1143 963 scilicet
1169 941 1286 962 veram

306 983 409 1014 sidem
437 987 469 1013 et
494 992 610 1013 veram
638 980 874 1015 dilectionem.
934 979 1017 1013 Ideo
1041 987 1188 1025 utraque
1213 992 1287 1012 ma-

307 1032 524 1075 gnil'acienda
542 1037 611 1071 est,
638 1030 772 1064 etiamsi
790 1031 895 1063 altera
919 1031 1105 1066 antecellit.

410 1081 478 1116 Sed
496 1088 739 1124 argumentum
758 1078 815 1113 hic
835 1081 1079 1124 explicandum
1100 1088 1166 1121 est,
1194 1082 1288 1125 quod

308 1139 493 1177 opponunt
532 1132 643 1177 aliqui
679 1138 800 1165 contra
838 1132 970 1165 dictum
991 1158 1000 1173 ,
1041 1130 1128 1165 Fide
1165 1131 1290 1166 iustifi-

310 1195 447 1217 camur:

409 1232 563 1266 Maxima
582 1233 692 1266 virtus
708 1233 824 1277 potius
841 1232 1014 1266 iustificat.

410 1282 561 1318 Dilectio
582 1290 631 1317 est
647 1284 795 1316 maxima
812 1284 940 1316 virtus:

464 1333 574 1375 Igitur
591 1334 732 1366 dilectio
752 1334 867 1377 potius
883 1333 1055 1368 iustificat.

414 1383 643 1426 Respondeo:
670 1383 790 1416 Maior
810 1395 890 1416 vera
910 1390 1014 1423 esset,
1041 1383 1068 1415 si
1097 1383 1178 1415 iusti
1203 1394 1292 1415 esse-

313 1446 390 1469 mus
407 1434 611 1478 impletione
635 1434 730 1476 legis.
782 1433 849 1467 Sed
874 1433 955 1478 quia
978 1433 1052 1475 lege
1077 1446 1149 1466 non
1175 1444 1294 1466 sumus

314 1486 416 1526 insti,
453 1492 485 1518 et
509 1485 546 1516 in
573 1484 803 1528 promissione
833 1484 1029 1516 ostenditur
1054 1484 1121 1516 alia
1146 1484 1294 1523 iusticia,

314 1537 445 1571 scilicet
472 1535 564 1579 quod
589 1541 730 1578 propter
757 1534 866 1566 filium
885 1532 948 1566 Dei
969 1534 1049 1566 iusti
1071 1534 1198 1573 simus,
1226 1534 1293 1565 im-

314 1593 434 1632 putata
454 1585 558 1618 nobis
575 1585 684 1628 ipsius
702 1584 853 1617 iusticia:
883 1584 1086 1616 nominatur
1105 1584 1198 1623 fides,
1208 1595 1295 1628 quae

314 1635 546 1681 adprehendit
579 1636 824 1675 mediatorem,
875 1634 947 1666 sive
988 1632 1072 1667 haec
1106 1634 1217 1667 virtus
1252 1634 1296 1667 sit

315 1689 447 1728 maior,
474 1686 545 1718 sive
563 1686 680 1718 minor
697 1685 895 1725 dilectione,
922 1685 956 1717 id
975 1686 1017 1717 ad
1036 1697 1107 1717 rem
1128 1697 1200 1717 non
1219 1697 1297 1728 per-

318 1740 419 1773 tinet.
457 1736 537 1770 Non
554 1737 646 1769 enim
665 1747 784 1769 sumus
801 1735 880 1768 iusti
901 1742 1042 1779 propter
1058 1742 1193 1768 nostras
1211 1747 1297 1780 qua-

318 1790 450 1828 litates,
477 1788 534 1821 sed
555 1793 696 1831 propter
713 1786 822 1818 filium
839 1786 918 1819 Dei.
972 1784 1019 1819 Et
1036 1792 1151 1818 tamen
1176 1798 1296 1818 verum

319 1847 380 1879 est,
407 1839 501 1883 quod
521 1850 599 1871 cum
617 1837 683 1869 fide
698 1834 974 1880 apprehenditur
990 1837 1080 1868 filius
1098 1836 1173 1876 Dei,
1193 1837 1297 1869 corda

321 1890 561 1928 vivificantur,
587 1895 620 1920 et
643 1887 736 1921 filius
753 1886 818 1919 Dei
834 1899 912 1919 vere
931 1887 967 1919 in
986 1887 1088 1919 nobis
1103 1887 1220 1919 efficax
1239 1894 1299 1927 est,

323 1948 354 1974 et
374 1939 531 1973 accendit
549 1937 684 1982 Spiritu
703 1944 820 1971 sancto
839 1949 966 1970 novam
985 1937 1114 1977 lucem,
1142 1937 1300 1970 dilectio-

322 2003 402 2024 nem
426 1997 458 2022 et
482 1996 633 2022 caeteras
658 1988 824 2028 virtutes,
852 2000 940 2032 quae
964 1994 1047 2020 sunt
1070 1988 1204 2020 incoata
1233 1988 1299 2020 im-

324 2042 431 2085 pletio
449 2041 544 2082 legis.
595 2036 640 2072 Et
664 2046 779 2072 tamen
804 2038 883 2082 quia
906 2036 1020 2071 adhuc
1040 2038 1076 2070 in
1095 2036 1158 2071 hac
1174 2038 1299 2071 misera

325 2099 449 2125 natura
473 2096 555 2123 sunt
577 2089 745 2133 reliquiae
767 2089 918 2131 peccati,
953 2100 1100 2131 persona
1126 2095 1174 2122 est
1200 2089 1301 2127 iusta,

326 2144 359 2175 id
379 2148 447 2182 est,
477 2146 613 2182 accepta
633 2139 706 2172 Deo
730 2147 872 2183 propter
895 2139 1122 2172 mediatorem
1147 2151 1209 2182 pro
1237 2152 1302 2172 no-

327 2194 380 2226 bis
398 2191 678 2235 interpellantem
698 2190 790 2232 apud
809 2197 988 2222 aeternum
1007 2195 1140 2233 patrem
1153 2216 1161 2229 ,
1189 2196 1220 2223 et
1236 2190 1302 2222 im-

329 2250 446 2287 putata
473 2241 575 2274 nobis
603 2240 738 2273 iusticia
771 2239 989 2277 mediatoris,
1025 2252 1097 2271 non
1131 2247 1181 2274 est
1213 2240 1303 2273 iusta

330 2299 473 2338 propter
501 2291 680 2335 propriam
710 2290 924 2333 dignitatem.
999 2288 1106 2323 Recte
1131 2291 1238 2332 igitur
1262 2292 1304 2323 de

330 2350 479 2387 utroque
505 2342 672 2381 dicimus,
716 2342 758 2372 de
784 2340 1009 2373 renovatione
1033 2347 1065 2373 et
1087 2341 1128 2373 de
1154 2342 1305 2385 imputa-

333 2393 443 2426 tione:
472 2392 617 2426 Necesse
641 2398 690 2425 est
709 2391 783 2423 fieri
807 2391 1081 2423 renovationem.
1141 2389 1188 2424 Et
1214 2392 1305 2425 filius

333 2443 398 2478 Dei
422 2450 472 2476 est
496 2443 532 2474 in
561 2442 678 2482 nobis,
716 2448 747 2474 et
770 2453 810 2473 ex
833 2441 960 2474 efficax.
1012 2439 1059 2474 Et
1083 2448 1197 2474 tamen
1222 2440 1306 2475 haec

335 2493 525 2527 consolatio
550 2493 716 2525 omnibus
741 2491 930 2524 necessaria
955 2497 1021 2530 est,
1048 2493 1141 2536 quod
1167 2499 1307 2535 propter

335 2545 448 2588 ipsum
465 2543 576 2575 filium
595 2543 663 2574 Dei
682 2549 774 2575 certo
791 2543 985 2585 placeamus
1002 2540 1094 2582 Deo,
1121 2541 1206 2581 fide,
1234 2555 1306 2575 non

334 2601 477 2638 propter
506 2592 709 2633 dignitatem
745 2600 913 2626 nostram.
991 2591 1064 2634 Qui
1098 2590 1160 2625 hos
1194 2593 1307 2626 fontes

335 2643 438 2678 liuius
463 2643 642 2676 doctrinae
665 2642 906 2683 considerant,
948 2649 1092 2686 possunt
1118 2650 1149 2676 et
1173 2643 1303 2678 dictum

883 88 1008 123 PHlL.
1036 88 1152 126 MEL.
1178 87 1387 124 SCRIPTA
1415 88 1714 126 EXEGETICA.

2209 90 2306 127 1156

1324 174 1421 208 Pauli
1441 173 1506 209 hoc
1524 175 1600 208 loco
1619 182 1709 209 recte
1726 175 1896 220 explicare
1909 203 1917 216 ‚
1945 184 1978 211 et
2001 176 2121 211 multis
2147 176 2225 210 aliis
2245 176 2310 209 ob-

1326 226 1533 260 iectionibus
1553 226 1589 258 in
1610 223 1676 258 hoc
1695 227 1842 259 articulo
1861 228 2083 270 respondere.

1426 298 1564 334 Addam
1583 308 1612 334 et
1633 298 1721 339 hoc,
1745 301 1907 334 usitatam
1934 302 2194 344 responsionem
2222 313 2309 335 esse:

1327 351 1478 385 Dilectio
1512 359 1561 384 cst
1593 351 1768 392 maxima,
1821 352 1950 384 scilicet
1986 363 2054 396 quo
2091 353 2133 384 ad
2161 353 2314 386 actiones

1329 403 1419 435 inter
1444 400 1625 441 homines,
1661 402 1742 446 quia
1774 402 1844 434 sere
1875 413 1994 434 omnes
2027 401 2179 435 actiones
2213 414 2312 446 prae-

1330 459 1507 496 ceptorum
1534 453 1705 485 secundae
1730 452 1887 485 Tabulae
1913 459 1994 485 sunt
2025 464 2129 495 opera
2154 452 2315 485 dilectio-

1332 504 1398 537 nis.
1453 503 1518 536 Sed
1542 501 1630 535 hanc
1651 503 1911 545 responsionem
1930 503 2072 540 omitto,
2103 503 2165 536 etsi
2192 514 2314 535 verum

1333 560 1401 593 est,
1428 560 1465 586 nt
1491 553 1701 595 supradixi,
1730 554 1954 586 dilectionem
1985 553 2134 597 proximi
2152 553 2314 587 virtutem

1336 603 1540 646 simpliciter
1559 603 1784 636 necessariam
1806 615 1877 636 esse
1897 603 2062 645 singulis,
2091 604 2183 636 dona
2209 604 2316 636 mira-

2126 653 2171 686 Et
2191 654 2233 686 de
2251 651 2316 686 hac

1337 654 1495 686 culorum
1515 666 1585 685 non
1603 660 1683 686 sunt
1700 654 1846 695 singulis
1872 654 2074 688 necessaria.

1338 705 1424 744 fide,
1474 716 1561 747 qnae
1588 710 1636 736 est
1663 705 1795 736 donum
1823 704 2094 743 miraculorum,
2135 704 2319 747 praecipue

1340 752 1396 786 liic
1424 754 1550 786 Paulus
1576 754 1751 798 loquitur,
1793 761 1832 787 nt
1855 767 1933 787 mox
1964 754 2066 787 initio
2096 753 2133 786 in
2161 754 2319 798 sequenti

1341 805 1451 847 capite
1471 805 1638 836 ostendit:
1668 804 1857 838 Sectamini
1883 805 2128 844 dilectionem,
2156 804 2320 848 suscipite

1341 867 1423 887 vero
1451 854 1656 898 spiritualia.
1733 854 1818 888 Vult
1843 856 1999 897 singulos
2023 855 2163 892 sectari,
2198 855 2232 887 id
2260 861 2320 894 est,

1342 913 1502 949 appetere
1526 904 1770 946 dilectionem,
1797 917 1885 949 quae
1910 912 1959 938 est
1984 905 2094 938 virtus
2116 905 2323 952 simpliciter

1342 955 1531 988 necessaria
1565 955 1723 995 singulis.
1786 953 1923 988 Deinde
1952 955 2027 988 vult
2054 956 2145 988 dona
2179 962 2323 993 caetera,

1344 1018 1431 1051 quae
1449 1012 1595 1049 prosunt
1614 1004 1788 1038 Ecclesiae
1801 1032 1810 1044 ‚
1838 1013 1871 1039 et
1890 1012 1971 1039 sunt
1987 1012 2103 1038 motus
2119 1012 2149 1038 et
2164 1005 2322 1039 testimo-

1345 1058 1402 1089 nia
1427 1056 1580 1100 Spiritus
1606 1056 1733 1096 sancti,
1769 1056 1982 1099 magnifieri,
2017 1056 2153 1089 etiamsi
2175 1067 2248 1089 non
2275 1062 2325 1088 est

1344 1119 1480 1141 necesse
1497 1106 1643 1149 singulis
1660 1117 1697 1139 ea
1719 1106 1806 1141 dari.

1683 1266 1819 1319 Caput
1851 1266 1977 1308 XIV.

1384 1354 1543 1392 Διώκετε
1569 1355 1638 1402 τὴν
1660 1354 1828 1405 ἀγάπην,
1867 1355 2016 1402 ζηλοῦτε
2045 1354 2084 1392 δὲ
2110 1354 2155 1391 τὰ
2177 1368 2288 1392 πνευ-

1755 1404 1903 1451 ματικά.

1448 1483 1590 1520 Dictum
1612 1489 1661 1516 est
1684 1494 1806 1526 supra,
1836 1482 2131 1516 considerandum
2159 1494 2232 1516 esse
2252 1483 2326 1516 dis-

1349 1535 1479 1568 crimen
1511 1534 1602 1566 inter
1634 1533 1824 1565 necessaria
1856 1533 2024 1573 singulis,
2067 1539 2100 1567 et
2133 1533 2224 1566 inter
2257 1534 2326 1567 alia

1349 1586 1459 1624 dona,
1488 1595 1576 1628 quae
1598 1583 1731 1615 etiamsi
1748 1589 1895 1626 prosunt
1912 1581 2087 1615 Ecclesiae
2099 1610 2107 1623 ,
2125 1590 2239 1616 tamen
2255 1596 2327 1617 non

1349 1636 1477 1668 dantur
1495 1633 1678 1673 omnibus,
1705 1640 1743 1667 ut
1760 1634 1851 1665 dona
1871 1630 1994 1675 Ioseph
2018 1640 2051 1666 et
2067 1632 2225 1667 Danielis
2245 1642 2328 1668 sunt

1350 1684 1575 1724 excellentia,
1617 1690 1649 1716 et
1679 1683 1864 1716 universae
1888 1681 2062 1716 Ecclesiae
2087 1692 2252 1727 prosunt,
2295 1691 2329 1718 et

1351 1743 1431 1770 sunt
1449 1734 1598 1768 illustria
1623 1734 1821 1767 testimonia
1847 1735 1888 1766 de
1907 1734 2098 1777 praesentia
2115 1732 2181 1767 Dei
2204 1736 2242 1768 in
2258 1733 2328 1769 Ec-

1352 1787 1465 1820 clesia.
1517 1784 1586 1818 Sed
1605 1792 1719 1818 tamen
1738 1796 1810 1816 non
1828 1784 1993 1817 omnibus
2010 1791 2104 1818 tanta
2123 1792 2328 1819 ornamenta

1352 1837 1567 1872 tribuuntur.
1629 1833 1668 1867 Id
1692 1835 1879 1867 discrimen
1905 1832 1960 1867 hic
1985 1834 2133 1875 indicat,
2160 1847 2238 1868 cum
2262 1836 2328 1870 ait:

1353 1887 1543 1923 Sectamini
1580 1885 1822 1924 dilectionem,
1863 1885 1898 1917 id
1933 1891 2000 1925 est,
2043 1883 2127 1918 haec
2160 1886 2239 1919 talis
2267 1893 2328 1927 est,

1353 1951 1456 1984 quam
1485 1944 1643 1979 expetere
1667 1942 1698 1968 et
1721 1936 1897 1979 possidere
1922 1947 1982 1967 vos
2007 1936 2162 1978 singulos
2181 1943 2329 1980 oportet.

1355 1990 1422 2024 Sed
1449 1989 1538 2020 dona
1565 1987 1707 2030 spiritus
1732 1985 1984 2024 admiramini,
2023 1986 2265 2028 magnffacite,
2300 1994 2332 2021 et

1356 2039 1527 2082 agnoscite
1546 2037 1708 2069 beneficia
1728 2035 1790 2068 Dei
1810 2048 1899 2076 esse,
1927 2044 1957 2069 et
1977 2037 2157 2069 doctrinae
2173 2038 2332 2072 testimo-

1356 2092 1433 2130 nia,
1474 2096 1506 2122 et
1528 2087 1601 2122 Deo
1627 2099 1690 2130 pro
1723 2084 1787 2119 hac
1815 2087 2044 2129 patefactione
2074 2087 2201 2129 gratias
2229 2090 2329 2132 agite.

1355 2141 1400 2175 Et
1416 2140 1506 2174 sicut
1522 2139 1563 2171 ad
1583 2135 1712 2181 Ephes.
1732 2136 1765 2172 4.
1788 2138 1933 2170 dicitur:
1972 2139 2041 2170 Dat
2066 2138 2151 2171 alios
2172 2137 2331 2183 Prophe-

1357 2199 1425 2232 tas,
1452 2190 1539 2223 alios
1556 2186 1763 2231 Apost0105,
1790 2188 1909 2221 scitote
1927 2199 1997 2220 non
2022 2187 2147 2220 similia
2169 2200 2240 2222 esse
2264 2190 2331 2222 mi-

1358 2241 1501 2275 nisteria
1528 2246 1559 2272 et
1586 2240 1678 2271 dona
1707 2238 1936 2279 singulorum.
1995 2237 2076 2271 Ideo
2100 2239 2142 2271 de
2170 2236 2225 2272 his
2248 2251 2330 2274 usus

1360 2300 1407 2326 est
1427 2291 1535 2324 verbo
1559 2287 1728 2333 ζηλοῦτε,
1757 2289 1791 2321 id
1819 2295 1887 2329 est,
1915 2288 2137 2321 admiramini
2155 2301 2192 2322 ea
2210 2296 2242 2322 et
2258 2302 2332 2323 ma-

1360 2342 1542 2386 gnifacite‚
1569 2347 1601 2372 et
1620 2352 1682 2372 suo
1700 2340 1777 2372 loco
1794 2340 1942 2384 quisque
1957 2350 2018 2371 suo
2035 2338 2230 2373 ministerio
2249 2340 2332 2373 sun—

1359 2401 1477 2437 gatur,
1513 2398 1546 2425 et
1571 2401 1633 2423 suo
1657 2391 1750 2423 dono
1773 2390 1898 2423 serviat
1921 2387 2105 2422 Ecclesiae.
2162 2388 2333 2424 Conside-

1360 2443 1470 2477 randa
1490 2449 1540 2476 est
1554 2448 1667 2474 autem
1686 2440 1785 2473 Pauli
1811 2439 2008 2483 prudentia.
2062 2437 2241 2473 Corinthii
2258 2443 2332 2475 stu—

1360 2494 1418 2527 dio
1435 2494 1609 2526 donorum
1628 2491 1756 2524 fiebant
1773 2489 2036 2530 insolentiores,
2063 2496 2095 2523 et
2111 2491 2331 2534 negligebant

1361 2544 1595 2578 dilectionem.
1660 2541 1762 2574 Nunc
1788 2553 1864 2573 cum
1885 2540 2030 2573 audiant
2055 2541 2220 2574 anteferri
2243 2542 2333 2575 dile-

1331 2568 1335 2623 l
1361 2595 1530 2634 ctionem,
1558 2604 1601 2624 ne
1618 2592 1772 2625 studium
1794 2598 1825 2623 et
1842 2590 2002 2623 exercitia
2024 2591 2198 2624 donorum
2220 2593 2332 2635 negli-
2361 2622 2365 2626 .

1360 2651 1460 2688 gant,
1488 2643 1613 2679 tribuit
1631 2642 1767 2686 utrique
1786 2641 1902 2684 generi
1922 2641 2038 2675 locum
2055 2641 2331 2677 convenientem.
