2415 2942
143 63 217 98 853
421 61 520 97 XIII.

145 155 262 193 postea
299 160 391 181 nova
427 156 464 183 et·
494 149 665 192 singulari
704 150 935 194 patefactione
975 149 1132 193 promul-

145 207 220 243 gata
238 207 305 240 est,
333 207 366 233 et
392 212 410 233 a
435 200 510 244 lege
537 201 766 234 discernenda
791 209 858 245 est,
888 208 926 234 ut
951 212 1051 245 saepe
1077 201 1132 232 di-

145 257 237 285 ctum
263 257 323 284 est.

247 300 304 335 Fit
329 308 445 335 autem
471 299 529 335 hic
551 303 681 335 mentio
699 301 783 344 legis
803 308 966 342 naturae,
995 302 1037 334 de
1063 313 1130 346 qna

143 352 336 395 cogitantes
360 360 468 387 totam
499 353 790 397 complectamur,
819 353 854 385 id
886 360 954 393 est,
982 352 1131 385 sciamus

142 403 247 436 simul
266 404 333 436 dici
354 410 387 437 et
405 416 477 437 esse
496 403 628 443 Deum,
657 411 689 437 et
711 405 803 448 quod
825 404 892 436 coli
912 404 995 437 velit
1010 404 1128 436 obser-

145 453 284 487 vatione
301 454 515 487 discriminis
534 452 760 487 honestorum
788 461 818 487 et
837 455 1007 498 turpium.
1060 453 1128 486 Hic

143 504 246 538 edam
270 512 429 547 repetant
452 505 607 538 iuniores
628 505 824 537 doctrinam
843 503 1127 549 philosophicam

143 555 186 588 de
213 555 413 599 principiis,
454 562 493 589 ut
518 556 735 599 perspicuam
767 556 1009 589 definitionem
1044 556 1129 598 legis

142 611 291 639 naturae
314 612 466 639 teneant.
523 605 594 639 Lex
620 613 764 639 naturae
787 613 819 639 et
841 608 970 640 noticia
995 607 1128 651 princi-

142 656 282 699 piorum
310 657 542 700 practicorum
567 663 600 689 et
625 655 911 697 conclusionum,
939 671 1027 701 qnae
1045 658 1127 690 inde

139 708 333 740 necessaria
357 707 606 752 consequentia
634 714 863 748 extruuntur,
892 709 997 742 insita
1026 721 1127 741 men-

139 757 234 791 tibus
251 755 436 790 bominum
455 770 473 790 a
492 758 589 798 Deo,
617 765 649 791 et
675 770 873 801 congruens
889 772 968 792 cum
987 766 1125 792 aeterna

139 819 262 841 norma
281 808 407 841 mentis
426 808 582 848 divinae,
601 815 639 841 ut
655 812 836 849 ostendat,
864 817 897 844 et
913 822 984 843 esse
1000 809 1126 849 Deum,

139 865 173 891 et
187 859 301 902 qualis
317 859 380 899 sit,
409 866 441 892 et
459 859 553 904 quod
578 860 766 904 praecipiat
784 861 915 894 servari
935 861 1126 894 discrimen

138 905 366 942 honestorum
392 916 424 942 et
448 910 625 952 turpium,
661 919 693 944 et
719 913 815 956 quod
834 912 1055 946 iudicaturus
1072 912 1126 952 sit,

138 970 177 992 ac
193 960 381 1003 puniturus
399 971 455 992 eos
475 960 535 1006 qui
556 973 629 994 non
653 971 804 996 servant.

241 1009 393 1044 Addidit
411 1018 525 1044 autem
546 1010 678 1045 Paulus
698 1014 843 1046 diserte:
871 1012 966 1047 Deus
984 1014 1033 1047 eis
1051 1026 1125 1047 ma-

139 1061 336 1102 nifestavit,
365 1061 398 1093 id
427 1069 494 1102 est,
520 1060 651 1106 duplek
670 1064 790 1096 lumen
810 1065 962 1098 inditum
990 1072 1038 1098 est
1056 1063 1126 1097 hu—

137 1111 252 1144 manis
268 1112 455 1147 mentibus.
508 1112 644 1146 Noticia
662 1115 829 1157 simplex,
848 1118 941 1159 quod
962 1117 1005 1149 sit
1021 1115 1125 1155 Deus,

137 1169 170 1196 et
198 1163 440 1201 ratiocinatio,
479 1175 651 1208 quaerens
688 1165 888 1199 testimonia
925 1167 963 1199 in
999 1166 1125 1200 ordine

136 1219 387 1248 creaturarum.

400 1293 453 1330 Ut
477 1294 553 1329 sint
579 1295 863 1332 inaccusabiles.

238 1359 306 1394 Hic
323 1361 506 1395 sciendum
524 1369 592 1403 est,
620 1372 763 1408 propter
781 1375 866 1408 quas
891 1374 1008 1396 causas
1026 1363 1124 1395 Deus

136 1410 173 1443 in
199 1408 343 1444 homine
362 1413 514 1446 voluerit
535 1414 706 1458 reliquam
733 1427 804 1447 esse
831 1415 914 1456 legis
942 1414 1123 1454 noticiam,

135 1474 284 1507 quarum
310 1463 422 1506 prima
449 1471 518 1507 est,
547 1471 584 1497 ut
603 1471 693 1498 extet
720 1466 960 1499 testimonium
984 1466 1026 1497 de
1044 1466 1121 1498 Deo

132 1512 171 1545 in
193 1514 308 1548 nobis.
361 1514 542 1555 Secunda,
580 1523 617 1549 ut
639 1523 774 1549 accuset
802 1524 833 1550 et
866 1518 1009 1549 damnet
1040 1527 1121 1558 pec-

134 1570 221 1598 cata.
276 1564 419 1607 Tertia,
448 1572 486 1598 ut
510 1573 604 1608 regat
631 1567 865 1608 disciplinam.
922 1567 1045 1599 Postea
1066 1578 1121 1598 re-

134 1614 226 1646 natis
241 1614 343 1646 etiam
360 1626 448 1658 opus
467 1622 515 1648 est
530 1616 731 1658 cognitione
748 1616 928 1660 Deculogi‚
946 1624 985 1650 ut
1001 1617 1122 1657 sciant,

136 1663 199 1709 qui
216 1664 330 1698 cultus
348 1663 422 1698 Deo
441 1665 612 1708 placeant.

412 1746 502 1782 Non
524 1747 837 1795 glorificaverunt.

237 1814 398 1849 Primum
427 1823 566 1850 accusat
599 1817 822 1860 impietatem.
890 1816 937 1851 Et
967 1819 1120 1862 comple-

134 1867 257 1900 ctenda
273 1874 356 1899 sunt
374 1863 430 1899 hic
448 1868 565 1900 omnia
584 1875 721 1910 peccata
744 1869 934 1911 pugnantia
951 1881 1030 1901 cum
1049 1870 1120 1913 pri-

133 1929 189 1950 ma
207 1916 365 1957 Tabula,
395 1929 545 1961 quorum
579 1919 752 1961 catalogus
775 1926 934 1952 sumatur
955 1931 992 1952 ex
1018 1931 1119 1953 enar-

133 1968 270 2001 ratione
287 1967 464 2010 Decalogi.
498 1967 544 2001 Et
561 1969 828 2012 diligentissime
846 1971 1037 2011 cogitemus
1055 1973 1119 2003 do-

134 2018 283 2052 ctrinam
306 2019 348 2050 de
369 2019 480 2060 prima
497 2020 636 2060 tabula,
663 2022 840 2064 quomodo
867 2022 950 2054 velit
979 2022 1119 2064 agnosci

137 2075 170 2101 et
187 2069 341 2100 invocari
360 2067 470 2101 Deus:
500 2069 595 2112 Quid
617 2071 756 2104 differat
781 2072 958 2105 invocatio
980 2071 1117 2105 ethnica

137 2119 182 2152 ab
200 2119 422 2152 invocatione
441 2131 531 2154 vera.
568 2120 662 2163 Quid
681 2122 877 2162 sitTimor,
896 2124 980 2167 quid
1001 2122 1116 2164 Fides,

136 2169 221 2215 quid
248 2170 374 2202 fiducia
399 2172 566 2203 accedens
597 2173 639 2203 ad
672 2172 782 2205 Deum
819 2173 854 2204 in
884 2174 1116 2214 invocatione,
1141 2187 1143 2215 j

132 2220 216 2265 quid
247 2219 352 2263 Spes,
389 2221 449 2265 qni
473 2221 543 2254 sint
569 2222 642 2254 veri
668 2223 800 2263 cultus,
836 2226 1015 2268 quomodo
1041 2226 1115 2257 lieri
1142 2236 1143 2251 ¹

134 2271 285 2315 possint,
312 2277 345 2303 et
369 2273 547 2316 quomodo
567 2273 738 2316 placeant.
799 2272 893 2307 Haec
917 2276 1034 2307 omnia
1055 2288 1116 2307 ne-

135 2332 226 2355 cesse
249 2329 297 2355 est
325 2323 528 2366 complecti,
555 2330 594 2356 ut
614 2324 850 2367 intelligatur,
879 2327 961 2370 qnid
984 2327 1024 2358 sit
1041 2327 1114 2369 glo-

135 2372 268 2405 rificare
284 2373 414 2408 Deum.
469 2372 531 2407 Est
555 2375 648 2407 enim
673 2375 884 2417 glorificare,
911 2377 1065 2410 tribuere
1085 2378 1115 2409 ei

136 2422 303 2465 gloriam,
330 2425 366 2456 id
392 2432 462 2465 est,
490 2436 676 2467 agnoscere
701 2433 733 2458 et
757 2426 878 2467 fateri,
914 2430 1007 2471 quod
1034 2441 1114 2460 vere

136 2472 181 2506 sit
196 2471 313 2515 Deus,
338 2476 496 2519 sapiens,
525 2489 646 2515 verax,
674 2477 806 2516 bonus,
834 2477 966 2521 iustus,
991 2485 1114 2519 castus,

135 2523 246 2564 liber,
279 2526 523 2569 omnipotens,
557 2528 720 2560 conditor
744 2529 888 2568 mundi,
926 2542 996 2561 non
1022 2530 1113 2562 otio-

566 63 601 99 3.
628 61 926 99 ENARRATlo
958 61 1112 100 EPIST.
1138 59 1284 96 PAULI
1312 58 1378 94 AD
1406 56 1668 95 ROMANOS.
1721 58 1827 96 CAP.
1855 60 1881 96 Ι.

135 2584 209 2614 sus,
236 2575 384 2618 puniens
402 2577 545 2622 impios,
574 2586 605 2611 et
631 2579 820 2612 exaudiens
843 2592 880 2612 ac
899 2581 1023 2612 iuvans
1045 2592 1114 2621 eos,

135 2625 195 2670 qui
220 2626 262 2657 ad
290 2627 514 2661 mediatorem
538 2630 757 2672 confugiunt.
824 2628 870 2664 Et
895 2642 971 2664 cum
997 2631 1053 2673 sic,
1070 2633 1112 2665 de
1136 2638 1139 2672 l

180 2677 356 2711 Meum-11.
376 2680 477 2712 Ormi.
506 2678 590 2715 Vox..
608 2682 688 2718 XV.

2101 68 2175 103 834

1191 145 1262 179 Deo
1281 147 1469 184 sentimus,
1485 147 1526 179 ad
1547 146 1834 190 glorificationem
1853 148 2022 193 pertinet,
2049 151 2172 186 timere

1187 210 1289 237 enm,
1330 200 1470 231 credere
1499 198 1548 237 ei,
1581 198 1726 240 diligere
1758 210 1856 239 eum,
1893 200 2056 234 invocare
2080 215 2172 246 eum,

1187 255 1218 281 et
1241 249 1385 280 obedire
1403 249 1432 280 ci
1459 249 1494 280 in
1514 248 1686 288 cultilius,
1714 261 1800 293 qnos
1818 252 2004 294 praecepit.

1286 297 1469 331 Discamns
1497 305 1610 331 autem
1629 300 1757 341 singuli
1782 301 1818 333 in
1839 303 2011 336 exercitiis
2032 304 2170 338 timoris

1184 346 1268 388 Dei,
1304 355 1337 381 et
1364 349 1614 389 invocationis,
1658 351 1742 394 qnid
1777 351 1821 385 sit
1847 349 1930 386 haec
1952 354 2170 396 glorificatio.

1185 398 1235 430 Ac
1252 398 1343 432 fiunt
1369 396 1432 432 hae
1451 400 1702 442 descriptiones
1720 401 1928 436 illustriores
1947 406 2169 440 considerata

1183 447 1361 484 antithesi.
1440 449 1520 481 Non
1560 451 1721 484 tribuunt
1749 452 1827 485 Deo
1862 454 2008 495 gloriam
2045 455 2163 491 ἄθεοι.

1183 499 1253 532 Nec
1272 500 1421 533 cultores
1447 500 1644 540 idolorum,
1673 502 1732 546 qni
1757 503 1896 545 fingunt
1920 502 2085 539 horribili
2101 520 2165 540 au-

1183 551 1279 583 dacia
1298 552 1436 584 turbam
1456 550 1624 585 Deorum.
1676 552 1749 585 -Nec
1775 554 1833 597 qni
1860 554 2026 590 invocant
2054 556 2170 591 homi-

1182 613 1242 633 nes
1258 609 1429 635 mortuos.
1482 600 1555 634 Nec
1580 602 1639 646 qui
1663 603 1758 636 aliud
1787 604 1923 645 lingunt
1948 618 2019 639 esse
2039 606 2169 650 Deum,

1181 664 1284 696 qnam
1311 653 1399 685 sicut
1425 664 1460 685 se
1485 653 1666 695 patefecit,
1701 662 1738 687 ut
1765 652 2035 690 Mahometistae
2059 666 2090 691 et
2111 658 2170 692 lu-

1181 703 1257 735 daei
1276 703 1396 746 impii,
1423 710 1454 736 et
1479 700 1658 737 haeretici.
1713 703 1784 737 Nec
1803 706 1862 749 qui
1881 715 2022 741 manent
2038 708 2073 740 in
2091 721 2171 752 per-

1181 762 1283 797 petua
1316 754 1547 787 dubitatione.
1627 753 1698 787 Nec
1743 756 1803 799 qui
1842 757 1950 800 impia
1983 760 2168 794 securitate

1180 812 1289 838 ruunt
1314 806 1350 838 in
1377 806 1505 838 scelera
1530 811 1652 839 contra
1686 807 1947 841 conscientiam.
2006 808 2078 843 Nec
2108 811 2170 856 qui

1181 856 1347 890 invocant
1373 857 1448 888 sine
1471 856 1650 899 agnitione
1675 858 1896 898 mediatoris,
1930 865 1963 892 et
1990 860 2065 893 sine
2088 874 2169 895 vera

1181 907 1259 939 fide.
1310 907 1381 940 Nec
1399 907 1459 952 qui
1477 907 1673 949 excogitant
1689 908 1803 941 cultus
1820 917 1940 943 contra
1959 912 2166 945 mandatnm

1180 956 1255 990 Dei.
1333 957 1406 991 Nec
1447 958 1508 1003 qni
1546 965 1776 992 contemnunt
1809 967 1867 993 aut
1906 970 2168 1006 persequuntur

1179 1006 1425 1051 Evangelium.
1488 1008 1652 1052 Denique
1689 1017 1726 1042 ut
1758 1017 1837 1043 ante
1860 1012 1951 1052 dixi,
1987 1014 2167 1057 catalogus

1180 1067 1339 1092 sumatur
1357 1072 1397 1092 ex
1419 1060 1641 1092 enarratione
1659 1058 1835 1103 Decalogi.
1891 1061 1961 1095 lam
1979 1064 2090 1106 cogita
2103 1092 2111 1105 ,
2128 1066 2167 1097 in

1180 1117 1253 1143 toto
1274 1121 1400 1152 genere
1428 1108 1603 1150 humano,
1633 1123 1737 1155 quam
1763 1109 1985 1145 horribiliter
2009 1125 2168 1156 grassen-

1179 1168 1237 1193 tur
1269 1161 1482 1205 multiplices
1506 1162 1641 1193 surores
1672 1169 1793 1195 contra
1820 1163 1968 1204 primam
1997 1165 2165 1200 tabulam.

1180 1209 1423 1254 Agnoscamus
1440 1218 1473 1244 et
1498 1211 1721 1245 infirmitates
1738 1220 1894 1255 nostras,
1914 1215 1995 1258 quia
2015 1216 2120 1249 timor
2135 1224 2169 1251 et

1179 1262 1281 1300 fides,
1317 1269 1350 1295 et
1370 1263 1458 1295 aliae
1484 1262 1648 1302 virtutes,
1676 1263 1789 1296 multo
1813 1271 1895 1297 sunt
1918 1265 2168 1309 languidiores,

1178 1325 1281 1357 quam
1301 1325 1372 1345 esse
1392 1314 1566 1346 debebant
1585 1321 1650 1347 etc.

1280 1362 1421 1396 Gratias
1447 1376 1547 1406 agere
1573 1370 1623 1397 est
1651 1376 1729 1407 pars
1756 1365 2041 1407 glorificationis,
2070 1369 2167 1402 vide-

1177 1413 1257 1447 licet
1280 1426 1485 1457 agnoscere,
1520 1416 1612 1459 quod
1640 1427 1711 1447 non
1738 1416 1781 1448 sit
1811 1416 1945 1449 otiosus
1969 1416 2080 1459 Deus,
2107 1422 2167 1452 sed

1177 1477 1256 1497 vere
1275 1477 1339 1498 nos
1358 1473 1471 1506 curet,
1500 1466 1679 1505 exaudiat,
1708 1466 1804 1500 iuvet
1830 1476 1920 1499 recte
1947 1468 2165 1510 invocantes,

1176 1522 1209 1547 et
1228 1513 1318 1547 hanc
1336 1517 1529 1549 bonitatem
1550 1517 1746 1557 celebrare,
1773 1524 1806 1551 et
1823 1529 1888 1551 nos
1907 1516 1982 1552 Deo
2001 1532 2165 1554 reveren-

1176 1572 1228 1598 ter
1249 1567 1422 1599 subiicere
1441 1575 1471 1600 et
1490 1579 1568 1599 eum
1586 1568 1748 1610 diligere.

1474 1647 1653 1683 Tradidit
1679 1661 1736 1683 eos
1757 1648 1875 1685 Deus.

1277 1715 1360 1751 Dixi
1395 1718 1543 1763 primam
1577 1723 1831 1751 accusationem
1862 1719 1970 1752 fuisse
2005 1728 2164 1763 peccato-

1175 1780 1271 1808 rum,
1299 1781 1388 1813 quae
1414 1776 1570 1812 pugnant
1590 1781 1667 1802 cum
1690 1769 1801 1811 prima
1818 1768 1969 1805 Tabula.
2023 1769 2161 1805 Deinde

1174 1819 1334 1863 sequitur
1360 1821 1534 1854 accusatio
1557 1820 1727 1852 scelerum
1752 1827 1871 1852 contra
1896 1823 2083 1854 secundam
2109 1829 2161 1855 ta-

1174 1870 1305 1903 bulam.
1359 1870 1451 1913 Quia
1469 1872 1610 1916 qnando
1629 1871 1734 1903 corda
1754 1882 1826 1904 non
1847 1879 2018 1913 reguntur
2036 1884 2054 1904 a
2074 1871 2161 1912 Deo,

1174 1928 1370 1964 sequuntur
1395 1922 1499 1954 etiam
1534 1929 1621 1955 tetra
1651 1922 1778 1955 delicta
1813 1930 1933 1955 contra
1969 1924 2159 1957 secundam

1173 1972 1346 2013 tabulam,
1379 1973 1469 2006 sicut
1495 1971 1551 2005 hic
1577 1971 1707 2005 Paulus
1733 1972 1922 2015 significat,
1954 1974 2158 2008 coecitatem

1171 2034 1321 2065 poenam
1348 2035 1419 2056 esse
1441 2023 1647 2067 impietatis:
1683 2030 1717 2057 et
1739 2035 1896 2066 expresse
1929 2025 2045 2069 inquit
2065 2024 2158 2059 Pau-

1171 2073 1226 2105 lus
1257 2075 1299 2106 ad
1334 2072 1508 2117 Ephesios
1539 2075 1711 2113 secundo,
1755 2075 1948 2108 Diabolum
1981 2075 2156 2109 efficacem

1171 2135 1242 2156 esse
1266 2125 1303 2156 in
1329 2125 1458 2169 impiis.
1512 2124 1558 2159 Et
1583 2126 1625 2158 de
1653 2125 1737 2158 luda
1763 2126 1909 2158 dicitur:
1943 2125 2090 2159 Intravit
2118 2128 2155 2161 in

1170 2186 1248 2207 eum
1271 2175 1428 2209 Satanas.
1478 2175 1582 2209 Item:
1611 2175 1683 2218 Qui
1701 2176 1782 2209 facit
1798 2183 1993 2219 peccatum,
2021 2189 2060 2209 ex
2079 2178 2156 2211 dia—

1170 2225 1252 2258 bolo
1272 2233 1331 2261 est.
1383 2229 1488 2267 Item,
1507 2226 1621 2260 Lucae
1644 2228 1715 2261 11.:
1747 2226 1897 2270 ingressi
1916 2224 2075 2261 habitant
2092 2229 2155 2263 ibi.

1169 2275 1243 2308 Hae
1267 2274 1464 2311 horrendae
1494 2279 1680 2311 conciones
1706 2280 1916 2318 ostendunt,
1952 2286 2083 2323 quanta
2109 2281 2153 2314 sit

1170 2328 1308 2360 miseria
1326 2325 1502 2372 hominis,
1531 2329 1590 2372 qni
1609 2335 1657 2361 est
1673 2328 1749 2360 sine
1767 2329 2003 2372 poenitentia,
2027 2338 2059 2363 et
2077 2330 2152 2364 sine

1169 2378 1391 2411 invocatione
1407 2379 1490 2418 Dei,
1515 2379 1582 2413 Hic
1598 2387 1630 2412 et
1648 2391 1707 2411 sua
1727 2379 1929 2412 infirmitate
1946 2380 2016 2414 ruit
2037 2381 2072 2413 in
2091 2394 2151 2414 va-

1168 2429 1217 2461 ria
1245 2430 1370 2463 delicta
1395 2439 1554 2470 externa,
1591 2437 1625 2463 et
1659 2442 1676 2462 a
1703 2430 1844 2463 diabolo
1870 2431 2084 2474 impellitur,
2112 2440 2150 2466 nt

1168 2480 1274 2513 inulta
1298 2489 1436 2514 moveat
1458 2482 1654 2525 perniciosa
1677 2481 1807 2516 multis.
1871 2481 1918 2515 [Ξῖ
1946 2494 2148 2527 quanquam

1166 2531 1232 2564 fuit
1258 2544 1423 2574 magnum
1451 2533 1653 2574 ingenium,
1682 2543 1804 2576 magna
1830 2533 2000 2576 sapientia
2024 2541 2057 2566 et
2076 2535 2148 2565 xir-

1166 2589 1223 2613 tns
1247 2582 1283 2614 in
1300 2582 1422 2623 Saule,
1449 2582 1599 2624 Pericle,
1628 2581 1833 2623 Alcibiade,
1860 2583 2015 2624 Catone,
2045 2582 2148 2621 Iulio,

1165 2631 1276 2667 Bruto
1294 2640 1325 2667 et
1341 2633 1420 2666 aliis
1435 2633 1771 2669 innumerabilibus:
1802 2642 1919 2669 tamen
1946 2642 1976 2668 et
2001 2635 2148 2666 manife-

1665 2683 1716 2720 53
