2415 2942
114 83 209 117 1201

109 168 188 202 Non
205 167 279 201 vult
297 165 496 212 relinquere
514 165 551 198 in
568 164 695 198 animis
717 175 838 197 eornm
857 163 965 196 ullam
983 164 1096 208 suspi-

109 220 244 252 cionem
265 218 374 250 auimi
392 216 590 256 exulcerati,
614 217 672 249 sed
694 215 768 248 vult
786 214 867 247 illos
883 221 975 247 certo
994 215 1095 256 scire,

109 270 248 314 penitus
271 269 421 302 deletam
447 280 518 301 esse
544 266 794 303 offensionem,
829 271 867 298 nt
890 265 934 299 sit
960 265 1095 298 firmior

107 320 365 358 benevolentia,
394 327 426 352 et
442 331 485 352 ne
502 318 646 351 dissidia
664 317 843 354 oriantur,
872 316 964 359 quod
986 316 1094 357 fieret,

109 371 135 404 si
160 371 355 405 simultates
378 371 500 404 tacitae
525 374 706 401 manerent
733 366 900 411 reliquae.
966 367 1093 400 luserit

105 429 221 456 autem
239 421 467 454 necessariam
484 419 682 453 doctrinam
711 418 755 449 de
777 416 1006 450 conversione
1031 428 1091 450 sen

106 473 340 517 poenitentia,
370 479 501 515 partem
519 481 591 503 esse
607 467 795 502 ministerii
813 468 849 500 in
867 465 1018 500 Ecclesia
1035 480 1092 500 ar-

106 535 211 567 guere
239 529 392 566 peccata,
427 529 460 555 et
482 527 647 566 oportere
672 519 708 551 in
735 518 964 551 conversione
990 519 1090 551 dolo-

107 587 161 607 res
187 575 285 607 oriri.
338 573 433 606 Haec
461 579 530 606 tota
554 570 725 604 sententia
753 569 935 602 referenda
964 576 1013 602 est
1046 570 1089 602 ad

106 637 327 658 communem
347 624 543 657 doctrinam
563 624 606 654 de
625 619 861 660 contritione,
889 620 932 651 de
950 631 1016 664 qna
1036 620 1089 652 di-

105 677 212 709 citur:
249 676 347 709 Sicut
370 675 424 708 leo
449 672 614 707 contrivit
641 671 760 704 omnia
788 681 865 703 ossa
892 682 978 703 mea.
1044 669 1090 703 Et

103 725 228 760 Esaiae
244 727 322 762 66.:
358 726 412 759 Ad
440 737 541 770 quem
570 722 778 766 respiciam?
809 721 878 753 nisi
903 722 946 753 ad
972 718 1090 753 humi-

103 778 228 812 liatum
254 785 286 811 et
312 777 500 810 contritum
525 774 650 817 spiritu
669 779 733 806 etc.
786 770 832 804 Et
857 771 994 804 Psalmo
1011 770 1088 804 50.:

104 828 320 862 Sacrificium
346 830 420 861 Deo
444 826 588 869 spiritus
612 823 888 862 contribulatus,
921 834 982 854 cor
1004 834 1089 855 con-

104 879 225 911 tritum
268 887 298 911 et
343 876 569 910 humiliatum
616 887 689 908 non
730 873 909 917 despicies.
991 872 1091 914 Item,

102 927 207 964 Dent.
224 929 276 964 4:
304 928 399 963 Deus
416 928 506 971 ignis
526 936 736 960 consumens
754 931 814 957 est.

204 979 290 1014 vuli
314 979 409 1012 Deus
432 979 551 1023 aliquo
575 977 680 1010 modo
703 974 842 1017 agnosci
868 981 1023 1018 peccata,
1057 981 1089 1008 et

103 1030 190 1063 iram
209 1042 304 1064 suam
324 1032 491 1063 adversus
518 1034 667 1073 peccata.
722 1025 800 1059 Non
825 1026 902 1058 vult
927 1038 1001 1058 eam
1027 1037 1087 1057 ne-

99 1081 204 1124 gligi,
238 1090 270 1115 et
289 1084 433 1114 damnat
449 1092 567 1113 secura
592 1085 624 1112 et
649 1079 758 1110 ferrea
783 1079 906 1116 corda,
933 1084 971 1109 nt
995 1077 1087 1120 apud

103 1131 283 1165 leremiam
296 1144 367 1175 cap.
381 1132 413 1165 8.
426 1145 432 1164 :
450 1129 666 1164 Erubescere
679 1127 891 1162 nescierunt.
920 1125 999 1161 Esa.
1013 1127 1087 1162 48.;

99 1181 212 1216 Frons
237 1193 294 1216 tua
328 1195 444 1217 aenea.
515 1179 561 1214 Et
589 1177 752 1213 zach-an:
797 1177 996 1211 Posuerunt
1028 1190 1088 1211 cor

97 1246 199 1266 suum
226 1235 319 1267 velut
345 1235 578 1266 adamantem.
631 1230 676 1264 Et
694 1229 826 1262 Paulus
851 1230 893 1261 ad
915 1226 1085 1272 Ephesios

98 1285 165 1323 ait,
195 1285 320 1329 impios
345 1295 417 1317 esse
443 1280 716 1329 ἃπηλγηκότας,
755 1280 789 1312 id
818 1287 886 1320 est,
920 1281 995 1312 siue
1020 1281 1084 1312 do-

100 1335 192 1375 lore,
219 1347 376 1375 ὅποι-οε,
405 1339 668 1368 contemnentes
692 1331 862 1364 iudicium
882 1329 958 1364 Dei.
1012 1329 1089 1362 Hae

100 1387 317 1420 tristissimae
341 1386 527 1419 conciones
553 1383 794 1417 observandae
812 1387 914 1421 sunt,
941 1388 979 1413 ut
998 1381 1085 1413 scia-

98 1449 176 1470 mus
198 1437 425 1470 necessariam
445 1448 516 1469 esse
532 1434 781 1469 contritionem
796 1459 805 1472 ,
833 1444 936 1476 quam
954 1431 1002 1464 sic
1023 1443 1088 1464 no-

98 1489 257 1528 minant,
284 1489 415 1521 scilicet
440 1498 541 1520 veros
567 1495 714 1530 pavores
737 1490 769 1516 et
787 1483 926 1515 dolores
945 1492 1088 1527 propter

100 1539 188 1571 iram
206 1538 269 1571 Dei
291 1541 456 1571 adversus
474 1545 592 1571 nostra
612 1542 760 1579 peccata.

192 1588 233 1621 ln
251 1596 371 1622 octavo
387 1596 420 1622 et
437 1589 472 1621 in
486 1600 581 1621 nono
593 1581 1029 1622 adhortaturCorintliios‚
1049 1590 1087 1617 nt

102 1639 291 1672 collatione
307 1640 548 1684 eleemosynae
565 1639 687 1670 iuvent
703 1634 878 1668 Ecclesias
898 1635 933 1666 in
953 1634 1085 1667 Orien-

100 1698 150 1728 te,
186 1703 273 1735 quae
307 1691 511 1731 indigebant
540 1689 653 1721 aliena
679 1686 910 1725 liberalitate,
944 1692 977 1718 et
1003 1686 1084 1730 qnia

98 1741 199 1773 multi
220 1742 266 1784 pii
287 1754 325 1774 ex
347 1742 417 1773 suis
439 1738 716 1783 possessionibus
741 1736 1026 1780 expellebantur,
1054 1743 1087 1770 et

99 1793 179 1836 qnia
205 1800 287 1825 tuuc
306 1791 444 1825 Claudii
463 1789 684 1834 imperatoris
702 1796 858 1831 tempore
874 1787 980 1819 fames
1000 1788 1084 1820 adeo

100 1854 200 1876 saeva
228 1851 319 1882 erat,
358 1851 395 1876 ut
424 1843 533 1875 modii
563 1840 710 1885 pretium
747 1839 878 1870 fuerint
904 1838 926 1870 6
959 1837 1084 1870 drach—

100 1906 195 1932 mae,
222 1907 300 1926 cum
319 1894 456 1927 usitatis
472 1894 573 1925 annis
592 1898 680 1925 esset
696 1902 763 1922 una
783 1887 970 1929 drachma,
998 1897 1036 1922 ut
1057 1890 1084 1921 si

97 1944 227 1987 Lipsici
263 1945 432 1977 medimni
464 1944 614 1988 pretinm
641 1942 686 1974 sit
717 1941 882 1974 usitatum
916 1940 1085 1973 dimidius

102 1995 169 2028 loa«
184 1993 346 2036 lximicus,
366 2004 448 2029 tnnc
467 1995 632 2028 venditus
647 1999 734 2025 esset
751 1992 832 2025 trib.
852 1988 1084 2025 loacliimicis.

100 2045 198 2079 Talis
219 2048 404 2080 difficultas
423 2047 487 2080 fuit
506 2047 541 2079 in
560 2043 752 2079 Germania
769 2053 862 2075 anno
883 2041 991 2077 1517.

204 2097 318 2130 Multa
345 2106 424 2130 sunt
445 2105 560 2130 antem
578 2097 670 2129 dicta
691 2093 842 2136 insignia
871 2093 906 2125 in
936 2090 998 2125 hac
1021 2094 1084 2126 ad-

99 2146 308 2182 hortatione.
372 2148 427 2182 Fit
465 2148 595 2181 mentio
623 2145 855 2190 aequalitatis.
916 2142 984 2176 Hic
1011 2156 1084 2177 non

102 2199 319 2243 intelligatur
337 2200 526 2245 aequalitas
551 2194 732 2244 ἀναλογίᾳ
757 2194 995 2228 arithmetica:
1022 2208 1085 2228 nec

99 2251 272 2294 fingamus
290 2251 438 2284 Paulum
459 2251 583 2283 docere
603 2248 818 2282 Platonicam
844 2258 961 2279 rerum
989 2259 1082 2278 com-

100 2302 325 2341 munionem,
355 2310 412 2335 aut
433 2301 642 2346 Spartanam
668 2298 952 2342 exaequationem
972 2297 1084 2330 facul-

99 2359 224 2393 tatum,
250 2361 288 2388 ut
315 2353 564 2397 Anabaptistae
591 2351 777 2384 finxerunt.
838 2347 1081 2381 Cei-tissimum

99 2411 150 2437 est
174 2405 267 2436 euim
293 2405 327 2437 in
357 2403 548 2447 Evangelio
572 2415 644 2435 non
669 2400 836 2434 constitui
862 2399 1001 2443 politias
1025 2412 1084 2432 ex—

100 2461 236 2495 ternaS,
276 2458 332 2488 sed
363 2456 550 2500 adprobari
583 2464 700 2486 rerum
732 2451 1015 2489 distinctionem,
1050 2458 1082 2484 et

101 2505 254 2548 legitima
284 2507 451 2550 imperia,
481 2514 518 2539 ut
545 2518 607 2538 suo
635 2505 712 2537 loco
736 2503 910 2546 copiosius
936 2503 1083 2536 dicetur.

100 2556 168 2590 Sed
187 2557 346 2601 loquitur
362 2556 492 2591 Paulus
507 2558 549 2589 de
565 2555 772 2600 aequalitate
788 2566 859 2586 non
883 2554 1032 2586 dominii
1051 2562 1084 2588 et

101 2609 348 2651 possessionis,
376 2610 434 2641 sed
459 2619 542 2641 usus
564 2608 600 2640 in
618 2605 938 2639 communicatione
956 2605 1081 2638 volun-

100 2658 187 2691 taria
205 2656 360 2693 hominis
378 2659 523 2693 benefici
542 2669 620 2702 erga
639 2663 793 2700 egentes,
820 2657 913 2690 iuxta
933 2656 1082 2690 dictum:

152 2712 328 2744 illinantur.
360 2713 462 2744 Orza.
497 2712 578 2742 Vox..
598 2711 676 2743 XV.

597 75 890 115 PRAEFATIO
921 76 969 112 IN
1000 77 1043 112 II.
1072 79 1224 116 EPIST.
1252 79 1317 116 AD
1344 80 1665 118 CORINTHIOS.

2050 93 2144 126 1202

1150 165 1278 200 Fontes
1299 168 1349 201 tui
1367 168 1572 201 deriventur
1589 170 1694 209 soras,
1717 176 1749 203 et
1766 177 1803 204 tn
1820 169 1996 207 Dominus
2013 187 2134 212 eorum

1150 226 1300 252 maneto.
1356 218 1445 251 Tota
1475 216 1558 252 haec
1581 221 1720 253 collatio
1746 222 1945 257 voluntaria
1972 234 2038 266 est,
2068 241 2132 263 nec

1147 280 1283 300 necesse
1302 277 1350 301 est
1368 270 1520 310 praecise
1544 283 1617 302 eam
1643 272 1684 303 ad
1705 270 1960 308 arithmeticam
1979 279 2033 311 vel
2050 291 2131 322 geo-

1145 319 1324 351 metricam
1355 320 1408 351 vel
1437 317 1676 353 harmonicam
1704 325 1968 366 proportionem
1994 341 2130 363 accom-

1145 371 1300 404 modare.
1353 369 1580 403 Manifestum
1597 379 1646 404 est
1670 373 1874 407 sceleratum
1896 389 1986 417 esse,
2015 380 2128 415 facere

1144 420 1389 464 aequalitatem
1436 422 1664 464 proportione
1700 421 1920 460 arithmetica
1935 454 1944 468 ,
1986 437 2023 463 ut
2055 444 2128 465 non

1144 470 1222 513 plus
1242 482 1389 503 numero
1409 472 1580 513 possideat
1600 471 1709 513 Isaac,
1736 487 1840 519 quam
1860 476 1994 513 lsmael.
2057 481 2129 516 Nec

1144 521 1332 554 necessaria
1356 529 1405 554 est
1429 522 1621 565 aequalitas
1648 526 1876 566 proportione
1905 533 2126 571 geometrica.

1142 570 1222 604 Non
1242 584 1378 604 neccsse
1395 579 1443 605 est
1453 570 1641 605 Consulem
1655 574 1764 617 duplo
1777 577 1854 618 plus
1867 576 2004 621 habere,
2022 595 2127 627 quam

1142 622 1249 655 alium
1275 623 1403 664 civem':
1430 630 1489 655 aut
1505 621 1694 656 Consulem
1721 626 1829 669 duplo
1858 629 1934 671 plus
1959 634 2118 668 conferre

1142 685 1244 717 quam
1264 673 1369 706 alium
1389 673 1510 705 civem.
1565 673 1679 716 Magis
1695 687 1887 718 congruere
1907 680 1967 714 illa
1986 663 2129 718 collatio,

1142 735 1220 756 cnm
1246 721 1450 756 harmonica
1470 726 1700 769 proportione
1719 728 1876 769 videtur,
1909 730 1946 763 in
1972 745 2038 776 qua
2064 747 2127 769 nec

1143 775 1432 818 proportionum,
1460 787 1522 808 nec
1549 776 1828 810 differentiarum
1853 783 2044 824 aequalitas
2065 793 2125 825 est,

1141 826 1198 857 sed
1218 825 1305 858 sicut
1321 837 1355 857 se
1373 823 1475 858 babet
1492 827 1663 860 maximus
1680 829 1851 863 terminus
1865 832 1907 864 ad
1926 834 2127 877 minimum,

1142 876 1189 909 ita
1215 887 1250 909 se
1269 873 1374 909 habet
1394 877 1592 910 differentia
1613 879 1754 911 maximi
1777 887 1809 913 et
1829 882 1934 915 medii
1957 886 1999 917 ad
2023 887 2126 920 diffe-

1142 927 1291 960 rentiam
1317 928 1423 959 medii
1442 935 1474 960 et
1497 928 1655 967 minimi,
1684 937 1738 962 ut:
1767 931 1801 970 3,
1817 931 1854 970 4,
1871 932 1905 967 6.
1958 934 2126 971 Senarius

1142 984 1192 1011 est
1217 978 1347 1021 duplus
1371 979 1413 1010 ad
1439 979 1518 1014 tria.
1582 978 1676 1023 Ergo
1700 987 1732 1014 et
1758 982 1992 1018 differentiam
2019 990 2126 1021 medii

1141 1035 1173 1061 et
1189 1028 1347 1069 minimi,
1375 1042 1463 1073 quae
1483 1037 1530 1062 est
1549 1031 1676 1065 unitas.
1732 1030 1782 1065 lta
1806 1042 1886 1068 sunt
1905 1034 2075 1072 Lucullus
2092 1039 2115 1073 6

1141 1079 1279 1112 Atticus
1295 1079 1329 1118 4,
1355 1087 1387 1113 et
1410 1079 1533 1113 Cicero
1558 1082 1636 1114 exul
1665 1093 1768 1123 egens
1794 1084 1827 1117 5.
1892 1085 1929 1120 Si
1956 1068 2127 1124 Lucullus,

1141 1133 1199 1162 dat
1214 1132 1284 1162 duo
1303 1131 1432 1164 talenta
1452 1132 1624 1173 exulanti,
1652 1134 1709 1166 det
1729 1133 1865 1169 Atticus
1885 1149 2009 1174 unum.

1244 1180 1311 1214 Sed
1333 1189 1448 1215 tamen
1468 1183 1549 1227 quia
1571 1184 1769 1218 voluntaria
1796 1187 1935 1221 collatio
1957 1197 2025 1231 est,
2052 1204 2125 1226 non

1142 1242 1278 1264 necesse
1296 1239 1344 1265 est
1358 1236 1399 1265 ad
1416 1231 1498 1266 haec
1512 1233 1650 1267 vincula
1666 1235 1822 1279 astringi.
1851 1236 1894 1270 At
1913 1238 2126 1287 Paulnsipse

1140 1281 1328 1326 aliquoties
1353 1290 1516 1323 testatur,
1544 1296 1579 1317 se
1607 1298 1677 1318 non
1703 1288 1879 1329 postulare
1909 1287 1998 1324 hanc
2018 1294 2126 1327 colla-

1140 1332 1271 1364 tionem
1290 1333 1355 1374 ita,
1371 1341 1409 1367 ut
1426 1346 1548 1377 cogere
1565 1335 1676 1368 ullum
1696 1337 1930 1379 existimetur,
1949 1343 2006 1374 scd
2027 1355 2062 1376 se
2082 1347 2125 1378 de

1141 1384 1337 1416 voluntaria
1365 1385 1577 1419 liberalitate
1599 1386 1709 1431 loqui.
1763 1388 1846 1422 Non
1874 1390 2123 1433 igiturnovam

1140 1434 1296 1477 politiam
1315 1434 1531 1468 Platonicam
1550 1437 1603 1469 vel
1621 1439 1910 1480 anabaptisticam
1931 1445 2124 1480 constitnit.

1242 1483 1281 1516 ln
1303 1487 1414 1529 capite
1436 1499 1530 1519 nono
1550 1490 1817 1523 commonefacit
1837 1503 1894 1524 eos
1919 1496 2125 1536 promissio-

1141 1534 1195 1566 nis
1221 1535 1381 1574 divinae,
1409 1537 1498 1571 sicut
1527 1537 1562 1570 in
1582 1536 1773 1582 Evangelio
1793 1542 1923 1576 dicitur
1943 1544 2058 1580 Lucae
2076 1548 2125 1582 6.:

1142 1586 1244 1625 Date,
1262 1594 1294 1619 et
1313 1589 1455 1621 dabitur
1472 1589 1584 1623 vobis.
1638 1588 1705 1624 Hic
1724 1594 1915 1626 tenendum
1935 1603 1982 1628 est
2000 1597 2126 1631 discri-

1140 1648 1218 1667 men
1245 1639 1530 1680 promissionum.
1591 1641 1672 1674 Atia
1699 1648 1749 1675 est
1778 1644 1919 1690 propria
1939 1644 2125 1692 Evangelii

1142 1688 1328 1730 promissio
1357 1690 1673 1733 reconciliationis,
1708 1705 1776 1738 qua
1812 1701 1948 1729 tantum
1983 1707 2127 1743 propter

1139 1738 1251 1795 fili-nm
1271 1738 1336 1772 Dei
1355 1741 1460 1783 gratis
1477 1740 1689 1776 exhibentur
1715 1745 1874 1779 remissio
1901 1756 2124 1794 peccatorum

1139 1795 1173 1822 et
1188 1792 1373 1832 imputatio
1392 1792 1560 1827 iusticiae.

1156 1890 1161 1896 .
1241 1841 1342 1895 Aliae
1357 1850 1438 1876 sunt
1456 1844 1601 1886 legales,
1623 1857 1711 1889 quae
1729 1846 1847 1880 valent
1864 1847 1900 1880 in
1918 1852 2125 1885 reconcilia-

1139 1897 1192 1924 t15.
1248 1890 1268 1922 Χ
1285 1894 1334 1926 ult
1358 1895 1450 1926 enim
1475 1893 1569 1928 Dens
1595 1908 1658 1939 pro
1683 1897 1786 1930 bonis
1809 1900 1975 1942 operibus
2000 1914 2125 1936 recon-

1138 1941 1336 1977 ciliatorum
1364 1945 1467 1977 etiam
1490 1957 1550 1978 sua
1575 1948 1746 1992 quaedam
1772 1950 1922 1992 praemia
1950 1953 2051 1994 dare,
2085 1962 2123 1988 ut

1140 1993 1245 2047 vidua
1272 1995 1463 2039 Sareptana
1487 1997 1614 2038 alitur,
1659 1999 1739 2043 quia
1773 1999 1838 2033 snit
1862 2001 2017 2036 liberalis
2045 2017 2124 2048 erga

1137 2042 1264 2078 Lliam.
1319 2046 1536 2080 Tribuamus
1559 2047 1635 2081 Deo
1659 2051 1861 2092 veritatem,
1890 2060 1923 2086 et
1945 2066 2124 2097 speremus

1137 2106 1176 2127 ac
1200 2102 1358 2138 petamus
1382 2095 1465 2131 haec
1491 2100 1664 2142 praemia,
1700 2108 1733 2135 et
1756 2099 1820 2135 hac
1848 2115 1907 2147 spe
1933 2112 1965 2138 et
1991 2118 2054 2140 nos
2079 2108 2121 2141 ad

1138 2146 1426 2181 benefaciendum
1450 2151 1649 2184 excitemus.

1242 2197 1282 2230 ln
1301 2200 1435 2233 decimo
1455 2203 1576 2244 capite,
1604 2202 1661 2237 11.
1683 2203 1738 2237 12.
1758 2203 1856 2238 addit
1875 2205 2122 2242 refutationem

1137 2247 1535 2295 pseudoapostolorum,
1560 2253 1620 2297 qni
1640 2254 1847 2297 spargebant
1869 2254 2027 2291 Iudaicas
2045 2261 2123 2304 opi-

1137 2299 1281 2343 niones,
1317 2309 1349 2335 et
1372 2303 1534 2345 gentibus
1559 2303 1741 2348 imponere
1765 2308 1981 2341 ceremonias
2003 2308 2120 2344 ludai-

1136 2362 1191 2383 cas
1213 2353 1451 2391 conabantur,
1479 2366 1517 2386 ac
1540 2355 1784 2398 somniabant,
1818 2356 2004 2400 imperinm
2024 2361 2121 2395 Mes-

1136 2402 1206 2433 siae
1231 2403 1298 2436 tale
1328 2404 1422 2443 fore,
1462 2404 1498 2436 in
1523 2417 1593 2449 quo
1629 2406 1749 2447 politia
1775 2406 1914 2441 Iudaica
1942 2410 1979 2443 in
2005 2418 2120 2446 totum

1136 2455 1307 2487 mnndum
1332 2455 1558 2499 proferretur.
1625 2455 1673 2489 Hi
1697 2463 1730 2490 et
1755 2458 1905 2492 aliorum
1928 2459 2119 2505 Apostolo-

1135 2515 1212 2536 rum
1232 2506 1386 2549 exempla
1405 2507 1622 2549 allegabant,
1647 2507 1707 2552 qui
1733 2507 1849 2542 adhuc
1872 2510 1910 2543 in
1933 2510 2060 2546 Iudaea
2088 2521 2120 2548 et

1136 2555 1249 2589 vicina
1269 2557 1391 2600 patriis
1410 2557 1537 2590 ritibus
1555 2559 1754 2594 utebantur.

1239 2605 1401 2652 Opponit
1417 2615 1532 2641 antem
1551 2607 1681 2642 Paulus
1703 2622 1776 2643 non
1801 2611 1915 2644 solum
1940 2613 2118 2647 recitatio·

1134 2668 1215 2691 nem
1245 2670 1390 2692 suornm
1416 2659 1596 2700 laborum,
1633 2661 1693 2694 sed
1718 2661 1822 2695 etiam
1841 2662 2039 2697 testimonia
2066 2665 2121 2698 di-

1353 2708 1400 2742 76
