2415 2942
71 98 142 132 801
242 92 341 128 Xltt.

68 187 188 220 vocat,
213 186 244 214 et
262 178 458 213 vivificatur
477 189 538 222 per
553 177 664 211 filium
682 175 747 210 Dei
765 176 901 221 Spiritu
918 184 1050 215 sancto,

68 233 186 267 audita
212 230 462 276 promissione,
498 229 621 272 incipit
647 239 768 262 rursus
792 229 956 267 obedire,
994 230 1051 269 ita,

69 296 112 318 ue
131 289 251 317 contra
269 282 520 314 conscientiam
539 280 654 314 faciat.

170 333 266 367 Haec
284 333 397 375 imago
423 330 664 364 conversionis
679 329 795 371 Adae,
822 336 854 363 et
870 330 1048 374 quomodo

68 386 186 419 audita
216 383 448 428 promissione
477 381 629 425 erigatur
661 381 746 421 fide,
786 388 819 414 et
851 381 895 414 sit
929 380 1050 420 iustus,

69 439 104 470 id
133 443 201 476 est,
237 442 397 478 acceptus
422 432 515 472 Deo,
550 439 583 465 et
616 438 732 475 postea
762 442 881 464 rursus
905 432 1047 475 incipiat

69 488 232 524 obedire,
267 496 402 528 semper
427 484 469 516 sit
500 483 536 515 in
570 489 777 526 conspectu,
813 485 894 526 quia
928 484 1049 515 eodem

69 540 174 572 modo
198 537 287 570 fiunt
316 533 498 568 conversio
535 539 567 566 et
599 533 793 566 consolatio
824 534 861 565 in
895 535 1049 568 caeteris.

70 589 139 623 Sed
164 588 323 621 doctrina
351 589 393 618 de
416 586 481 616 fide
505 584 677 616 illustrior
702 590 753 616 est
787 584 823 616 in
853 585 967 628 primo
991 597 1048 617 ex-

69 640 203 683 emplo,
231 639 268 670 iu
292 649 360 682 quo
387 646 524 668 necesse
546 642 595 668 est
616 634 722 667 fuisse
742 632 930 668 horribiles
947 636 1049 668 dolo-

68 702 142 731 res,
169 696 203 723 et
226 689 308 733 quia
332 685 610 729 magnitudinem
636 685 753 728 lapsus
778 687 887 728 magis
912 686 1050 719 intelle-

68 742 117 775 xit
136 739 269 777 Adam,
296 738 355 783 qui
379 736 527 778 sciebat,
554 736 668 780 qualis
683 737 816 778 fuerat,
847 744 879 770 et
894 738 973 782 quia
996 738 1050 770 in-

68 791 224 825 sanabile
255 789 386 822 malum
419 798 490 819 esse
525 787 717 830 cogitabat,
753 799 832 821 cum
866 789 1051 831 promissio

69 843 228 876 nondum
246 840 337 873 edita
362 844 467 877 esset,
495 843 528 870 et
552 838 634 881 quia
659 839 882 872 reiectionem
908 841 1050 872 daemo-

67 905 153 927 num
171 897 284 925 norat.
332 888 401 923 Sed
426 899 489 925 nos
513 888 619 921 nimis
643 890 764 922 otiosis
794 891 921 924 animis
956 891 1051 923 illam

64 950 196 978 tantam
212 939 394 974 historiam
412 939 584 982 legimus,
612 940 647 972 in
667 952 734 984 qua
753 947 822 974 tam
842 942 951 974 multa
969 954 1052 975 con-

67 1000 230 1032 currunt,
266 1002 417 1036 quorum
448 990 516 1022 alia
546 990 633 1023 iram
661 990 726 1023 Dei
752 992 948 1034 ingentem,
982 993 1049 1025 alia

69 1047 274 1079 immensam
286 1041 839 1085 magnitudinemmisericordiae
850 1045 1051 1078 ostendunt.

69 1095 174 1139 Quod
191 1094 284 1127 enim
305 1093 429 1136 recipit
446 1092 544 1125 Deus
563 1089 725 1125 homines
742 1094 875 1137 lapsos,
902 1107 980 1127 cum
999 1096 1052 1127 iu-

64 1147 162 1181 sticia
181 1145 254 1178 eius
271 1144 316 1177 sit
332 1142 582 1183 immutabilis,
610 1150 641 1176 et
661 1146 756 1188 quod
780 1146 829 1178 sic
849 1145 987 1189 recipit,
1015 1153 1054 1180 ut

63 1198 157 1232 filius
182 1197 241 1229 fiat
267 1194 429 1234 victima,
465 1192 549 1226 haec
584 1194 743 1227 miranda
777 1197 921 1229 consilia
949 1197 1053 1240 longe

64 1254 232 1293 superant
262 1245 422 1279 omnium
454 1250 693 1277 creaturarum
725 1247 946 1289 sapientiam.
1006 1247 1053 1281 Et

64 1307 182 1333 tamen
200 1298 276 1330 vult
290 1295 397 1335 Deus,
421 1301 458 1328 ut
482 1307 579 1328 suam
604 1295 777 1328 iusticiam
801 1305 832 1331 et
851 1298 1052 1331 misericor-

65 1352 162 1384 diam
187 1349 306 1392 aliquo
332 1347 438 1379 modo
461 1345 498 1377 in
528 1343 591 1378 hac
610 1347 678 1379 vita
703 1348 985 1387 consideremus,
1014 1356 1051 1382 ut

68 1402 304 1436 accendantur
319 1398 355 1429 in
373 1397 477 1430 nobis
495 1408 596 1429 verus
615 1396 736 1437 timor,
766 1411 846 1432 vera
872 1399 966 1439 fides,
995 1400 1049 1432 in-

66 1453 224 1492 vocatio,
250 1448 450 1493 gratitudo,
478 1447 638 1488 dilectio,
665 1455 697 1481 et
716 1456 869 1483 caeterae
892 1451 1050 1485 virtutes,

167 1502 329 1536 Alterum
346 1498 542 1542 exemplum
560 1498 953 1534 sitconversioDavidis
972 1509 1049 1546 post

64 1557 220 1599 lapsum,
248 1553 286 1585 in
311 1562 379 1596 qua
407 1550 510 1584 etiam
533 1550 801 1593 conspiciuntur
825 1550 860 1584 hi
884 1553 954 1586 duo
975 1565 1048 1585 mo-

66 1614 140 1646 tus,
168 1606 290 1646 ingens
314 1614 440 1644 pavor,
475 1607 507 1633 ct
531 1601 659 1633 deinde
692 1603 899 1637 consolatio.
960 1602 1049 1636 Nam

66 1669 146 1690 cum
170 1667 188 1688 a
212 1649 387 1697 Propheta
410 1647 546 1684 Nathan
571 1651 748 1693 arguitur,
783 1653 824 1685 de
843 1660 940 1696 rapta
964 1665 1049 1685 con—

66 1708 146 1749 iuge
161 1705 325 1742 alterius,
354 1709 387 1736 et
402 1703 443 1734 de
467 1713 550 1734 nece
574 1701 712 1742 mariti,
742 1702 895 1736 existunt
922 1703 956 1735 in
978 1702 1049 1735 Da-

67 1758 147 1790 vide
177 1754 347 1790 horrendi
378 1763 542 1796 pavores,
576 1752 697 1795 quales
732 1764 832 1796 saepe
864 1754 1047 1786 describit:

64 1809 144 1842 Bon
169 1815 219 1840 est
236 1818 300 1849 pax
319 1805 456 1837 ossibus
479 1803 564 1834 meis
582 1814 600 1834 a
619 1810 806 1846 conspectu
825 1810 1047 1847 peecatorum

63 1869 224 1892 meorum
238 1863 301 1890 etc.
354 1853 523 1897 Agnoscit
549 1853 636 1885 iram
654 1852 719 1885 Dei
743 1855 909 1888 adversus
928 1867 1046 1898 pecca-

61 1918 156 1950 tum,
182 1907 278 1941 dolet
303 1912 506 1950 propterea,
533 1904 627 1947 quod
645 1904 793 1938 offendit
812 1904 945 1945 Deum,
972 1918 1045 1938 me-

60 1960 129 1995 tuit
143 1971 178 1992 se
194 1958 299 1991 abiici
315 1968 333 1989 a
352 1955 444 1995 Deo,
473 1955 559 1987 sicut
576 1963 655 1987 aute
675 1956 807 1989 viderat
825 1953 1047 1990 horribiliter

59 2011 164 2046 abiici
183 2009 337 2044 Saulem.
391 2006 557 2050 Denique
580 2006 703 2039 metuit
719 2013 877 2040 aeternas
895 2015 925 2040 et
946 2021 1044 2051 prae-

64 2068 178 2095 sentes
199 2071 349 2103 poenas,
382 2070 446 2090 nec
476 2057 545 2089 iam
577 2057 741 2100 colligere
772 2058 895 2091 merita
923 2066 1045 2103 potest,

62 2113 157 2145 videt
180 2111 252 2144 irae
266 2109 332 2142 Dei
350 2121 423 2141 non
442 2119 539 2151 posse
555 2108 688 2151 opponi
704 2120 782 2141 suas
800 2109 957 2149 virtutes,
985 2117 1044 2143 aut

61 2163 180 2208 priora
205 2162 313 2201 facta,
348 2166 380 2193 et
397 2160 658 2200 extingueretur
674 2161 918 2203 magnitudine
942 2161 1042 2193 dolo-
1069 2194 1071 2208 ζ

1069 2209 1071 2221 ⁵
1095 2211 1179 2252 Dei,
1204 2219 1236 2246 et
1253 2224 1325 2245 non
1342 2217 1483 2255 propter
1502 2214 1656 2241 nostram
1673 2208 1900 2250 dignitatem,
1927 2213 1987 2240 aut
2007 2206 2079 2240 ulla

58 2215 117 2255 ris,
143 2213 211 2246 nisi
229 2211 406 2246 accederet
429 2209 640 2243 consolatio:
664 2209 745 2243 Non
772 2212 944 2252 morieris,
970 2210 1044 2244 Do-

58 2266 174 2299 minus
197 2263 342 2297 abstulit
367 2268 545 2306 peccatum
573 2266 685 2295 tuum.
738 2260 813 2295 Hac
837 2263 954 2296 audita
981 2263 1043 2295 ab·

63 2316 237 2350 solutione
259 2325 380 2347 rursus
403 2311 607 2345 accenditur
628 2311 665 2343 in
684 2323 723 2344 eo
756 2313 858 2354 fides,
887 2326 954 2358 qua
980 2326 1041 2357 ap·

63 2364 284 2411 prehendens
299 2363 576 2403 absolutionem,
602 2362 728 2406 incipit
752 2363 879 2397 intueri
904 2365 1042 2397 miseri-

63 2417 216 2450 cordiam
232 2412 315 2457 Dei,
337 2422 370 2449 et
388 2414 514 2458 cogitat
529 2414 597 2446 iam
614 2420 764 2447 caeteras
781 2415 1042 2459 promissiones,

64 2475 96 2501 et
122 2468 158 2500 in
182 2467 372 2500 mediatore
396 2465 600 2511 acquiescit,
637 2477 675 2497 ac
701 2466 857 2508 agnoscit
880 2463 1041 2499 homines

62 2518 170 2562 recipi
193 2529 253 2561 per
270 2518 474 2550 immensam
491 2516 766 2549 misericordiam
786 2523 928 2561 propter
945 2529 1041 2550 sum-

63 2581 160 2602 mum
202 2569 435 2608 sacerdotem,
489 2567 774 2611 interpellantem
824 2580 886 2612 pro
928 2569 1041 2609 nobis,

61 2631 165 2665 quem
184 2619 256 2663 ipse
273 2619 430 2652 nominat
440 2617 663 2652 Sacerdotem
673 2620 864 2653 secundum
878 2620 1039 2652 ordinem

63 2667 338 2704 Melchizedech.

112 2724 288 2758 Mamm-¹1.
317 2724 419 2757 Ormi.

460 2724 542 2755 von.
566 2724 644 2758 XV.

393 92 428 125 3.
458 89 756 134 ENARRATIO
785 91 938 128 EPIST.
965 90 1113 128 PAULI
1142 90 1208 127 AD
1237 88 1499 127 ROMANOS.
1551 88 1926 126 ARGUMENTUM.

406 2668 511 2703 Hunc
544 2669 609 2703 scit
647 2682 719 2704 esse
746 2671 975 2705 mediatorem
1007 2670 1070 2710 etl

2021 91 2095 128 802

1103 179 1326 223 placatorem.
1389 176 1521 212 Statuit
1552 176 1681 220 igitur,
1723 188 1759 210 se
1788 188 1928 221 quoque
1952 184 2095 222 propter

1103 242 1181 263 eum
1199 230 1326 273 recipi,
1353 235 1387 262 et
1404 229 1467 262 scit
1485 226 1579 261 hunc
1598 229 1730 262 cultum
1753 235 1785 261 et
1807 225 1901 261 hunc
1922 226 2095 262 honorem

1106 281 1177 314 Deo
1198 281 1445 324 praestandum
1464 291 1552 319 esse,
1569 286 1606 313 ut
1622 278 1852 322 promissioni
1878 280 2014 319 credat,
2032 291 2095 312 nec

1103 338 1239 364 accuset
1264 329 1376 363 Deum
1402 330 1595 370 mendacii,
1623 342 1686 363 nec
1707 329 1846 363 deficiat
1871 341 1889 362 a
1907 328 2003 370 Deo,
2032 342 2095 363 nec

1103 387 1305 415 contemnat
1329 380 1569 415 mediatorem.

1208 431 1247 464 ln
1265 429 1350 463 haec
1365 430 1521 472 exempla
1545 436 1577 463 et
1611 429 1739 462 similia
1758 430 1935 464 intuentes
1954 430 2094 464 facilius

1105 483 1341 525 intelligemus
1360 482 1558 514 doctrinam
1575 481 1617 513 de
1638 479 1907 521 iustificatione,
1937 492 2094 523 praeser-

1103 534 1165 568 tim
1188 534 1216 566 si
1239 545 1310 565 non
1330 532 1396 565 erit
1415 538 1551 565 tantum
1575 530 1702 573 frigida
1728 530 1832 563 otiosi
1864 531 1976 563 animi
1998 532 2095 574 cogi-

1105 585 1189 619 tatio
1201 609 1210 622 ,
1227 585 1285 616 sed
1303 584 1329 616 si
1348 594 1411 616 nos
1428 594 1568 628 qnoque
1587 582 1676 614 serio
1693 581 1954 624 expavescimus
1978 594 2093 615 recor-

1104 635 1246 669 datione
1264 641 1466 667 nostrorum
1485 633 1713 673 delictorum,
1740 638 1773 664 et
1789 632 1993 675 quaerimus
2011 644 2094 666 con-

1104 687 1326 720 solationem.

1205 736 1365 771 Sciamus
1390 735 1517 778 igitur,
1544 730 1635 766 hanc
1661 744 1732 765 esse
1757 732 1954 766 doctrinam
1972 731 2094 767 Evan-

1104 788 1203 832 gelii,
1233 790 1275 820 de
1291 799 1359 832 qua
1376 786 1507 820 Paulus
1532 786 1567 817 in
1595 781 1657 816 hac
1678 781 1836 827 Epistola
1855 785 2095 817 concionatur.

1105 839 1232 883 Arguit
1266 846 1464 882 peccatum,
1504 836 1590 869 sicut
1627 835 1794 878 scriptum
1831 841 1896 867 est:
1941 834 2095 878 Spiritus

1104 898 1246 924 sanctus
1276 895 1397 932 arguet
1420 890 1592 921 mundum
1619 887 1661 918 de
1685 891 1843 928 peccato,
1871 893 1903 918 et
1930 887 2095 929 proponit

1105 941 1401 979 consolationem,
1437 939 1619 975 videlicet,
1664 936 1930 980 promissionem
1965 937 2007 968 de
2039 949 2094 969 re·-

1107 993 1273 1025 missione
1299 997 1538 1034 peccatorum,
1566 995 1599 1021 et
1623 987 1911 1020 reconciliatione
1929 987 2094 1020 donanda

1107 1050 1249 1087 propter
1273 1043 1383 1075 filium
1407 1040 1490 1081 Dei,
1528 1046 1559 1071 et
1581 1039 1730 1071 affirmat
1763 1049 1841 1077 eos,
1874 1038 1934 1082 qui
1961 1039 1996 1069 in
2024 1038 2094 1071 illis

1107 1094 1297 1139 pavoribus
1321 1093 1489 1131 credunt,
1525 1090 1593 1123 sibi
1625 1089 1756 1121 remitti
1785 1095 1922 1131 peccata
1948 1097 2094 1132 propter

1105 1147 1217 1179 filium
1241 1144 1490 1179 mediatorem,
1525 1141 1651 1183 gratis,
1687 1151 1766 1171 vere
1789 1138 1918 1182 recipi,
1945 1145 1978 1172 et
2001 1140 2093 1172 acci-

1105 1209 1186 1241 pere
1214 1195 1455 1228 remissionem
1482 1198 1721 1235 peccatornm‚
1753 1196 1786 1222 et
1810 1189 1914 1222 simul
1938 1201 2016 1222 cum
2038 1202 2091 1223 re-

1106 1247 1272 1280 missione
1289 1251 1509 1290 peccatorum
1536 1245 1640 1274 datur
1664 1240 1816 1284 Spiritus
1842 1246 1998 1281 sanctus,
2032 1241 2093 1286 qui

1105 1298 1249 1331 adiuvat
1264 1297 1454 1329 luctantem
1481 1292 1750 1330 conscientiam,
1785 1297 1817 1323 et
1840 1298 2093 1325 sustentantem

1104 1361 1138 1381 se
1158 1349 1244 1388 fide,
1271 1354 1304 1380 et
1321 1346 1426 1379 simul
1449 1344 1608 1378 accendit
1625 1348 1776 1375 caeteras
1803 1341 1966 1382 virtutes,
1994 1343 2092 1375 scili-

1103 1407 1155 1433 cet
1180 1398 1441 1431 invocationem
1468 1395 1552 1434 Dei,
1586 1401 1619 1428 et
1648 1393 1830 1426 coufirmat
1858 1393 2090 1435 voluntatem,

1104 1457 1141 1486 nt
1171 1461 1206 1483 se
1234 1449 1400 1482 subiiciat
1421 1446 1514 1487 Deo,
1551 1444 1677 1479 habeat
1704 1445 1865 1476 timorem
1892 1442 1975 1484 Dei,
2003 1445 2092 1477 dile-

1102 1502 1253 1535 ctionem
1278 1507 1308 1532 et
1327 1501 1459 1533 bonum
1476 1497 1714 1541 propositum,
1741 1494 1830 1526 sicut
1854 1495 1945 1527 clare
1961 1495 2091 1529 dicitur

1102 1554 1142 1585 ad
1163 1550 1265 1586 Gala.
1284 1552 1334 1586 3.:
1368 1549 1413 1583 Ut
1433 1547 1700 1592 promissionem
1717 1545 1860 1587 spiritus
1880 1545 2091 1589 accipiamus

1103 1615 1163 1647 per
1180 1603 1294 1635 fidem.
1350 1599 1446 1633 Haec
1463 1599 1625 1631 voluntas
1643 1595 1724 1635 Dei,
1743 1597 1785 1627 de
1804 1596 2091 1630 reconciliatione

1104 1660 1246 1695 propter
1271 1652 1400 1691 filium,
1428 1662 1500 1682 non
1526 1655 1576 1682 est
1600 1654 1682 1681 nota
1709 1643 1914 1678 hominibus
1937 1648 2089 1680 naturali

1103 1705 1194 1742 luce,
1233 1703 1322 1736 sicut
1356 1703 1429 1740 lex,
1468 1702 1524 1733 sed
1562 1701 1734 1731 immensa
1760 1697 1915 1729 bonitate
1940 1698 2088 1731 interce-

1101 1756 1204 1786 dente
1229 1754 1320 1791 filio,
1352 1751 1522 1797 patefacta
1549 1758 1598 1783 est
1625 1762 1708 1782 voce
1724 1747 1786 1781 Dei
1813 1747 1915 1780 initio
1941 1748 1977 1780 in
2004 1761 2086 1792 pro-

1100 1804 1346 1843 missionibus,
1388 1810 1420 1836 et
1454 1809 1570 1845 postea
1596 1801 1767 1833 illustrata
1793 1810 1854 1842 per
1880 1797 2086 1843 Prophetas,

1100 1868 1159 1899 per
1178 1856 1292 1899 ipsum
1310 1854 1419 1887 filium
1448 1859 1479 1886 et
1500 1851 1698 1895 Apostolos.

1202 1905 1415 1950 Quanquam
1438 1911 1552 1936 autem
1575 1903 1755 1949 perspicue
1780 1902 1906 1934 tradita
1931 1908 1979 1935 est
2000 1898 2084 1934 haec

1100 1958 1259 1990 doctriua
1279 1958 1314 1989 in
1336 1952 1520 1998 Prophetis
1538 1952 1780 1997 etApostolis,
1798 1959 1914 1985 tamen
1934 1952 2084 1985 subinde

1099 2009 1133 2041 in
1159 2010 1292 2041 mundo
1321 2007 1416 2039 varie
1448 2006 1632 2038 obscurata
1664 2011 1724 2038 est.
1802 2002 1977 2036 Monendi
2000 2009 2082 2036 sunt

1099 2060 1204 2102 igitur
1227 2059 1400 2097 iuniores,
1438 2064 1475 2089 ut
1501 2056 1654 2089 nativam
1672 2053 1856 2097 Evangelii
1872 2054 2080 2087 sententiam

1096 2110 1280 2145 retineant.
1340 2107 1583 2142 Certissimum
1609 2113 1675 2146 est,
1711 2104 1860 2138 Paulum
1886 2102 1953 2138 hoc
1979 2105 2082 2146 velle,

1096 2158 1216 2194 Fide
1241 2160 1469 2194 iustificamur
1491 2157 1616 2200 gratis,
1642 2157 1678 2190 id
1704 2163 1771 2194 est,
1799 2162 1943 2200 propter
1968 2155 2079 2189 filium

1096 2270 1212 2296 nostra
1229 2263 1353 2295 merita
1378 2260 1567 2304 accipimus
1583 2258 1824 2292 remissionem
1845 2264 2080 2301 peccatorum,

1095 2323 1126 2347 et
1159 2313 1482 2347 reconciliationem
1526 2318 1558 2343 et
1605 2309 1874 2353 imputationem
1908 2308 2078 2352 iusticiae,

1094 2378 1171 2398 cum
1189 2365 1364 2398 credimus
1381 2362 1594 2404 Evangelio,
1622 2367 1654 2393 et
1673 2360 1739 2392 side
1763 2358 1966 2399 statuimus,
1993 2356 2078 2392 haec

1093 2416 1260 2449 beneficia
1275 2415 1377 2449 nobis
1394 2423 1536 2458 propter
1553 2411 1663 2443 filium
1682 2410 1743 2443 Dei
1763 2410 1859 2447 dari,
1888 2415 1920 2442 et
1935 2409 2077 2455 quidem

1094 2467 1202 2500 credit
1227 2465 1309 2500 haec
1325 2467 1410 2499 fides
1428 2464 1593 2497 omnibus
1611 2461 1767 2494 articulis
1784 2460 1886 2501 fidei,
1914 2467 1948 2494 et
1973 2461 2078 2494 refert

1093 2526 1246 2552 caeteros
1265 2519 1306 2551 ad
1333 2515 1426 2550 hunc
1449 2514 1563 2558 ipsum
1586 2511 1791 2545 articulum:
1817 2510 2077 2545 Remissionem

1093 2576 1330 2613 peccatorum,
1366 2568 1409 2600 de
1434 2576 1504 2610 quo
1526 2562 1674 2597 articulo
1698 2574 1770 2595 non
1796 2568 1932 2595 tantum
1957 2562 1993 2594 in
2018 2573 2077 2605 ge-

1093 2633 1175 2653 nere
1193 2620 1406 2653 credendum
1425 2622 1492 2655 est,
1519 2614 1730 2659 quibusdam
1753 2613 1832 2646 aliis
1851 2613 2001 2653 remitti,
2028 2613 2076 2644 si-

1093 2679 1150 2705 cut
1169 2678 1201 2705 et
1218 2672 1406 2704 daemones
1424 2667 1590 2706 credunt,
1616 2664 1678 2698 sed
1696 2676 1815 2698 revera
1829 2664 1895 2698 tibi
1912 2663 1977 2707 ipsi
2002 2674 2076 2696 cre-

1403 2716 1447 2752 51
