2415 2942
225 96 320 134 1547

231 193 338 226 genus
364 179 560 213 humanum
589 182 726 220 pereat,
753 175 858 220 eripit
881 181 915 208 et
940 181 1055 209 servat
1078 175 1220 213 multos,

234 242 268 268 et
282 233 431 266 subinde
451 231 621 263 instaurat
641 227 843 267 Ecclesiam,
871 227 950 259 ideo
968 229 1011 259 de
1029 224 1095 260 hoc
1113 238 1220 271 parvo

236 291 337 318 coetu
356 280 596 315 invocantium
624 279 754 312 dicitur
778 276 939 311 Danielis
960 278 1033 312 11.:
1060 275 1106 310 Et
1128 277 1221 311 docti

236 336 273 368 iu
293 333 424 379 populo
448 331 626 365 docebunt
647 329 796 370 multos,
825 336 858 363 et
875 335 980 363 ruent
998 328 1035 361 in
1055 328 1171 372 gladio
1190 334 1222 362 et

236 387 388 419 flamma.
1049 411 1052 414 .

338 434 488 468 Manent
511 438 626 465 autem
651 431 687 463 in
712 428 775 463 bac
800 430 889 469 vita,
933 436 966 464 et
991 430 1027 463 in
1052 427 1117 463 hac
1142 440 1222 462 vera

237 485 394 521 Ecclesia
416 484 547 517 multae
567 483 806 522 infirmitates,
841 489 875 516 et
901 482 1043 526 quidem
1069 480 1223 514 seniores

239 538 348 580 magis
372 541 565 579 agnoscunt
590 541 622 566 et
646 533 830 576 deplorant
848 545 943 566 suam
960 533 1163 575 caliginem,
1191 537 1225 564 et

240 589 411 626 alienam,
452 593 484 618 et
512 596 591 618 suas
629 585 758 617 sordes.
827 582 909 617 ldeo
944 584 1060 628 inquit
1095 580 1225 615 Paulus

245 640 275 672 1.
291 635 453 674 Corinth.
470 636 522 671 8.;
553 635 626 668 Alii
644 646 749 680 super
768 635 1037 668 fundamentum
1059 639 1225 666 extruunt

242 702 386 729 aurum,
420 688 481 721 alii
505 693 707 729 argentum,
754 685 813 717 alii
839 685 994 732 stipulas.
1048 683 1226 717 Extruunt

244 753 368 774 aurum
394 746 425 773 et
452 745 653 781 argentum,
681 748 759 768 cum
785 735 937 768 refutant
956 732 1113 768 haereses
1130 741 1162 768 et
1182 734 1224 766 il-

244 794 393 825 lustrant
408 789 574 823 articulos
592 787 691 826 fidei,
718 786 872 829 Stipulas
890 786 1052 819 nominat
1069 785 1227 828 contagia

243 843 473 886 opinionum,
506 840 542 872 in
570 839 698 883 quibus
717 837 850 881 aliquid
872 837 1001 870 erroris
1026 844 1094 877 est,
1122 843 1161 870 ut
1185 837 1228 869 de

245 891 483 930 ceremoniis,
530 896 567 922 ut
593 889 742 921 multum
767 888 978 931 stipularum
1007 887 1228 929 Augustinus

246 951 278 977 et
295 944 353 977 alii
373 941 481 976 sancti
499 952 602 983 super
618 940 888 972 fundamentum
907 945 1144 972 extruxerunt.

346 993 437 1027 Cum
469 991 576 1034 igitur
599 989 730 1023 Paulus
755 989 891 1034 inquit,
931 988 1124 1023 Ecclesiam
1158 1000 1230 1022 esse

247 1045 446 1079 columnam
465 1049 497 1075 et
514 1043 630 1074 sedem
649 1040 821 1080 veritatis,
847 1040 997 1073 sciamus
1022 1053 1102 1074 eum
1130 1039 1230 1084 loqui

247 1098 289 1130 de
307 1108 387 1128 vera
407 1092 561 1128 Ecclesia
585 1091 757 1125 retinente
782 1091 1074 1132 fundamentum,
1101 1098 1132 1125 et
1157 1103 1232 1123 non

248 1152 492 1191 propugnante
525 1142 752 1187 pertinaciter
780 1142 874 1175 idola
900 1148 933 1175 et
958 1142 1138 1175 mendacia
1166 1154 1232 1185 pu-

248 1197 391 1240 gnantia
416 1208 494 1229 cum
520 1193 676 1227 articulis
698 1193 794 1226 fidei:
822 1193 902 1238 quia
920 1191 1015 1226 Deus
1035 1204 1171 1237 semper
1195 1193 1230 1225 in

249 1248 364 1293 aliqua
385 1254 481 1291 parte
499 1244 633 1287 generis
651 1242 796 1277 humani
818 1245 892 1277 vult
910 1245 1070 1286 agnosci,
1098 1244 1231 1277 etiamsi

251 1307 300 1332 est
318 1299 450 1340 exigua.
502 1295 582 1329 Huc
609 1295 758 1338 pertinet
776 1302 808 1327 et
832 1296 964 1328 dictum
989 1296 1032 1328 ad
1054 1293 1184 1339 EpheS.
1199 1294 1234 1330 5.

253 1349 297 1383 [Ξῖ
320 1349 417 1382 sistat
435 1347 501 1380 sibi
524 1345 714 1379 Ecclesiam
740 1357 812 1378 non
837 1343 1025 1379 habentem
1050 1347 1234 1384 maculam,

253 1407 284 1433 et
302 1407 340 1433 ut
355 1400 398 1433 sit
423 1404 540 1431 sancta
556 1403 587 1429 et
606 1396 803 1438 inculpata,
841 1396 971 1429 scilicet
1001 1396 1036 1428 in
1065 1408 1144 1429 vera
1170 1398 1234 1429 do-

253 1451 382 1489 ctrina,
409 1456 441 1483 et
460 1460 538 1481 vera
558 1448 624 1479 fide
642 1446 755 1479 Deum
775 1446 964 1487 invocans,
993 1453 1025 1479 et
1047 1447 1135 1481 iusta
1154 1459 1236 1492 pro-

251 1509 326 1546 pter
344 1501 454 1534 filium
470 1498 554 1537 Dei,
583 1497 815 1541 imputatione
832 1504 864 1530 et
881 1498 1090 1532 incoatione.

415 1624 484 1659 De
526 1622 728 1658 secunda
769 1621 1070 1670 Quaestione.

481 1723 541 1758 De
558 1728 734 1772 potestate
750 1723 1015 1757 ministrorum.

355 1801 567 1847 Expressum
612 1801 815 1833 mandatum
859 1806 908 1832 est
950 1799 1062 1832 Marci
1099 1800 1240 1833 ultimo:

257 1855 457 1890 Praedicate
501 1851 733 1894 Evangeliuin
780 1851 876 1883 omni
928 1858 1118 1885 creaturae.
1195 1849 1241 1884 Et

257 1910 293 1941 Ξ.
311 1901 474 1939 Corinth.
493 1903 542 1938 3.;
587 1902 715 1936 Sumus
739 1901 892 1934 ministri
923 1903 1005 1933 novi
1031 1903 1241 1943 testamenti,

259 1970 331 1991 non
372 1956 513 1994 literae,
562 1954 618 1986 sed
653 1952 808 1995 spiritus,
869 1950 915 1985 Et
948 1951 1070 1985 Iollan.
1095 1953 1238 1987 ultimo:

259 2009 358 2043 Sicut
385 2005 480 2038 misit
503 2016 558 2037 me
587 2011 701 2048 pater,
741 2003 790 2036 sic
819 2015 880 2045 ego
911 2003 1010 2036 mitto
1039 2016 1111 2037 vos.
1164 2003 1240 2036 Hoc

259 2059 463 2091 mandatum
490 2054 734 2098 complectitur
751 2066 808 2094 ea,
837 2066 926 2099 quae
947 2055 988 2086 ad
1008 2055 1239 2088 substantiam

261 2108 444 2142 ministerii
472 2105 661 2148 evangelici
689 2105 881 2147 pertinent,
915 2105 1075 2139 videlicet
1103 2106 1240 2149 praedi-

260 2161 431 2193 cationem
449 2156 654 2199 Evangelii,
677 2156 1016 2189 administrationem
1035 2156 1241 2190 Sacramen-

259 2218 394 2249 torum,
428 2205 825 2241 excommunicationem
852 2208 1129 2247 contumacium,
1167 2208 1242 2240 Ab·-

260 2261 470 2294 solutionem
505 2259 683 2302 agentium
720 2257 993 2301 poenitentiam,
1034 2259 1163 2292 iudicia
1197 2260 1243 2293 de

261 2312 392 2345 vocatis
433 2311 477 2342 ad
519 2308 755 2342 ministerium
806 2309 1056 2351 evangelicum⁴
1135 2308 1243 2344 Recte

260 2363 367 2396 etiam
401 2360 485 2394 addi
517 2366 662 2404 possunt
697 2358 827 2392 iudicia
862 2360 905 2392 de
939 2361 1117 2400 doctrina,
1161 2361 1242 2405 quia

261 2411 346 2446 haec
374 2423 454 2456 pars
480 2411 672 2444 necessaria
699 2416 748 2443 est
770 2410 807 2442 in
837 2411 1098 2454 praedicatione
1122 2409 1240 2444 Evan-

259 2463 353 2508 gelii.

359 2512 589 2558 Nequaquam
622 2523 703 2544 vero
737 2511 807 2544 ulla
844 2519 1000 2546 creatura
1038 2519 1242 2556 potestatem

260 2562 367 2598 habet
389 2576 479 2596 nova
499 2564 659 2606 dogmata
678 2563 853 2595 condendi
872 2565 914 2597 de
938 2563 1085 2596 essentia
1105 2569 1164 2596 aut
1182 2576 1241 2596 vo-

258 2616 393 2649 luntate
413 2613 499 2655 Dei,
539 2620 597 2646 aut
622 2624 732 2646 novos
757 2613 871 2647 cultus
902 2613 1132 2655 instituendi,
1171 2614 1241 2648 Sed

257 2667 348 2699 filius
368 2665 482 2711 quiin
500 2664 579 2698 sinu
598 2664 704 2709 patris
721 2669 788 2707 est,
823 2665 1001 2699 enarravit
1022 2666 1137 2700 nobis.
1191 2664 1243 2700 De

786 89 912 125 PHlL.
941 89 1056 128 MEL.
1084 87 1298 125 SCRIPTA
1326 86 1625 126 EXEGETICA.

2163 89 2261 126 1548

1274 173 1341 208 hoc
1364 175 1496 208 dictum
1522 181 1572 208 est
1597 171 1724 207 Matth.
1747 173 1822 208 17.:
1857 172 1963 208 Hunc
1990 175 2121 210 audite.
2176 172 2264 207 Item

1278 226 1351 268 ipse
1369 226 1485 271 inquit
1504 223 1626 260 lohan.
1647 224 1719 260 17.:
1750 224 1854 259 Pater
1871 226 2025 259 sanctific
2068 238 2127 260 eos
2149 226 2186 259 in
2205 237 2264 258 ve-

1276 277 1397 321 ritate,
1432 276 1556 311 Sermo
1576 283 1657 310 tuus
1674 282 1724 310 est
1741 276 1880 311 veritas.
1932 275 2020 309 ltem
2082 274 2167 312 atth.
2187 274 2264 310 15.:

1276 327 1419 361 Frustra
1438 327 1559 361 colunt
1576 339 1630 360 me
1645 327 1821 360 mandatis
1838 324 2036 363 hominum.
2077 327 2160 361 Ideo
2177 328 2264 360 falsa

1277 386 1309 412 et
1326 379 1433 422 impia
1450 386 1501 412 est
1517 378 1720 421 imaginatio
1739 376 2016 422 Episcoporum‚
2043 384 2077 412 et
2091 378 2264 411 similium

1277 429 1337 474 qui
1356 430 1520 463 tribuunt
1537 428 1721 474 Episcopis
1739 436 1799 462 aut
1818 429 1896 462 aliis
1915 436 2118 474 potestatem
2136 428 2267 463 consti-

1279 481 1403 514 tuendi
1428 492 1539 513 novos
1563 481 1688 515 cultus.

1379 529 1442 564 Est
1462 538 1577 565 autem
1603 532 1720 564 debita
1743 530 1946 564 obedientia
1972 530 2009 563 in
2042 530 2133 569 illis,
2177 542 2267 575 quae

1279 582 1421 625 proprie
1441 583 1484 614 ad
1510 582 1731 615 miniserium
1756 582 1950 626 pertinent,
1979 581 2113 614 sancita
2137 581 2173 613 in
2199 579 2267 614 hoc

1279 632 1392 673 dicto,
1418 632 1534 666 Lucae
1555 633 1628 667 10.:
1657 633 1730 675 Qui
1750 645 1810 666 vos
1832 633 1948 671 audit,
1976 644 2032 664 me
2050 632 2167 672 audit,
2194 631 2268 674 Qui

1280 695 1341 716 vos
1356 684 1506 726 spernit,
1525 695 1577 716 me
1594 684 1738 726 spernit.
1792 683 1830 716 ln
1853 682 1906 716 bis
1925 683 2027 716 dictis
2042 683 2183 715 deducit
2203 694 2267 716 nos

1282 735 1458 767 Dominus
1485 735 1526 767 ad
1553 735 1662 777 ipsam
1681 733 1866 777 Evangelii
1892 746 2030 772 vocem,
2059 745 2094 766 se
2113 734 2188 766 vult
2205 746 2268 766 au-

1281 785 1351 817 diri
1370 785 1405 817 in
1423 785 1683 829 praedicatione
1709 785 1971 823 ministrorum,
1999 797 2062 817 nec
2087 784 2270 818 constituit

1282 833 1365 868 haec
1385 835 1555 868 sententia
1574 847 1720 878 regnum
1738 836 1882 880 aliquod
1908 843 2000 868 extra
2022 835 2269 872 ministerium,

1282 887 1372 920 sicut
1394 885 1563 930 Episcopi
1588 886 1768 930 postulant
1796 886 2033 920 obedientiam
2069 885 2271 920 traditioni-

1283 938 1349 970 bus
1373 937 1564 981 praestari,
1598 949 1686 981 quae
1708 943 1791 971 sunt
1816 944 1910 971 extra
1935 949 2055 970 vocem
2071 936 2270 980 Evangelii.

1284 987 1466 1021 Praeterea
1490 1000 1554 1021 uec
1577 984 1710 1021 habent
1734 987 1887 1021 ministri
1910 986 2094 1031 Evangelii
2119 994 2271 1031 potesta-

1284 1045 1353 1072 tem
1375 1039 1492 1082 gladio
1509 1045 1569 1072 aut
1583 1039 1618 1071 vi
1635 1039 1811 1084 corporali
1826 1039 2021 1073 coercendi.
2074 1037 2126 1072 De
2143 1050 2211 1084 qua
2235 1049 2274 1071 re

1284 1090 1370 1123 alias
1394 1102 1517 1134 saepae
1540 1089 1681 1125 dicitur.

1483 1170 1551 1205 De
1592 1172 1736 1206 tertia
1780 1161 2084 1218 Quaestione.

1389 1240 1616 1274 Manifestum
1642 1248 1692 1275 est
1717 1240 1802 1273 oriri
1829 1240 2086 1274 controversias
2109 1240 2212 1274 etiam
2236 1241 2274 1274 in

1288 1303 1369 1325 vera
1391 1290 1567 1330 Ecclesia,
1595 1299 1633 1325 ut
1656 1290 1829 1325 Actorum
1857 1289 1913 1324 15.
1939 1298 2101 1335 apparet,
2127 1292 2207 1325 ideo
2230 1293 2274 1326 de

1289 1343 1430 1376 iudiciis
1454 1343 1654 1388 quaeritur:
1690 1341 1762 1385 Qui
1788 1343 1857 1376 sint
1883 1343 2036 1383 iudices,
2060 1349 2093 1376 et
2117 1355 2206 1388 quae
2230 1344 2275 1377 sit

1289 1406 1412 1427 norma
1442 1394 1536 1426 iuxta
1561 1405 1665 1438 quam
1688 1393 1838 1426 iudicari
1860 1400 2015 1437 oportet,
2049 1391 2095 1427 Et
2118 1406 2206 1438 quae
2231 1395 2275 1429 sit

1289 1445 1458 1478 autoritas
1474 1444 1628 1476 iudicum
1641 1469 1650 1487 ,
1673 1451 1705 1477 et
1723 1444 1902 1489 quomodo
1921 1455 2059 1479 necesse
2076 1444 2121 1477 sit
2135 1445 2274 1478 obtem-

1293 1507 1413 1540 perare
1437 1495 1602 1530 iudicato.

1391 1545 1459 1578 Hic
1482 1545 1635 1589 primum
1665 1544 1932 1578 considerentur
1964 1544 2093 1577 iudicia
2124 1545 2276 1588 politica,

1293 1597 1343 1629 ibi
1371 1596 1475 1629 iudex
1503 1602 1552 1628 est
1581 1595 1654 1639 ipse
1682 1607 1740 1627 rex
1768 1602 1828 1628 aut
1856 1602 1996 1639 praetor
2030 1607 2108 1628 cum
2142 1596 2275 1629 maiore

1295 1653 1390 1691 parte
1407 1646 1557 1681 consilii.
1612 1644 1742 1678 Norma
1761 1652 1810 1678 est
1830 1645 1867 1678 in
1884 1646 2041 1691 quolibet
2063 1657 2169 1689 regno
2192 1658 2275 1691 pro-

1296 1699 1389 1741 priae
1417 1697 1528 1740 leges,
1562 1696 1691 1741 quibus
1709 1697 1952 1740 obtemperare
1976 1703 2008 1730 et
2030 1695 2202 1735 iudicem,
2242 1704 2275 1731 et

1295 1749 1470 1792 litigantes
1498 1759 1635 1780 necesse
1664 1753 1724 1781 est.
1787 1747 1972 1781 Autoritas
2004 1747 2161 1780 iudicum
2197 1748 2277 1781 talis

1295 1807 1362 1839 est,
1382 1807 1419 1832 ut
1438 1811 1514 1831 cum
1535 1798 1569 1830 in
1588 1798 1662 1840 lege
1680 1804 1731 1831 est
1749 1798 1977 1841 ambiguitas,
1997 1798 2133 1841 possint
2149 1799 2277 1832 addere

1295 1857 1424 1883 certam
1442 1850 1735 1886 declarationem,
1770 1854 1802 1881 et
1821 1846 1905 1882 baec
1929 1848 2062 1882 additio
2081 1856 2197 1892 postea
2214 1847 2275 1883 ba-

1295 1902 1353 1934 bet
1371 1901 1441 1933 vim
1463 1900 1547 1942 legis
1567 1906 1709 1943 propter
1730 1900 1876 1941 gradum
1898 1899 2136 1942 magistratus,
2166 1907 2200 1934 et
2217 1902 2277 1933 de-

1296 1953 1398 1985 betur
1414 1951 1444 1983 ei
1461 1950 1680 1990 obedientia,
1716 1950 1851 1983 etiamsi
1875 1950 1979 1983 alicui
2005 1950 2157 1994 litiganti
2181 1963 2276 1986 secus

1296 2003 1446 2036 videtur.

1401 2052 1450 2086 lta
1473 2053 1603 2087 dicitur
1621 2051 1813 2085 iudicatum
1838 2052 1953 2084 valere
1976 2052 2162 2085 autoritate
2185 2054 2279 2096 regia

1297 2105 1351 2137 vel
1371 2105 1556 2148 praetoria,
1574 2103 1655 2148 quia
1674 2103 1773 2136 Deus
1790 2103 1938 2136 armavit
1957 2103 2196 2146 magistratum
2217 2116 2279 2148 po-

1297 2156 1431 2189 liticum
1465 2152 1528 2187 hac
1555 2160 1740 2199 potestate,
1784 2161 1815 2187 et
1844 2153 1981 2196 negotia
2012 2161 2093 2186 sunt
2123 2154 2278 2189 subiecta

1297 2206 1439 2241 rationi.
1492 2205 1611 2238 Potest
1638 2205 1774 2249 sapiens
1806 2205 2028 2247 magistratus
2059 2205 2278 2248 probabilem

1297 2258 1470 2290 rationem
1510 2257 1647 2295 videre,
1697 2267 1759 2288 cur
1793 2256 1838 2288 ita
1875 2255 2183 2299 pronunciandum
2224 2257 2279 2293 sit.

1298 2309 1458 2342 Debetur
1480 2314 1595 2341 autem
1615 2308 1644 2340 ei
1662 2306 1862 2340 obedientia
1883 2313 2026 2350 propter
2049 2307 2213 2349 gradum,
2241 2315 2279 2341 ut

1299 2360 1342 2393 sit
1360 2371 1425 2403 pax
1445 2365 1476 2392 et
1495 2359 1575 2391 finis
1595 2358 1727 2401 litium,
1757 2365 1789 2390 et
1815 2369 1892 2390 cum
1911 2369 1984 2390 non
2005 2357 2176 2391 obediunt
2194 2370 2278 2390 con-

1298 2410 1473 2450 demnati,
1515 2410 1646 2443 iustum
1682 2415 1731 2442 est
1766 2420 1825 2441 eos
1863 2419 1995 2451 cogere.
2050 2406 2174 2441 Talem
2207 2420 2279 2442 esse

1297 2462 1457 2494 ordinem
1487 2467 1519 2494 et
1550 2461 1771 2495 autoritatem
1806 2459 2019 2493 iudiciorum
2053 2458 2277 2502 politicorum

1297 2513 1456 2546 sciamus.

1396 2559 1520 2595 Postea
1538 2563 1795 2601 consideretur,
1815 2559 2176 2605 quatenuslcongruat
2194 2557 2279 2594 haec

1296 2614 1411 2657 imago
1430 2614 1473 2646 ad
1492 2613 1618 2646 iudicia
1635 2612 1820 2650 Ecclesiae,
1836 2623 1925 2657 quae
1942 2612 2060 2657 aliquo
2080 2611 2186 2645 modo
2205 2611 2279 2644 dis-

1295 2665 1424 2700 similia
1450 2671 1532 2698 sunt
1553 2664 1678 2698 iudicis
1703 2662 1866 2708 politicis.

2401 79 2415 111 ἴ..

2403 211 2415 554 ”nr-ammam
