2415 2942
303 125 397 163 ως
899 108 1025 146 rum.
1052 108 1168 144 Mer„
1197 105 1406 143 semem
1434 105 1731 142 ExeomtcA.
2218 108 2314 144 1120

309 221 383 245 cere
409 214 438 239 et
464 214 579 245 regere
610 206 745 234 coetum
772 196 973 241 publicum,
1009 200 1042 226 et
1065 193 1224 238 politias‚
1252 198 1286 225 et
1341 192 1376 225 in
1407 193 1512 226 simili
1542 192 1678 232 officio,
1723 191 1803 237 quia
1831 192 1940 225 voluit
1970 191 2063 227 Deus
2092 190 2185 226 banc
2208 192 2316 236 ipsam

310 259 490 294 mulierem
526 251 666 295 proprie
706 245 985 290 gubernatricem
1026 243 1286 276 oeconomicam
1342 244 1555 278 creationem
1592 249 1712 288 typum
1751 253 1823 275 esse
1855 240 2030 277 Ecclesiae
2070 244 2245 278 nascentis
2277 254 2318 277 ex

311 321 400 344 esse,
443 305 531 338 sicut
557 301 670 346 inquit
700 298 890 332 Homerus:
927 291 1034 342 λόγος
1063 291 1288 340 δ’ἄιιδρεσσι
1341 294 1425 328 filio.

315 358 464 392 neman,
1444 343 1528 378 Sine
1562 343 1633 376 nlla
1668 342 1890 376 dubitatione
1927 343 2082 386 proxima
2117 342 2231 386 imago
2267 350 2317 377 est

312 398 314 403 ’
391 389 581 448 ‘St-quitur
605 412 685 442 ergo
711 399 838 442 gradus
860 395 1123 430 oeconomicus:
1153 392 1218 426 Vir
1242 399 1292 425 est
1344 395 1477 428 aeterni
1503 393 1631 437 patris,
1666 394 1777 433 filius,
1805 393 1839 425 id
1866 399 1934 432 est,
1962 401 2011 426 est
2034 400 2158 426 natura
2185 394 2319 428 intelli-

314 464 416 501 caput
439 453 615 487 mulieris,
644 451 676 482 id
702 456 770 488 est,
796 447 850 480 vir
873 447 971 490 prius
987 446 1112 489 accipit
1137 443 1293 476 ministe·
1346 456 1448 488 gens,
1492 442 1626 477 babens
1655 444 1772 476 radios
1798 443 1834 475 in
1861 454 1896 475 se
1924 444 2116 476 transfusos
2142 444 2321 484 essentiae,

317 510 408 543 rium
434 503 581 537 docendi
600 509 630 534 et
651 498 812 542 regendi,
839 497 966 529 deinde
983 503 1115 540 partem
1133 493 1292 527 attribuit
1347 494 1555 539 sapientiae,
1596 494 1754 528 iustitiae
1780 500 1814 527 et
1845 493 1936 526 vitae
1962 494 2092 526 aeterni
2121 494 2250 537 patris,
2291 502 2323 528 et

317 556 455 592 mulieri
486 555 521 587 in
547 550 760 585 oeconomia.
813 547 928 581 Mater
949 548 1050 579 docet
1073 552 1106 578 et
1128 545 1215 587 regit
1238 555 1294 576 so·
1321 579 1324 597 Ι
1348 554 1398 579 est
1422 546 1531 588 gloria
1559 545 1683 588 patris,
1711 544 1744 576 id
1770 550 1838 582 est,
1873 545 2062 577 ostendens
2087 551 2120 578 et
2145 544 2324 578 celebrans

318 609 455 645 bolem,
491 604 578 638 sicut
597 601 753 636 Rebecca
778 598 876 631 docet
901 597 1012 630 fitium
1034 595 1149 630 Iacob.
1202 593 1296 627 Haec
1350 602 1483 640 patrem
1507 595 1544 627 in
1573 606 1696 637 genere
1722 591 1890 627 humano,

320 654 562 700 interpretatio
595 663 696 689 vera,
731 649 834 693 plana
870 655 902 681 et
928 646 1107 691 perspicua
1138 651 1199 678 est.
1232 599 1327 720 ‹Etl

321 710 374 742 vir
392 708 426 739 iu
447 705 587 749 publico
613 709 712 735 coetu
736 700 858 732 doctor
881 705 949 736 est,
977 704 1007 729 et
1031 696 1245 738 gubernator
1267 700 1299 726 et

323 758 522 804 praeliator.
574 752 677 786 Hunc
703 749 852 791 conspici
880 753 1031 790 oportet:
1061 746 1138 778 ideo
1162 756 1232 776 non
1257 744 1301 777 sit
1355 745 1508 779 Ecclesia
1529 757 1568 778 ex
1594 745 1669 788 ipso
1692 757 1837 788 corpore.
1862 745 1923 777 fxiii
1941 744 2027 783 Dei,
2054 745 2088 777 id
2108 751 2176 783 est,
2204 756 2247 779 ex
2264 757 2328 778 na-

325 809 468 841 velatus.
525 803 656 837 Mulier
679 812 750 832 non
771 801 870 831 docet
886 798 922 830 in
947 797 1086 840 publico
1104 805 1302 837 congressu,
1355 803 1432 829 tura
1459 796 1548 828 socia
1574 796 1634 827 filii
1658 794 1720 827 Dei
1744 797 1897 828 redemta
1919 807 1979 838 per
1998 795 2125 838 ipsum.
2176 793 2222 829 Et
2246 793 2329 829 haec

325 871 388 893 nec
406 864 452 890 est
473 851 696 898 gubernatrix
718 849 858 893 politica
884 860 948 880 nec
973 846 1188 891 praeliatrix:
1222 845 1301 877 ideo
1328 847 1332 909 Ἰ
1356 853 1405 879 est
1433 846 1547 888 imago
1574 845 1727 884 domini,
1757 853 1879 878 natura
1907 846 2126 887 intelligens,
2158 846 2331 890 accipiens

327 911 362 942 in
392 906 532 951 publico
562 907 736 936 conventu
761 899 806 931 sit
832 899 954 932 velata.
1006 896 1099 930 Haec
1123 903 1200 939 apte
1221 907 1303 927 con-
1358 898 1400 930 ab
1423 897 1496 940 ipso
1515 895 1714 928 immediate
1738 896 1902 933 verbnm,
1931 896 2145 938 agnitionem
2169 895 2252 937 Dei,
2279 907 2330 929 sa-

328 964 476 1003 gmum‚
512 954 592 999 quia
619 958 813 992 oratorem,
844 949 1133 991 gubernatorem,
1160 947 1304 985 ducem,
1361 947 1525 991 pientiam
1548 953 1580 979 et
1597 946 1782 983 iusticiam,
1802 952 1832 978 et
1850 953 1897 978 est
1915 946 2023 988 gloria
2044 946 2223 980 celebrans
2241 958 2332 982 enm.

328 1012 364 1043 3„
388 1007 459 1041 θεῖε
485 1003 638 1047 conspici
665 1006 821 1044 oportet,
856 999 945 1032 sicut
968 1004 1000 1030 et
1025 996 1119 1030 dorni
1145 996 1180 1028 in
1204 1007 1306 1028 oeco-
1359 995 1403 1030 Et
1428 997 1508 1040 quia
1534 1003 1583 1028 est
1602 1007 1641 1027 os
1660 1007 1698 1027 ex
1717 996 1854 1027 ossibus
1875 996 1967 1038 eins,
2001 1001 2034 1028 et
2056 1007 2135 1029 caro
2158 1008 2198 1029 ex
2220 1008 2334 1036 carne,

331 1059 467 1093 uomica
517 1052 770 1098 gubernatione
817 1047 1114 1082 matremfamilias
1153 1044 1307 1089 conspici
1333 1051 1335 1092 ζ
1361 1047 1522 1079 mirabile
1557 1046 1759 1079 incendium
1798 1052 1847 1078 est
1881 1045 2010 1078 amoris
2044 1053 2204 1080 mutuum
2242 1046 2334 1080 inter

329 1114 477 1154 oportet.
1334 1093 1336 1124 ἒ
1362 1097 1457 1130 bunc
1480 1096 1663 1129 dominum
1691 1103 1721 1129 et
1747 1096 1839 1128 inter
1862 1094 2063 1131 Ecclesiam.

432 1157 524 1191 Sunt
546 1164 626 1195 ergo
654 1150 835 1195 perspicua
860 1146 946 1181 haec
966 1148 1077 1181 dicta:
1107 1146 1171 1179 Vir
1189 1146 1223 1178 in
1244 1158 1308 1189 pu-
1335 1165 1337 1185 t
1463 1146 1530 1179 Hic
1549 1153 1649 1191 typus
1672 1146 1825 1178 illustrat
1843 1146 1973 1178 dictum
1991 1145 2110 1187 Pauli,
2138 1145 2209 1179 imo
2227 1152 2334 1180 totam

332 1210 423 1244 blico
456 1214 641 1247 congressu
671 1209 765 1234 stans
796 1200 929 1232 velatus
951 1198 988 1231 in
1012 1197 1212 1242 precatione
1245 1208 1309 1240 pu-
1336 1226 1338 1237 ,
1364 1198 1558 1231 doctrinam
1585 1197 1627 1228 de
1647 1194 1843 1231 Creatione.
1897 1195 1943 1229 Ut
1960 1193 2121 1229 Christus
2145 1203 2195 1230 est
2221 1198 2334 1241 imago

330 1261 439 1298 blica,
463 1263 521 1290 aut
536 1253 724 1292 concione,
751 1251 925 1284 deformat
940 1256 1060 1292 caput,
1089 1248 1123 1280 id
1143 1255 1211 1287 est,
1239 1257 1310 1278 non
1365 1248 1497 1281 aeterni
1515 1247 1636 1291 patris:
1666 1247 1711 1279 ita
1735 1247 1788 1278 vir
1806 1253 1855 1279 est
1873 1246 2029 1289 proxima
2056 1247 2168 1288 imago
2189 1246 2253 1280 Dei
2276 1259 2336 1281 seu

333 1316 443 1345 servat
463 1306 642 1343 ordinem,
667 1314 740 1335 non
756 1301 831 1334 vult
848 1299 1022 1344 conspici,
1043 1298 1132 1331 sicut
1148 1295 1311 1331 Christus
1338 1301 1340 1316 ¹
1365 1296 1517 1337 Christi,
1548 1297 1581 1329 iil
1607 1303 1673 1334 est,
1700 1304 1824 1329 natura
1850 1296 2067 1339 intelligens,
2100 1303 2220 1330 ornata
2239 1298 2337 1341 agni-

1451 644 1588 678 Deinde
1610 646 1699 678 sicut
1716 656 1754 677 ex
1774 646 1886 677 Adam
1909 644 2061 678 sumitur
2084 651 2195 684 costa,
2223 645 2328 685 unde,

1353 703 1389 729 nt
1409 696 1456 728 ibi
1481 695 1646 738 scriptum
1674 702 1742 735 est,
1771 695 1973 727 aedificatur
1989 693 2080 727 Eva:
2111 694 2157 727 ita
2177 696 2327 729 sumitur

336 1373 370 1395 se
394 1358 535 1404 praebet
559 1352 858 1397 conspiciendum.
1340 1385 1342 1391 ,
1367 1349 1463 1381 tione
1487 1347 1551 1379 Dei
1581 1354 1612 1379 et
1637 1347 1792 1385 iusticia,
1841 1354 1873 1380 et
1899 1347 2057 1379 ordinata
2084 1348 2127 1379 ad
2157 1345 2359 1390 publicum*

438 1407 516 1441 Dux
542 1404 601 1449 qui
634 1415 705 1435 non
742 1402 815 1434 vult
847 1399 1018 1444 conspici,
1062 1397 1239 1442 spernitur
1270 1397 1314 1429 ab
1341 1403 1342 1406 ’
1368 1398 1622 1434 ministerium,
1651 1398 1692 1429 ad
1717 1397 1961 1429 celebrandurn
1987 1395 2111 1432 Deum.
2313 1422 2321 1432 ,

339 1460 502 1495 exercitu.
554 1454 599 1487 Et
622 1464 756 1496 semper
781 1451 845 1484 snit
871 1457 902 1483 et
927 1457 976 1483 est
999 1449 1184 1488 usitatum,
1211 1448 1316 1480 duces
1471 1447 1593 1480 Postea
1628 1453 1660 1479 et
1690 1447 1815 1478 mulier
1845 1459 1922 1478 cum
1954 1447 1997 1479 sit
2030 1459 2069 1479 ex
2100 1447 2174 1479 viro
2209 1454 2340 1486 sumta,

337 1511 465 1545 habere
483 1504 672 1545 singularia
691 1503 787 1545 signa
806 1501 842 1533 in
860 1501 949 1541 acie,
977 1505 1016 1533 ut
1034 1498 1131 1532 cerni
1159 1505 1191 1531 et
1208 1509 1316 1540 agno-
1370 1498 1526 1542 proxime
1550 1504 1599 1529 est
1616 1496 1728 1539 imago
1747 1504 1776 1529 et
1793 1497 1901 1538 gloria
1919 1496 1982 1528 viri
1995 1523 2003 1536 ‚
2028 1497 2085 1528 sed
2105 1504 2217 1529 tamen
2238 1497 2341 1530 simul

338 1562 385 1595 sci
408 1558 550 1604 possim,
1372 1548 1530 1591 copulata
1554 1546 1650 1583 Deo,
1687 1546 1767 1590 quia
1789 1558 1875 1590 quae
1895 1547 1954 1578 uni
1978 1547 2079 1579 tertio
2098 1547 2254 1591 aequalia
2281 1559 2341 1581 seu

440 1609 497 1643 Sic
513 1604 660 1639 oratoris
678 1603 783 1642 actio,
808 1601 835 1634 si
853 1600 982 1633 diceret
998 1598 1149 1637 velatus,
1169 1596 1318 1630 ridicula
1345 1628 1346 1632 ,
1373 1598 1498 1630 similia
1517 1603 1614 1635 sunt,
1641 1596 1733 1629 inter
1756 1607 1827 1628 sese
1851 1604 1929 1628 sunt
1955 1597 2111 1640 aequalia
2129 1608 2188 1630 seu
2203 1597 2340 1630 similia.

342 1668 439 1695 esset.
493 1656 594 1691 Actio
614 1654 707 1688 enim
723 1651 926 1685 dominatur
952 1649 989 1681 in
1012 1649 1113 1680 vultu
1130 1655 1163 1681 et
1180 1648 1216 1680 in
1233 1659 1319 1679 ocu-
1374 1648 1493 1692 ltaque
1519 1653 1550 1680 et
1579 1646 1706 1679 mulier
1733 1653 1783 1679 est
1807 1653 1928 1679 natura
1963 1646 2181 1690 intelligens,
2221 1655 2343 1681 ornata

342 1714 394 1747 lis.
446 1708 554 1744 Recte
579 1706 684 1749 igitur
709 1703 876 1747 scriptum
902 1707 970 1733 est:
998 1698 1180 1732 Deformat
1207 1703 1320 1742 caput,
1374 1698 1552 1741 agnitione
1576 1695 1640 1730 Dei
1667 1704 1697 1730 et
1724 1697 1877 1736 iusticia,
1905 1703 1936 1730 et
1960 1698 2119 1730 ordinata
2145 1699 2188 1730 ad
2212 1705 2342 1732 certum

343 1775 377 1796 se
399 1768 431 1794 et
456 1757 648 1793 Christum.
1374 1749 1628 1785 ministerium,
1656 1748 1712 1780 sed
1730 1747 1910 1790 angustius
1930 1747 2122 1780 ministerio
2142 1748 2225 1789 viri,
2252 1749 2345 1781 scili-

443 1808 596 1844 Econtra
620 1805 747 1839 mulier
771 1802 943 1837 deformat
966 1807 1088 1844 caput,
1129 1799 1157 1833 si
1183 1810 1256 1831 non
1277 1797 1322 1831 sit
1375 1807 1426 1833 cet
1462 1800 1503 1832 ad
1537 1798 1791 1830 institutionem
1826 1804 1857 1830 et
1882 1798 2169 1840 gubernationem
2197 1810 2346 1832 oecono-

344 1863 473 1901 velata,
501 1858 582 1904 quia
604 1857 704 1890 etiam
723 1866 793 1887 non
812 1859 925 1886 servat
941 1852 1119 1890 ordinem,
1147 1857 1177 1883 et
1194 1848 1322 1882 intexi·
1376 1851 1511 1883 micam.
1564 1848 1609 1881 Et
1629 1855 1743 1881 tamen
1769 1847 1875 1880 simili
1892 1848 2059 1892 sapientia
2084 1855 2116 1882 et
2134 1849 2269 1882 iusticia
2290 1851 2347 1883 in-

345 1922 401 1947 tur
422 1911 619 1944 membrum
643 1919 682 1940 ex
703 1906 810 1939 altero
837 1909 1058 1946 argumento:
1091 1901 1224 1935 Natura
1247 1911 1322 1932 earn
1376 1907 1500 1933 vocmt
1517 1905 1548 1932 et
1565 1899 1741 1932 celebrant
1759 1897 1884 1933 Deum.
1939 1898 2089 1944 Ideoque
2107 1899 2267 1932 mirando
2292 1900 2346 1932 in-

344 1964 426 1999 texit
451 1971 558 1995 coma,
1377 1950 1501 1985 cendio
1527 1949 1639 1992 diligit
1672 1950 1728 1982 vir
1750 1949 1951 1989 mulierem,
1993 1956 2026 1982 et
2057 1949 2186 1982 mulier
2217 1950 2344 1990 virum,

1378 2002 1458 2047 quia
1483 2000 1610 2033 mulier
1633 2012 1672 2032 ex
1699 2000 1774 2032 viro
1798 2007 1908 2032 sumta
1931 2006 1997 2038 est,
2024 2006 2056 2032 et
2075 2007 2123 2033 est
2140 2000 2282 2038 similis,
2310 2001 2345 2034 id

1349 2061 1353 2104 1
1379 2059 1447 2091 est,
1487 2059 1610 2083 natura
1634 2050 1850 2091 intelligens,
1893 2057 2013 2082 ornata
2039 2050 2145 2083 simili
2171 2050 2347 2093 agnitione

449 2112 505 2144 An
528 2120 600 2141 non
626 2113 659 2139 et
680 2105 808 2138 mulier
833 2110 882 2136 est
906 2102 1019 2144 imago
1040 2100 1131 2134 Dei?
1174 2099 1326 2133 Verissi-
1379 2102 1462 2142 Dei,
1509 2101 1677 2145 sapientia
1705 2107 1735 2133 et
1762 2100 1910 2134 iusticia.
1969 2098 2015 2133 Et
2040 2112 2192 2133 amorem
2225 2113 2348 2134 accen-

348 2174 444 2197 mum
463 2168 530 2199 est,
553 2159 598 2191 ita
615 2156 794 2189 conditum
814 2165 884 2186 esse
906 2163 1014 2195 genus
1038 2149 1234 2184 humanum
1252 2163 1326 2182 ma·
1380 2155 1468 2186 dunt
1492 2151 1644 2194 cognitio
1667 2157 1699 2184 et
1725 2151 1938 2192 similitudo,
1983 2162 2070 2195 qnae
2093 2157 2176 2184 tunc
2199 2152 2348 2195 perfecta

351 2225 422 2248 rem
449 2218 481 2245 et
507 2208 712 2246 foeminam,
753 2212 791 2238 ut
814 2205 883 2237 sint
905 2209 1050 2235 naturae
1076 2201 1322 2243 intelligentes,
1381 2211 1452 2247 est,
1495 2213 1573 2235 cum
1600 2201 1749 2244 copulati
1774 2208 1855 2233 sunt
1879 2202 1915 2233 in
1940 2200 2033 2239 Deo,
2075 2201 2164 2234 sicut
2187 2208 2219 2234 et
2247 2201 2347 2235 initio

355 2271 533 2298 aeternae,
563 2263 784 2300 agnoscentes
801 2253 934 2293 Deum,
961 2259 1102 2286 ornatae
1119 2252 1274 2291 iusticia,
1294 2259 1328 2285 et
1381 2262 1460 2287 ante
1485 2254 1620 2297 lapsum
1646 2251 1724 2284 Mas
1743 2258 1776 2284 et
1799 2250 1966 2284 Foemina
1989 2252 2119 2295 pariter
2141 2251 2176 2283 in
2192 2250 2266 2285 Deo
2290 2265 2348 2286 co-

353 2313 539 2347 rollocatae
560 2310 595 2342 in
615 2308 808 2346 mundum,
835 2312 872 2338 ut
887 2303 988 2337 certis
1005 2303 1128 2336 officiis
1150 2302 1328 2335 celebrent
1381 2304 1489 2348 pulati
1508 2309 1617 2338 erant.
1670 2301 1723 2335 Ex
1739 2300 1793 2335 his
1810 2302 1967 2336 fontibus
1985 2302 2151 2334 sumenda
2168 2309 2249 2335 sunt
2268 2315 2347 2337 vera
2392 2344 2394 2352 ,

354 2363 488 2402 Deum,
529 2367 559 2393 et
586 2359 658 2391 eius
684 2356 847 2390 noticiam
880 2355 1020 2388 tradant
1043 2354 1265 2386 nascentibus
1288 2365 1327 2385 ex
1382 2362 1414 2388 et
1447 2354 1606 2387 miranda
1643 2360 1845 2396 argumenta
1877 2351 2144 2385 consociationis
2178 2353 2284 2386 maris
2318 2361 2352 2389 et

354 2414 447 2457 ipsis.
499 2411 549 2445 Ita
580 2416 727 2453 uterque
761 2414 809 2440 est
840 2406 953 2448 imago
987 2410 1018 2437 et
1048 2404 1217 2448 templum
1245 2401 1328 2443 Dei,
1380 2405 1573 2444 foeminae,
1615 2409 1647 2436 et
1672 2403 1845 2444 coniugii,
1888 2410 1920 2436 et
1943 2401 2071 2433 amoris
2096 2402 2217 2436 mutui.
2269 2403 2350 2438 Non

355 2472 500 2496 utercme
526 2468 572 2493 est
600 2466 724 2492 natura
747 2456 967 2499 intelligens,
1003 2461 1124 2488 ornata
1149 2453 1328 2497 agnitione
1382 2457 1429 2489 sie
1454 2462 1544 2487 amat
1570 2454 1623 2486 vir
1641 2459 1808 2492 statuam,
1835 2453 1915 2497 quia
1939 2463 2002 2484 nec
2029 2459 2171 2493 cognata
2192 2460 2262 2497 est,
2288 2467 2352 2489 nec
2391 2466 2392 2474 ¹

354 2513 418 2548 Dei
447 2497 479 2543 2¹1
506 2510 653 2543 iusticia·
1381 2506 1505 2539 similis
1528 2512 1596 2543 est,
1626 2504 1660 2536 id
1687 2510 1755 2542 est,
1789 2514 1860 2534 non
1885 2509 1932 2535 est
1956 2514 2008 2534 res
2034 2502 2249 2544 intelligens,
2289 2517 2352 2539 nec
2390 2545 2391 2552 ἵ

459 2562 525 2595 Sed
545 2568 659 2593 tamen
679 2558 805 2601 gradus
822 2562 914 2591 sunt.
967 2554 1033 2588 Vir
1060 2561 1109 2588 est
1132 2554 1229 2599 prior
1248 2566 1328 2587 mu·
1382 2563 1503 2589 ornata
1522 2554 1629 2587 simili
1646 2553 1812 2597 sapientia
1833 2559 1865 2585 et
1882 2552 2034 2590 iusticia,
2063 2565 2101 2585 ac
2116 2553 2222 2586 simili
2244 2555 2352 2588 mini-

357 2616 459 2653 llere,
488 2618 520 2644 et
543 2609 670 2642 mulier
686 2608 848 2640 mirando
871 2606 1017 2639 consilio
1035 2618 1073 2639 ex
1095 2606 1169 2649 ipso
1189 2605 1328 2638 condita
1382 2607 1498 2641 sterio.
1552 2605 1620 2639 Sed
1653 2603 1779 2636 mulier
1803 2608 1853 2635 est
1883 2609 2044 2645 cognata,
2080 2610 2113 2637 et
2135 2610 2186 2637 est
2209 2605 2351 2644 similis,
2388 2646 2390 2653 y

358 2672 423 2704 est,
459 2670 491 2696 et
515 2669 629 2694 tamen
655 2658 779 2692 similis
803 2657 900 2698 viro,
933 2664 965 2690 et
988 2656 1142 2690 serviens
1166 2667 1228 2689 suo
1251 2656 1327 2689 loco
1383 2657 1418 2690 id
1442 2663 1510 2698 est,
1537 2662 1587 2688 est
1604 2665 1658 2687 res
1672 2652 1887 2696 intelligens,
1913 2660 2033 2688 ornata
2051 2653 2155 2686 simili
2175 2655 2354 2697 agnitione
2388 2664 2389 2697 ᾗ

531 2039 602 2074 Vir
624 2044 673 2074 est
702 2039 827 2083 imago
851 2041 880 2070 et
903 2035 1028 2082 gloria
1054 2033 1140 2069 Dei.
