2415 2942
87 83 135 122 85

85 189 169 211 men
185 174 242 210 hie
260 173 420 222 quuitur
440 176 484 209 de
501 176 689 221 principali
714 188 814 210 causa
835 188 916 209 suae
941 176 1082 209 missio—

83 229 161 270 nis,
188 234 222 261 et
245 240 325 261 mox
350 228 503 262 occurrit
527 228 734 261 obiectioni:
763 226 836 269 Qui
860 238 932 259 non
958 226 1080 270 credit,

85 280 154 313 iam
174 279 350 312 iudicatus
367 286 427 312 est.
469 279 541 312 Iam
562 286 611 312 est
628 279 696 312 lata
715 277 885 310 sententia
905 278 947 309 de
962 278 1079 310 omni-

83 331 150 364 bus
166 330 477 364 contemnentibus
503 328 599 363 hunc
624 329 853 368 salvatorem,
881 329 938 360 sed
960 335 1076 361 tamen

84 387 188 415 erunt
206 380 318 426 aliqui
337 393 410 414 non
426 387 701 422 contemnentes,
728 391 800 412 non
819 379 947 423 peribit
965 386 1077 413 totum

83 444 193 477 genus
212 429 430 470 humanum,
458 431 523 464 erit
547 431 675 475 aliquis
699 437 836 474 coetus,
870 430 931 474 qui
957 430 1078 464 audiet

109 495 179 517 unc
196 483 327 524 filium,
354 489 387 516 et
403 482 520 522 credet
536 481 590 522 ei,
617 493 656 514 ac
672 481 880 515 salvabitur.

208 565 288 614 Qui
303 563 415 600 credit
435 564 475 599 in
498 565 637 612 ipsum,
666 577 740 599 non
757 563 954 601 iudicatur.

180 633 313 669 Haeret
348 641 528 678 peccatum
568 633 606 667 in
643 633 811 667 omnibus
858 630 1076 672 bominibus,

79 691 224 732 propter
245 685 338 731 quod
356 696 479 719 omnes
503 691 586 719 sunt
609 685 679 725 rei,
715 691 747 718 et
771 685 903 718 accedit
925 685 1074 717 alterum

78 743 259 782 peccatum
283 737 321 769 in
344 737 485 777 multis,
511 743 693 770 contemtu
714 736 778 768 filii
795 734 881 777 Dei,
911 736 1001 769 sicut
1020 736 1076 767 in-

79 789 133 821 fra
148 788 303 822 dicetur:
347 786 502 832 Spiritus
527 794 666 820 sanctus
691 793 812 830 arguet
835 788 1009 819 mundum
1033 787 1076 819 de

77 846 242 883 peccato,
279 839 361 884 quia
384 850 460 872 non
490 839 642 872 credunt
672 839 710 871 in
745 850 810 871 me.
863 836 934 871 Ubi
968 837 1075 880 igitur

76 902 151 923 non
175 897 225 924 est
249 890 381 933 agnitio
406 889 689 933 misericordiae,
717 895 751 922 et
774 888 1075 922 reconciliationis

77 947 221 985 propter
238 941 350 974 filium
366 941 576 985 promissae,
603 951 742 973 necesse
759 946 810 973 est
834 940 935 987 sequi
959 946 1074 973 aeter-

78 1004 160 1025 nam
197 992 311 1026 iram:
367 991 448 1036 quia
481 998 660 1036 peccatum
693 1003 766 1024 non
794 998 844 1024 est
875 991 1073 1031 remissum,

77 1044 138 1076 sed
156 1043 387 1076 cumulatum.
428 1041 603 1084 Ennium,
633 1043 694 1076 ubi
711 1042 891 1085 agnitione
910 1042 975 1074 filii
994 1041 1071 1081 Dei,

77 1102 111 1128 et
133 1094 201 1127 fide
225 1095 397 1138 accipitur
418 1094 578 1127 remissio
597 1100 841 1137 peecatorum,
876 1093 1074 1126 liberantur

76 1152 212 1179 mentes
235 1146 279 1178 ab
306 1145 358 1179 ira
383 1144 459 1179 Dei.
520 1143 664 1178 Dictum
691 1142 825 1178 Christi
851 1142 941 1176 nibil
967 1141 1073 1176 babet

77 1195 300 1230 obscuritatis
318 1223 328 1237 ‚
381 1196 441 1228 sed
483 1193 669 1229 antithesis
711 1195 966 1228 consideranda
1010 1201 1071 1228 est.

75 1245 287 1280 Pharisaeus
313 1247 458 1290 putabat
483 1246 559 1279 tolli
584 1253 781 1290 peccatum,
822 1253 855 1279 et
880 1246 967 1278 iram
993 1243 1072 1287 Dei,

79 1305 111 1331 et
129 1298 205 1331 dari
223 1298 328 1331 vitam
350 1304 527 1331 aeternam
554 1304 696 1340 propter
721 1297 850 1339 legem,
879 1297 921 1329 de
942 1295 1071 1328 Messia

77 1346 170 1382 nihil
187 1348 255 1382 tale
272 1348 465 1391 cogitabat,
491 1349 550 1380 sed
569 1348 768 1380 somniabat
791 1348 1070 1390 gubernaturum

77 1411 150 1433 esse
173 1399 298 1432 mundi
323 1398 524 1443 imperium.
577 1396 625 1432 At
649 1405 789 1431 econtra
818 1396 980 1432 Christus
1003 1398 1070 1432 ait:

73 1451 122 1484 ita
139 1450 217 1484 tolli
241 1457 418 1494 peccatum
443 1456 476 1482 et
500 1449 588 1481 iram
606 1446 692 1488 Dei,
717 1461 755 1482 ac
779 1449 854 1482 dari
879 1449 985 1482 vitam
1014 1461 1072 1481 ae-

75 1509 233 1542 ternam,
257 1501 287 1533 si
303 1502 485 1534 credamus
502 1500 539 1532 in
563 1498 658 1534 hunc
676 1499 827 1541 Filium,
855 1499 1022 1533 Messinm
1040 1506 1073 1533 et

74 1552 306 1596 salvatorem.

101 1634 181 1684 Qui
201 1642 318 1671 autem
334 1650 408 1671 non
431 1635 561 1677 credit,
591 1635 666 1669 iam
685 1634 872 1670 iudicatus
889 1640 956 1678 est,
983 1641 1044 1673 etc.

178 1704 361 1739 Sententia
376 1704 615 1738 damnationis
639 1716 712 1737 non
735 1702 842 1739 habet
867 1717 956 1750 opus
978 1718 1069 1739 nova

75 1756 379 1801 promulgatione,
414 1756 496 1801 quia
526 1755 642 1788 statim
673 1762 751 1798 post
774 1756 911 1799 lapsum
938 1757 1070 1800 primo-

74 1820 153 1841 rum
172 1814 378 1850 pareutum,
406 1817 570 1850 oppressa
588 1812 639 1839 est
654 1813 794 1850 peccato
812 1813 844 1839 et
863 1814 973 1840 morte
988 1808 1071 1840 uni-

73 1869 173 1891 versa
193 1858 396 1901 posteritas,
421 1863 564 1901 propter
581 1857 791 1890 sententiam
810 1864 890 1890 ante
908 1858 1013 1891 latam
1033 1859 1070 1890 in

73 1908 259 1942 Paradiso:
301 1907 420 1941 Morte
448 1907 620 1940 morieris.
683 1906 755 1940 Iam
782 1908 890 1951 igitur
912 1908 1070 1947 iudicati,

74 1957 142 1993 hoc
174 1966 241 1999 est,
282 1959 441 1992 damnati
475 1965 557 1992 sunt
588 1970 710 1991 omnes
744 1957 916 1992 homines.
971 1959 1070 1993 Sicut

74 2010 206 2045 Paulus
224 2011 362 2056 inquit,
389 2009 495 2044 Rom.
512 2010 563 2045 3.:
601 2007 737 2043 Omnes
756 2017 1005 2053 peccaverunt,
1032 2011 1067 2044 id

76 2069 147 2103 est,
175 2062 227 2095 rei
244 2068 346 2102 sunt,
374 2068 406 2095 et
426 2068 546 2094 carent
562 2061 673 2104 gloria
689 2060 767 2095 Dei.
814 2059 860 2094 Et
878 2063 919 2094 ad
938 2060 1066 2105 Ephes.

75 2116 129 2149 2:
157 2111 308 2146 Eramus
332 2119 458 2146 natura
484 2112 549 2144 fitii
574 2113 655 2145 irae.
709 2111 766 2145 Sic
792 2119 907 2145 autem
926 2113 962 2145 fit
980 2113 1069 2146 libe-

74 2165 185 2208 ratio,
211 2176 292 2197 cum
317 2164 385 2196 fide
411 2163 633 2206 agnoscimus
658 2163 788 2201 filium,
823 2170 855 2197 ct
879 2164 1069 2207 accipimus

73 2215 419 2255 reconciliationem,
446 2221 479 2247 et
498 2226 537 2246 ex
562 2225 670 2257 regno
698 2215 924 2247 tenebrarum
945 2217 1067 2248 tradu-

73 2267 186 2301 cimur
200 2267 237 2299 in
253 2278 401 2309 regnum
427 2265 489 2298 filii
507 2264 591 2305 Dei,
620 2272 652 2298 et
671 2277 732 2309 per
748 2278 866 2299 vocem
884 2265 1067 2307 Evangelii

74 2330 164 2352 nova
182 2318 276 2357 luce,
304 2324 338 2351 et
351 2317 421 2350 vita
447 2323 587 2349 aeterna
608 2317 793 2350 donamur.
847 2316 937 2350 Cum
963 2318 1070 2361 igitur

74 2369 299 2414 praecesserit
317 2368 496 2401 damnatio
524 2368 703 2411 complexa
727 2375 838 2402 totum
864 2364 973 2409 genus
1001 2367 1068 2402 hu-

76 2433 218 2453 manum
232 2447 241 2459 ,
267 2427 300 2453 et
319 2418 354 2452 bi
375 2419 435 2463 qui
456 2431 527 2451 non
545 2419 760 2457 liberantur,
789 2427 951 2453 maneant
974 2420 1010 2452 in
1030 2433 1067 2453 ea

77 2472 322 2511 damnatione,
356 2477 448 2504 recte
470 2468 528 2502 hic
559 2470 704 2502 dicitur:
740 2470 810 2512 Qui
845 2483 917 2503 non
948 2472 1069 2512 credit,

76 2523 145 2555 iam
162 2522 335 2556 iudicatus
352 2528 412 2555 est.
463 2520 576 2554 Porro
593 2519 677 2554 haec
698 2522 769 2564 ipsa
789 2522 988 2562 damnatio,
1009 2535 1067 2555 seu

76 2574 128 2606 ira
146 2571 232 2616 Dei,
258 2574 319 2606 etsi
338 2585 377 2606 ex
395 2580 508 2606 morte
525 2580 556 2606 et
574 2573 718 2607 caeteris
738 2573 995 2607 calamitatibus
1013 2574 1069 2606 in-

76 2624 185 2668 telligi
205 2624 372 2664 debebat,
397 2631 513 2657 tamen
532 2624 635 2657 etiam
655 2624 841 2657 verboDei
859 2636 921 2671 per
936 2623 1068 2666 Patres,

75 2673 290 2720 Prophetas,
331 2674 511 2709 Christum
535 2683 565 2709 et
593 2673 784 2723 Apostolos
810 2676 983 2709 declarata
1007 2684 1068 2718 est,

557 83 858 122 ENARRATIO
894 86 944 122 IN
976 85 1161 126 EVANG,
1197 87 1414 127 IOANNIS.
1474 90 1578 126 CAP.
1614 92 1677 128 111.

2082 102 2128 136 86

1135 184 1167 211 et
1183 190 1321 222 semper
1336 176 1423 212 haec
1437 190 1504 211 vox
1515 179 1804 213 ostendensiram
1815 180 1894 223 Dei,
1922 184 1958 217 in
1968 184 2123 222 Ecclesia

1133 239 1259 261 sonare
1282 230 1395 263 debet.
1451 228 1534 263 Ideo
1554 230 1684 264 Paulus
1701 231 1748 264 sic
1767 233 1906 266 orditur
1923 247 2020 269 suam
2038 251 2122 272 con-

1134 279 1287 312 cionem:
1315 279 1509 314 Revelatur
1530 281 1579 313 ira
1598 281 1663 314 Dei
1683 283 1726 315 de
1743 284 1839 316 coelo
1858 296 1963 329 super
1979 300 2121 323 omnem

1134 329 1357 374 iniquitatem
1381 338 1413 363 et
1436 332 1648 365 iniusticiam
1670 331 1868 370 hominum.
1923 336 2008 371 Item
2033 340 2121 377 psat.

1137 380 1212 414 13.:
1240 379 1334 413 Deus
1366 382 1408 413 de
1442 382 1539 414 coelo
1569 385 1718 426 respexit
1750 397 1854 428 super
1885 388 1975 421 filios
2005 388 2122 425 bomi-

1133 442 1236 469 num,
1264 438 1330 464 etc.
1388 429 1525 464 Omnes
1542 434 1808 469 declinaverunt
1828 444 1889 472 etc.
1944 439 2018 473 Hae
2037 455 2122 475 con-

1132 482 1251 514 ciones
1276 488 1358 515 sunt
1379 483 1574 515 sententiae
1593 484 1659 515 iam
1682 485 1771 518 latae
1789 488 1831 518 de
1848 491 2032 530 omnibus,
2061 496 2120 527 sed

1131 533 1175 566 ab
1204 530 1268 566 hac
1300 534 1595 566 condemnatione
1621 535 1820 577 eripiuntur
1846 536 1900 580 bi,
1936 543 1995 586 qni
2023 546 2123 587 agni-

1132 583 1227 616 tione
1251 584 1350 617 verbi
1369 582 1458 625 Dei,
1485 596 1543 618 seu
1568 585 1636 618 fide
1659 586 1837 629 accipiunt
1861 594 2122 629 reconciliatio-

1129 647 1227 668 nem.
1267 635 1471 678 Diligenter
1485 642 1601 668 autem
1619 637 1915 673 considerandum
1932 650 2000 681 est,
2024 648 2121 689 quod

1130 697 1268 719 causam
1286 686 1524 720 damnationis
1541 687 1589 720 ait
1605 699 1688 726 esse,
1717 700 1791 721 non
1804 692 1944 726 credere
1958 694 1993 727 in
2008 696 2119 730 filium

1129 736 1208 772 Dei.
1260 735 1337 770 Etsi
1352 737 1444 769 enim
1461 745 1640 781 peccatum
1657 736 1804 772 haerens
1819 741 1854 773 in
1872 750 1996 778 natum
2016 748 2121 782 etiam

1130 799 1230 821 causa
1250 795 1299 821 est
1321 788 1357 820 in
1378 800 1451 820 non
1469 789 1650 830 credente,
1680 797 1795 823 tamen
1813 793 1894 837 quia
1915 793 1980 829 hoc
1996 810 2120 841 pecca—

1129 845 1203 872 tum
1227 839 1360 882 regitur
1384 839 1451 871 fide
1474 840 1512 872 in
1535 837 1591 872 his
1615 841 1675 885 qui
1693 843 1862 882 credunt,
1893 847 2026 880 etiamsi
2044 862 2118 883 ma-

1130 896 1210 922 neat
1236 891 1369 934 reipsa,
1398 897 1514 923 tamen
1539 903 1611 925 non
1638 893 1799 935 damnat,
1826 897 1885 929 sed
1905 899 2015 940 gratia
2036 913 2119 935 exu-

1130 942 1228 974 berat
1248 953 1352 984 supra
1371 948 1562 985 peccatum.

1231 991 1326 1025 Haec
1359 992 1477 1025 omnia
1511 993 1724 1027 videbantur
1748 993 1936 1032 Pharisaeo
1969 1014 2058 1036 nova
2086 1013 2118 1040 ct

1128 1043 1300 1083 absurda,
1336 1050 1368 1076 et
1396 1043 1432 1076 in
1459 1043 1663 1077 universum
1693 1047 1806 1079 aliena
1832 1058 1913 1084 sunt
1936 1063 1953 1084 a
1978 1053 2118 1089 iudiciis

1128 1092 1311 1133 humanis,
1340 1107 1427 1139 qnae
1450 1101 1587 1127 tantum
1612 1095 1815 1139 intelligunt
1834 1099 2005 1135 iusticiam
2024 1105 2119 1147 legis.

1129 1145 1261 1177 Mirum
1288 1153 1337 1179 est
1362 1145 1425 1177 tibi
1452 1145 1515 1187 ipsi
1542 1157 1683 1189 quoque
1708 1152 1911 1190 agnoscenti
1935 1159 2027 1187 tuam
2052 1158 2118 1190 ini-

1128 1196 1352 1228 becillitatem
1367 1220 1375 1233 ‚
1404 1194 1614 1239 quodssDeus
1640 1197 1788 1231 affirmet
1811 1211 1845 1233 se
1871 1203 1935 1235 tibi
1957 1206 2046 1239 velle
2065 1209 2118 1241 vi-

1127 1253 1195 1279 tam
1221 1252 1399 1279 aeternam
1419 1247 1522 1286 dare,
1548 1254 1691 1290 propter
1710 1249 1842 1289 filium,
1871 1265 1949 1287 cum
1970 1258 2056 1291 adeo
2073 1261 2119 1294 sis

1127 1296 1290 1336 vitiosus,
1318 1297 1427 1340 magis
1445 1305 1719 1332 consentaneum
1738 1302 1802 1333 tibi
1818 1303 2014 1349 videretur,
2042 1310 2117 1344 fieri

1127 1345 1313 1380 haeredem
1340 1349 1430 1381 vitae
1456 1355 1633 1389 aeternae,
1669 1351 1695 1382 si
1722 1352 1756 1384 in
1781 1360 1813 1386 te
1837 1355 2117 1397 deprehenderes

1128 1399 1291 1431 mirificas
1312 1400 1476 1439 virtutes,
1505 1400 1664 1434 flammas
1683 1404 1813 1436 amoris
1831 1404 1917 1447 Dei,
1945 1412 2117 1445 excelleo-

1127 1459 1195 1483 tem
1220 1451 1333 1483 lucem
1355 1450 1525 1483 divinam.
1578 1450 1673 1485 Ilaec
1695 1455 1777 1498 quia
1795 1468 1865 1488 non
1882 1459 2118 1502 deprehendis

1127 1502 1163 1534 in
1190 1508 1241 1541 te,
1275 1502 1433 1542 dubitas,
1467 1509 1500 1534 at
1528 1499 1617 1535 banc
1644 1504 1753 1548 ipsam
1780 1508 2037 1545 dubitationem
2063 1529 2117 1549 rt·-

1126 1550 1317 1597 prehendit
1353 1566 1419 1586 vox
1454 1551 1659 1595 Evangelii,
1701 1569 1790 1600 quae
1829 1559 1926 1595 iubet
1963 1567 2103 1600 credere

1126 1605 1220 1648 quod
1247 1602 1343 1636 Deus
1363 1611 1506 1648 propter
1532 1603 1644 1637 filium
1673 1608 1899 1643 mediatorem
1927 1626 2006 1647 vere
2034 1595 2118 1652 velit

1126 1663 1158 1689 te
1176 1655 1348 1698 recipere,
1378 1662 1410 1688 et
1429 1655 1602 1690 exaudire.

1659 1656 1752 1692 Haec
1771 1663 1932 1696 exercitia
1951 1666 2018 1709 piis
2035 1678 2118 1704 nota

1127 1718 1199 1739 esse
1217 1707 1357 1740 debent.

1177 1791 1258 1825 JJoc
1283 1795 1333 1824 esl
1358 1796 1478 1824 autem
1505 1790 1702 1835 iudicium,
1740 1795 1840 1843 quod
1862 1797 1931 1833 lux
1959 1804 2050 1838 venit
2078 1807 2117 1841 in

1227 1840 1417 1877 mundum.

1226 1909 1427 1951 Discernit,
1455 1918 1613 1955 utsupra
1633 1913 1718 1954 dixi,
1746 1913 1918 1957 homines,
1947 1922 2006 1955 alii
2026 1927 2117 1960 acci-

1126 1961 1229 2006 piunt
1264 1962 1395 2001 filium,
1436 1963 1496 1995 alii
1530 1976 1601 1996 non
1638 1966 1825 2009 accipiunt.
1893 1971 1968 2005 Soli
2001 1984 2116 2011 autem

1125 2012 1336 2056 accipientes
1367 2013 1497 2054 filium,
1535 2015 1624 2048 fiunt
1655 2017 1761 2058 salvi,
1797 2024 1922 2055 caeteri
1956 2036 2116 2068 pereunt.

1125 2064 1315 2107 Accipiunt
1356 2071 1471 2098 autem
1510 2062 1547 2098 hi
1587 2067 1648 2111 qui
1683 2067 1914 2110 Evangeliurn
1952 2079 2115 2119 audiunt,

1125 2122 1321 2157 agnoscunt
1361 2127 1395 2148 se
1433 2127 1511 2149 reos
1551 2128 1640 2158 esse,
1690 2127 1721 2153 et
1761 2122 1877 2156 afferri
1916 2126 2022 2160 vitam
2055 2144 2117 2174 por

1125 2167 1255 2207 filiurn,
1304 2164 1370 2199 hoc
1406 2174 1507 2200 vocat
1548 2168 1738 2207 iudicium,
1792 2173 1824 2205 id
1863 2182 1928 2217 est,
1974 2184 2117 2222 praetii-

1124 2218 1297 2250 cationem
1330 2217 1515 2261 Evangelii
1550 2220 1592 2251 de
1625 2222 1840 2264 poenitentia
1875 2234 1907 2260 et
1938 2232 2116 2267 remissio-

1125 2281 1168 2301 ne
1198 2275 1435 2313 peccatorum.
1489 2269 1626 2303 Lumen
1661 2273 1755 2306 venit
1786 2275 1822 2307 in
1852 2281 2044 2321 mundum,
2079 2286 2115 2318 id

1094 2319 1193 2364 ἐρεῖ,
1234 2318 1396 2353 Christus
1435 2321 1507 2365 ipse
1545 2322 1750 2364 praedicans
1787 2323 1851 2359 boc
1881 2328 2114 2375 Evangelium

1124 2372 1168 2404 de
1198 2371 1413 2415 poenitentia
1442 2379 1473 2405 et
1506 2373 1712 2406 remissione
1742 2386 1982 2423 peccatorum,
2019 2391 2112 2430 quod

1125 2422 1228 2455 etiam
1256 2429 1400 2466 propter
1418 2421 1598 2456 Christum
1623 2436 1759 2469 semper
1777 2428 1812 2459 in
1831 2429 1983 2467 Ecclefflffl,
2001 2448 2101 2471 sonat

1124 2472 1194 2507 Sed
1227 2473 1377 2506 maxima
1405 2486 1482 2517 pars
1510 2476 1633 2507 mundi
1659 2473 1753 2510 hunc
1781 2478 1959 2516 Christum
1991 2495 2025 2522 et
2049 2467 2114 2524 hm:

1124 2523 1357 2567 Evangelinm
1386 2532 1637 2567 coiiten‘mmit,
1689 2529 1842 2572 diligunt
1874 2531 2035 2572 homines
2064 2551 2113 2574 10-

1124 2577 1269 2615 nebras,
1297 2588 1367 2608 non
1395 2584 1587 2614 agnoscunt
1614 2588 1814 2621 pert-atini),
1842 2596 1904 2617 nec
1927 2588 2012 2620 iram
2036 2590 2098 2624 Dei

1124 2639 1188 2659 nec
1220 2627 1385 2659 invocant
1411 2625 1543 2665 Deum,
1578 2641 1640 2661 nec
1671 2642 1845 2674 quaerunt
1874 2621 2110 2675 1==cdiatorom¹

1125 2686 1157 2712 et
1185 2680 1351 2719 verbum,
1379 2678 1413 2710 in
1444 2691 1513 2721 quo
1534 2678 1627 2713 Deus
1651 2683 1809 2725 patefecit
1834 2698 1931 2720 stiam
1951 2673 2114 2729 xotuntaj

1447 2728 1501 2762 6*
