2415 2942
97 89 194 127 1205

348 91 446 126 XIII.
499 92 534 130 4.
567 92 906 133 ΕΟΜΜΕΝΓΑΠ.
937 95 985 131 ΙΝ
1016 95 1059 131 11.
1088 95 1244 136 EPIST.
1268 98 1338 134 AD
1363 98 1687 141 CORINTHIOS.
1741 105 1845 143 CAP.
1874 108 1902 147 Ι.

2035 113 2131 149 1206

281 345 754 390 EPISTOLAE
805 346 1235 393 SECUNDAE
1292 354 1390 394 AD
1446 354 1954 402 CORINTHIOS

656 439 823 492 Caput
881 443 1088 494 primum
1141 446 1190 483 et
1248 445 1555 486 secundum.

89 525 144 581 Iu
163 546 276 590 primo
294 553 328 580 et
344 545 497 579 secundo
516 546 628 591 capite
652 553 790 580 excusat
810 558 862 586 se,
890 549 983 592 quod
1005 561 1078 582 non

90 598 197 633 rediit
219 594 432 631 Corinthum
455 597 590 637 statim,
629 597 717 631 sicut
741 609 839 641 spem
866 601 1079 635 ostenderat.

90 648 246 684 Orditur
261 655 376 682 autem
403 659 421 680 a
446 648 635 690 gratiarum
661 649 817 687 actione,
842 656 880 682 ut
898 649 933 682 fit
949 651 1079 694 saepis·

89 702 198 741 sime,
238 699 321 744 quia
356 699 508 731 exordiis
539 699 725 732 familiaria
754 707 837 733 sunt
860 701 964 732 verba
992 701 1077 733 affe—

89 759 222 786 ctuum.
282 749 419 783 Deinde
440 757 559 783 narrat
584 760 618 782 se
641 750 677 782 in
704 761 830 792 magno
862 751 1017 794 periculo
1042 752 1077 784 in

89 801 174 837 Asia
191 801 319 841 fuisse,
349 807 381 833 et
404 799 487 842 petit
511 811 547 832 se
574 801 687 833 iuvari
710 798 886 835 Ecclesiae
908 803 1080 844 precibus,

88 862 128 887 ut
147 853 263 897 plures
280 851 457 884 celebrent
473 851 679 884 beneficium
698 850 783 892 Dei,
812 860 843 886 et
858 851 933 885 Deo
951 853 1079 896 gratias

89 909 204 947 agant.
259 901 355 934 Haec
371 908 452 934 sunt
471 901 572 934 initia
593 902 698 945 primi
715 903 849 947 capitiS.

190 960 242 995 De
267 960 497 1004 inscriptione
521 967 553 993 et
577 961 787 994 salutatione
815 959 906 995 nibil
932 961 998 995 iam
1025 963 1078 996 di-

88 1025 183 1055 cam,
212 1013 293 1057 quia
312 1012 488 1044 enarratio
506 1012 590 1044 alias
609 1023 709 1055 saepe
728 1013 872 1057 repetita
892 1021 950 1047 est.

190 1071 232 1105 In
252 1070 395 1104 exordio
425 1070 495 1113 agit
517 1069 589 1103 Deo
614 1071 762 1114 gratiaS,
804 1073 897 1116 quod
925 1072 959 1104 in
986 1073 1079 1105 asssi-

87 1124 266 1158 ctiouibus
292 1122 357 1166 ipsi
386 1121 591 1164 opitulatur.
644 1119 688 1155 Et
715 1119 781 1155 hoc
798 1123 846 1156 ait
864 1123 936 1155 fieri
957 1122 1077 1156 Eccle-

86 1177 158 1210 siae
195 1185 307 1207 causa.
382 1171 451 1205 Hie
486 1172 625 1216 copiosa
666 1173 826 1206 doctrina
862 1175 1076 1215 continetur,

87 1238 196 1272 quare
212 1223 366 1258 Ecclesia
390 1223 543 1256 subiecta
561 1223 605 1256 sit
624 1224 736 1264 cruci,
765 1231 797 1257 et
824 1226 918 1269 quod
944 1232 1075 1258 certum

87 1278 152 1320 sit,
178 1277 296 1309 adesse
313 1275 344 1307 ei
363 1272 477 1307 Deum
502 1274 537 1306 in
565 1274 836 1318 afflictionibus,
873 1276 961 1309 sicut
983 1277 1074 1319 apud

85 1327 228 1363 Esaiam
247 1326 397 1366 dicitur,
426 1323 597 1358 Habitare
613 1324 726 1358 Deum
746 1325 781 1358 in
798 1326 954 1366 afflictis,
980 1327 1074 1359 scili-

87 1386 140 1413 cet
158 1379 221 1418 iis,
247 1377 307 1422 qui
333 1377 374 1408 ad
399 1373 541 1408 Deum
567 1383 840 1417 convertuntur,
868 1384 901 1410 et
928 1377 994 1409 fide
1019 1389 1075 1410 ac-

86 1430 223 1474 cipiunt
239 1427 479 1461 remissionem
499 1434 721 1470 peccatorum
735 1454 744 1467 ,
772 1434 805 1460 et
826 1434 946 1471 petunt
967 1435 999 1461 et
1017 1441 1073 1460 ex-

85 1486 226 1525 pectant
249 1479 438 1516 auxssium,
467 1477 561 1510 iuxta
583 1478 736 1511 dictum:
766 1477 858 1512 Vivo
883 1490 963 1522 ego,
991 1479 1074 1512 dicit

84 1531 280 1571 Dominus,
314 1529 396 1562 nolo
425 1535 571 1562 mortem
598 1529 808 1572 peccatoris,
843 1531 902 1562 sed
928 1537 967 1563 ut
990 1542 1074 1563 con—

87 1589 242 1615 vertatur
258 1587 290 1612 et
308 1579 412 1613 vivat,

188 1638 285 1672 Haec
309 1638 470 1670 doctrina
499 1638 542 1670 de
570 1638 643 1680 lege
674 1637 850 1671 iudicante
884 1646 1074 1682 peccatum,

86 1698 118 1724 et
138 1691 180 1723 de
199 1688 438 1722 consolatione
456 1688 492 1720 in
511 1689 775 1729 afflictionibus,
794 1702 882 1734 quae
902 1690 937 1722 in
952 1688 1072 1723 Evan—

86 1742 176 1786 gelio
195 1741 419 1785 proponitur,
447 1739 531 1771 alibi
552 1740 684 1782 prolixe
701 1740 861 1781 recitata,
885 1738 941 1773 hic
956 1748 1072 1775 mente

84 1792 273 1836 repetenda
299 1799 360 1825 est.
428 1788 472 1823 Et
502 1791 687 1833 praecipue
716 1791 959 1824 consideretur
987 1789 1069 1825 haec

85 1843 245 1878 collatio:
282 1841 352 1874 Lex
389 1840 490 1873 dicit:
527 1839 622 1874 Deus
651 1847 699 1873 est
729 1841 819 1884 ignis
849 1854 1068 1876 consumens.

83 1894 153 1929 Hic
171 1894 237 1927 ait:
266 1891 408 1926 Gratias
426 1903 489 1932 ago
513 1892 602 1936 patri
628 1892 915 1934 miserationum,
943 1901 974 1927 et
994 1893 1068 1927 Deo

82 1945 200 1980 omnis
221 1943 486 1978 consolationis.
541 1942 701 1975 Affirmat
719 1942 832 1976 Deum
860 1956 940 1977 vere
965 1958 1066 1978 exau-

82 1997 159 2030 dire
184 1995 332 2029 afflictos
349 2021 359 2036 ‚
402 1993 463 2039 qui
490 1994 649 2027 conversi
675 2001 800 2037 petunt
826 2002 861 2029 et
890 2003 1068 2040 expectant

79 2048 264 2082 auxilium.

184 2106 253 2140 Hic
276 2111 391 2138 autem
412 2104 625 2147 singularem
653 2116 791 2138 causam
812 2106 952 2138 finalem
972 2108 1066 2140 addit

81 2159 316 2205 pertinentem
348 2157 390 2188 ad
420 2157 591 2190 doctores.
669 2155 749 2188 ldeo
775 2157 936 2190 doctores
961 2161 1068 2201 magis

82 2215 287 2244 exercentur
305 2207 557 2240 afflictionibus
570 2233 577 2247 ,
603 2213 635 2240 et
653 2206 851 2241 liberantur
869 2209 1066 2251 gloriosius,

80 2269 122 2296 ut
138 2259 295 2295 Ecclesia
312 2258 454 2291 intuens
475 2269 596 2290 eorum
617 2258 770 2301 exempla
788 2260 1014 2292 confirmetur
1032 2261 1065 2292 in

81 2320 232 2357 utraque
256 2322 311 2349 re,
342 2309 378 2341 in
403 2309 620 2352 perferendis
647 2310 845 2347 aerumnis,
883 2318 914 2344 et
941 2311 975 2342 in
1000 2311 1066 2344 fide

83 2370 247 2398 cernente
282 2360 512 2404 praesentiam
543 2359 623 2398 Dei,
660 2367 692 2394 et
726 2367 864 2402 petente
897 2369 929 2394 et
965 2374 1065 2406 expe-

82 2422 197 2449 ctante
224 2411 478 2455 mitigationem
504 2418 561 2443 aut
586 2410 842 2446 liberationem.
906 2411 988 2445 Ideo
1016 2415 1062 2447 sic

83 2466 145 2499 ait:
174 2463 371 2498 Consolaus
395 2475 458 2494 nos
484 2462 519 2493 iu
539 2462 637 2494 omni
661 2462 872 2502 afflictione,
900 2471 937 2496 ut
956 2467 1059 2506 possi*

82 2529 160 2549 mus
184 2516 248 2559 ipsi
271 2514 443 2546 consolari
462 2513 548 2544 alios
567 2514 685 2545 eadem
712 2514 970 2554 consolatione,
999 2529 1064 2560 qua

83 2579 147 2600 nos
172 2566 359 2608 erigimur,
403 2565 436 2596 id
462 2570 528 2601 est,
563 2561 628 2596 hac
652 2566 927 2603 asseveratione,
971 2571 1064 2609 quud

82 2617 178 2651 Deus
196 2624 288 2650 certo
308 2616 409 2648 uobis
426 2614 528 2653 adsit,
556 2621 588 2647 et
605 2627 705 2658 opem
722 2615 820 2651 serat.
854 2616 956 2649 Item:
985 2618 1067 2652 Sive

82 2669 316 2707 tribulamur,
358 2666 435 2699 ideo
469 2666 677 2708 affligimur,
714 2674 751 2699 ut
780 2667 978 2712 exemplum
1008 2684 1067 2715 pfl-

1126 551 1269 585 tientiae
1287 559 1317 585 et
1335 552 1498 586 liberatio
1518 554 1617 587 vobis
1638 555 1767 597 prosit,
1798 563 1831 590 et
1853 569 1915 591 vos
1936 560 2122 603 erigamini

1126 603 1192 636 fide
1209 603 1244 635 in
1261 603 1437 636 similibus
1455 605 1726 640 calamitatibus.
1775 606 1859 640 Sive
1877 612 2122 647 consolatione

1125 653 1312 697 erigimur,
1340 654 1378 687 fit
1405 652 1470 688 hoc
1486 667 1627 700 quoque
1649 664 1760 689 vestra
1789 670 1905 692 causa.
1958 660 2017 695 Sic
2036 663 2122 697 alibi

1127 704 1259 750 inquit:
1288 704 1343 739 Sis
1360 712 1463 750 typus
1480 706 1637 739 fidelium
1656 707 1690 739 in
1708 708 1795 749 fide,
1823 709 1860 741 in
1879 710 2008 754 spiritu
2025 720 2088 750 etc.

1284 802 1374 839 lVon
1394 803 1488 838 enim
1507 804 1674 839 volumus
1696 818 1755 840 vos
1772 806 1962 853 ignorare.

1228 870 1314 907 Post
1333 873 1522 916 gratiarum
1545 874 1737 915 actionem,
1765 888 1832 921 qua
1851 877 2121 924 incoatEpisto-

1126 924 1212 964 lam,
1245 926 1342 957 addit
1369 924 1607 958 narrationem
1635 926 1678 957 de
1704 937 1767 959 suo
1801 929 1983 971 periculo,
2026 935 2118 977 quod

1126 975 1175 1008 ait
1197 975 1302 1007 fuisse
1328 982 1482 1013 tantum,
1518 983 1555 1010 ut
1584 976 1680 1009 nulla
1710 974 1863 1012 humana
1896 992 1961 1025 ope
1988 985 2120 1016 servari

1128 1025 1289 1070 potuerit.
1343 1024 1411 1059 Hic
1427 1028 1470 1058 de
1487 1038 1588 1060 causa
1606 1027 1702 1060 finali
1730 1029 1828 1062 addit
1852 1033 2118 1067 memorabilem

1126 1076 1347 1112 sententiam.
1403 1077 1485 1110 Ideo
1505 1076 1657 1111 Ecclesia
1677 1079 1807 1112 talibus
1829 1083 2008 1116 aerumnis
2032 1097 2118 1118 one-

1128 1135 1243 1168 ratur,
1279 1139 1319 1160 ex
1344 1128 1473 1172 quibus
1497 1129 1642 1162 eluctari
1670 1127 1836 1164 humanis
1863 1133 2020 1167 consiliis
2045 1148 2117 1169 non

1128 1185 1259 1221 potest,
1293 1185 1331 1211 ut
1356 1179 1392 1211 in
1419 1179 1628 1212 liberatione
1653 1182 1893 1224 conspiciatur
1919 1188 2112 1228 praesentia

1126 1228 1212 1269 Dei,
1239 1237 1271 1263 et
1290 1229 1374 1261 fides
1392 1230 1428 1262 in
1454 1231 1558 1263 nobis
1583 1232 1820 1266 confirmetur.
1875 1233 1988 1268 David
2015 1237 2116 1270 fateri

1126 1281 1281 1323 cogitur,
1304 1291 1339 1312 se
1364 1292 1437 1313 non
1465 1279 1618 1314 hnmana
1647 1294 1712 1325 ope
1738 1283 1773 1315 in
1803 1295 1950 1326 regnum
1977 1288 2118 1320 restitu-

1125 1338 1198 1363 tum
1218 1342 1302 1365 esse.
1358 1329 1396 1362 ln
1416 1332 1544 1364 talibus
1563 1333 1730 1375 exemplis
1748 1334 1933 1368 discendae
1952 1345 2033 1370 sunt
2052 1337 2117 1372 hae

1124 1381 1327 1414 conciones:
1357 1380 1457 1415 Vana
1476 1382 1569 1415 salus
1596 1380 1762 1419 hominis.
1822 1383 1928 1419 Item:
1958 1387 2114 1423 Perditio

1124 1439 1181 1465 tua
1205 1444 1244 1465 ex
1269 1439 1301 1465 te
1324 1431 1453 1473 Isra'e'l,
1497 1439 1633 1466 tantum
1658 1434 1694 1467 in
1720 1446 1775 1468 me
1807 1437 1977 1470 auxilium
2003 1446 2115 1476 tuum.

1125 1482 1229 1517 Item:
1266 1482 1371 1516 Pater
1393 1490 1427 1516 et
1452 1490 1564 1516 mater
1589 1485 1855 1530 dereliquerunt
1882 1500 1954 1528 me,
1989 1489 2115 1524 Domi-

1124 1545 1190 1566 nus
1208 1540 1321 1566 autem
1339 1534 1489 1577 suscepit
1505 1547 1570 1569 me.
1625 1534 1730 1575 Item,
1760 1536 1886 1570 Psalm.
1906 1538 1980 1573 71.:
2006 1540 2112 1575 Libe-

1123 1584 1213 1617 ravit
1245 1595 1451 1627 pauperem,
1493 1586 1548 1617 cui
1581 1597 1652 1617 non
1691 1594 1762 1620 erat
1794 1587 1945 1625 adiutor.
2015 1590 2113 1632 Item,

1122 1634 1250 1669 Psalm.
1278 1635 1376 1670 124:
1415 1634 1487 1678 Qui
1521 1636 1705 1670 confidunt
1736 1638 1772 1670 iu
1804 1637 1980 1678 Domino,
2025 1644 2113 1677 sicut

1124 1697 1224 1717 mons
1261 1685 1348 1720 Siou
1394 1698 1466 1719 non
1508 1688 1799 1723 commovebitur.
1881 1690 2041 1726 ieremias
2075 1695 2112 1728 iu

1124 1734 1278 1769 'l'hrenis
1314 1737 1425 1781 capite
1464 1738 1592 1771 tertio:
1646 1738 1912 1773 Misericordiae
1953 1741 2111 1784 Domini,

1122 1789 1214 1830 quod
1235 1800 1304 1820 non
1323 1789 1497 1822 consumti
1517 1801 1656 1829 sumus,
1686 1790 1745 1834 qui
1768 1803 1838 1823 non
1860 1793 2026 1828 dvficiunt
2045 1797 2111 1828 mi-

1119 1838 1310 1872 serationes
1335 1840 1421 1875 eius.
1472 1838 1578 1873 Mane
1602 1841 1713 1882 redit,
1741 1849 1772 1875 et
1798 1853 1921 1885 magna
1941 1853 1989 1879 est
2007 1847 2111 1880 mise-

1120 1889 1270 1922 ricordia
1295 1898 1373 1925 tua:
1403 1902 1482 1935 pars
1509 1903 1583 1923 mea
1613 1891 1803 1932 Dominus,
1839 1902 2021 1938 propterea
2051 1910 2109 1930 ex-

1118 1941 1261 1984 pectabo
1288 1954 1380 1977 eum.
1449 1940 1573 1976 Bonus
1601 1949 1649 1976 est
1678 1941 1852 1977 Dominus
1887 1947 2109 1989 sperantibus

1118 2004 1153 2024 1n
1182 2004 1273 2026 eum.

1218 2050 1309 2085 Petit
1345 2058 1460 2085 autem
1499 2064 1534 2085 se
1570 2051 1685 2085 iuvari
1721 2054 1883 2096 precibus
1917 2054 2105 2098 Ecclesiae,

1117 2109 1147 2135 et
1185 2102 1280 2136 addit
1318 2103 1493 2146 insignem
1530 2104 1808 2137 admonitionem
1839 2108 1881 2138 de
1914 2108 2103 2149 gratiarum

1115 2154 1262 2187 actione.
1317 2152 1407 2187 Dato
1434 2155 1602 2187 beneficio
1628 2155 1890 2198 postulatDeus
1912 2159 2103 2200 gratiarum

1114 2205 1304 2245 actionem,
1340 2212 1377 2238 ut
1404 2206 1440 2238 in
1463 2204 1590 2238 Psalm.
1619 2206 1721 2238 dicit:
1754 2207 1879 2241 [nvoca
1906 2221 1960 2242 me
1987 2211 2022 2243 in
2048 2213 2104 2244 die

1115 2256 1371 2296 tribulationis,
1399 2263 1430 2289 et
1458 2257 1602 2299 eripiam
1638 2264 1687 2295 te,
1735 2266 1764 2291 et
1793 2259 2003 2300 glorificabis
2036 2274 2103 2297 mc.

1115 2306 1165 2339 Ita
1184 2304 1239 2339 hie
1257 2306 1392 2351 inquit,
1421 2314 1458 2341 ut
1483 2308 1614 2350 gratiae
1641 2316 1789 2351 agantur
1805 2322 1866 2353 per
1885 2311 2014 2345 multos
2039 2325 2103 2357 pro

1115 2358 1216 2390 nobis
1235 2370 1273 2390 ex
1294 2359 1413 2392 multis
1431 2359 1601 2402 personis.

1215 2415 1357 2449 idemne
1383 2417 1577 2459 significant
1603 2414 1686 2450 haec
1712 2416 1827 2449 dicta'.>
1869 2417 1937 2452 Per
1960 2421 2101 2462 multos,

1115 2474 1147 2501 ct
1165 2479 1203 2499 ex
1224 2468 1343 2500 multis
1364 2468 1546 2512 personis?
1578 2466 1658 2500 Non
1688 2467 1847 2501 existimo
1874 2470 1966 2503 idem
1994 2473 2101 2514 signi-

1116 2519 1226 2553 ficare.
1290 2518 1446 2551 Primum
1482 2516 1548 2550 hoc
1584 2519 1805 2562 perspicuum
1840 2527 1886 2553 est
1925 2535 2002 2554 cum
2034 2524 2100 2557 ait:

1119 2569 1183 2602 Per
1201 2570 1343 2605 multos.
1384 2569 1472 2602 Vult
1489 2569 1583 2601 enim
1603 2570 1795 2602 multorum
1814 2567 1999 2605 hominum
2019 2585 2101 2606 voce

1120 2619 1191 2652 Deo
1217 2621 1346 2662 gratias
1371 2620 1447 2663 agi,
1475 2626 1505 2653 et
1529 2620 1756 2654 liberationes
1780 2621 1916 2654 divinas
1941 2635 1958 2655 a
1984 2624 2104 2657 multis

1118 2672 1299 2707 celebrari.
1353 2671 1420 2705 Sed
1443 2683 1505 2703 cur
1530 2672 1596 2710 ait,
1625 2684 1643 2705 a
1670 2671 1791 2705 multis
1816 2674 1997 2715 personis?
2036 2673 2103 2708 Hic

1430 2718 1515 2755 76*
