2415 2942
95 102 190 138 1261

92 188 157 223 Dei
178 194 210 222 et
229 200 310 221 cura
329 187 496 222 manendi
521 188 612 221 intra
640 195 748 222 metas
772 186 984 225 vocationis,
1012 198 1083 220 ser-

94 240 145 273 vit
166 251 228 272 suo
254 239 349 280 loco,
379 247 409 272 et
431 240 502 274 Deo
527 239 655 282 gratias
679 239 768 281 agit,
796 240 890 284 quod
914 251 992 271 eum
1010 239 1085 281 glo-

91 290 195 323 riosis
218 291 427 324 testimoniis
451 298 571 329 ornat,
611 290 750 323 subiicit
778 301 812 322 se
839 288 989 329 Davidi,
1029 289 1083 322 ciii

93 342 187 375 videt
205 340 320 374 Deum
346 342 530 375 tradidisse
554 354 722 384 regnum,
762 347 795 374 et
821 353 893 373 iioii
922 341 1086 374 irascitur

90 391 188 432 Deo,
223 392 326 426 etiam
352 406 429 426 cum
463 400 581 437 postea
617 393 652 425 in
679 391 913 426 calamitatem
946 392 1082 426 incidit.

88 443 142 477 Sit
167 443 274 487 igitur
292 441 375 477 haec
394 444 565 480 definitio.

317 101 420 139 Xlll.

192 510 283 544 Vera
310 508 490 545 humilitas
514 518 565 545 est
588 523 670 544 vere
693 511 908 544 iudicantem
935 511 977 543 de
1001 522 1083 554 pro-

86 561 162 606 pria
198 562 401 595 infirmitate
428 563 552 596 timere
583 561 697 595 Deum
717 589 726 603 ,
771 569 804 595 et
837 561 960 594 dolore
994 561 1082 594 affici

88 620 233 657 propter
266 614 444 656 propriam
477 613 719 646 infirmitatem
754 620 785 646 et
818 619 1017 655 peccatum,
1051 619 1084 645 et

87 671 135 696 est
157 664 194 696 in
214 664 396 697 vocatione
416 663 489 697 Deo
506 665 637 697 servire
662 664 728 697 fide
750 670 783 697 et
808 663 933 696 fiducia
959 663 1082 696 auxilii

88 714 224 755 (livini,
252 727 324 747 non
351 715 528 758 despicere
554 715 659 754 alios,
698 716 756 748 sed
784 714 939 747 iudicare
956 714 1084 755 Deum,

87 766 176 798 alios
194 778 335 810 quoque
359 766 459 799 utilia
486 777 615 808 organa
640 766 772 804 facere,
801 771 834 798 et
864 765 912 797 eis
939 773 1082 809 propter

85 815 201 851 Deum
221 814 391 850 honorem
413 817 579 857 tribuere,
596 824 628 850 et
644 829 716 850 non
736 816 836 849 irasci
857 814 931 849 Deo
941 823 1000 850 aut
1018 815 1082 849 ho-

86 868 255 903 rninibus,
272 880 350 900 cum
367 868 538 901 divinitus
556 880 687 911 poenae
701 868 862 901 veniunt.
890 866 985 900 Haec
997 868 1081 900 defi-

86 919 175 952 nitio
190 919 342 951 sumitur
357 931 395 952 ex
413 917 466 951 liis
479 920 591 957 dictis,
610 919 777 953 Pioverb.
792 918 862 952 16.:
883 918 1080 951 Abomina-

86 970 136 1002 tio
149 981 266 1002 coram
279 968 353 1002 Deo
371 982 476 1002 omne
489 982 548 1003 cor
559 971 758 1009 superbum.
787 968 892 1003 Rom.
907 970 981 1003 12:
1000 968 1080 1002 Non

88 1021 157 1054 alta
175 1026 383 1064 expetentes,
403 1022 461 1053 sed
481 1018 677 1053 luinrilibus
693 1020 862 1055 contenti.
891 1018 1080 1063 Ptiitip.2.:

88 1069 129 1104 ln
157 1068 360 1104 humilitate
391 1079 513 1105 mutua
551 1072 700 1107 sentite,
743 1071 830 1104 alios
858 1072 1080 1112 antecellere,

87 1122 177 1155 sicut
194 1119 376 1161 Christus,
402 1135 480 1155 cum
506 1130 594 1156 esset
622 1122 657 1155 in
681 1123 795 1155 forma
813 1120 898 1163 Dei,
925 1133 997 1155 non
1023 1134 1079 1155 ra-

88 1173 164 1217 puit
191 1173 438 1218 aequalitatem
456 1172 540 1214 Dei,
569 1174 603 1206 id
631 1181 700 1212 est,
728 1186 799 1206 non
818 1180 867 1206 est
884 1184 967 1207 usus
984 1179 1078 1206 extra

88 1223 323 1258 vocationem.
396 1222 440 1258 Et
466 1224 587 1258 Petrus
617 1224 756 1269 inquit:
794 1224 887 1257 Deus
919 1225 1079 1267 superbis

85 1275 236 1315 resistit,
270 1272 466 1308 humilibus
492 1283 607 1309 autern
633 1279 690 1309 «lat
719 1276 877 1318 gratiam.
937 1275 1078 1321 Syraci-

85 1327 164 1358 des:
194 1324 275 1368 Quo
298 1327 411 1359 maior
429 1338 483 1366 es,
514 1339 553 1359 eo
580 1327 688 1370 magis
711 1333 741 1360 te
766 1323 937 1365 humilia,
964 1334 996 1360 et
1021 1326 1076 1359 in·—

85 1377 204 1410 venies
221 1377 367 1420 gratiam
386 1389 503 1410 coram
523 1376 690 1411 Domino.

187 1441 274 1477 Cum
302 1442 408 1485 igitur
433 1443 561 1477 Paulus
586 1445 720 1489 inquit:
757 1443 868 1477 Nemo
895 1454 957 1476 vos
983 1441 1078 1475 deci-
1103 1467 1106 1470 Δ

85 1494 158 1539 piat
186 1494 307 1527 volens
332 1494 368 1526 in
395 1492 614 1535 humilitate,
657 1496 876 1537 intelligatur
908 1494 1079 1528 simulans

86 1543 345 1585 humilitatem,
371 1546 470 1589 quasi
489 1546 599 1587 dicat,
628 1548 748 1580 volens
767 1547 926 1590 decipere
951 1546 986 1577 iv»
1012 1542 1078 1577 liu—

86 1595 248 1630 militate.
318 1595 417 1628 'l'alis
453 1604 502 1630 est
536 1595 722 1629 hominum
760 1604 904 1634 natura,
947 1594 1007 1639 ὅλι..

87 1643 205 1691 ὁμοίῳ
232 1641 362 1691 ([ίλον,
397 1657 497 1689 pares
531 1647 584 1679 vel
617 1648 802 1680 inferiores
827 1654 1012 1686 amantur,
1047 1658 1079 1678 ει

85 1696 221 1729 nemini
239 1703 374 1739 gratum
393 1703 441 1730 est
459 1708 494 1730 se
513 1698 704 1731 contemni.
760 1698 892 1731 Iustum
913 1704 962 1729 est
981 1697 1075 1729 enim

85 1759 187 1780 suum
220 1747 347 1791 cuique
376 1748 493 1781 locum
528 1750 756 1792 proportione
778 1749 984 1792 geometrica
1016 1747 1077 1780 tri-

85 1798 204 1831 buere.
269 1796 358 1831 Cum
382 1799 490 1842 igitur
514 1800 642 1845 aliquis
667 1800 765 1834 effert
792 1812 826 1833 se
849 1811 953 1843 supra
978 1799 1077 1838 alios,

85 1855 119 1882 et
143 1849 344 1893 praesertim
373 1862 449 1883 cum
478 1852 606 1894 premit
631 1851 737 1891 alios,
764 1858 801 1884 ut
831 1851 929 1895 quasi
958 1861 1016 1882 eos
1036 1851 1078 1882 de

85 1899 163 1934 loco
188 1901 345 1945 ipsorum
369 1902 552 1942 detrudat,
580 1902 675 1934 venit
697 1902 733 1934 in
757 1902 897 1935 odium:
926 1901 1078 1945 denique

85 1963 209 1984 omnes
241 1949 402 1985 homines
431 1953 620 1995 capiuntur
649 1953 895 1987 assentatione.
973 1951 1076 1985 Grati

85 2009 167 2036 sunt
184 2002 308 2046 igitur,
336 2003 450 2048 quise
473 2004 667 2037 subiiciunt
691 2004 768 2037 aliis
788 2011 820 2038 et
837 2011 910 2037 arte
927 2003 1077 2036 adulan-

87 2060 158 2095 tur,
175 2061 206 2086 et
225 2054 411 2088 inflectunt
428 2066 462 2086 se
480 2056 521 2087 ad
540 2055 682 2088 affectus
700 2067 833 2095 eorum,
853 2055 982 2100 quibus
1001 2054 1075 2098 pla-

83 2117 159 2139 eere
187 2105 322 2140 volunt.
378 2104 460 2138 Ideo
486 2106 588 2139 facile
614 2107 803 2150 capiuntur
823 2104 988 2139 homines
1015 2105 1074 2138 illa

83 2153 309 2194 histrionica,
336 2168 424 2201 quae
443 2163 516 2190 arte
532 2157 691 2190 imitatur
715 2165 830 2201 gestus
855 2155 1074 2196 humiliores,

83 2207 354 2241 admirationem
389 2207 493 2240 etiam
524 2209 637 2251 parit,
680 2209 790 2241 videri
817 2220 890 2242 non
915 2215 1076 2252 appetere

83 2259 281 2303 voluptates
299 2265 330 2292 et
348 2269 450 2302 opeS,
479 2259 560 2304 quia
586 2260 614 2292 si
638 2267 751 2293 essent
769 2260 844 2292 sine
871 2259 1017 2293 avaritia
1044 2266 1077 2292 et

83 2310 160 2343 sine
182 2310 288 2344 stulta
314 2309 527 2352 ambitione,
555 2308 726 2344 habereiit
751 2311 976 2344 excellentem
1001 2309 1075 2342 vir-

81 2367 203 2396 tutem.

185 2425 412 2472 Experientia
438 2434 552 2461 autem
580 2428 735 2462 ostendit
771 2425 833 2461 has
864 2428 1075 2473 praestigias,

85 2480 120 2513 id
141 2486 208 2519 est,
236 2485 352 2522 gestus
377 2476 587 2512 humilitatis
608 2491 667 2512 seu
689 2480 900 2521 modestiae,
930 2480 1076 2513 usitatas

85 2543 158 2564 esse
185 2530 456 2574 impostoribus,
483 2531 544 2575 qui
570 2543 675 2575 prava
704 2532 865 2573 dogmata
891 2537 1072 2576 spargunt.

83 2581 189 2616 Tales
214 2578 418 2627 hypocritae
442 2582 479 2614 in
504 2593 629 2624 genere
655 2580 811 2614 humano
835 2594 973 2626 semper
997 2582 1074 2616 fue-

82 2640 185 2675 runt,
212 2640 294 2666 sunt
310 2639 342 2665 et
358 2639 472 2666 erunt.
524 2633 611 2666 Ideo
637 2639 669 2666 et
694 2632 732 2665 in
754 2631 936 2666 Matthaeo
962 2633 1072 2668 tradi-

0 2692 3 2702 ⁴
36 2695 46 2715 r
82 2691 141 2720 tur
164 2683 360 2718 admonitio
385 2684 429 2716 de
453 2684 617 2717 cavendis
638 2684 768 2718 talibus
791 2684 1071 2724 insidiatoribus,

474 99 510 139 5.
537 99 839 138 ENARRATIO
864 99 1021 136 EPIST.
1049 95 1197 134 PAULI
1225 93 1293 130 AD
1320 91 1680 130 COLOSSENSES.
1732 93 1837 130 CAP.
1867 95 1914 130 11.

2041 98 2137 135 1262

1136 181 1195 227 qui
1224 179 1374 225 speciem
1410 177 1542 214 habent
1570 179 1710 219 ovium,
1751 186 1783 215 et
1817 180 1911 215 intus
1947 189 2028 217 sunt
2057 183 2131 228 lupi

1136 244 1287 278 rapaces-

1237 281 1407 316 Nominat
1431 280 1561 314 Paulus
1594 287 1629 315 et
1660 281 1756 315 aliud
1784 294 1894 325 genus
1924 284 2129 329 praestigia-

1135 346 1233 374 rum,
1266 333 1353 366 salso
1381 333 1508 365 iactare
1532 332 1688 371 afflatus,
1720 331 2010 376 Eiithusiasinos,
2044 337 2127 370 illu·

1134 384 1366 424 initiationes,
1394 383 1569 428 colloquia
1588 396 1665 416 cuin
1687 385 1835 427 angelis,
1863 393 1895 419 et
1912 386 2030 419 videre
2049 399 2126 431 spe-

1134 436 1202 469 cies
1226 435 1399 468 divinitus
1424 435 1571 469 oblatas,
1638 434 1737 468 Sicut
1768 435 1805 468 in
1831 437 1917 469 urlie
1944 436 2126 472 Monaste-

1135 486 1243 519 riensi
1261 484 1514 528 Anabaptistae
1533 484 1618 518 falso
1638 485 1810 519 iactaruiit
1834 488 1972 521 afssatus
2002 496 2032 522 et
2052 489 2126 522 sin-

1135 538 1236 581 gulae
1260 543 1387 570 aetates
1411 533 1541 568 liabent
1576 537 1743 580 exempla.
1812 536 1983 582 Expresse
2009 547 2124 573 autem

1134 594 1269 622 accusat
1296 599 1354 620 eos
1380 586 1555 619 mendacii
1580 585 1729 627 Paulus,
1771 588 1855 622 dicit
1887 601 1945 622 eos
1974 592 2123 634 superbe

1134 639 1296 672 incedere
1314 638 1352 672 iii
1371 635 1425 670 his
1445 649 1533 682 quae
1549 649 1621 669 non
1640 639 1814 671 viderunt.
1862 638 1995 673 Graeca
2015 640 2123 685 phra-

1133 691 1181 723 sis
1208 697 1283 730 est,
1325 700 1413 735 quae
1440 689 1591 732 superbo
1625 688 1762 721 incessu
1795 691 1981 723 elationem
2013 692 2123 724 animi

1133 741 1324 785 significat,
1357 746 1416 781 ut,
1448 735 1679 783 ἐπιβατεύων
1711 741 1779 773 τοῦ
1811 738 2014 786 Σιιε’ρδεως
2040 739 2124 776 ὀνό-

1132 804 1241 838 ματι,
1273 791 1306 823 id
1332 799 1399 829 est,
1428 790 1637 834 superbiens
1662 791 1807 823 nomine
1832 791 2002 827 Smerdis.
2058 793 2122 826 Di-

1133 845 1224 877 iitur
1245 842 1352 885 igitur
1369 843 1519 885 superbe
1536 853 1593 874 eos
1612 841 1739 874 iactare
1766 843 1954 876 vanissima
1973 845 2118 877 menda-

1131 895 1202 934 cia,
1236 894 1331 939 quod
1359 890 1510 925 habeant
1533 892 1672 925 afflatus
1695 899 1754 926 aut
1782 895 1988 937 angelorum
2010 895 2119 927 collo-

1131 946 1232 991 quia,
1260 957 1348 990 quae
1367 956 1438 976 non
1457 942 1597 976 habent.
1651 943 1749 977 Sicut
1775 946 1904 978 multos
1930 946 2035 986 novi,
2063 946 2124 991 qui

1131 997 1218 1030 falso
1243 995 1504 1039 gloriabantur,
1544 1006 1580 1028 se
1602 991 1730 1027 habere
1747 995 1904 1038 afflatus,
1942 1008 2029 1042 quos
2052 1008 2124 1030 non

1131 1045 1319 1081 habebant.

1233 1097 1456 1131 Vocabulum
1482 1092 1666 1142 θρησκεία
1695 1102 1743 1130 est
1767 1098 1986 1141 superstitio,
2022 1098 2122 1144 quasi

1129 1148 1340 1195 τερασκειά,
1368 1149 1403 1181 id
1428 1154 1496 1187 est,
1524 1160 1682 1181 exercere
1708 1149 1948 1192 prodigiosum
1975 1150 2123 1194 aliquid,

1131 1201 1229 1245 quasi
1250 1198 1383 1247 τέρατα
1402 1197 1540 1233 ἀσκεῖν.
1596 1198 1724 1232 Suidas
1748 1200 1794 1233 ait
1813 1211 1884 1233 esse
1907 1202 2005 1245 quasi
2030 1198 2121 1235 Sedu

1130 1250 1295 1297 δέρκειν,
1325 1250 1439 1284 Deuin
1466 1250 1595 1282 videre.
1650 1249 1742 1292 Quia
1771 1263 1853 1283 vero
1877 1253 2029 1296 populus
2054 1252 2121 1284 mi-

1131 1311 1228 1336 ratur
1257 1303 1361 1341 tales,
1404 1312 1492 1345 quos
1522 1306 1619 1344 putat
1642 1299 1716 1333 Deo
1747 1301 1939 1335 familiares
1963 1316 2051 1344 esse,
2087 1310 2119 1336 et

1130 1352 1362 1396 superstitiosi
1379 1352 1528 1384 similem
1549 1351 1822 1385 familiaritatem
1840 1361 2020 1396 expetunt,
2042 1354 2121 1387 ideo

1131 1403 1233 1436 multi
1250 1404 1298 1436 eis
1316 1402 1574 1442 assentiuntur,
1603 1402 1675 1434 sive
1697 1414 1776 1436 vera
1795 1403 1868 1436 sive
1885 1405 1969 1437 falsa
1993 1407 2122 1438 docen-

1131 1455 1235 1489 tibus.
1289 1454 1400 1497 Saepe
1422 1453 1530 1496 igitur
1553 1453 1750 1486 admonitio
1776 1454 1817 1486 de
1844 1452 1898 1487 liis
1927 1456 2122 1499 praestigiis

1130 1503 1427 1539 enthusiastarum
1454 1503 1619 1536 cavendis
1653 1504 1798 1547 repetita
1824 1512 1892 1546 est,
1935 1513 1967 1539 et
1990 1506 2121 1540 Paulus

1131 1554 1187 1589 liic
1215 1555 1349 1600 inquit,
1376 1555 1505 1587 frustra
1532 1553 1673 1587 inflatos
1698 1566 1770 1587 esse
1795 1557 2020 1599 persuasione
2040 1569 2121 1592 suae

1131 1607 1263 1646 carnis,
1292 1607 1326 1638 id
1352 1613 1419 1645 cst,
1446 1605 1530 1638 falsa
1555 1605 1805 1648 imaginatione
1832 1608 1874 1640 de
1899 1620 1959 1640 sua
1982 1608 2121 1652 sapien-

1133 1658 1179 1690 tia
1199 1664 1231 1690 et
1251 1657 1386 1690 iusticia
1407 1664 1559 1696 tumere,
1585 1656 1618 1688 id
1639 1657 1821 1700 superbire
1847 1665 1877 1692 et
1901 1670 1972 1692 sese
1999 1659 2122 1693 efferre

1130 1720 1234 1753 supra
1267 1709 1374 1749 alios,
1416 1714 1448 1741 et
1477 1707 1606 1749 fingere
1635 1718 1669 1740 se
1697 1706 1954 1752 Prophetarum
1986 1710 2119 1744 similes

1130 1771 1211 1794 esse.
1265 1757 1314 1793 Ut
1336 1766 1454 1792 autem
1480 1758 1629 1791 insidiae
1653 1759 1767 1792 caveri
1794 1761 1946 1803 possint,
1981 1773 2120 1795 necesse

1130 1818 1179 1844 est
1201 1822 1360 1843 normam
1378 1810 1532 1854 aliquam
1553 1821 1636 1843 esse.
1691 1808 1854 1844 Difficilis
1872 1812 1965 1844 enim
1985 1812 2120 1845 diiudi-

1129 1862 1217 1895 catio
1243 1868 1310 1902 est,
1337 1868 1375 1894 ut
1398 1862 1500 1893 etiam
1528 1861 1565 1893 iii
1591 1861 1699 1894 veteri
1716 1873 1818 1895 versu
1838 1863 1985 1896 dicitur:
2010 1865 2120 1908 χαλε-

1130 1910 1201 1947 πὸν
1231 1909 1322 1947 νόον
1360 1910 1508 1956 ἴὸμξιάι
1548 1909 1694 1957 ἀνδρὸς.
1782 1912 1895 1948 ltem:
1938 1911 2119 1960 κιβδήλου

1130 1962 1166 1999 δ’
1191 1961 1330 2010 ἀνδρὸς
1351 1966 1494 2012 γνῶναι
1509 1959 1769 2009 χαλεπώτερον
1792 1962 1915 2000 οὐδὲν.

1229 2014 1400 2058 Expressa
1433 2022 1484 2048 est
1511 2021 1627 2048 autem
1664 2027 1787 2048 noi-ma
1813 2016 2060 2050 universaliter
2082 2016 2120 2049 in

1130 2064 1184 2099 his
1200 2067 1319 2099 dictis:
1349 2066 1387 2100 Si
1411 2067 1489 2110 quis
1513 2066 1608 2098 aliud
1628 2065 1861 2109 Evangelium
1885 2069 2007 2109 docet,
2036 2080 2120 2101 ana—

1129 2115 1249 2151 t1lieina
1269 2119 1323 2152 sit.
1376 2118 1477 2151 ltein:
1509 2117 1618 2150 Nemo
1639 2125 1751 2159 potest
1768 2118 2036 2152 fundamentum
2055 2131 2120 2162 po-

1130 2181 1230 2209 nere,
1258 2176 1395 2212 praeter
1410 2169 1444 2201 id
1463 2169 1557 2213 quod
1577 2168 1730 2212 positum
1746 2176 1813 2209 est,
1840 2171 1933 2214 quod
1952 2177 2001 2203 est
2016 2168 2121 2203 Chri-

1129 2227 1202 2253 stus
1230 2219 1337 2256 lesus.
1390 2219 1491 2253 Hanc
1517 2232 1677 2252 normam
1706 2226 1737 2252 et
1763 2218 1819 2252 hic
1845 2228 2016 2254 monstrat
2041 2233 2120 2254 cum

1129 2271 1198 2304 ait:
1232 2270 1313 2304 Non
1347 2282 1470 2305 teneus
1504 2277 1624 2314 caput,
1660 2271 1790 2304 scilicet
1824 2269 2022 2313 Christum,
2059 2272 2121 2318 qui

1130 2334 1191 2367 per
1212 2334 1331 2355 vocem
1347 2322 1531 2365 Evangelii
1553 2328 1604 2355 est
1620 2322 1758 2363 efficax,
1787 2329 1819 2355 et
1837 2321 2029 2356 Ecclesiam
2047 2323 2122 2356 col-

1130 2373 1208 2416 ligit
1232 2385 1306 2406 non
1342 2386 1404 2418 pei·
1435 2374 1521 2406 alias
1551 2373 1739 2407 doctrinas⁴
1803 2372 1885 2406 ldeo
1910 2371 1967 2406 hic
1992 2374 2121 2408 diserte

1129 2424 1228 2458 addit
1245 2426 1289 2457 de
1304 2425 1429 2469 capite,
1458 2431 1496 2458 ut
1521 2423 1681 2457 collectio
1702 2422 1878 2458 Ecclesiae
1904 2425 2124 2469 intelligatur

1128 2483 1160 2509 et
1183 2474 1506 2519 comprehendatur
1520 2473 1754 2518 Evangelium
1777 2486 1838 2508 seu
1863 2475 2042 2509 doctrinae
2066 2477 2122 2508 in-

1129 2527 1282 2570 tegritas.
1330 2528 1391 2562 Ait
1418 2538 1517 2570 ergo:
1542 2525 1595 2559 Ex
1621 2538 1691 2571 quo
1711 2526 1823 2570 capite
1842 2524 1986 2560 Christo
2005 2533 2118 2560 toturn

1127 2589 1272 2622 corpus,
1309 2579 1344 2612 id
1371 2586 1443 2618 est,
1467 2577 1641 2618 Ecclesia,
1675 2589 1738 2621 per
1759 2577 1940 2611 iuncturas
1965 2585 1996 2611 et
2022 2589 2121 2610 com-

1126 2641 1228 2673 pages
1251 2637 1514 2673 coagmentatur
1539 2635 1572 2662 et
1595 2628 1737 2668 crescit,
1764 2636 1796 2663 et
1825 2628 1863 2662 fit
1888 2629 1954 2662 tale
1980 2640 2122 2672 corpus,

1123 2681 1159 2714 in
1177 2693 1246 2726 quo
1263 2680 1358 2715 Deus
1376 2682 1442 2716 erit
1459 2680 1580 2715 omnia
1595 2679 1632 2713 in
1649 2679 1816 2714 omnibus
1835 2680 1874 2712 in
1895 2679 2120 2714 aeternitate.
