2415 2942
66 101 142 136 977
325 96 424 132 xltt.

72 197 163 221 eum.
217 182 350 217 Psalm.
375 184 434 217 2.:
472 178 700 215 osculamini
722 179 856 219 filium,
897 191 942 213 ne
963 190 1062 213 exar-

72 239 187 271 descat
212 234 263 267 ira
289 234 387 273 eius,
415 239 447 266 et
473 232 622 277 pereatis
645 231 683 264 in
706 231 773 265 via.

173 285 243 319 Sed
268 285 310 317 de
339 295 442 317 causa
468 283 648 317 electionis
672 281 851 315 sciendum
878 285 946 320 est,

72 336 300 370 sericordiam
342 333 435 376 Dei,
489 335 549 379 qui
588 340 730 377 propter
771 331 881 363 filium
925 330 1057 372 colligit

69 386 322 420 haereditatem
358 386 395 418 in
431 396 556 428 genere
589 381 773 420 humano,
822 392 959 413 causam
985 392 1056 412 esse

69 437 272 477 electionis,
301 448 374 469 non
399 443 518 469 nostra
541 435 676 468 merita.
740 431 823 465 Ideo
848 431 979 464 dictum
1006 439 1053 464 est

68 489 106 521 in
131 486 241 521 Osea:
279 486 436 520 Perditio
463 494 519 519 tua
550 497 589 518 ex
617 492 649 518 te
674 491 741 524 est,
788 484 846 515 sed
883 481 1052 514 auxilium

67 546 169 573 tuum
188 549 251 582 per
269 549 325 570 me
343 544 402 571 est.
455 535 500 569 Et
516 535 618 570 Rom.
642 536 714 569 11.:
750 533 788 567 Si
811 545 848 565 ex
874 532 1051 576 operibus,

66 590 136 622 iam
162 600 236 621 non
256 595 342 621 esset
361 588 491 631 gratia,
517 593 555 619 ut
581 585 805 618 manifestum
825 590 874 616 est
900 584 1049 625 gratuita

991 280 1057 311 mi-

65 638 307 673 misericordia
323 637 388 671 Dei
406 644 548 682 propter
569 637 678 668 filium
697 634 801 668 initio
825 634 954 667 editam
981 646 1050 667 esse
1076 664 1078 667 ,

63 688 359 737 promissionem,
395 695 427 721 et
460 687 576 729 colligi
610 693 640 719 et
669 686 805 719 restitui
837 683 1049 722 Ecclesiam,

65 741 154 774 sicut
175 739 304 773 Psalm.
330 740 364 774 2.
388 739 533 771 dicitur:
578 736 720 770 Postula
745 748 762 769 a
790 747 866 778 me,
900 743 931 769 et
958 735 1048 767 dabo

63 791 127 823 tihi
156 796 275 833 gentes
305 786 567 822 haereditatem.
621 787 749 822 Psalm.
776 784 854 820 15.:
892 785 949 819 Tu
973 797 1046 818 sus—

62 848 176 874 tentas
211 837 463 873 ha‹·reditatem
508 850 647 877 meam,
697 837 815 870 Funes
845 836 1045 870 ceciderunt

61 890 151 923 milii
180 890 214 921 in
244 890 453 933 praeclaris,
495 896 526 922 et
551 886 746 921 haereditas
770 900 845 921 mea
871 887 1046 930 praeclara

60 949 110 974 est
133 937 234 973 mihi.
286 939 332 973 Et
348 937 476 984 Ephes.
497 941 543 975 1.:
572 939 704 973 Dilexit
720 951 784 973 nos
802 939 838 971 in
856 938 995 972 dilecto.

167 988 266 1022 Duae
281 997 363 1024 sunt
380 998 494 1024 antem
517 991 757 1035 quaestiones,
784 1001 871 1034 quae
890 986 1046 1022 horribi-

59 1043 140 1074 liter
167 1041 367 1074 excruciant
400 1042 537 1074 animos
565 1041 755 1084 cogitantes
784 1043 825 1073 de
858 1040 1037 1073 electione.

58 1091 161 1124 Prior
179 1097 229 1123 est
245 1092 401 1135 quaestio
420 1093 462 1124 de
479 1092 648 1135 dignitate
673 1104 732 1125 seu
757 1091 895 1125 merito.
948 1089 1038 1124 Cum

55 1142 104 1175 sic
127 1141 339 1183 cogitamus,
366 1143 392 1175 si
414 1154 521 1175 essem
547 1143 692 1185 dignus,
717 1143 800 1175 satis
823 1152 952 1185 puruS,
981 1147 1039 1174 aut

55 1193 145 1225 bene
167 1192 332 1232 meritus,
381 1200 569 1226 statuerem
599 1205 653 1226 me
681 1205 820 1238 quoque
854 1190 1038 1225 haeredem

56 1254 128 1275 esse
156 1243 409 1277 beneficiorum
434 1252 677 1283 aeternorum,
720 1256 808 1289 quae
838 1243 933 1277 Deus
959 1255 1039 1286 pro-

56 1293 163 1327 misit.
217 1291 311 1326 Haec
336 1294 538 1337 imaginatio
558 1295 666 1338 alege
692 1297 826 1335 oritur,
861 1305 949 1339 quae
975 1305 1038 1337 po-

56 1344 159 1377 stulat
184 1343 388 1386 dignitatem
416 1352 448 1378 et
470 1345 606 1379 merita.

156 1392 224 1426 Hic
251 1395 356 1436 igitur
373 1408 510 1428 necesse
528 1403 578 1429 est
601 1403 719 1429 tenere
738 1406 857 1427 vocem
875 1392 1037 1436 Evange-

55 1445 92 1477 lii
113 1445 154 1476 de
172 1445 321 1486 gratuita
342 1446 593 1479 misericordia.
643 1444 745 1478 Hanc
762 1445 873 1487 ipsam
893 1445 939 1477 ob
957 1456 1037 1476 cau-

54 1507 125 1529 sam
145 1506 211 1526 vox
230 1494 413 1539 Evangelii
429 1498 471 1529 de
486 1497 636 1540 gratuita
653 1495 939 1528 reconciliatione
954 1507 1036 1538 pro-

54 1554 130 1590 pter
146 1545 257 1577 filium
277 1547 426 1580 revelata
444 1554 512 1588 est,
540 1554 577 1580 ut
594 1553 754 1580 occurrat
771 1547 822 1578 illi
840 1546 1035 1591 quaestioni

54 1597 97 1629 de
125 1595 269 1636 merim,
309 1603 341 1629 et
366 1604 462 1630 sanet
485 1609 548 1630 nos
581 1598 618 1630 in
644 1594 712 1630 hoc
741 1597 880 1630 difficili
905 1608 1036 1639 agone,

54 1657 254 1679 asseverans
280 1653 374 1680 certo
402 1648 509 1691 recipi
536 1659 599 1680 nos
630 1654 774 1691 propter
805 1648 1034 1680 mediatorem

53 1696 176 1740 gratis,
204 1708 276 1728 non
296 1705 438 1741 propter
456 1706 610 1732 nostram
629 1698 849 1740 dignitatem.
903 1696 947 1731 Et
967 1698 1035 1730 sint

53 1749 91 1780 in
134 1754 320 1790 conspectu
364 1749 482 1792 aliqua
519 1749 699 1793 perspicua
736 1749 956 1789 testimonia,
998 1755 1034 1781 ut

53 1797 160 1832 Rom.
176 1796 226 1830 4.:
257 1796 337 1830 Ideo
352 1810 390 1831 ex
411 1800 477 1832 fide
494 1800 617 1843 gratis,
646 1807 684 1833 ut
707 1799 750 1832 sit
770 1799 868 1832 firma
886 1798 1034 1842 promis-

54 1849 118 1883 sio.
151 1846 197 1881 Et
220 1849 263 1880 ad
289 1848 410 1882 Titum
432 1851 481 1884 3.:
510 1850 590 1883 Non
611 1862 650 1883 ex
677 1851 842 1894 operibus
867 1850 1036 1890 iusticiae‚

54 1911 143 1945 quae
167 1899 311 1931 fecimus
333 1912 414 1941 nos,
456 1902 514 1934 sed
541 1902 733 1934 secundum
758 1900 1034 1934 misericordiam

52 1962 150 1984 suam
174 1949 320 1983 salvavit
344 1963 419 1984 nos.

154 2000 275 2033 Altera
300 2002 456 2046 quaestio
475 2009 523 2035 est
543 2003 585 2035 de
609 2002 896 2046 particularitate.
942 2000 1033 2044 Quia

53 2051 147 2084 enim
165 2051 327 2084 audimus
346 2053 622 2086 misericordiam
646 2065 716 2087 esse
738 2065 874 2086 causam
895 2052 1035 2085 electio-

53 2102 127 2140 nis,
162 2107 195 2134 et
218 2108 335 2134 tamen
367 2115 493 2145 paucos
519 2104 645 2138 electos
670 2115 762 2144 esse,
798 2104 907 2147 magis
931 2103 1033 2135 etiam

52 2152 230 2195 angimur:
265 2152 482 2196 disputamus
501 2166 546 2186 an
563 2155 607 2188 sit
621 2154 715 2188 Deus
734 2155 911 2200 aequalis,
925 2166 969 2186 an
993 2154 1034 2186 sit

52 2204 145 2246 apud
167 2214 245 2235 eum
263 2202 575 2251 προσωποληψία,
605 2218 667 2238 cur
692 2218 764 2238 non
788 2206 947 2239 omnium
969 2205 1035 2237 mi-

54 2259 221 2287 sereatur.

153 2303 245 2336 Huic
269 2315 390 2337 saevae
407 2306 593 2339 tentationi
612 2308 822 2351 opponenda
841 2313 890 2340 est
908 2306 1035 2339 firmis-

54 2355 139 2387 sima
164 2355 343 2396 doctrina,
372 2368 461 2401 quae
487 2358 638 2391 affirmat
666 2358 933 2401 promissionem
957 2369 1035 2400 gra-

54 2405 122 2437 tiae
144 2405 376 2438 universalem
396 2419 489 2448 esse,
517 2416 547 2442 et
568 2416 739 2442 asseverat
757 2407 870 2441 Deum
893 2415 1036 2452 propter

55 2455 302 2496 mediatorem,
345 2463 376 2490 et
411 2460 536 2502 gratiS‚
582 2460 747 2492 omnibus
782 2459 1036 2503 perterrefactis

54 2506 258 2550 promittere
274 2508 513 2542 remissionem
534 2517 752 2555 peccatorum
776 2517 808 2543 ct
827 2510 985 2545 salutem.

154 2555 222 2589 Hic
247 2566 327 2589 nota
353 2559 423 2594 sint
448 2562 539 2594 dicta
567 2562 796 2602 universalia,
831 2567 863 2593 et
887 2561 1036 2594 sciamus

52 2609 94 2640 de
122 2607 302 2640 voluntate
332 2607 399 2642 Dei
430 2624 469 2644 ex
492 2614 598 2646 verbo
630 2614 783 2645 revelato
811 2613 1034 2645 statuendum

53 2670 141 2697 esser
169 2669 233 2690 nec
255 2658 435 2702 fingendas
460 2674 533 2696 esse
558 2663 847 2698 contradictorias
872 2663 1036 2697 volunta—

99 2711 280 2744 RIELANTH.
316 2711 418 2747 Orsa,
460 2715 543 2746 Vm„
568 2716 645 2749 XV,

475 96 511 130 3.
541 91 840 130 ENARRATlO
867 90 1023 129 EPIST.
1050 88 1199 126 PAULI
1223 87 1291 124 AD
1318 87 1581 126 ROMANOS.
1636 90 1741 127 CAP,
1770 91 1835 127 lx.

1060 1913 1064 2058 ι

1060 2109 1064 2250 ι

2026 93 2100 130 978

1114 183 1164 210 tes
1188 176 1224 209 in
1242 174 1330 212 Deo.
1389 174 1490 210 Hanc
1506 176 1616 220 ipsam
1633 177 1679 210 ob
1699 189 1836 211 causam
1854 190 1921 212 vox
1935 175 2097 222 Evange-

1114 227 1152 260 lii
1171 227 1296 260 tradita
1320 234 1387 268 est,
1413 234 1451 261 ut
1475 228 1636 261 ostendat
1658 229 1875 263 voluntatem
1892 227 1956 262 Dei
1976 241 2093 262 veram
2143 231 2146 234 ’

1112 284 1143 310 ct
1159 289 1231 309 non
1249 278 1467 317 simulatam,
1503 285 1534 312 et
1556 290 1657 312 verax
1677 280 1826 313 nuncius
1842 288 1893 314 est
1909 281 2000 314 filius
2018 279 2092 320 Dei,

1111 328 1172 371 qui
1190 326 1421 370 Evangelium
1448 330 1578 371 profert
1596 342 1635 361 ex
1657 331 1736 362 sinu
1763 331 1886 373 patris,
1913 332 2001 365 sicut
2027 344 2091 364 no-

1084 376 1085 381 *
1110 379 1266 410 minatur
1280 380 1370 421 apud
1394 378 1550 420 Esaiam,
1578 379 1825 421 Consiliarius‚
1852 382 1931 425 quia
1950 379 2091 414 hoctle-

1082 439 1083 446 ¹
1108 436 1240 461 cretum
1265 429 1387 462 salutis
1413 429 1556 475 profert.

1080 484 1082 492 ¹
1106 481 1148 511 ad
1171 491 1223 511 me
1247 491 1388 520 ornnes,
1420 479 1487 523 qui
1513 480 1680 514 laboratis
1704 489 1736 515 et
1759 483 1894 515 onerati
1921 483 2020 524 cstis,
2057 491 2090 517 et

1610 429 1675 463 Hic
1697 432 1786 464 filius
1806 432 1935 477 inquit:
1965 432 2090 467 Venite

1106 541 1166 572 ego
1192 529 1343 562 reficiam
1371 541 1444 564 vos-

1207 586 1331 624 Iohan.
1354 589 1406 623 8.;
1452 587 1510 621 Sic
1542 588 1638 622 Deus
1667 590 1789 624 dilexit
1815 593 2008 633 mundum,
2048 602 2088 628 ut

1104 639 1215 673 filium
1242 652 1342 673 suum
1370 639 1591 682 unigenitum
1622 641 1776 681 dederit,
1821 651 1859 675 ut
1886 645 1999 676 omnis
2027 647 2086 689 qui

1103 691 1193 723 crdit
1230 691 1266 724 iu
1295 702 1394 729 eum,
1431 702 1505 723 non
1545 697 1679 734 pereat,
1728 693 1787 725 sed
1824 689 1951 727 habeat
1979 694 2085 728 vitam

1101 748 1290 776 aeternam.

1203 799 1307 834 Rom.
1326 799 1377 833 3.:
1408 798 1547 833 Iusticia
1566 798 1630 833 Dei
1652 813 1713 844 per
1736 801 1838 834 fidem
1857 801 1933 835 Iesu
1952 801 2085 838 Christi

1101 851 1138 883 in
1157 862 1280 884 omnes
1302 857 1334 883 et
1353 861 1457 893 super
1473 863 1595 884 omnes
1614 853 1805 887 credentes.

1202 901 1401 936 R‹›111.1O.:
1438 900 1532 934 Idem
1568 902 1742 936 Dominus
1773 905 1952 943 omnium,
1987 906 2084 940 dives

1100 952 1136 985 in
1163 963 1284 986 omnes
1311 952 1371 996 qui
1396 952 1561 986 invocant
1589 965 1680 988 eum.

1201 1002 1304 1038 Rom.
1326 1004 1397 1037 11.:
1426 1001 1608 1037 Conclusit
1625 1004 1719 1038 Deus
1736 1017 1857 1039 omnes
1875 1007 1941 1040 sub
1959 1007 2081 1041 inobe-

1098 1054 1286 1092 dientiam,
1312 1061 1350 1087 ut
1370 1055 1527 1086 omnium
1547 1055 1765 1090 misereatur.

1198 1109 1463 1148 1.'1‘imoth.2.:
1492 1112 1586 1146 Deus
1605 1114 1678 1148 vult
1694 1127 1815 1148 omnes
1834 1113 1995 1150 homines
2011 1119 2079 1151 sal-

1095 1175 1155 1197 vos
1180 1164 1266 1196 fieri.

1195 1213 1300 1248 Rom.
1318 1215 1368 1250 2:
1393 1213 1472 1248 Non
1491 1222 1541 1248 est
1559 1216 1712 1259 acceptio
1739 1228 1966 1260 personarum
1984 1221 2077 1263 apud

1092 1263 1219 1299 Deum.

1194 1314 1318 1349 Esaiae
1342 1312 1420 1348 53.;
1463 1313 1599 1348 Omnes
1627 1328 1690 1349 nos
1715 1318 1814 1362 quasi
1838 1331 1919 1351 oves
1944 1322 2076 1354 erravi-

1093 1378 1187 1406 mus,
1222 1373 1254 1399 et
1273 1367 1390 1408 posuit
1408 1364 1585 1399 Dominus
1610 1366 1646 1399 in
1672 1379 1750 1400 eum
1775 1369 1980 1414 iniquitates
2002 1384 2077 1404 om-

1091 1429 1188 1449 nium
1215 1424 1385 1450 nostrum.

1190 1475 1234 1508 Et
1252 1476 1575 1509 manifestissimum
1595 1485 1661 1518 est,
1682 1479 1886 1511 mandatum
1906 1480 1974 1513 Dei
1995 1483 2076 1515 uni-

1091 1527 1224 1559 versale
1241 1533 1273 1559 et
1292 1527 1514 1559 immutabile
1531 1539 1620 1566 esse,
1639 1535 1676 1560 ut
1693 1541 1813 1561 omnes
1832 1532 1972 1564 credant
1992 1533 2075 1573 filio,

1091 1577 1184 1609 iuxta
1208 1577 1359 1609 dictum:
1403 1576 1508 1609 Hunc
1539 1579 1667 1611 audite.
1720 1579 1762 1612 Et
1790 1579 1929 1614 psalma
1973 1581 2072 1618 Beati

1089 1639 1210 1660 omnes
1232 1627 1291 1672 qui
1318 1628 1500 1661 confidunt
1524 1628 1560 1660 in
1589 1640 1639 1661 eo.

1190 1685 1242 1719 Ex
1268 1685 1321 1719 his
1338 1687 1631 1719 manifestissimis
1654 1688 1865 1722 testimoniis
1888 1698 1919 1724 et
1945 1692 2073 1726 simili-

1089 1738 1154 1770 bus
1187 1738 1385 1770 firmissime
1420 1745 1614 1771 statuamus
1645 1745 1832 1784 utramque
1864 1743 2069 1777 concionem

1088 1789 1321 1821 universalem
1345 1800 1435 1828 esse,
1469 1789 1675 1821 concionem
1702 1791 1955 1834 poenitentiae,
1984 1807 2073 1839 quae

1088 1839 1203 1881 arguit
1220 1846 1397 1883 peccatum
1420 1839 1455 1872 in
1475 1839 1656 1879 omnibus,
1685 1848 1716 1874 et
1738 1843 1905 1885 praecipit
1929 1852 1967 1878 ut
1993 1858 2070 1878 om-

1088 1902 1148 1923 nes
1166 1897 1433 1923 convertantur:
1462 1897 1494 1924 et
1516 1891 1781 1933 promissionem
1802 1894 1931 1935 gratiae
1954 1897 2069 1928 omni-

1088 1942 1154 1974 bus
1180 1941 1435 1985 perterrefactis
1458 1941 1585 1974 osserre
1615 1943 1780 1985 gratiam,
1814 1951 1847 1977 et
1873 1946 2070 1990 praecipere

1088 1999 1126 2025 ut
1148 1993 1291 2025 credant
1316 1993 1353 2024 in
1378 1992 1487 2025 filium
1514 1992 1591 2026 Dei.

1189 2049 1278 2085 Cum
1297 2051 1404 2093 igitur
1420 2052 1461 2083 de
1480 2051 1649 2085 electione
1667 2052 1813 2093 dicitur,
1846 2065 1981 2099 semper
2005 2054 2069 2090 hae

1087 2109 1157 2137 tres
1181 2102 1439 2135 admonitiones
1458 2103 1527 2135 sint
1548 2102 1584 2134 in
1603 2110 1800 2146 conspectu.
1836 2104 1952 2138 Prima
1972 2107 2067 2140 iudi-

1088 2153 1239 2186 candum
1264 2159 1315 2186 est
1336 2154 1378 2185 de
1395 2154 1575 2186 voluntate
1599 2152 1663 2186 Dei
1684 2166 1722 2187 ex
1748 2155 1857 2198 ipsius
1884 2157 2008 2198 verbo,
2037 2166 2069 2192 et

1088 2205 1284 2237 accedimus
1301 2205 1344 2236 ad
1362 2204 1473 2237 Deum
1500 2204 1720 2248 praelucente
1745 2207 1868 2247 verbo,
1897 2208 1990 2241 iuxta
2014 2210 2068 2242 di-

1088 2262 1197 2288 ctum:
1225 2254 1384 2288 Lucerna
1403 2255 1550 2298 pedibus
1566 2256 1649 2288 meis
1667 2256 1811 2288 verbum
1831 2264 1944 2292 tuum.
1990 2259 2067 2292 Ma-

1089 2318 1154 2349 gna
1190 2313 1305 2338 autem
1342 2306 1534 2338 consolatio
1571 2306 1721 2349 primum
1753 2304 1836 2340 haec
1864 2315 1932 2349 est,
1973 2312 2066 2354 quod

1089 2364 1181 2390 certo
1205 2357 1333 2389 scimus
1355 2369 1393 2389 ex
1414 2358 1521 2388 verbo
1539 2356 1614 2391 Dei.
1668 2356 1781 2390 Deum
1807 2359 1976 2393 immensa
2002 2362 2067 2394 mi-

1089 2408 1276 2441 sericordia
1298 2415 1440 2452 propter
1466 2408 1577 2439 filium
1601 2419 1736 2454 semper
1760 2409 1923 2452 colligere
1945 2409 2068 2445 Eccle-

1089 2459 1175 2492 siam
1195 2459 1230 2491 in
1249 2470 1373 2501 genere
1394 2457 1568 2498 humano,
1596 2465 1627 2491 et
1646 2459 1786 2503 quidem
1807 2473 1887 2493 voce
1906 2459 2068 2505 Evange-

1089 2511 1147 2550 lii,
1175 2510 1260 2543 etin
1280 2521 1319 2542 eo
1340 2516 1456 2551 coetu,
1490 2509 1551 2553 qui
1572 2510 1690 2548 docet,
1719 2510 1820 2544 discit
1838 2518 1871 2545 et
1888 2513 2067 2556 amplecti-

1089 2569 1146 2595 tur
1169 2559 1420 2602 Evangelium‚
1453 2565 1485 2592 et
1509 2571 1580 2592 non
1599 2560 1756 2594 defendit
1780 2562 1874 2595 idola
1899 2570 1959 2597 aut
1983 2565 2068 2597 alias

1089 2611 1305 2659 corruptelas
1324 2617 1444 2644 contra
1464 2610 1752 2652 fundamentum,
1779 2608 1911 2648 certum
1930 2620 1980 2648 est
1998 2626 2069 2648 esse

1089 2663 1226 2708 aliquos
1247 2662 1389 2702 electos,
1418 2662 1510 2694 iuxta
1537 2659 1620 2695 hacc
1643 2662 1749 2696 dicta:

1198 2712 1246 2747 62
