2415 2942
267 92 341 129 535

270 189 388 222 agere,
410 174 562 219 primum
583 178 622 205 ut
646 169 758 214 ipsum
777 165 906 200 scelere
925 165 1101 209 pollutum
1126 165 1255 199 avelle-

272 237 323 262 ret
340 240 356 260 a
376 225 450 259 Deo
463 251 470 265 ‚
498 222 666 266 spoliaret
683 220 779 252 dono
797 214 1020 261 prophetiae,
1048 223 1081 250 et
1101 216 1180 250 aliis
1199 216 1255 250 di—

271 278 363 311 vinis
378 273 606 313 ornamentis,
623 269 786 304 excitaret
801 267 1004 300 scandalum
1017 268 1059 300 ad
1080 268 1256 301 infaman-

272 330 351 361 dam
378 325 600 364 doctrinam,
641 332 746 366 quam
775 316 899 361 loseph
930 318 1184 362 profitebatur,
1217 325 1256 351 ut

271 379 350 412 Deo
382 375 672 410 malediceretur,
724 377 757 404 et
789 369 1051 412 extingueretur
1087 370 1136 402 ibi
1176 380 1256 402 vera

272 428 415 471 religio,
442 437 531 470 quae
561 433 681 457 recens
707 421 881 454 illuxerat.
936 418 1090 454 Tantam
1117 420 1257 453 ruinam

273 491 342 513 uua
370 475 454 510 haec
482 473 701 518 voluptatula
733 470 904 505 traxisset.
978 469 1067 503 Nam
1097 471 1259 503 diabolus

275 531 378 571 longe
402 526 588 571 prospicit,
616 531 648 557 et
673 523 758 556 telas
783 522 866 555 texit
889 520 993 554 nobis
1020 528 1137 565 postea
1160 522 1259 554 inex-

276 578 472 619 tricabiles,
515 583 554 610 ut
577 574 691 609 David
715 579 877 617 expertus
911 578 982 612 est,
1028 579 1061 605 et
1084 572 1187 605 multi
1212 571 1261 614 pii

277 629 517 674 experiuntur.
581 625 678 658 Haec
710 629 913 666 argumenta
945 623 1062 655 omnia
1094 623 1261 665 colligens

279 677 424 724 loseph,
464 677 572 711 erexit
596 688 631 709 se
656 676 722 708 fide
748 681 868 707 contra
896 673 1077 705 illecebras
1104 680 1135 706 et
1170 673 1263 717 peri-

279 732 376 771 cula,
402 737 435 763 et
451 740 529 762 cum
548 728 619 771 ipse
636 725 822 768 disciplina
841 735 876 756 se
892 723 1057 763 co'e‘rcuit,
1085 730 1159 757 tum
1180 734 1263 755 vero

279 781 403 826 petivit
428 780 575 812 coeleste
603 776 782 809 auxilium.
861 773 909 806 lta
938 780 1056 807 noster
1080 775 1150 806 dux
1172 773 1265 806 filius

279 832 366 874 Dei,
395 842 456 874 per
477 825 598 871 loseph
615 825 792 870 superavit
815 836 853 856 ac
872 823 975 866 fregit
1000 824 1133 857 diaboli
1159 836 1265 857 cona-

280 892 347 917 tus.
416 880 505 913 Cum
533 877 598 910 hoc
628 877 732 908 modo
760 875 807 918 pii
839 881 1035 918 repugnant
1061 874 1268 914 infirmitati,

282 941 314 966 et
341 933 405 964 fide
431 936 553 974 petunt
582 927 751 960 auxilium
781 932 812 957 et
844 925 1157 965 condonationem,
1194 936 1267 958 non

282 983 447 1017 amittunt
478 978 624 1021 gratiam
645 1003 655 1017 ‚
696 975 869 1019 Spiritum
901 982 1058 1008 sanctum
1095 982 1128 1009 et
1153 975 1268 1010 fidem.

282 1033 329 1067 Et
345 1033 422 1066 talis
442 1029 625 1063 infirmitas
643 1033 786 1060 vocatur
805 1026 908 1069 vulgo
926 1032 1105 1070 peccatum
1130 1025 1267 1060 veniale

286 1087 321 1117 iu
341 1082 480 1117 sanctis.

387 1184 460 1218 Alii
484 1188 565 1217 sunt
590 1181 706 1225 lapsus
733 1186 853 1213 contra
886 1177 1156 1219 conscientiam,
1184 1188 1272 1223 quos
1296 1194 1298 1201 ·

288 1243 413 1269 vocant
431 1233 556 1267 Graeci
579 1228 735 1279 φονικὰς
751 1227 943 1276 ἆλιιαρτίας.
996 1228 1043 1263 Et
1061 1229 1192 1263 Paulus
1208 1230 1271 1262 ait:
1297 1208 1299 1300 l*

288 1287 477 1320 Manifesta
496 1290 578 1317 sunt
596 1294 701 1326 opera
720 1281 854 1318 carnis,
882 1280 1064 1320 videlicet,
1092 1292 1171 1312 cum
1189 1292 1273 1312 con-

290 1346 342 1371 tra
367 1335 615 1369 conscientiam
636 1332 743 1364 violat
769 1331 895 1375 aliquis
923 1331 1087 1364 mandata
1104 1330 1191 1370 Dei,
1219 1331 1274 1363 vel
1298 1321 1300 1342 ¹

290 1388 478 1430 indulgens
513 1396 620 1429 pravo
652 1382 789 1415 affectui
815 1393 852 1414 ac
879 1392 951 1413 non
981 1392 1199 1424 repugnans:
1237 1387 1276 1414 ut

291 1439 376 1472 Saul
399 1438 520 1470 oderat
537 1434 726 1472 Davidem,
754 1432 807 1464 vel
831 1432 962 1464 addens
986 1438 1166 1465 externum
1189 1431 1275 1464 faci—

290 1501 374 1522 nus:
403 1496 440 1521 ut
456 1486 571 1520 David
590 1484 707 1527 rapuit
723 1482 867 1515 alterius
882 1494 1036 1516 uxorem.
1090 1481 1192 1515 Talia
1210 1483 1271 1514 de-
1301 1486 1302 1506 ἒ

291 1541 370 1572 licta
394 1536 650 1570 committentes
674 1533 841 1566 amittunt
867 1533 1035 1575 gratiam,
1067 1533 1277 1565 contristant

291 1598 324 1623 ct
341 1586 701 1629 excutiuntSpiritum
718 1590 895 1623 sanctum,
922 1589 956 1615 et
971 1582 1141 1616 abiiciunt
1159 1583 1278 1622 fidem,

293 1653 331 1674 ae
356 1639 423 1671 nisi
450 1635 700 1682 poenitentiam
723 1640 828 1677 agant
844 1660 853 1674 ,
893 1639 926 1666 et
950 1644 1070 1665 rursus
1102 1634 1144 1665 ad
1174 1633 1277 1664 fidem

293 1695 569 1727 convertantur,
616 1685 805 1718 morientes
844 1684 1062 1717 abiiciuntur
1098 1684 1135 1715 in
1168 1689 1280 1716 aeter-

294 1753 359 1774 nos
374 1739 558 1773 cruciatus,
611 1735 734 1780 Neque
754 1747 842 1778 opus
860 1741 910 1767 est
928 1732 995 1766 huc
1013 1734 1141 1767 adferri
1159 1734 1279 1777 dispu-
1304 1729 1305 1738 ¹

295 1793 442 1825 tationes
464 1790 506 1822 de
530 1786 857 1832 praedestinatione.
912 1784 984 1817 Nos
1009 1786 1052 1817 de
1074 1785 1202 1818 nostris
1226 1785 1279 1817 sa-

296 1843 378 1882 ctis,
407 1849 437 1874 et
461 1841 504 1872 de
530 1839 710 1871 voluntate
733 1849 772 1869 ac
798 1835 928 1869 iudicio
958 1836 1047 1876 Dei,
1082 1837 1175 1869 iuxta
1201 1847 1280 1868 ver-

296 1894 380 1925 bum
410 1891 472 1924 Dei
499 1899 697 1933 expressum
731 1887 966 1930 pronunciare
996 1888 1174 1920 debemus.
1242 1886 1280 1920 Si

297 1942 414 1977 David
448 1953 518 1973 non
544 1938 763 1982 resipuisset,
791 1938 912 1970 fuisset
933 1937 1089 1970 abiectus
1114 1938 1150 1970 in
1171 1943 1281 1970 aeter-

298 2005 364 2027 nos
390 1992 583 2033 cruciatus,
613 1990 699 2022 sicut
724 1988 818 2021 Saul.
885 1987 1060 2021 Securitas
1083 1988 1152 2021 alte
1177 1986 1281 2020 infixa

300 2053 346 2077 est
375 2042 502 2076 animis
527 2039 732 2075 hominum,
772 2039 972 2081 praesertim
1000 2039 1132 2072 otiosis.
1198 2037 1281 2070 Ideo
1307 2059 1308 2062 =

299 2095 493 2127 cavendum
512 2098 578 2130 est,
605 2102 649 2122 ne
676 2087 756 2121 huic
781 2090 871 2121 malo
897 2089 1160 2131 indulgeamus,
1188 2090 1281 2132 quod

300 2146 405 2177 variis
448 2141 683 2186 praetextibus
725 2139 960 2173 confirmatur.
1040 2139 1283 2182 Proponamus
1307 2149 1309 2157 ¹

300 2196 402 2227 uobis
421 2195 566 2226 verbum
587 2190 672 2230 Dei,
701 2190 795 2222 iuxta
818 2190 925 2221 illud:
963 2189 1119 2222 Lucerna
1137 2190 1283 2232 pedibus

301 2247 385 2278 ucis
410 2245 553 2276 verbum
584 2249 695 2275 tuum.
758 2240 795 2272 ld
820 2247 965 2273 testatur
991 2240 1101 2272 amitti
1128 2241 1284 2281 gratiam,

302 2305 331 2327 ot
358 2296 469 2328 excuti
498 2293 670 2337 Spiritum
694 2298 851 2323 sanctum
878 2302 938 2334 per
963 2291 1047 2323 tales
1072 2292 1207 2334 lapsus,
1247 2300 1285 2326 ut
1308 2294 1310 2308 ¹

315 2348 436 2379 'ioman
456 2345 506 2377 8.:
536 2344 572 2377 Si
592 2343 784 2375 secundum
801 2353 940 2374 carnem
959 2342 1126 2380 vixeritis,
1152 2342 1280 2374 morie-

442 2392 568 2429 Matth.
584 2395 659 2428 12:
688 2392 739 2424 De
757 2392 899 2425 diaholo
920 2393 1085 2424 redeunte
1101 2394 1141 2424 ad
1160 2405 1235 2432 eos,
1264 2406 1281 2426 a

301 2447 429 2490 quibus
458 2445 584 2477 eiectus
617 2445 757 2476 fuerat:
800 2444 896 2475 vadit
925 2450 954 2474 et
982 2443 1125 2475 assumit
1151 2451 1280 2485 septem

299 2498 385 2529 alios
410 2495 552 2538 spiritus
576 2494 760 2538 nequiores
786 2505 836 2532 se,
871 2499 903 2525 et
927 2494 1098 2526 intrantes
1122 2491 1280 2527 habitant

299 2549 365 2585 ibi,
402 2553 435 2578 et
459 2545 546 2577 fiunt
570 2544 759 2576 novissima
786 2545 901 2586 peiora
931 2545 1118 2587 prioribus.
1187 2545 1279 2577 Mat-

298 2597 388 2631 thaei
415 2596 471 2630 13.
496 2596 538 2628 de
563 2595 694 2626 semine
712 2597 804 2637 quod
831 2596 1068 2636 strangulatur
1093 2596 1287 2627 mundanis
1311 2616 1313 2620 ·

299 2648 486 2687 illecebris,
514 2645 647 2690 primae
673 2646 714 2677 ad
744 2643 948 2677 Corinthios
974 2654 1086 2678 svxto:
1117 2646 1169 2678 Ne
1196 2658 1286 2678 erre·
1311 2667 1313 2681 .

300 2397 396 2429 iuini.

872 79 996 117 PHIL.
1024 78 1141 116 MEL.
1165 78 1375 116 SCRIPTA
1402 76 1702 116 EXEGETICA.

1301 1519 1302 1522 Ἰ
1327 1481 1493 1522 habeam,
1532 1479 1624 1514 nihil
1649 1493 1737 1516 sum.

2220 81 2292 117 536

1306 167 1368 209 tis,
1400 172 1627 204 scortatores,
1670 164 1857 208 idolatrae,
1892 167 2048 210 moechi,
2092 169 2202 209 fures,
2236 180 2292 213 rep.

1307 230 1415 264 gnum
1433 217 1498 251 Dei
1517 228 1590 249 non
1615 215 1858 260 possidebunt.
1910 217 1956 252 Et
1981 225 2127 254 testatur
2148 231 2182 252 se
2207 231 2293 252 con-

1308 269 1442 303 cionari
1472 268 1514 301 iis
1539 267 1600 312 qui
1629 273 1731 300 antea
1755 268 1933 302 consecuti
1963 269 2101 304 fuerant
2127 270 2294 304 beneficia

1309 318 1452 355 Christi.
1511 317 1577 351 His
1603 317 1791 361 praecipit,
1824 325 1865 352 ut
1889 327 2033 353 caveant
2061 332 2104 353 ne
2129 333 2166 354 ea
2190 320 2295 354 amit·

1309 378 1395 405 tant.
1456 367 1545 402 Item
1571 369 1704 412 primae
1725 369 1768 401 ad
1793 366 1998 402 Corinthios
2022 371 2175 406 decimo:
2213 370 2296 404 Non

1311 422 1401 455 fiatis
1426 420 1616 460 idolatrae,
1643 431 1715 451 non
1733 426 1946 460 scortemur,
1974 421 2062 454 sicut
2086 422 2227 466 quidam
2252 421 2297 454 il-

1312 473 1426 505 lorum
1453 471 1593 504 scortati
1612 476 1711 510 sunt,
1741 476 1772 503 et
1795 470 1976 516 perierunt
2001 483 2073 504 uuo
2098 472 2154 504 die
2171 472 2296 512 viginti

1312 523 1378 556 tria
1395 522 1507 555 millia
1526 519 1723 555 hominum.
1763 518 1818 553 Ad
1833 520 1976 554 Galatas
1992 522 2133 566 quinto:
2162 521 2233 565 Qui
2248 528 2299 555 ta-

1314 574 1360 606 lia
1379 579 1498 616 agunt,
1515 583 1661 615 regnum
1674 571 2108 617 Deinonconsequentur.
2137 570 2181 607 Et
2198 572 2301 605 dein-

1315 625 1374 657 de:
1412 623 1484 666 Qui
1501 623 1537 655 in
1562 634 1664 655 carne
1689 623 1849 663 seminat,
1873 629 1979 656 metet
1996 623 2193 657 interitum:
2229 621 2302 666 Qui

1315 674 1464 708 seminat
1482 674 1518 706 in
1537 674 1679 717 spiritu,
1699 680 1802 706 metet
1819 673 1926 707 vitam
1944 681 2132 708 aeternam.
2163 673 2302 707 Primae

1316 726 1358 758 ad
1371 722 1600 758 Timotheum
1620 724 1760 768 quinto:
1786 723 1822 758 Si
1840 724 1917 769 quis
1934 735 2076 758 suorum
2094 736 2212 758 curam
2230 734 2303 757 non

1318 774 1444 815 habet,
1481 776 1584 807 fidem
1612 775 1816 817 abnegavit,
1850 782 1882 808 et
1907 781 1956 808 est
1980 775 2113 808 infideli
2139 775 2303 809 deterior.

1317 827 1372 859 Ad
1398 825 1554 858 Ebraeos
1577 825 1836 860 decimotertio:
1865 825 2082 859 Scortatores
2106 833 2139 860 et
2162 826 2304 859 adulte-

1319 888 1376 910 ros
1404 876 1572 909 iudicabit
1590 875 1695 911 Deus.
1755 876 1937 910 Secundae
1955 876 2048 909 Petri
2066 878 2237 910 secundo:
2265 875 2303 909 Si

1320 938 1398 960 cum
1418 926 1620 968 effugissent
1638 926 1903 970 inquinamenta
1922 928 2044 960 mundi
2068 939 2130 972 per
2152 927 2305 971 agnitio—

1320 989 1401 1010 nem
1419 975 1564 1009 Domini
1585 983 1616 1009 et
1634 978 1818 1010 servatoris
1834 977 1909 1010 Iesu
1926 975 2070 1019 Christi,
2097 989 2219 1011 rursus
2234 977 2307 1010 illis

1321 1027 1484 1070 impliciti
1503 1033 1729 1071 superantur,
1755 1028 1843 1061 fiunt
1860 1028 1908 1060 eis
1924 1029 2116 1072 posteriora
2132 1028 2306 1062 deteriora

1324 1078 1516 1123 prioribus.
1576 1074 1747 1110 Matthaei
1772 1078 1925 1111 decimo:
1954 1078 2028 1121 Qui
2050 1079 2227 1123 negaverit
2250 1089 2306 1110 me

1322 1140 1439 1162 coram
1460 1126 1682 1166 hominibus,
1710 1129 1844 1171 negabo
1861 1140 1940 1162 eum
1965 1141 2081 1162 coram
2106 1137 2204 1173 patre
2227 1141 2306 1162 meo

1323 1179 1474 1213 coelesti.
1503 1175 1993 1223 Matthaeivicesimoquarto:
2023 1179 2306 1224 Quipersevera-

1324 1230 1414 1263 verit
1430 1230 1466 1261 in
1485 1229 1587 1261 finem
1602 1255 1610 1268 ‚
1640 1226 1696 1262 hic
1722 1229 1838 1262 salvus
1855 1229 1929 1263 erit.
1983 1228 2156 1263 Matthaei
2183 1230 2308 1263 vicesi-

1298 1281 1529 1325 =moquintoz
1570 1278 1746 1313 Discedite
1779 1292 1798 1312 a
1831 1292 1885 1312 me
1917 1280 2094 1314 maledicti
2122 1281 2159 1314 in
2191 1281 2309 1324 ignem

1325 1337 1523 1364 aeternum:
1552 1328 1716 1373 Esurivi,
1740 1337 1771 1364 et
1788 1342 1860 1363 non
1883 1330 2028 1363 dedistis
2049 1329 2134 1364 mihi
2159 1333 2310 1364 mandu-

1300 1416 1301 1419 ,
1327 1393 1422 1421 care,
1450 1387 1511 1414 etc.
1552 1379 1690 1412 Primae
1704 1382 1744 1413 ad
1762 1378 1967 1414 Corinthios
1982 1381 2241 1415 decimotertio:
2269 1381 2308 1415 Si

1327 1430 1475 1464 habeam
1506 1442 1646 1464 omnem
1671 1431 1793 1472 fidem,
1828 1432 2051 1464 dilectionem
2088 1439 2204 1465 autem
2236 1444 2308 1464 non

1811 1480 1886 1515 Etsi
1913 1494 1984 1514 non
2011 1490 2153 1526 propter
2176 1489 2312 1515 nostras

1329 1533 1475 1566 virtutes
1499 1539 1559 1565 aut
1577 1544 1682 1575 opera
1707 1533 1815 1573 iusti,
1859 1533 1894 1565 id
1923 1541 1992 1575 est,
2038 1533 2168 1576 accepti
2192 1544 2313 1566 sumus

1329 1583 1422 1626 Deo,
1450 1590 1568 1615 tamen
1587 1593 1725 1615 necesse
1749 1590 1798 1616 est
1824 1583 1860 1615 in
1885 1583 1987 1615 nobis
2019 1583 2164 1616 existere
2191 1584 2312 1616 incoa-

1331 1640 1400 1666 tam
1425 1632 1680 1671 obedientiam,
1717 1633 1811 1666 iuxta
1838 1633 1950 1667 illud:
1994 1631 2065 1675 Qui
2092 1633 2217 1678 spiritu
2243 1634 2312 1668 Dei

1329 1690 1493 1726 aguntur,
1520 1681 1555 1715 hi
1571 1689 1651 1715 sunt
1671 1683 1733 1715 filii
1752 1683 1828 1719 Dei.
1869 1683 2008 1716 Primae
2027 1684 2168 1717 loannis
2186 1685 2307 1718 tertie?

1332 1733 1372 1767 ln
1402 1732 1466 1767 hoc
1489 1733 1662 1766 manifesti
1685 1740 1766 1766 sunt
1791 1735 1853 1767 filii
1886 1733 1972 1774 Dei,
2013 1741 2046 1768 et
2072 1735 2134 1768 filii
2161 1735 2312 1769 diaboli:

1332 1784 1403 1827 Qui
1427 1796 1499 1817 non
1520 1784 1601 1817 facit
1625 1784 1817 1826 iusticiam,
1852 1797 1923 1817 non
1947 1791 1995 1818 est
2019 1797 2058 1818 ex
2087 1784 2172 1821 Deo.
2240 1785 2312 1829 Qui

1333 1847 1406 1868 non
1433 1835 1549 1877 diligit
1572 1835 1738 1879 fratrem,
1781 1842 1898 1869 manet
1923 1836 1959 1868 in
1985 1842 2108 1871 morte.
2181 1835 2312 1877 Filioli,

1334 1898 1437 1919 nemo
1466 1886 1615 1929 decipiat
1641 1897 1712 1920 vos,
1772 1885 1842 1927 Qui
1868 1886 1950 1919 facit
1976 1886 2168 1927 iusticiam,
2204 1887 2316 1921 iustus

1336 1943 1397 1970 est.
1452 1936 1524 1978 Qui
1550 1936 1629 1969 facit
1655 1942 1851 1979 peccatum,
1885 1948 1924 1969 ex
1948 1936 2090 1969 diabolo
2115 1944 2175 1971 est.
2237 1937 2315 1970 Hu-

1334 1999 1434 2019 mana
1452 1986 1615 2019 securitas
1636 1994 1797 2019 extenuat
1815 1987 2092 2030 magnitudinem
2114 1984 2315 2022 nostrorum

1333 2038 1513 2081 lapsuum,
1541 2038 1597 2069 sed
1624 2038 1702 2070 vide
1728 2050 1832 2082 quam
1858 2036 1923 2071 hae
1947 2039 2016 2071 sint
2039 2045 2170 2072 atroces
2187 2040 2315 2074 minae.

1333 2087 1428 2130 Quid
1455 2088 1568 2131 potuit
1590 2088 1658 2120 dici
1683 2089 1897 2130 terribilius,
1933 2101 2037 2134 quam
2062 2091 2154 2133 quod
2182 2090 2314 2135 inquit:

1334 2138 1404 2181 Qui
1423 2138 1502 2171 facit
1518 2146 1716 2181 peccatum,
1746 2152 1785 2172 ex
1812 2140 1954 2173 diabolo
1980 2146 2048 2179 est,
2078 2139 2143 2173 hoc
2161 2147 2229 2181 est,
2257 2152 2315 2174 ca-

1337 2189 1454 2233 ptivus
1480 2196 1529 2222 est
1554 2190 1705 2230 diaboli,
1739 2190 1889 2233 agitatur
1915 2197 1946 2223 et
1974 2190 2167 2233 impellitur
2193 2192 2236 2223 ab
2261 2203 2314 2232 eo,

1334 2242 1491 2273 desertus
1507 2251 1525 2272 a
1542 2240 1677 2283 Spiritu
1698 2248 1833 2281 sancto,
1861 2242 2013 2274 abiectus
2039 2253 2055 2272 a
2079 2239 2163 2273 Deo.
2215 2240 2316 2276 Sicut

1335 2291 1438 2324 etiam
1461 2298 1606 2324 eventus
1633 2298 1816 2325 testantur.
1878 2291 2058 2333 Quantum
2086 2302 2178 2324 unus
2197 2291 2315 2336 lapsus

1333 2341 1481 2375 Davidis
1505 2342 1672 2374 scelerum
1692 2349 1724 2375 et
1748 2342 1984 2375 calamitatum
2011 2342 2171 2389 peperit?
2212 2341 2315 2377 Post-

1335 2404 1438 2437 quam
1464 2392 1546 2425 vicit
1573 2393 1702 2432 libido,
1732 2399 1827 2436 rapta
1855 2393 1997 2425 alterius
2015 2392 2180 2435 coniuge,
2208 2394 2315 2427 mari-

1335 2450 1408 2475 tum
1426 2443 1522 2476 iubet
1541 2443 1705 2482 interfici,
1727 2451 1759 2476 et
1776 2455 1843 2476 una
1863 2443 1964 2476 multi
1981 2443 2091 2479 cives,
2121 2443 2188 2476 viri
2206 2446 2317 2478 sancti

1336 2501 1366 2527 et
1385 2494 1490 2525 sortes
1506 2501 1669 2536 pereunt,
1699 2506 1825 2526 nomen
1845 2492 1907 2526 Dei
1928 2494 2139 2526 contumelia
2157 2495 2316 2532 afficitur.

1337 2544 1457 2577 Postea
1477 2545 1568 2590 filius
1588 2552 1699 2577 movet
1718 2544 1941 2583 seditionem,
1969 2545 2156 2587 rapiuntur
2179 2547 2222 2577 ad
2245 2552 2317 2579 stu-

1338 2608 1437 2638 prum
1458 2608 1474 2627 a
1493 2596 1563 2627 filio
1583 2595 1746 2637 coniuges
1767 2595 1891 2638 patris,
1920 2595 2052 2628 nefario
2077 2602 2108 2628 et
2133 2595 2315 2640 plusquam

1339 2646 1466 2689 tragico
1485 2646 1622 2689 scelere,
1651 2646 1910 2679 interficiuntur
1926 2645 2034 2678 multa
2052 2645 2162 2679 millia
2179 2646 2319 2682 civium.
