2415 2942
115 90 207 126 1061

109 174 233 209 dubito
276 180 464 209 testaturos
507 184 578 207 esse
621 171 698 218 pios
732 179 766 208 et
799 174 956 208 eruditos
991 175 1097 215 viros,

107 234 140 260 et
174 238 214 259 ex
248 223 315 259 hoc
347 225 424 267 ipso
457 237 597 270 quoque
628 225 855 270 quantumvis
885 226 983 259 brevi
1012 227 1097 260 scri-

104 284 186 322 pto,
226 283 259 310 et
295 276 500 320 cognituros
536 283 569 309 et
603 276 840 309 admiraturus
881 288 953 310 esse
995 285 1097 311 auto-

105 329 153 361 ris
179 328 363 372 pietatem,
391 327 527 371 ingenii
550 326 772 367 felicitatem,
799 326 924 360 iudicii
950 329 1095 362 rectitu-

104 379 248 420 dinem,
283 378 516 412 confessionis
541 377 794 418 constantiam,
831 377 868 410 in
896 380 1094 413 communi-

103 431 212 463 canda
238 441 322 463 sana
353 429 516 463 doctrina
541 428 792 472 benignitatem
819 435 851 462 et
876 430 1092 469 facilitatem,

102 488 134 515 et
153 480 220 513 alia
241 480 351 524 ipsius
372 479 529 523 ingentia
547 480 660 519 dona,
687 479 817 523 quibus
836 480 962 514 claruit
980 481 1092 522 vivus,

103 539 135 565 et
152 530 329 564 Ecclesiae
345 530 411 564 Dei
430 531 567 565 utiliter
583 529 746 570 servivit,
774 528 864 563 nihil
891 532 959 565 sibi
984 545 1092 577 quae-

101 593 202 624 rens,
231 582 350 615 nullos
368 588 511 625 captans
536 581 591 613 vel
611 579 752 623 Regum
777 593 816 614 ac
842 589 1023 624 potentum
1040 584 1090 616 fa-

101 644 223 673 vores,
262 632 316 665 vel
345 632 440 675 vulgi
466 632 673 676 applausus,
710 631 764 664 vel
793 632 1004 674 dignitatum
1032 646 1089 667 ac-

100 683 293 723 cessiones,
322 683 377 715 vel
396 695 504 730 opum
531 682 710 722 cumulos,
740 695 889 727 quarum
917 685 1088 718 virtutum

101 741 204 767 testes
232 734 376 779 reliquit
398 733 571 778 plurimos
606 733 767 766 omnium
797 734 964 767 ordinum
995 735 1089 768 viros

99 786 167 818 fide
194 785 440 828 dignissimos,
473 783 566 817 inter
591 796 679 829 quos
703 785 890 828 praecipue
913 786 1089 830 appellare

100 838 210 869 visum
230 843 280 869 est
301 834 557 868 Celsitudinem
581 842 694 876 tuam,
724 834 965 870 Illustrissime
982 836 1086 870 Prin-

99 899 196 931 ceps,
221 898 309 931 quae
324 885 520 919 Dominum
545 882 788 932 Philippum,
829 888 872 920 de
895 900 965 932 quo
992 901 1087 922 nnnc

103 950 192 981 ago,
231 937 388 970 fortassis
431 936 487 983 (ut
521 937 696 983 existimo)
724 938 767 969 de
799 938 886 970 facie
918 939 1089 982 ignotum,

99 990 235 1022 sincero
260 999 298 1020 ac
323 988 498 1022 constanti
525 1000 643 1021 amore
669 1000 806 1032 semper
829 989 969 1031 dilexit,
1003 1002 1086 1034 pro-

100 1048 174 1083 pter
191 1039 462 1072 admirationem
487 1039 663 1072 donorum
686 1046 718 1072 et
742 1041 989 1083 praestantiam
1016 1042 1087 1074 vir-

98 1098 212 1124 tutum
229 1090 358 1133 ipsius,
384 1102 534 1135 quarum
551 1088 753 1134 αὐτόπτης,
780 1097 811 1124 et
832 1091 900 1124 fide
919 1092 1085 1135 dignissi-

99 1153 174 1174 mus
196 1141 300 1173 index
330 1148 466 1184 praeter
491 1141 702 1174 innumeros
726 1141 813 1174 alios
832 1148 913 1175 tuae
933 1142 1086 1176 Celsitu—

97 1193 172 1225 dini
197 1203 268 1224 esse
294 1192 427 1234 potuit,
455 1198 488 1224 et
514 1192 580 1225 fuit
611 1189 704 1224 haud
731 1193 861 1233 dubie,
889 1193 943 1226 vir
967 1194 1086 1226 erudi-

99 1245 214 1283 tione,
240 1243 380 1282 virtute,
407 1242 596 1286 prudentia
614 1254 652 1275 ac
672 1242 739 1275 fide
756 1244 1088 1286 praestantissimus,

101 1293 234 1327 Doctor
249 1289 473 1325 Hulclericus
491 1290 728 1337 Sz'zingerus‚
760 1292 990 1327 Celsitudinis
1007 1302 1085 1328 tuae

95 1344 346 1379 Cancellarius.

196 1394 246 1427 Ea
266 1395 308 1427 de
328 1405 429 1428 causa
453 1392 548 1427 hunc
564 1394 715 1428 Domini
732 1391 908 1442 Philippi
923 1395 1084 1428 libellum

97 1444 400 1478 tuaeCclsitudini
419 1445 546 1478 offerre
562 1446 785 1489 potissimum
804 1446 920 1484 volui,
948 1453 987 1480 nt
1007 1458 1086 1490 per-

99 1497 188 1530 lecto
209 1509 268 1537 eo,
295 1502 327 1529 et
344 1497 483 1539 cognita
501 1496 700 1530 sinceritate
725 1498 763 1530 in
787 1497 970 1536 doctrina,
998 1498 1086 1531 etin

98 1547 418 1580 communicatione
437 1547 517 1586 fida,
545 1548 781 1590 patrocinium
799 1548 965 1591 suscipiat
982 1546 1086 1581 huius

101 1598 187 1631 tanti
207 1598 294 1638 x'iri,
321 1598 382 1641 qni
411 1598 510 1642 quasi
532 1610 654 1641 parum
670 1610 688 1631 a
705 1599 776 1631 suis
794 1599 948 1631 alumnis
975 1606 1008 1632 et
1032 1599 1088 1631 di-

100 1648 243 1692 scipulis
268 1655 355 1681 esset
372 1648 565 1691 flagellatus
582 1650 667 1681 dum
691 1649 844 1687 viveret,
870 1650 973 1682 etiam
992 1662 1080 1682 mor-

101 1707 181 1733 tuus
207 1699 454 1743 conquiescere
476 1712 548 1732 non
573 1706 704 1743 potest,
734 1700 821 1744 quin
846 1711 885 1732 ex
908 1700 966 1740 iis,
1001 1713 1087 1745 quos

102 1752 139 1783 in
166 1762 226 1783 sua
248 1762 367 1783 mensa
395 1751 456 1783 diu
485 1750 592 1790 aluit,
630 1750 759 1794 quibus
782 1762 861 1783 cum
884 1762 954 1783 non
982 1753 1088 1784 modo

100 1801 238 1846 publice
263 1801 480 1841 doctrinam,
509 1802 566 1834 sed
591 1801 757 1844 privatim
782 1801 888 1835 etiam
912 1813 1001 1846 quae
1026 1800 1088 1834 ha-

101 1853 176 1886 buit
194 1859 227 1886 et
246 1853 379 1897 potuit,
406 1852 572 1890 consilia,
599 1859 632 1885 et
655 1860 785 1885 secreta
802 1864 863 1885 sua
883 1853 1083 1886 communi-

98 1904 207 1944 cavit,
238 1904 368 1949 qnibus
395 1904 499 1936 etiam
531 1915 591 1935 cor
621 1915 744 1946 suum,
779 1903 807 1936 si
840 1903 1012 1944 licuisset,
1047 1916 1086 1936 ex

99 1961 238 1998 pectore
253 1961 428 1988 exemtum
447 1954 714 1997 impertivisset,
742 1954 853 1999 aliqui
871 1955 907 1986 in
931 1966 1087 1997 exangue

99 2017 226 2049 corpus
260 2006 387 2050 sepulti
412 2006 590 2045 saeviant,
621 2005 798 2039 vindictae
829 2005 947 2039 studio
975 2013 1085 2046 tanto,

101 2063 134 2090 et
160 2057 348 2089 acerbitate
382 2063 500 2097 tanta,
534 2063 574 2089 ut
602 2058 740 2089 credam
760 2084 768 2097 ‚
806 2057 833 2089 si
865 2068 981 2089 coram
1004 2058 1088 2100 ipsis

100 2107 265 2140 miserum
285 2113 319 2140 et
341 2107 409 2139 iam
436 2115 638 2150 putrescens
661 2109 807 2141 cadaver
833 2103 1004 2153 Philippi
1030 2120 1087 2141 ex-

102 2159 254 2201 positum
273 2158 335 2198 sit,
363 2169 422 2191 eos
444 2157 608 2191 dentibus
624 2170 722 2192 more
745 2171 871 2191 canum
888 2159 1088 2201 irruituros,

99 2216 131 2242 et
146 2209 361 2242 frustulatim
378 2220 516 2242 carnem
535 2209 610 2241 eius
625 2209 838 2243 laceraturos
858 2221 940 2242 esse.

200 2260 296 2303 Quid
317 2260 411 2292 enim
433 2260 528 2293 aliud
552 2271 710 2301 censeas,
739 2261 766 2293 si
793 2261 886 2303 legas
908 2261 1090 2305 scriptum,

103 2312 195 2356 quod
217 2322 338 2344 recens
354 2311 499 2356 quidam
517 2323 598 2344 suae
614 2312 794 2344 doctrinae
811 2319 844 2344 et
860 2312 972 2344 famae
989 2320 1091 2346 tuen—

100 2367 161 2394 dae
179 2373 300 2402 causa,
328 2369 367 2396 ut
384 2362 498 2395 videri
516 2362 610 2402 vult,
637 2363 674 2394 in
694 2363 819 2405 vulgus
839 2363 988 2405 sparsit?
1016 2364 1091 2396 Ad-

102 2424 221 2446 versus
246 2424 351 2457 quam
371 2412 541 2446 iniuriam
569 2425 651 2445 vero
675 2425 747 2446 sese
765 2415 792 2446 is
810 2414 990 2446 defendit?
1018 2414 1092 2447 Aut

103 2476 190 2509 quae
210 2471 321 2506 potest
339 2476 410 2497 esse
431 2463 673 2507 Praeceptoris
690 2464 846 2497 fidissimi
860 2491 868 2504 ‚
896 2466 966 2497 imo
980 2464 1092 2498 Patris

105 2511 398 2562 εὐστοργοτάτου
415 2521 447 2547 et
465 2515 722 2558 benignissimi,
746 2516 878 2548 iniuria
894 2522 964 2548 tam
982 2523 1094 2556 atrox,

104 2578 191 2611 quae
216 2573 347 2599 tantam
373 2574 550 2599 mereatur
576 2566 818 2607 acerbitatem,
846 2573 883 2599 nt
904 2567 978 2599 eius
999 2579 1094 2600 mor-

105 2619 154 2650 tui
177 2618 324 2650 cadaver
345 2618 600 2660 propemodum
628 2625 660 2651 et
688 2618 824 2651 tumulo
850 2617 1021 2652 refossum
1047 2619 1093 2651 ita

108 2669 298 2702 crudeliter
316 2667 511 2701 laceretur?

774 86 1023 123 EPISTOLA
1059 82 1473 122 NUNCUPATORIA.

2048 86 2147 122 1062

1256 172 1405 216 Scripsit
1421 166 1769 217 Philippus'secreto
1790 175 1933 214 rogatus
1950 172 2141 208 consilium

1153 224 1317 268 Principe
1343 223 1507 256 Electore
1525 248 1533 261 ,
1581 221 1646 255 sub
1672 222 1771 255 cuins
1798 223 1934 256 ditione
1957 231 2059 258 natus
2083 233 2142 266 est,

1151 276 1298 317 paucula
1325 276 1367 307 de
1385 273 1503 308 Coena
1523 273 1687 314 Domini,
1716 274 1824 316 magis
1848 282 1885 307 ut
1906 274 1998 308 rixas
2015 276 2058 309 de
2077 276 2136 310 illa

1150 324 1366 369 Edelbergae
1392 332 1502 365 ortas,
1530 332 1560 358 et
1588 324 1726 367 publice
1751 325 1794 357 de
1821 332 1981 368 suggesto
2002 328 2137 360 mutuis

1148 378 1438 410 concionatorum
1455 375 1623 409 conviciis
1639 376 1841 415 cumulatas,
1866 377 2024 410 suaderet
2046 390 2136 423 qno-

1148 441 1217 472 quo
1235 429 1342 461 modo
1364 427 1472 470 sopiri
1493 434 1525 460 et
1542 426 1680 465 dirimi,
1707 438 1811 471 quam
1829 434 1865 460 ut
1882 428 1925 460 de
1949 428 2022 471 ipsa
2050 441 2134 461 con-

1147 479 1315 512 troversia
1334 478 1602 523 pronunciaret,
1621 477 1780 509 indicans
1798 477 1946 510 formam
1963 479 2132 523 loquendi

1146 542 1184 562 ex
1204 529 1328 570 Paulo,
1354 541 1420 574 qua
1440 528 1653 561 tutissimum
1671 534 1758 561 esset
1776 528 1827 560 uti
1843 528 1993 568 interea,
2019 530 2131 563 donec

1145 582 1188 613 de
1210 588 1280 614 tota
1305 579 1544 613 controversia
1574 579 1609 610 in
1635 577 1780 622 Synodo
1805 584 2026 615 statueretur.
2088 580 2129 613 In

1145 631 1203 664 illa
1222 632 1354 676 pagella
1372 632 1413 663 ad
1434 641 1544 663 unum
1563 629 1707 671 scripta,
1736 635 1866 662 secreto
1885 629 2031 673 scripta,
2055 643 2128 664 non

1144 683 1180 715 in
1207 680 1272 715 hoc
1296 682 1445 725 scripta,
1481 688 1519 714 ut
1541 681 1760 722 vulgaretur,
1795 686 1826 712 et
1857 687 1974 713 tamen
2006 688 2127 715 contra

1145 734 1360 767 voluntatem
1384 732 1535 771 autoris,
1568 737 1600 764 et
1623 730 1764 775 quidem
1789 737 1866 774 post
1892 738 2040 764 mortem
2066 733 2126 765 de-

1143 797 1237 817 mum
1256 784 1450 827 publicata,
1479 783 1515 816 fit
1531 782 1664 815 mentio
1684 779 1726 814 D.
1747 777 1931 814 Heslzusii
1946 782 2051 825 paulo
2070 782 2126 816 in·-

1143 835 1347 868 clementior
1367 835 1464 872 talis,
1496 841 1534 867 nt
1555 834 1627 865 eius
1651 832 1820 866 autoritas
1840 832 1985 864 summis
2004 832 2040 865 in
2057 832 2125 866 Ec-

1142 886 1244 919 clesia
1272 892 1303 918 et
1337 885 1590 930 antiquissimis
1623 883 1853 926 scriptoribus
1885 890 2125 927 postponatur.

1140 936 1236 970 Haec
1254 945 1303 970 est
1320 937 1449 970 iniuria
1468 936 1546 976 illa,
1575 933 1639 967 hoe
1649 933 1906 967 facinusPatris
1926 941 1994 966 tam
2015 942 2124 978 atrox,

1142 995 1177 1021 ut
1197 988 1354 1021 omnium
1380 995 1600 1031 acceptorum
1627 986 1877 1018 beneficiorum
1904 985 2066 1027 privatim
2092 993 2123 1019 et

1142 1039 1280 1082 publice
1303 1039 1569 1082 praestitorum,
1608 1036 1766 1068 omnium
1791 1035 1962 1068 virtutum
1990 1048 2125 1070 merno-

1140 1091 1227 1123 riam
1246 1090 1385 1133 penitus
1406 1090 1542 1122 aboleat
1561 1096 1593 1121 et
1611 1088 1808 1129 extinguat,
1838 1093 1870 1119 et
1888 1087 2045 1119 animum
2062 1100 2124 1120 cu-

1141 1141 1286 1185 piditate
1306 1141 1482 1174 vindictae
1500 1146 1593 1174 tauta
1613 1140 1796 1178 accendat,
1823 1144 1860 1170 ut
1879 1149 1935 1178 ea,
1969 1138 2036 1169 nisi
2056 1135 2123 1171 hoc

1141 1193 1245 1224 modo
1269 1192 1484 1224 defensionis
1507 1189 1742 1224 atrocissimae
1761 1196 1792 1222 et
1809 1188 2122 1222 contumeliosissi-

1140 1254 1215 1275 mae
1231 1243 1349 1275 satiari
1369 1255 1440 1275 non
1458 1242 1577 1286 possit.

1228 1293 1296 1326 Sed
1316 1293 1343 1326 si
1362 1305 1433 1326 non
1454 1293 1565 1326 voluit
1583 1289 1712 1324 babere
1730 1291 1902 1324 rationem
1923 1302 1983 1323 sua
2005 1291 2123 1325 existi-

1140 1343 1325 1384 mationis,
1361 1356 1465 1388 qnam
1505 1350 1637 1377 certum
1673 1350 1720 1374 est
1758 1342 1849 1385 apud
1888 1342 2124 1385 intelligentes

1140 1392 1307 1427 nonnihil
1333 1395 1446 1428 minui
1471 1393 1535 1427 hac
1566 1400 1662 1428 tanta
1694 1393 1898 1436 asperitate,
1941 1405 2007 1437 qua
2041 1404 2124 1426 usus

1140 1453 1190 1479 est
1215 1446 1250 1478 in
1277 1454 1476 1484 mortuum,
1518 1446 1554 1478 in
1581 1446 1712 1488 optime
1739 1443 1923 1481 meritum,
1960 1446 1996 1476 in
2017 1443 2124 1476 Prae-

1140 1503 1333 1540 ceptorem,
1368 1497 1440 1530 imo
1466 1497 1504 1529 in
1535 1503 1740 1540 parentem:
1776 1494 2025 1539 aequissimum
2052 1502 2123 1528 erat

1141 1560 1280 1591 parcere
1306 1548 1415 1590 ipsius
1447 1545 1713 1580 honestissimae
1741 1551 1772 1577 et
1800 1557 1894 1577 nnnc
1918 1545 2123 1578 adflectissi-

1141 1610 1216 1631 mae
1233 1599 1403 1639 familiae,
1431 1611 1447 1630 a
1467 1611 1533 1642 qna
1560 1597 1679 1630 multis
1703 1603 1752 1628 est
1777 1596 1921 1628 affectus
1943 1596 2122 1630 beneficiis

1141 1661 1281 1692 parcere
1313 1647 1396 1682 hnic
1428 1647 1604 1688 Scliolae‚
1646 1647 1796 1679 versanti
1830 1647 1866 1678 in
1897 1647 2123 1680 acerbissimo

1142 1700 1236 1733 luctu
1264 1708 1407 1744 propter
1430 1701 1636 1739 orbitatem,
1667 1710 1805 1742 parcere
1831 1698 1978 1730 miserae
1997 1699 2124 1730 inven-

1142 1752 1233 1790 tnti‚
1274 1751 1449 1784 desiderio
1485 1752 1601 1784 amissi
1637 1749 1782 1782 rectoris
1813 1748 2012 1781 studiorum
2047 1749 2125 1782 lan-

1141 1803 1279 1842 guenti,
1305 1814 1444 1845 parcere
1469 1800 1647 1835 Ecclesiae
1675 1807 1707 1833 et
1732 1800 1946 1843 posteritati,
1984 1811 2124 1843 parcere

1141 1854 1293 1896 deniqne
1319 1853 1412 1893 Deo,
1452 1854 1506 1886 cui
1539 1865 1617 1886 cum
1648 1852 1740 1885 bona
1767 1850 1980 1884 conscientia
2006 1851 2126 1883 serviit

1140 1900 1360 1951 Philippus,
1398 1917 1441 1937 ne
1465 1905 1511 1938 ita
1538 1903 1750 1937 deformaret
1784 1909 1815 1935 et
1840 1901 2057 1939 doctrinam,
2094 1908 2125 1934 et

1141 1966 1255 1988 mores
1290 1962 1320 1988 et
1356 1956 1512 1989 actiones
1540 1953 1646 1988 huius
1671 1953 1758 1993 viri,
1793 1952 1891 1997 quasi
1919 1952 2125 1986 veteratorie

1140 2006 1262 2039 luserit
1285 2007 1322 2039 in
1349 2006 1508 2039 doctrina
1536 2006 1694 2044 coelesti,
1723 2011 1755 2037 et
1778 2002 2013 2047 blasphemias
2037 2004 2125 2036 scri-

1142 2058 1265 2099 pserit,
1292 2064 1352 2091 aut
1367 2058 1491 2090 dixerit
1509 2058 1544 2090 in
1562 2058 1673 2090 filium
1690 2055 1774 2095 Dei,
1798 2067 1886 2087 neve
1909 2054 1986 2086 aliis
2004 2055 2128 2086 convi-

1141 2109 1202 2141 ciis
1225 2121 1303 2141 enm
1327 2110 1584 2152 proscinderet,
1627 2109 1663 2140 in
1686 2106 1846 2150 sepulcro
1879 2105 2127 2149 quiescentem,

1142 2160 1211 2192 imo
1231 2160 1265 2192 in
1291 2160 1371 2193 sinn
1398 2167 1429 2193 et
1455 2161 1638 2202 complexu
1664 2158 1728 2191 filii
1746 2156 1810 2190 Dei
1838 2156 1965 2189 iudicis
1990 2162 2023 2188 et
2046 2157 2126 2187 vin-

1143 2211 1228 2243 dicis
1266 2211 1427 2244 omnium
1463 2211 1661 2250 scelernm,
1712 2216 1744 2241 et
1776 2207 1939 2251 inprimis
1980 2207 2128 2249 ingrati-

1142 2262 1297 2299 tudinis,
1339 2263 1575 2306 perfruentem
1605 2262 1695 2294 laeto
1726 2265 1915 2302 conspectu
1951 2264 1983 2290 et
2019 2257 2128 2290 collo-

1144 2313 1225 2358 quio
1246 2312 1321 2346 Dei.

1247 2362 1303 2396 An
1323 2362 1379 2397 hic
1397 2365 1438 2398 sit
1455 2364 1608 2408 Spiritus
1626 2362 1710 2402 Dei,
1738 2356 1944 2394 debacchari
1965 2359 2000 2392 in
2027 2360 2129 2392 talem

1145 2421 1239 2448 tanta
1266 2415 1473 2455 acerbitate,
1515 2414 1672 2447 iudicent
1697 2412 1768 2446 alii.
1841 2409 1973 2443 Paulus
2006 2412 2040 2444 2.
2067 2409 2131 2443 Ti-

1146 2464 1256 2499 motb.
1277 2468 1310 2500 2.
1328 2473 1420 2499 certe
1440 2478 1519 2499 suos
1537 2465 1718 2497 ministros
1743 2462 1844 2495 aliter
1862 2461 2027 2501 instruit,
2054 2472 2131 2492 cum

1146 2517 1278 2561 inquit:
1308 2515 1445 2551 δοῦλον
1467 2514 1505 2550 δὲ
1529 2513 1662 2559 κυρίου
1687 2513 1730 2548 οὐ
1750 2511 1807 2548 δεῖ
1820 2509 2029 2556 μάχεσθαι,
2059 2510 2130 2544 ἀλλ’

1146 2567 1254 2612 ijmov
1271 2566 1361 2601 εἶναι
1379 2566 1470 2612 πρὸς
1485 2564 1722 2605 ΠΑΝΤΑΣ,
1753 2561 1985 2603 διδακτικὸν,
2016 2561 2132 2599 &reg-‘t-

1147 2618 1263 2652 κακὸν
1286 2619 1325 2652 ἐν
1347 2615 1543 2664 πρᾳότητι,
1579 2613 1803 2651 παιδεύοντα
1828 2612 1914 2652 τοὺς
1936 2611 2134 2647 ἀντιδιατι-

1120 2665 1124 2709 Ι
1151 2669 1332 2714 θεμένους
1341 2694 1349 2708 ,
1379 2677 1442 2703 etc.

1564 2716 1646 2750 67*
