2415 2942
0 2242 17 2264 tls

0 2285 17 2315 iu

0 2672 15 2691 (Γ

148 82 246 120 1345
351 84 452 120 XIII.

507 85 540 121 7.
569 82 870 121 ENARRATIO
899 82 1052 122 EPIST.
1082 81 1287 120 PRIORIS
1315 80 1382 118 AD
1412 81 1743 119 TIMOTHEUM.

1800 84 1903 121 CAP.
1933 86 1999 123 ltt.
2090 91 2191 127 3146

143 170 239 205 litica
256 177 289 205 et
304 170 380 205 sine
395 171 583 217 praesidiis
600 171 867 216 corporalibus,
902 177 940 205 ut
959 168 1074 205 Oseae
1096 171 1142 205 1.:
1167 176 1173 228 Ι
1198 171 1293 216 quod
1319 170 1471 215 positum
1497 177 1566 209 est,
1594 171 1690 215 quod
1709 179 1758 206 est
1780 171 1876 207 Iesus
1893 171 2065 209 Christus.
2120 175 2189 210 De-

142 221 224 255 Non
248 222 288 256 in
315 235 399 258 arcu
425 230 458 258 et
482 223 620 268 gladio,
648 224 708 257 sed
731 223 768 256 in
794 222 951 257 Domino
978 222 1052 257 Deo
1079 235 1142 256 suo

143 273 287 307 salvabo
307 286 387 316 eos,
405 282 468 309 etc.
521 275 607 309 Item
626 274 664 307 in
679 272 849 308 Zacharia
867 273 979 318 capite
996 272 1044 310 4.:
1064 273 1145 308 Non

146 323 185 357 in
210 325 386 367 exercitu,
422 339 495 360 non
520 327 557 359 in
584 326 734 370 robore,
770 325 828 358 sed
855 325 892 357 in
912 325 1038 369 spiritu
1065 337 1144 358 meo

144 381 207 411 etc.
262 375 336 411 Nec
355 377 624 422 imaginandum
646 376 913 418 est,·inclusam
930 387 1002 409 esse
1019 375 1143 410 Eccle-

141 427 229 460 siam
251 427 289 460 in
315 429 423 462 unius
448 429 549 472 regni
576 428 756 472 politiam,
783 427 873 460 sicut
899 427 1068 471 scriptum
1093 434 1143 461 est

141 475 313 512 Matthaei
339 478 415 513 24:
458 479 549 513 Ecce
573 477 630 513 hic
654 485 724 520 est,
757 490 834 511 ecce
859 478 932 511 illic
957 485 1018 512 est.
1070 478 1140 513 Sed

142 530 299 562 membra
331 542 434 564 verae
468 530 645 564 Ecclesiae
675 530 711 562 in
748 530 884 562 diversa
916 529 990 562 loca
1023 541 1139 572 sparsa

143 587 241 620 sunt,
282 588 315 615 et
343 582 475 615 alicubi
502 581 597 615 Deus
623 582 766 624 praebet
792 578 942 623 hospitia
980 581 1139 623 publicae

142 633 407 675 congregationi
425 641 459 667 et
476 645 578 666 verae
596 632 780 666 doctrinae
799 632 945 672 studiis,
962 632 1048 664 alias
1064 644 1139 666 ma-

142 683 193 725 gis
216 683 303 716 alias
329 684 448 717 minus
472 685 670 718 commoda.

246 733 358 768 Valde
375 742 492 769 autem
511 735 661 768 offendit
682 734 804 767 oculos
829 733 1026 778 sapientum
1053 730 1138 766 haec

140 785 310 819 deformis
335 788 486 831 species,
529 798 617 831 quae
649 786 790 818 videtur
817 797 888 818 esse
914 782 1076 830 ἀναρχία
1104 792 1137 818 et

140 836 343 879 dissipatio,
377 850 441 871 uec
460 838 601 870 videtur
619 837 792 869 divinitus
810 836 1005 869 consociari
1025 843 1056 870 et
1074 848 1136 869 cu-

140 888 286 929 stodiri,
312 890 405 933 quod
426 895 496 922 tam
524 889 620 921 varie
643 888 833 921 laceratum
860 894 930 927 est,
959 888 1034 920 sine
1052 887 1130 920 visi-

141 938 205 971 bili
231 940 362 984 capite,
398 940 474 973 sine
499 947 591 973 certa
620 940 718 978 sede,
751 939 827 971 sine
851 939 989 973 ordine.
1044 937 1134 972 Cum

139 990 248 1032 igitur
273 991 448 1035 sapientes
471 991 514 1024 ab
539 989 603 1023 hac
629 990 743 1034 specie
770 988 1007 1030 abhorreant,
1050 1001 1135 1022 con—

138 1049 288 1075 currunt
312 1043 353 1076 ad
382 1042 624 1075 defensionem
651 1041 853 1074 ordinariae
872 1041 1069 1085 potestatis,
1096 1048 1133 1074 ut

139 1093 336 1128 nominant.
392 1091 437 1127 Et
468 1105 594 1136 magna
626 1093 817 1126 certamina
848 1104 888 1125 ex
915 1089 979 1125 hac
1011 1092 1134 1125 iudicii

137 1144 430 1178 dissimilitudine
454 1145 632 1178 oriuntur.

239 1194 335 1229 Haec
352 1198 393 1229 de
413 1197 527 1240 specie
548 1202 688 1228 externa
709 1192 886 1227 Ecclesiae
911 1194 1134 1227 considerare

139 1258 277 1280 necesse
293 1255 361 1288 est,
389 1260 432 1280 ne
453 1248 676 1280 deformitate
695 1245 937 1289 dissipationis
956 1247 1132 1279 deterrea-

138 1310 218 1331 mur
241 1312 258 1332 a
284 1300 450 1338 veritate,
486 1300 545 1331 sed
571 1298 728 1341 regulam
747 1304 945 1330 teneamus:
991 1297 1028 1330 Si
1055 1298 1134 1341 quis

137 1349 233 1383 aliud
271 1348 505 1393 Evangelium
536 1350 655 1387 docet,
700 1345 886 1380 anathema
911 1348 964 1380 sit.
1032 1347 1132 1381 Post-

138 1413 242 1444 quam
265 1402 436 1441 diximus,
464 1412 552 1445 quae
579 1407 611 1433 et
635 1399 698 1433 ubi
723 1400 766 1432 sit
789 1410 869 1431 vera
895 1397 1070 1437 Ecclesia,
1098 1406 1131 1432 et

138 1451 253 1496 qualis
278 1453 322 1487 sit
347 1453 421 1485 eius
449 1452 600 1495 species,
629 1458 826 1496 sequuntur
846 1450 914 1482 iam
934 1446 998 1482 hae
1025 1462 1132 1495 quae-

137 1503 280 1539 stiones.

242 1554 376 1587 Prima:
408 1551 465 1587 An
491 1553 528 1585 in
549 1564 586 1586 ea
604 1553 648 1587 sit
667 1552 795 1585 veritas
819 1563 956 1595 semper
980 1553 1055 1585 siue
1077 1564 1132 1585 er-

139 1604 290 1640 roribus.

240 1656 418 1690 Secunda:
450 1654 575 1697 Qualis
592 1654 634 1687 sit
653 1659 804 1697 potestas
821 1653 1080 1687 ministrorum.

242 1707 382 1740 Tertia:
413 1706 511 1748 Quae
539 1705 583 1738 sit
604 1705 774 1738 autoritas
799 1704 836 1736 in
859 1704 1070 1747 iudicando,
1100 1710 1132 1737 et

137 1759 173 1792 in
200 1758 500 1803 interpretatione.

323 1885 391 1920 De
423 1884 582 1933 prima
621 1880 931 1930 Quaestione.

135 1988 194 2023 An
223 1999 362 2035 semper
395 1985 443 2020 sit
474 1985 512 2018 in
546 1981 718 2017 Ecclesia
756 1983 889 2016 ceritas
923 1982 1002 2016 sine
1031 1995 1128 2017 erro-

574 2034 687 2070 ribus.

238 2115 469 2159 Respondeo:
496 2111 572 2145 Hae
591 2110 871 2155 propositiones,
900 2111 1056 2144 Ecclesia
1074 2123 1128 2144 er-

137 2175 210 2207 rat,
239 2168 322 2200 item
351 2164 507 2199 Ecclesia
535 2169 587 2195 est
611 2162 774 2194 columna
793 2169 824 2194 et
843 2163 941 2194 sedes
960 2163 1130 2203 veritatis,

138 2226 221 2255 sunt
238 2214 499 2256 synecdochae,
535 2221 569 2247 et
594 2213 662 2246 alia
681 2214 723 2245 de
749 2213 827 2245 aliis
846 2214 1128 2256 congregationi-

139 2274 205 2306 bus
226 2258 457 2312 intelligitur,
483 2273 515 2300 et
535 2266 731 2309 loquuntur
756 2264 798 2297 de
818 2265 966 2297 diversis
990 2266 1128 2308 generi-

137 2325 202 2358 bus
227 2332 399 2355 errorum.

241 2373 351 2416 Saepe
379 2376 427 2404 est
453 2380 577 2411 magna
609 2366 818 2405 multitudo,
863 2379 951 2412 quae
985 2368 1126 2400 titulum

139 2425 245 2460 habet
270 2422 464 2459 Ecclesiae,
491 2432 580 2465 quae
598 2426 713 2451 tamen
735 2430 807 2450 non
825 2426 874 2451 est
902 2431 980 2451 vera
1005 2417 1126 2451 Eccle-

1200 222 1391 255 fendebant
1408 221 1500 254 enim
1521 219 1703 255 Pharisaei
1725 230 1756 257 et
1776 222 1971 259 Sadducaei
1989 227 2115 260 multos
2133 240 2188 261 er-

1199 284 1296 307 rores
1318 279 1440 306 contra
1464 273 1631 306 articulos
1656 274 1749 307 fidei.

1301 322 1400 356 Talis
1425 324 1616 357 multitudo
1637 325 1770 358 etiamsi
1785 326 1926 360 titulum
1946 328 2012 362 sibi
2037 338 2185 374 arrogat,

1198 381 1232 408 et
1257 374 1461 408 dominatur
1485 375 1522 407 in
1544 373 1718 417 Ecclesia,
1747 384 1863 411 tamen
1887 391 2109 426 nequaquam
2136 390 2185 416 est

1197 437 1277 458 vera
1294 423 1449 458 Ecclesia
1468 437 1526 458 seu
1547 438 1625 468 pars
1644 439 1744 460 verae
1755 427 1942 466 Ecclesiae.
2000 432 2080 466 Ideo
2096 434 2184 465 scri-

1196 483 1294 520 ptum
1326 484 1375 511 est
1403 474 1528 511 Iohan.
1549 477 1597 510 8.:
1643 478 1712 511 Vos
1735 492 1774 512 ex
1800 487 1899 524 patre
1922 482 2064 516 diabolo
2091 484 2183 525 estis,

1195 526 1241 561 Et
1259 527 1362 561 talem
1374 528 1481 560 fuisse
1501 528 1763 562 multitudinem
1784 531 1818 563 iu
1831 532 1936 566 Israel
1956 535 2182 568 manifestum

1195 586 1266 617 est,
1294 579 1369 611 fore
1393 579 1497 612 etiam
1523 579 1627 612 talem
1655 588 1729 623 post
1752 581 1942 625 Apostolos
1961 586 2180 628 praedictum

1195 637 1264 670 est,
1293 635 1326 663 et
1351 641 1404 663 res
1431 630 1602 671 ostendit,
1637 629 1764 664 Mauh.
1783 632 1862 667 24.;
1899 634 2006 669 Multi
2026 636 2184 671 Pseudo-

1195 678 1387 725 prophetae
1403 687 1547 724 surgent
1567 688 1599 715 et
1622 683 1788 717 seducent
1806 685 1948 720 multos.
2002 685 2048 720 Et
2069 690 2096 722 1.
2119 688 2183 722 Ti-

1193 729 1304 767 moth.
1323 731 1373 765 4.:
1409 731 1564 776 Spiritus
1580 740 1673 766 certo
1699 733 1783 767 dicit
1805 737 1991 778 postremis
2014 741 2182 782 tempori-

1193 784 1260 817 bus
1285 783 1416 816 multos
1434 795 1452 815 a
1471 784 1539 816 fide
1562 784 1778 818 discessuros
1802 798 1892 828 esse,
1928 795 1961 822 et
1986 790 2182 825 credituros

1192 834 1375 879 spiritibus
1405 834 1670 878 impostoribus,

1274 884 1318 918 Et
1336 883 1514 918 horrenda
1534 893 1583 920 est
1600 887 1788 931 descriptio
1800 886 2010 925 Antichristi
2022 891 2182 928 &Thes-

1190 936 1252 972 sal.
1268 937 1320 970 2:
1350 935 1577 971 Dominantis
1596 938 1632 970 in
1657 940 1789 982 templo
1815 939 1901 982 Dei,
1933 940 2099 977 horribili
2126 946 2182 979 fu-
2215 956 2219 957 ⁷

1191 1000 1269 1021 rore
1289 988 1500 1022 stabilientis
1518 989 1612 1022 idola
1640 996 1672 1022 et
1689 992 1889 1033 mendacia,
1919 1006 2007 1039 quae
2025 1005 2181 1040 puguant

1190 1051 1268 1072 cum
1297 1039 1454 1074 articulis
1484 1040 1577 1075 fidei.
1640 1039 1734 1075 Haec
1761 1043 1959 1078 tristissima
1991 1047 2181 1091 descriptio

1189 1090 1347 1136 loquitur
1366 1091 1408 1123 de
1426 1091 1493 1124 late
1511 1091 1798 1132 dominantibus,
1831 1103 1864 1129 et
1884 1097 1926 1129 de
1946 1109 2071 1141 magua
2088 1100 2181 1132 mul-

1191 1142 1364 1182 titudine,
1402 1148 1435 1175 et
1470 1143 1512 1174 de
1548 1140 1737 1177 horrendis
1772 1146 1877 1179 idolis
1911 1155 1943 1182 et
1979 1151 2181 1186 mendaciis.

1191 1192 1282 1225 Hinc
1309 1193 1393 1226 satis
1419 1194 1640 1237 perspicuum
1666 1203 1732 1236 est,
1767 1198 1915 1238 multos,
1950 1200 2010 1244 qui
2037 1201 2180 1234 titulum

1190 1242 1321 1278 habent
1340 1242 1536 1285 Ecclesiae,
1575 1258 1711 1280 errare:
1741 1260 1778 1280 ac
1796 1260 1933 1283 necesse
1952 1258 2002 1284 est
2020 1249 2103 1285 haec
2130 1260 2176 1286 te-

1189 1295 1356 1328 stimonia
1380 1296 1600 1335 meminisse,
1636 1304 1674 1330 ut
1699 1308 1927 1343 opponantur
1947 1302 2181 1345 allegantibus

1190 1358 1320 1378 nomen
1335 1345 1511 1379 Ecclesiae
1528 1348 1570 1380 de
1585 1348 1692 1392 impia
1710 1352 1992 1394 congregatione.

1291 1396 1360 1430 Sed
1378 1398 1420 1429 de
1440 1398 1546 1430 altera
1566 1406 1662 1442 parte
1681 1413 1770 1444 quae
1786 1409 1835 1436 est
1853 1415 1931 1436 vera
1948 1402 2103 1438 Ecclesia
2125 1407 2179 1439 ‹li-

1189 1460 1320 1484 camus.
1373 1446 1449 1481 Etsi
1478 1449 1511 1480 in
1541 1447 1605 1482 liae
1629 1463 1769 1496 quoque
1797 1454 1898 1487 multi
1923 1463 2004 1489 sunt
2030 1457 2181 1498 infirmi,

1188 1507 1220 1533 et
1242 1499 1326 1532 alias
1348 1499 1444 1542 plus,
1472 1500 1557 1532 alias
1577 1501 1695 1534 minus
1719 1509 1768 1535 est
1793 1505 1971 1547 caliginis,
1999 1515 2116 1540 tamen
2142 1509 2179 1541 iu

1189 1549 1252 1583 hac
1269 1550 1440 1583 retinetur
1458 1551 1748 1594 fundamentum,
1771 1555 1904 1600 alioqui
1925 1569 2065 1600 prorsus
2082 1560 2178 1593 nulla

1189 1599 1455 1634 essetEcclesi.÷.
1511 1601 1657 1645 Smper
1674 1612 1789 1638 autem
1808 1606 1945 1652 aliquos
1963 1621 2034 1642 esse
2051 1611 2178 1644 electos

1187 1652 1341 1685 ostendit
1359 1650 1545 1693 Dominus,
1564 1666 1642 1686 cum
1665 1654 1962 1700 iuquitMatthaei
1981 1660 2059 1694 24:
2086 1660 2176 1695 Bre-

1188 1703 1381 1735 viabuntur
1399 1700 1433 1735 hi
1452 1704 1525 1735 dics
1550 1712 1692 1747 propter
1717 1708 1857 1744 electos.
1913 1708 2016 1752 Item,
2040 1724 2178 1756 semper

1188 1766 1289 1786 xerus
1309 1760 1358 1787 est
1378 1754 1546 1787 articulus
1573 1756 1670 1788 fidei:
1708 1756 1823 1792 Credo
1843 1772 1914 1794 esse
1934 1770 2088 1796 sanctam
2108 1763 2176 1798 Ec-

1187 1805 1326 1838 clesiam
1352 1802 1572 1842 catholicam.
1638 1807 1739 1842 Item:
1782 1809 1858 1853 Ego
1884 1813 2066 1847 vobiscum
2097 1827 2174 1849 sum

1188 1868 1296 1901 usque
1317 1857 1360 1889 ad
1385 1859 1724 1892 consummationem
1742 1863 1860 1896 seculi.
1918 1863 2024 1906 Item,
2052 1866 2176 1901 Esaiae

1155 1924 1158 1932 ·
1185 1907 1264 1943 59.:
1293 1906 1370 1940 Hoc
1394 1915 1442 1940 est
1462 1909 1585 1942 foedus
1610 1923 1725 1944 meum
1748 1925 1825 1945 cum
1845 1914 1911 1955 eis,
1938 1916 2023 1950 dicit
2048 1919 2174 1951 Domi-

1156 1984 1157 1987 ,
1187 1971 1268 2000 nus,
1302 1958 1446 2001 spiritus
1472 1972 1569 1992 meus
1597 1962 1657 2006 qui
1684 1971 1733 1995 est
1761 1964 1797 1996 in
1823 1971 1874 2006 te,
1910 1974 1941 1999 et
1965 1970 2069 2001 verba
2090 1982 2176 2011 mea,

1155 2032 1157 2038 ⁴
1186 2022 1273 2055 quae
1292 2009 1393 2054 posui
1412 2010 1447 2042 in
1465 2023 1524 2043 ore
1539 2019 1619 2053 tuo,
1647 2025 1720 2046 non
1739 2017 1902 2051 recedent
1923 2019 1965 2051 ab
1985 2032 2045 2052 ore
2064 2027 2125 2053 tuo
2142 2029 2173 2055 et

140 2478 207 2518 sia,
240 2477 297 2508 sed
316 2481 432 2508 coetus
452 2471 589 2504 hostilis
606 2470 736 2503 bellum
754 2481 877 2512 gerens
895 2482 972 2503 cum
999 2471 1127 2505 electis,
1152 2500 1154 2503 ,

139 2529 239 2564 Sicut
282 2533 381 2560 erant
418 2523 624 2559 Pontifices,
671 2519 869 2561 Pharisaei,

139 2588 298 2624 tempore
315 2574 516 2610 Zachariae.
563 2572 610 2605 Hi
630 2584 691 2604 nec
708 2572 977 2605 fundamentum
998 2573 1127 2606 retine·
1152 2597 1154 2610 ,‚

914 2520 1128 2561 Sadducaei,
1152 2528 1154 2558 ζ

1152 2573 1154 2588 t

139 2633 248 2671 bant,
289 2629 385 2674 quod
413 2628 459 2660 ita
487 2625 646 2658 nominat
675 2623 803 2656 Paulus
834 2625 866 2659 l.
890 2621 1049 2658 Corinth.
1076 2626 1126 2658 3.:
1152 2620 1153 2652 ἶ

139 2682 425 2716 Fundamemum
446 2678 539 2709 ΗΜΛ
562 2675 644 2717 Ρῡῃῑ
666 2686 735 2706 ΠΟΠ
755 2682 886 2721 Ροῐθδῑν
919 2682 1054 2719 ΡῙἪΕἪὟ
1078 2676 1127 2715 id,
1152 2681 1157 2713 l
1181 2677 1248 2709 Sed
1269 2682 1384 2708 tamen
1401 2676 1562 2720 reprimit
1581 2690 1659 2711 cum
1678 2678 1770 2712 filius
1786 2679 1870 2722 Dei,
1902 2694 1944 2715 ne
1962 2684 2167 2721 universum

546 2729 627 2759 Υοι.
656 2728 730 2759 XV.

190 2735 370 2765 Mrraxrn.
399 2731 501 2762 Ocra.

1185 2063 1228 2094 ab
1252 2073 1312 2094 ore
1336 2061 1482 2095 seminis
1507 2063 1577 2102 tui,
1613 2064 1776 2110 deinceps
1796 2074 1828 2101 et
1848 2067 1884 2101 in
1909 2070 2174 2114 sempiternum.

1185 2111 1311 2147 Matth.
1333 2112 1408 2147 24.:
1438 2111 1478 2146 In
1498 2114 1652 2149 adventu
1671 2116 1733 2148 filii
1755 2115 1912 2152 hominis
1929 2122 1999 2154 duo
2017 2132 2118 2157 eruut
2137 2125 2174 2158 iu

1183 2175 1284 2208 agro,
1312 2175 1403 2196 unus
1426 2173 1639 2207 assumetur,
1667 2167 1755 2201 alter
1779 2170 2010 2216 relinquetur.

1286 2213 1362 2248 Etsi
1381 2222 1495 2248 autem
1515 2224 1546 2250 et
1566 2215 1651 2251 haec
1668 2231 1748 2252 vera
1765 2218 1920 2255 Ecclesia
1940 2225 2010 2257 edit
2036 2227 2172 2260 conses-

1183 2266 1338 2307 sionem,
1367 2268 1552 2300 exauditur
1569 2276 1601 2303 et
1618 2271 1852 2313 conspicitur,
1881 2280 1996 2307 tamen
2017 2288 2091 2309 eam
2113 2279 2171 2312 illa

1153 2334 1154 2339 =
1183 2317 1400 2351 dominatrix
1422 2318 1605 2363 Synagoga
1635 2321 1739 2364 longe
1770 2332 1909 2366 superat
1943 2327 2172 2363 multitudine

1183 2376 1213 2401 et
1229 2369 1433 2412 splendore,
1470 2377 1508 2403 ut
1526 2377 1682 2414 tempore
1700 2374 1871 2416 passionis
1889 2374 2021 2410 Christi
2047 2392 2171 2423 magna,

1183 2427 1254 2452 erat
1274 2420 1439 2463 paucitas,
1483 2420 1530 2454 Et
1549 2420 1670 2455 Esaias
1689 2423 1805 2469 inquit
1825 2439 1897 2470 cap.
1924 2430 1969 2460 t.:
1999 2429 2074 2462 Nisi
2098 2431 2171 2465 Do-

1183 2472 1299 2504 minus
1315 2470 1512 2515 reliquisset
1533 2474 1634 2506 nobis
1651 2486 1781 2510 semen.
1835 2475 1878 2510 Et
1897 2476 1954 2511 hic
1971 2481 2172 2516 considere-

1182 2529 1239 2555 tur
1262 2523 1431 2554 immensa
1454 2523 1593 2557 bonitas
1610 2523 1691 2557 Dei:
1719 2526 1807 2560 sicut
1830 2529 1978 2563 enimin
1998 2530 2167 2567 Paradiso

1182 2573 1346 2606 diabolus
1366 2580 1476 2606 totum
1502 2585 1610 2617 genus
1636 2573 1831 2611 humanum
1855 2582 1998 2623 perdere
2025 2593 2169 2619 conatus

1182 2632 1253 2660 est,
1295 2625 1340 2657 ita
1379 2632 1546 2668 perpetuo
1575 2634 1751 2669 grassatur
1777 2637 1809 2663 et
1839 2631 1954 2673 perdit
1985 2633 2169 2675 plurimus,

1289 2724 1336 2760 85
