2415 2942
265 99 359 134 1143

621 181 755 217 Πάντα
783 182 925 225 ἐλπίζει.

374 258 495 292 Tertia
515 259 626 292 virtus
651 265 697 291 est
726 259 849 292 lenitas
872 271 1014 304 sperans
1038 262 1254 296 emendatio-

276 322 353 343 nem
368 336 375 349 ,
403 321 490 353 quae
509 310 619 342 virtus
642 311 769 351 gradus
794 317 862 347 est,
890 323 992 355 quem
1016 312 1051 344 in
1073 313 1252 356 guberna—

275 362 370 393 tione
386 371 487 402 saepe
506 361 548 392 ad
569 360 700 403 priores
726 361 888 393 accedere
913 369 1062 404 oportet,
1118 362 1161 396 Ut
1182 362 1253 396 Da-

276 411 333 442 vitl
354 410 476 443 tolerat
492 422 605 442 mores
629 409 730 448 loab,
747 411 808 444 etsi
826 413 994 455 quaedam
1013 413 1094 446 sacit
1113 414 1250 446 iracun—

275 461 371 500 dius,
398 462 567 504 quaedam
592 469 629 494 nt
656 462 786 493 candor
811 462 981 505 postulat,
1010 463 1045 495 in
1073 464 1252 496 11·1eliot·em

275 518 407 554 partem
426 509 538 543 David
559 511 819 553 interpretatur.
873 512 1033 545 Tandem
1052 514 1154 546 etiam
1176 527 1252 547 cum

275 567 487 604 praestantes
506 561 598 593 viros
615 562 737 594 Abner
753 570 780 595 et
801 561 962 595 Amasam
983 561 1037 595 liic
1063 572 1158 597 vetus
1185 566 1253 597 dux
1279 592 1280 602 2

277 611 360 643 loab
386 612 631 652 interfecisset,
659 619 773 645 tamen
793 611 904 645 David
932 626 1001 645 non
1032 623 1192 658 properat
1212 617 1252 647 ad

276 673 443 706 poenam,
461 664 518 695 sed
541 660 654 695 adbuc
672 672 784 706 sperat
803 675 879 695 eum
901 664 1035 696 fidelem
1057 665 1141 698 sore.
1185 665 1252 699 Sed
1278 674 1280 716 ζ
1307 693 1387 723 dim,
1406 690 1467 725 Dei
1489 700 1519 725 m
1538 691 1710 726 Ecclesiae
1758 694 1833 726 sine
1852 694 2064 727 dilectiones>

1384 720 1385 723 ,
1675 718 1680 725 .
1720 718 1730 733 ,
2036 721 2057 726 ,.

276 714 528 745 consuetudine
547 713 767 753 confirmata,
792 714 952 756 impietas
972 727 1041 746 uon
1061 715 1160 747 facile
1177 728 1254 748 mu-

275 770 378 796 tatur.
452 762 495 796 [ft
526 764 631 805 igitur
656 775 792 805 semper
819 763 901 796 Ioab
928 765 992 797 suit
1017 766 1194 809 inquietus
1222 773 1254 798 et

276 813 519 852 turbulentus,
554 814 598 846 ita
625 814 666 845 ad
689 822 881 847 extremum
903 822 1048 848 naturae
1076 817 1254 860 inquietae
1278 827 1280 835 ⁴

710 872 823 907 spreta
859 866 1046 899 autoritate
1088 865 1280 907 Davisiis„

276 920 422 946 conatur
446 914 609 946 seditiose
634 926 745 957 regem
768 927 883 947 creare
906 914 1084 950 Adoniam
1110 929 1172 950 suo
1197 930 1253 950 ar·
1279 922 1280 944 ἶ

275 863 450 906 specimen
493 864 663 902 ostendit,

275 964 391 996 bitrio.
445 964 563 1005 Quare
588 972 703 1007 postea
732 966 948 1002 interficitur.

376 1023 576 1055 Alexander
606 1024 668 1056 diu
696 1026 803 1068 parcit
828 1023 989 1058 Philotae
1013 1026 1086 1059 filio
1110 1025 1255 1059 Parme-

275 1073 392 1106 nionis
416 1074 667 1107 contumeliose
691 1077 733 1107 de
760 1076 834 1119 ipso
860 1077 1031 1121 loquenti.
1090 1076 1251 1110 Tandem

275 1135 353 1156 cum
375 1124 603 1167 proferuntur
621 1126 718 1167 signa
744 1126 1018 1166 coniurationis,
1047 1139 1125 1161 eum
1143 1129 1251 1160 iuter-

275 1174 328 1207 fici
348 1175 453 1207 iubet.
505 1175 563 1208 Sic
580 1182 610 1208 et
629 1174 742 1215 Dion,
771 1189 848 1209 cum
867 1176 1065 1212 Heraclidis
1090 1179 1173 1211 socii
1196 1179 1251 1210 in-

275 1225 382 1257 iurias
401 1225 461 1257 diu
479 1226 675 1265 tolerasset,
703 1228 843 1259 tandem
860 1241 937 1261 eum
957 1229 1105 1262 interfici
1123 1229 1253 1276 permi-

277 1275 330 1309 sit.
384 1274 430 1308 Et
449 1276 624 1317 Augustus
640 1276 844 1310 Cornelium
864 1278 1020 1314 Gallum.

379 1332 446 1366 Sed
466 1334 625 1365 onmium
653 1335 800 1368 maxime
824 1336 959 1370 illustre
985 1337 1180 1379 exemplum
1207 1343 1256 1370 est

278 1383 402 1416 lenitas
422 1383 456 1415 iu
476 1384 571 1422 Dm,
599 1384 659 1428 qui
679 1386 738 1417 diu
758 1386 865 1418 multa
893 1398 1015 1429 magua
1034 1395 1170 1431 peccata
1191 1400 1256 1419 no-

278 1441 346 1466 stra
366 1434 508 1473 tolerat,
536 1446 624 1478 quae
642 1447 712 1467 non
730 1436 885 1476 ignorat,
913 1438 972 1469 sed
991 1449 1029 1469 eo
1050 1438 1195 1477 tolerat,
1219 1444 1257 1469 ut

278 1484 428 1527 spatium
457 1484 558 1516 nobis
587 1485 627 1517 ad
653 1486 904 1528 poenitentiam
932 1490 1120 1527 concedat,
1160 1488 1257 1520 utin

278 1534 441 1578 parabola
460 1536 502 1567 de
519 1535 604 1575 ficu,
635 1534 749 1568 Lucae
764 1538 818 1571 13.
837 1537 967 1570 dicitur
983 1544 1014 1570 et
1030 1537 1181 1571 Roman.
1197 1539 1232 1570 2.

593 1629 639 1662 H
636 1625 730 1663 ἄντα
756 1627 941 1674 inquiret.

381 1696 553 1730 Patientia
572 1697 607 1729 in
627 1698 792 1730 omnibus
810 1696 864 1730 his
881 1698 1048 1740 gradibus
1067 1699 1258 1732 necessaria

281 1754 339 1782 est.

281 1799 428 1831 iniurias
451 1805 483 1830 et
505 1798 630 1831 delicta
662 1798 811 1831 aliorum
835 1800 870 1831 in
895 1800 1161 1842 gubernatione.
1215 1799 1260 1833 Et

281 1849 449 1893 quaedam
469 1846 636 1882 ἐπιείκεια
661 1861 800 1888 eorum,
822 1851 882 1895 qui
901 1857 982 1883 sunt
999 1851 1178 1891 meliores,
1205 1862 1256 1883 sa-

281 1899 359 1931 nari
385 1905 547 1943 possunt,
575 1906 612 1932 ut
638 1898 767 1932 Fabius
791 1901 933 1942 corrigit
958 1909 1071 1934 errata
1099 1901 1259 1934 Minutii.

282 1949 367 1982 Ideo
391 1957 506 1983 autem
528 1956 700 1992 postremo
722 1951 796 1983 loco
815 1952 974 1984 nominat
991 1950 1081 1984 hanc
1105 1953 1258 1985 toleran-

282 2000 384 2038 tiam,
419 2007 451 2033 et
479 2000 558 2043 quia
593 2001 831 2043 sup-‘rioribus
860 2002 1024 2043 gradibus
1057 2003 1161 2035 mixta
1188 2010 1258 2044 est,

283 2058 312 2083 et
342 2050 420 2094 quia
451 2051 639 2094 aliquando
675 2049 756 2083 haec
781 2053 947 2094 patientia
976 2053 1162 2086 retinenda
1191 2061 1258 2093 est,

283 2101 384 2133 etiam
407 2113 483 2133 cum
510 2101 668 2133 xidemus
696 2102 906 2135 insanabiles
926 2115 997 2136 esse
1017 2104 1186 2146 collegas,
1227 2111 1256 2136 et

283 2164 353 2183 non
383 2159 431 2184 est
456 2163 532 2194 spes
558 2152 834 2192 emendationiS,
877 2161 915 2186 ut
940 2153 1104 2186 Ionatlias
1134 2166 1258 2195 magno

283 2213 359 2234 cum
379 2202 500 2234 dolore
518 2203 642 2235 tolerat
659 2202 764 2245 patris
779 2204 931 2243 furores,
958 2217 1059 2248 quein
1079 2205 1171 2237 videt
1191 2206 1256 2237 iarn

283 2253 397 2284 sanari
425 2264 495 2284 non
523 2265 633 2296 posse.
687 2251 782 2285 Haec
805 2255 973 2296 particula
994 2267 1064 2287 non
1083 2262 1130 2287 est
1152 2254 1259 2289 ἐπιεί-

282 2314 359 2335 κεια
387 2303 519 2336 leniens
545 2304 599 2335 vel
623 2315 786 2336 excusans
804 2305 930 2337 scelera
951 2306 1076 2348 patris,
1104 2308 1161 2338 sed
1187 2320 1259 2338 ma-

282 2363 349 2395 gno
374 2365 451 2385 cum
477 2354 599 2387 dolore
619 2366 657 2387 ea
682 2355 826 2396 tolerat,
854 2362 919 2389 eta
936 2354 1009 2388 Deo
1030 2358 1257 2390 mutationem

282 2411 446 2447 expectat.

480 2481 526 2517 ‘H
545 2481 668 2531 ἀγάπη
687 2483 859 2520 οὐδέποτε
881 2484 1054 2523 ἐκπίπτει.

382 2550 535 2593 Quidam
563 2553 610 2583 sic
636 2553 852 2595 interpretati
880 2563 976 2588 sunt:
1010 2556 1162 2589 Dilectio
1188 2569 1258 2589 nou

280 2603 425 2639 excidit,
454 2603 486 2634 isl
514 2609 582 2640 est,
611 2614 681 2634 non
709 2604 914 2644 frustratur,
950 2619 1021 2638 non
1046 2615 1095 2640 est
1124 2607 1260 2640 inutilis

278 2654 400 2687 vittas,

851 98 976 135 PntL.
1005 98 1118 135 MEL.
1145 101 1351 136 SCRIPTA
1381 101 1682 139 EXEGETICA.

1286 1713 1288 1736 ῃ
1313 1706 1512 1732 eventuum.

384 1746 493 1781 Multi
511 1748 627 1789 magni
648 1749 786 1780 dolores
804 1749 1003 1792 perferendi
1022 1757 1102 1782 sunt
1121 1757 1262 1793 propter
1286 1741 1289 1757 l

2188 104 2284 140 1144

1308 187 1360 219 vel
1386 188 1482 229 aliis,
1524 194 1561 220 ut
1585 188 1783 233 eloquentia
1817 199 1918 232 saepe
1957 197 2057 225 nocet
2089 191 2221 226 oratori
2255 197 2288 225 et

1306 238 1446 281 populo.
1499 238 1567 273 Sed
1605 237 1736 272 Paulus
1770 240 1813 271 de
1853 242 2083 283 perpetuitate
2118 242 2285 287 loquitur.

1305 288 1454 321 Dilectio
1480 296 1595 322 manet
1621 289 1657 321 in
1686 289 1749 332 iis,
1794 290 1853 332 qui
1885 298 1967 323 sunt
1998 289 2163 325 haeredes
2195 292 2286 326 vitae

1306 345 1465 371 aeternae
1482 340 1517 372 in
1536 339 1634 372 omni
1653 340 1877 380 aeternitate,
1909 348 1942 374 et
1965 348 2001 374 ut
2026 353 2129 385 supra
2152 343 2286 376 dietum

1306 396 1371 422 est:
1407 389 1526 423 Yirtus
1553 397 1602 422 est
1627 390 1818 423 necessaria
1838 390 1871 422 in
1890 392 2067 426 omnibus,
2122 391 2284 426 Aliorum

1306 440 1501 480 donorum,
1529 447 1567 474 ut
1585 441 1669 472 doni
1688 441 1902 481 sanationis,
1929 454 2002 475 non
2028 449 2077 476 est
2101 453 2184 475 usus
2210 450 2288 486 post

1307 487 1396 522 lianc
1438 491 1555 524 vitam.
1608 490 1843 524 Dilectionem
1883 504 1966 525 vero
2004 500 2180 526 aeternam
2217 504 2288 526 esse

1305 547 1460 583 oportet,
1494 542 1575 585 quia
1602 542 1661 575 illa
1689 548 1828 575 aeterna
1864 542 1998 576 iusticia
2024 544 2087 576 erit
2114 544 2196 586 legis
2221 544 2286 576 im-

1307 591 1430 634 pletio,
1467 604 1572 636 quae,
1615 599 1651 625 ut
1680 599 1803 625 notum
1830 599 1897 633 est,
1933 595 2100 637 praecipit
2128 594 2288 628 dilectio-

1307 653 1396 675 nem.
1456 640 1501 674 Et
1525 643 1637 686 qualis
1662 650 1748 677 esset
1772 649 1912 676 aeterna
1938 645 2007 677 vita
2034 645 2070 676 iu
2101 652 2288 678 consuetu-

2121 694 2194 727 litto
2220 696 2286 728 do·

1307 742 1397 774 lores
1414 744 1504 785 apud
1532 744 1662 776 inferos
1686 751 1787 776 erunt
1807 742 1988 778 horribilis
2007 745 2203 787 indignatio
2226 747 2287 778 ad-

1308 804 1431 824 wrsus
1450 793 1561 825 Deum
1591 802 1623 827 ct
1656 801 1760 826 totam
1783 793 1996 836 Ecclesiam,
2024 803 2058 830 ct
2082 796 2202 828 odium
2221 795 2288 829 Dei

1306 850 1337 875 et
1356 842 1552 884 Ecclesiae,
1580 845 1675 889 quod
1696 856 1790 878 nunc
1809 857 1949 891 quoque
1972 847 2165 890 cogitantes
2183 858 2288 891 expa-

1307 905 1441 926 vescere
1468 895 1644 929 debemus,

1404 942 1620 978 Gravi⁵sime
1637 945 1743 988 igitur
1765 954 1884 981 monet
1902 945 2052 987 Paulus,
2078 953 2117 980 ut
2137 948 2287 981 aeterni-

1306 1001 1410 1027 tatem
1435 995 1656 1036 intueamur,
1691 1003 1724 1030 et
1752 994 1841 1029 lianc
1867 997 2031 1032 virtutem
2053 1009 2285 1039 exerceamus,

1306 1057 1410 1089 quam
1452 1045 1488 1078 in
1530 1047 1628 1079 omni
1668 1048 1874 1082 aeternitate
1918 1048 1956 1081 in
2001 1047 2105 1081 nobis
2152 1047 2287 1092 fulgere

1306 1102 1455 1139 oportet.

1401 1179 1480 1212 Εἴτε
1506 1176 1545 1213 δὲ
1569 1181 1788 1226 προφητεῖαι
1811 1177 2179 1228 καταργηθήσονται.

1411 1244 1658 1279 Commoratur
1685 1248 1720 1279 in
1755 1248 1942 1280 collatione
1968 1248 2159 1289 virtutum,
2193 1256 2226 1283 et
2252 1250 2288 1283 in

1309 1295 1545 1329 declaratione
1563 1297 1711 1339 proximi
1731 1298 1832 1337 dicti,
1852 1311 1921 1342 quo
1941 1298 2112 1340 significat
2130 1299 2289 1334 dilectio-

1310 1358 1387 1378 nem
1418 1348 1668 1386 necessariam,
1697 1355 1728 1381 et
1752 1357 1918 1391 perpetuo
1941 1350 2164 1389 duraturam,
2191 1358 2289 1384 ante—

1309 1398 1488 1428 ferendam
1521 1409 1593 1429 esse
1616 1398 1805 1430 virtutibus
1831 1406 1859 1432 et
1887 1399 2007 1439 donis,
2050 1411 2138 1444 quae
2163 1400 2199 1432 in
2225 1399 2288 1435 hac

1284 1464 1287 1480 z
1310 1448 1495 1488 fugacitate
1521 1448 1610 1480 vitae
1632 1449 1790 1481 serviunt
1807 1447 2000 1489 Ecclesiae,
2025 1457 2057 1482 et
2075 1456 2191 1492 postea
2215 1463 2287 1484 ces-

1310 1504 1425 1530 satura
1454 1505 1545 1531 sunt.

1412 1545 1641 1590 prophetiae,
1669 1547 1805 1592 inquit,
1831 1548 2031 1589 cessabunt,
2055 1552 2147 1594 quod
2167 1563 2287 1585 verum

1313 1604 1380 1637 est,
1416 1598 1488 1629 sive
1517 1598 1690 1639 intelligas
1717 1596 1918 1641 prophetias
1944 1600 1986 1630 de
2013 1600 2207 1634 ministerio
2232 1602 2290 1635 in-

1313 1648 1587 1691 terpretationis,
1621 1649 1694 1680 sive
1710 1649 1752 1680 de
1772 1649 2070 1691 praedictionibus
2089 1651 2288 1686 futurorum

1564 1698 1651 1732 Nam
1670 1699 1706 1731 in
1728 1699 1796 1731 vita
1815 1706 1972 1736 aeterna,
2002 1707 2040 1733 ut
2058 1709 2172 1743 postea
2193 1703 2288 1743 dicit,

1310 1761 1425 1781 coram
1451 1749 1668 1782 intuebimur
1700 1750 1831 1782 fontem
1857 1751 2046 1793 sapientiae
2082 1751 2212 1794 Deum,
2257 1761 2290 1788 et

1310 1800 1507 1832 videbimus
1525 1808 1678 1833 eventus.
1733 1798 1941 1842 Prophetiae
1959 1813 2053 1835 nunc
2068 1810 2165 1836 sunt:
2187 1803 2289 1838 Mor-

1311 1850 1361 1884 tui
1380 1851 1604 1890 reviviscent,
1633 1850 1784 1884 Ecclesia
1813 1852 1998 1884 ornabitur
2025 1860 2188 1896 perpetua
2214 1856 2290 1897 glo-

1310 1902 1377 1942 ria,
1413 1901 1512 1945 impii
1538 1902 1749 1934 abiicientur
1774 1902 1808 1933 in
1836 1910 1992 1935 aeternas
2019 1915 2158 1945 poenas.
2214 1904 2288 1939 Ha-

1311 1964 1386 1984 rum
1424 1953 1652 1984 maximarum
1702 1964 1819 1985 rerum
1858 1953 1985 1986 noticia
2029 1961 2105 1997 post
2144 1963 2288 1990 eventus

1310 2004 1420 2036 multo
1446 2004 1509 2035 erit
1535 2003 1717 2037 illustrior.

1409 2053 1566 2087 Cessabit
1587 2061 1619 2086 et
1638 2055 1772 2085 donum
1799 2053 2020 2095 linguarum,
2048 2055 2129 2097 quia
2155 2069 2226 2090 non
2249 2066 2287 2093 ut

1309 2116 1402 2136 nune
1446 2116 1524 2137 suas
1561 2105 1696 2146 linguas
1735 2102 1915 2137 habebunt
1951 2105 2108 2146 singulae
2149 2115 2288 2150 gentes,

1311 2167 1380 2186 non
1414 2155 1604 2188 intellectas
1632 2156 1674 2187 ab
1703 2155 1792 2188 aliis.
1860 2153 1937 2187 Hoc
1966 2167 2038 2187 non
2067 2157 2201 2201 indiget
2228 2160 2288 2192 de-

1309 2205 1508 2240 claratione.

1410 2254 1567 2289 Cessabit
1587 2263 1618 2289 et
1636 2257 1788 2298 cognitio
1809 2267 1867 2288 seu
1887 2255 2049 2294 scientia,
2077 2256 2110 2289 ic]
2131 2265 2198 2300 est,
2220 2271 2286 2293 no-

1311 2306 1391 2339 ticia
1415 2308 1583 2347 obscura,
1626 2318 1684 2339 seu
1711 2315 1747 2340 ut
1774 2307 1952 2351 loquimur
1975 2307 2202 2350 abstractiva,
2243 2312 2286 2344 de

1311 2357 1429 2390 multis
1450 2359 1605 2400 partibus
1622 2358 1801 2390 doctrinae
1829 2357 2077 2390 ecclesiasticae
2094 2365 2125 2391 et
2144 2367 2284 2395 natura-

1311 2408 1370 2447 lis,
1399 2409 1440 2439 de
1459 2407 1551 2447 Deo,
1579 2410 1620 2440 de
1637 2408 1809 2453 spirituali
1827 2407 1990 2447 essentia,
2020 2408 2062 2439 de
2080 2409 2214 2452 anima,
2242 2413 2284 2446 de

1310 2465 1433 2491 natura
1457 2459 1655 2491 coelestium
1680 2470 1884 2502 corporum,
1919 2459 2070 2502 denique
2095 2460 2138 2492 de
2163 2462 2284 2496 multis

1311 2510 1430 2548 rebus,
1458 2510 1500 2541 de.
1517 2510 1675 2542 miranda
1701 2508 1920 2552 copulatione
1939 2509 2079 2541 divinae
2103 2517 2136 2544 et
2160 2508 2283 2546 huma-

1311 2571 1374 2591 nae
1394 2565 1554 2600 naturae,
1582 2560 1662 2604 quia
1688 2567 1771 2593 tunc
1795 2571 1910 2591 coram
1934 2561 2139 2601 aspiciemus
2156 2559 2283 2606 Deum,

1311 2610 1419 2642 filium
1445 2609 1529 2650 Dei,
1563 2612 1721 2653 angelos,
1756 2617 1788 2642 et
1815 2610 2062 2652 perspiciemus
2089 2619 2226 2646 nostras
2248 2621 2282 2647 et

454 2652 594 2687 Caetera
617 2654 709 2685 dona
729 2665 829 2700 saepe
847 2656 986 2690 inutilia
1013 2666 1094 2691 sunt
1113 2657 1258 2692 habenti
1280 2653 1287 2690 l
1307 2660 1393 2693 alias
1415 2661 1644 2700 substantias,
1676 2668 1708 2694 et
1727 2672 1806 2694 cum
1824 2660 1896 2693 Deo
1919 2660 2139 2695 intuebimur
2165 2662 2278 2697 ideam
