2415 2942
300 94 396 131 1023

300 180 416 215 mino,
445 183 475 209 et
501 171 667 207 exultabit
691 170 806 203 anima
825 179 899 202 mea
917 167 954 200 in
979 165 1053 200 Deo
1077 177 1171 203 meo,
1200 163 1280 208 quia

302 230 416 263 induit
437 238 489 258 me
508 223 721 256 vestimentis
741 220 882 254 salutis,
909 225 939 250 et
960 218 1164 249 vestimentu
1184 213 1280 246 iusti-

303 281 374 313 tiae
399 274 628 310 circumdedit
657 284 728 309 me,
762 278 792 303 et
817 277 866 302 est
887 269 979 300 velut
999 268 1156 309 Sponsus
1176 266 1209 297 in
1230 276 1282 297 sa-

302 327 466 363 cerdotali
494 331 638 363 ornatu,
679 330 710 356 et
736 323 823 354 sicut
855 320 990 363 Sponsa
1021 320 1181 350 decorata
1213 316 1284 348 suis

303 376 527 414 ornamentis.

407 452 586 485 Vestimur
617 462 633 481 a
669 449 740 481 silio
775 447 838 480 Dei
879 446 1078 490 dupliciter.
1127 442 1284 475 Primum

307 506 414 551 ipsius
434 503 556 535 merito
575 512 633 533 sen
656 499 855 531 obedientia
869 522 877 535 ‚
905 509 991 541 quae
1009 502 1163 528 meretur
1184 493 1286 525 nobis

305 555 547 590 remissionem
568 557 808 595 peccatorum,
838 556 874 581 ut
896 554 1056 589 tegantur
1075 551 1190 577 nostra
1208 555 1287 586 pec—

306 614 378 641 cata
397 613 563 648 tanquam
585 603 714 634 munda
738 606 848 638 veste,
876 611 913 631 ac
939 599 1045 630 simus
1072 594 1285 628 reconciliati

307 665 337 691 et
357 656 457 694 iusti,
485 655 519 686 id
539 659 606 689 est,
626 651 754 694 accepti
776 650 848 683 Deo
871 650 1040 690 imputata
1059 647 1119 678 filii
1140 645 1287 681 iusticia,

307 709 395 742 sicut
422 713 454 739 et
480 705 515 736 in
543 703 680 736 Psalmo
707 702 850 733 dicitnr:
900 699 995 731 Beati
1024 708 1174 741 quorum
1202 701 1287 727 tecta

309 765 388 792 sunt
416 763 550 800 peccata
582 762 645 786 etc.
702 751 744 784 Et
770 749 891 783 Esaiae
911 749 959 782 4:
1001 746 1078 780 Erit
1100 747 1283 779 umbracu-

310 810 383 843 lum
412 813 531 839 contra
552 811 698 835 aestum.
751 801 887 837 Deinde
907 799 1074 832 vestimur
1100 804 1132 830 et
1157 794 1288 829 efficaci

309 857 502 904 praesentia
527 855 587 886 silii
618 853 680 885 Dei
711 853 745 883 in
775 851 1010 883 credemibus,
1078 847 1167 881 Cum
1195 846 1288 878 enim

310 912 377 943 fide
401 906 589 948 accipimus
614 903 907 941 consolationem,
949 899 1166 932 vivificamur
1183 910 1200 930 a
1216 895 1289 929 Deo

312 959 378 993 hoc
411 958 554 990 ordine:
601 951 706 1000 λόγος
739 960 785 985 est
810 963 972 995 praesens
998 957 1029 982 et
1053 949 1174 982 efficax
1208 958 1290 979 voce

310 1007 515 1051 Evangelii,
551 1013 584 1038 et
608 1011 776 1037 monstrat
796 1003 900 1046 patris
927 1000 1226 1039 misericordiam,
1260 1004 1292 1030 et

311 1060 464 1093 vivificat
486 1058 610 1096 corda,
638 1063 667 1088 et
693 1054 887 1086 effunditur
913 1052 1066 1096 Spiritus
1090 1056 1230 1083 sanctus
1255 1048 1291 1080 in

313 1111 435 1148 corda,
463 1114 499 1141 ut
524 1108 697 1139 laetentur
725 1106 760 1136 in
790 1103 882 1142 Deo,
911 1104 972 1147 qui
997 1109 1047 1134 est
1072 1101 1209 1144 agnitus
1234 1110 1293 1141 per

312 1163 478 1199 verbum,
509 1166 540 1192 et
566 1158 750 1189 flectantur
778 1156 819 1186 ad
848 1153 1125 1192 invocationem,
1158 1159 1188 1184 et
1210 1150 1293 1182 fides

314 1214 356 1246 sit
383 1212 500 1248 firma,
538 1216 569 1241 et
597 1206 842 1240 adsimilentur
868 1206 973 1237 corda
999 1199 1115 1249 λόγῳ,
1161 1202 1219 1245 qui
1246 1207 1295 1232 est

315 1264 430 1304 imago
460 1259 544 1298 Dei,
579 1259 665 1290 sicut
692 1258 726 1289 2.
744 1253 903 1301 Corinth.
923 1255 953 1288 ὃ.
979 1255 1126 1287 dicitur:
1162 1252 1295 1284 Trans-

315 1314 512 1346 sormamur
528 1310 568 1342 ad
588 1307 858 1340 similitudinem
877 1306 952 1337 eius
969 1312 1032 1339 etc.
1084 1303 1136 1336 De
1152 1300 1219 1335 hoc
1238 1313 1296 1333 ve-

316 1364 401 1397 stitu
419 1361 546 1394 dicitur
564 1357 733 1391 Iohannis
753 1357 830 1389 14.:
870 1355 1061 1388 Veniemus
1078 1355 1119 1386 ad
1140 1365 1237 1393 eum,
1265 1359 1297 1385 et

316 1412 536 1447 mansionem
557 1411 649 1453 apud
671 1420 749 1440 eum
775 1407 953 1440 faciemus.

419 1486 477 1520 Sic
506 1485 613 1527 igitur
637 1482 753 1527 inquit
777 1479 921 1514 Esaias:
967 1477 1139 1511 Gaudebo
1163 1478 1200 1510 in
1224 1477 1298 1511 Deo

319 1551 397 1573 meo
423 1544 503 1575 etc.,
544 1536 577 1566 id
607 1540 674 1573 est,
716 1533 827 1564 fateor
852 1531 1095 1563 liberationem
1128 1540 1200 1560 non
1228 1539 1299 1560 esse

321 1600 409 1631 opus
436 1594 636 1620 nostrarum
663 1584 810 1619 virium,
854 1583 910 1614 sed
938 1580 1023 1620 Dei,
1050 1577 1093 1612 Et
1119 1577 1176 1611 hic
1204 1577 1299 1611 Deus

321 1639 468 1674 Messias
500 1636 602 1669 vestit
639 1647 692 1667 me
720 1634 791 1666 suis
825 1631 974 1671 meritis,
1016 1637 1050 1663 et
1076 1641 1138 1662 suo
1167 1629 1299 1662 efficaci

320 1688 538 1735 praesentia,
571 1698 638 1730 qua
663 1686 706 1717 fio
729 1683 897 1726 templum
924 1689 956 1715 et
981 1681 1198 1713 domicilium
1225 1679 1300 1719 Dei,

322 1739 430 1775 ethic
447 1738 589 1771 vestitus
613 1737 773 1768 incoatur
798 1735 835 1766 in
858 1731 922 1766 hac
947 1733 1038 1772 vita,
1066 1732 1122 1763 sed
1145 1731 1300 1774 perficie-

322 1800 380 1825 tur
398 1791 435 1823 in
452 1790 521 1822 vita
538 1796 687 1821 aeterna.
740 1785 851 1818 Addit
868 1790 981 1816 autem
1000 1782 1169 1825 amplius,
1190 1781 1302 1825 qualis

324 1844 368 1876 sit
399 1838 456 1873 hic
486 1839 640 1872 vestitus.
704 1834 767 1869 Est
791 1835 940 1879 Sponsi‚
984 1833 1114 1866 scilicet
1153 1831 1303 1865 Messiae

325 1890 548 1926 sacerdotalis
564 1895 726 1926 ornatus,
755 1887 789 1919 id
810 1893 878 1925 est,
908 1884 1040 1928 passio,
1063 1884 1116 1916 vel
1136 1883 1303 1916 obedien-

326 1944 372 1977 tia
406 1943 443 1974 in
469 1940 650 1984 passione,
693 1944 723 1970 et
751 1937 921 1970 fortitudo
950 1941 1109 1977 superata
1133 1940 1246 1966 morte
1275 1940 1305 1965 et

326 1994 486 2027 restituta
512 1992 601 2028 vita,
630 1997 662 2022 et
679 1987 912 2021 ministerium
931 1984 1134 2028 Evangelii,
1164 1997 1232 2029 quo
1258 1991 1305 2016 cst

328 2044 471 2082 efficax,
515 2048 548 2074 et
582 2052 678 2072 suam
706 2050 867 2082 sponsam
902 2037 1010 2069 simili
1042 2043 1169 2068 ornatu
1196 2035 1307 2067 vestit.

328 2093 392 2128 Est
415 2099 530 2127 autem
553 2103 679 2134 sponsa
703 2088 856 2122 Ecclesia
881 2087 988 2120 simili
1018 2093 1144 2119 ornatu
1174 2087 1307 2122 vestita,

330 2145 492 2192 passione
515 2143 552 2175 in
576 2140 640 2174 hac
668 2140 756 2177 vita,
785 2147 816 2172 et
835 2137 1068 2170 vivificatione
1089 2149 1176 2180 quae
1194 2137 1230 2168 fit
1250 2148 1309 2179 per

330 2195 519 2233 Messiam,
554 2200 585 2226 et
610 2203 703 2224 nunc
730 2191 912 2225 inco-atur,
957 2195 988 2220 et
1014 2188 1048 2218 in
1074 2188 1142 2219 vita
1171 2195 1308 2219 aeterna

333 2250 570 2279 consummata
591 2243 653 2275 erit
667 2270 674 2282 ‚
693 2253 770 2273 cum
790 2251 914 2283 sponsa
935 2239 999 2271 erit
1016 2238 1140 2270 similis
1159 2235 1311 2275 Christo,

333 2298 366 2328 id
385 2303 451 2335 est,
487 2295 553 2327 erit
573 2304 714 2337 prorsus
731 2292 804 2324 siue
824 2296 961 2332 peccato
981 2296 1011 2321 et
1030 2289 1103 2320 sine
1122 2295 1251 2328 morte,
1279 2295 1309 2320 et

334 2347 481 2388 fulgebit
509 2346 543 2377 in
564 2358 599 2376 ea
622 2346 717 2376 Deus
744 2342 924 2374 vivificans
942 2347 974 2372 et
995 2340 1210 2383 perfundens
1238 2351 1310 2370 eam

336 2409 395 2430 sua
427 2397 522 2433 luce,
561 2394 751 2438 sapientia,
784 2392 920 2425 iusticia
958 2397 991 2422 et
1020 2390 1168 2429 laetitia,
1201 2396 1238 2421 ut
1271 2390 1312 2421 sit

337 2446 527 2480 conformis
545 2444 630 2478 Deo.
683 2442 824 2477 Phrasis
848 2442 953 2485 igitur
972 2441 1170 2473 dulcissima
1194 2441 1313 2473 obser-

337 2504 456 2536 vetur,
486 2498 577 2540 quod
599 2497 663 2532 ait,
690 2494 822 2527 Christi
840 2492 959 2535 sponsi
981 2498 1143 2524 ornatum
1171 2502 1242 2523 esse
1261 2503 1314 2523 sa-

340 2547 565 2581 cerdotalem.
633 2546 814 2586 Significat
847 2545 936 2576 enitn
971 2555 1088 2575 vocem
1114 2540 1318 2584 Evangelii,

341 2598 538 2642 passionem
557 2593 706 2633 Christi,
733 2594 1012 2637 deprecationem
1036 2604 1099 2637 pro
1119 2593 1239 2631 nobis,
1265 2593 1317 2623 vi-

343 2649 467 2682 ctorias
486 2654 518 2681 et
535 2646 721 2679 efficaciam
742 2645 777 2677 in
797 2645 916 2685 nobis,
945 2644 1032 2677 sicut
1051 2644 1087 2675 in
1107 2642 1246 2676 Psalmo
1264 2643 1314 2675 di-

899 80 1024 116 PHIL.
1052 77 1167 115 MEL.
1195 74 1402 113 SCRIPTA
1428 70 1729 109 EXEGETICA.

2216 71 2312 108 1024

1334 161 1442 195 citur:
1470 158 1527 193 Tu
1545 170 1579 192 es
1596 158 1754 192 sacerdos
1775 157 1813 192 in
1829 165 2011 195 aeternum
2035 158 2228 194 secundum
2251 169 2311 192 or-

1335 213 1453 244 dinem
1480 206 1750 243 Melchisedech.

1437 261 1494 295 Sic
1512 262 1553 293 ad
1572 260 1714 293 Galatas
1729 260 1860 293 dictum
1878 266 1945 294 est:
1971 258 2182 306 Quicunque
2195 258 2312 303 bapti-

1337 312 1401 345 zati
1428 312 1525 351 estis,
1554 309 1734 344 Christum
1762 310 1938 346 induistis.
1994 310 2062 344 Ubi
2089 311 2311 344 manifestum

1337 370 1385 396 est
1398 390 1406 403 ,
1423 374 1495 395 non
1514 362 1611 406 loqui
1632 360 1780 394 Paulum
1800 362 1940 405 proprie
1959 361 2001 394 de
2020 361 2235 401 imitatione,
2253 361 2312 393 sed

1337 414 1380 446 de
1396 413 1467 446 filio
1487 411 1550 445 Dei
1571 413 1644 455 ipso
1661 423 1723 445 nos
1741 412 1906 445 vestiente
1927 412 1998 444 suis
2018 411 2205 444 beneficiis.
2235 411 2314 445 .Sic

1339 476 1419 507 ergo
1449 463 1690 505 intelligatur,
1732 459 1909 496 Christum
1944 462 2133 500 induistis,
2174 460 2316 501 scilicet,

1341 516 1506 557 imputata
1525 514 1628 546 nobis
1652 513 1759 556 ipsius
1784 512 1940 546 iusticia:
1968 513 2098 545 deinde
2122 518 2155 545 et
2179 517 2316 554 accepta

1341 564 1534 608 praesentia
1552 564 1764 603 divinitatiS,
1807 575 1895 608 quae
1923 563 1959 596 in
1983 564 2084 596 nobis
2107 569 2156 596 est
2183 561 2317 596 efficax.

1340 616 1398 649 Sic
1424 621 1537 648 autem
1559 615 1719 647 induitur
1735 611 1915 653 Christus,
1943 615 2225 658 quandocunque
2251 612 2317 644 fide

1341 667 1377 700 fit
1398 665 1590 699 consolatio
1610 666 1645 697 in
1663 665 1892 697 conversione
1917 672 1949 698 et
1970 664 2211 702 invocatione,
2237 673 2317 695 cum

1343 728 1439 749 mens
1474 722 1687 749 sustentatur
1721 727 1799 747 vera
1833 715 2042 757 cogitatione
2069 713 2320 758 promissionis,

1342 769 1462 814 inqua
1490 774 1631 810 propter
1657 766 1766 798 tilium
1789 765 1853 798 Dei
1873 768 2002 800 dantur
2022 764 2179 799 remissio
2198 775 2320 808 pecca-

1344 826 1477 853 torum,
1506 823 1536 849 et
1563 817 1814 849 reconciliatio.

1443 867 1500 901 Sic
1519 874 1551 900 et
1569 864 1634 899 boc
1660 867 1790 900 dictum
1815 867 1857 900 ad
1881 866 2063 901 Romanos
2088 865 2320 908 intelligatur:

1345 918 1547 952 Induamini
1573 915 1771 955 Christum,
1798 918 1898 961 quasi
1921 918 2029 951 dicat:
2068 916 2184 950 Verbo
2202 923 2236 949 et
2253 915 2320 948 fide

1344 969 1487 1012 accipite
1505 968 1670 1001 beneficia
1687 965 1840 1007 Christi,
1867 968 2073 1012 imputatam
2096 966 2268 1000 iusticiam
2289 974 2322 1000 et

1346 1020 1536 1053 efficaciam
1560 1019 1624 1051 filii
1640 1017 1722 1058 Dei,
1759 1018 1863 1060 petite
1886 1025 1922 1051 ut
1949 1030 2011 1051 vos
2034 1019 2226 1061 gubernet,
2257 1028 2322 1050 nec

1346 1076 1535 1114 repugnate
1557 1069 1598 1102 ei.
1652 1068 1740 1102 Cum
1764 1066 1827 1101 hac
1852 1069 2141 1112 interpretatione
2167 1067 2321 1111 primum

1347 1121 1542 1154 confirmati
1566 1132 1704 1159 sumus,
1745 1132 1832 1164 quae
1856 1119 2025 1152 discernit
2047 1119 2158 1152 filium
2184 1118 2253 1152 Dei
2278 1118 2322 1151 ab

1347 1173 1422 1204 aliis
1446 1171 1649 1204 doctoribus
1668 1178 1699 1203 et
1725 1170 1910 1214 exemplis,
1951 1169 2080 1202 deinde
2107 1175 2218 1213 potest
2241 1168 2326 1202 addi

1350 1222 1590 1266 interpretatio
1616 1222 1658 1254 de
1694 1222 1864 1264 exempto.
1921 1220 2113 1254 Imitemini
2134 1218 2327 1257 Christum,

1350 1281 1386 1307 ut
1421 1273 1618 1316 exemplum
1650 1272 1687 1304 in
1715 1272 1926 1310 virtutibus,
1968 1282 2056 1316 quae
2090 1270 2220 1304 debent
2254 1280 2327 1303 esse

1350 1335 1554 1357 communes
1583 1323 1768 1362 omnibus,
1809 1323 1971 1355 videlicet
1995 1322 2032 1354 in
2064 1333 2148 1354 cura
2177 1319 2328 1355 docendi

1351 1374 1553 1416 Evangelii,
1600 1373 1793 1406 constantia
1829 1372 2079 1413 consessionis,
2120 1369 2330 1410 humilitate,

1352 1424 1519 1467 patientia
1557 1424 1593 1455 in
1635 1423 1826 1456 tolerandis
1867 1423 2028 1462 iniuriis,
2078 1429 2117 1456 nt
2150 1423 2178 1455 si
2215 1422 2329 1454 dicam

1353 1474 1530 1515 principi:
1572 1474 1714 1506 Induito
1738 1473 1895 1507 animum
1921 1472 2071 1517 Augusti
2102 1473 2138 1505 in
2170 1473 2332 1506 modera-

1352 1525 1446 1558 tione
1472 1524 1685 1558 iracundiae.

1692 1629 1829 1684 Caput
1861 1630 1984 1672 XIV.

1456 1720 1569 1764 Supra
1587 1721 1740 1754 diximus
1757 1720 1931 1753 incoatam
1949 1731 2021 1753 esse
2036 1717 2232 1753 doctrinam
2252 1731 2336 1764 ope-

1354 1785 1432 1806 rum
1460 1773 1495 1804 in
1520 1772 1630 1815 capite
1654 1771 1874 1805 duodecimo.
1918 1768 2020 1804 Ordo
2046 1770 2154 1813 igitur
2175 1771 2336 1805 conside-

1356 1832 1452 1857 retur
1471 1821 1592 1855 barum
1613 1822 1780 1864 legalium
1798 1821 2018 1856 concionum.

1459 1873 1570 1916 Caput
1605 1873 1851 1906 duodecimum
1887 1878 1937 1904 est
1966 1872 2062 1905 velut
2104 1869 2257 1906 ethicum
2293 1873 2336 1906 de

1357 1925 1603 1960 communibus
1627 1923 1786 1957 omnium
1813 1922 2013 1956 virtutibus.

1461 1974 1799 2008 Tertiumdecimum
1828 1979 1877 2006 est
1904 1973 2097 2016 politicum.

1461 2024 1815 2069 Decimumquartum
1836 2030 1885 2056 est
1910 2021 2095 2068 ἱερατικὸν
2113 2024 2155 2056 de
2184 2035 2339 2058 ceremo-

1362 2079 1440 2112 niis.
1493 2076 1584 2110 Sunt
1600 2076 1691 2108 enim
1711 2073 1795 2107 haec
1820 2075 1885 2107 tria
1905 2086 2029 2117 genera
2052 2074 2237 2118 praecipua
2255 2087 2339 2119 ope-

1361 2141 1439 2163 rum
1466 2128 1502 2159 in
1529 2126 1792 2159 conversatione
1810 2122 2016 2163 hominum,
2043 2125 2123 2169 qnia
2143 2125 2236 2158 enim
2258 2123 2341 2159 haec

1361 2181 1431 2212 vita
1449 2178 1606 2210 mortalis
1623 2189 1694 2209 non
1712 2183 1821 2220 potest
1840 2187 1957 2209 carere
1974 2176 2199 2218 ceremoniis,
2221 2176 2256 2209 id
2277 2183 2339 2216 est,

1364 2229 1487 2263 ordine
1506 2228 1742 2270 distinguente
1759 2227 1886 2269 gradus
1911 2237 2156 2269 personarum,
2183 2233 2339 2271 tempora

1364 2280 1585 2324 publicorum
1605 2289 1852 2320 congressuum
1878 2284 1910 2310 et
1932 2277 2140 2317 lectionum,
2167 2284 2227 2310 aut
2243 2289 2340 2310 exer-

1365 2331 1528 2364 citiorum
1558 2329 1769 2373 puerilium,
1813 2339 1951 2360 necesse
1982 2327 2048 2360 fuit
2077 2324 2269 2360 Ecclesiam
2300 2329 2343 2361 de

1366 2394 1429 2414 usu
1454 2393 1573 2413 earum
1599 2380 1796 2412 fidmoneri.
1845 2378 1932 2411 Nam
1950 2389 2047 2410 error
2072 2378 2114 2410 de
2137 2379 2344 2412 ceremoniis

1367 2432 1458 2477 parit
1484 2431 1593 2464 multa
1618 2430 1771 2473 ingentia
1795 2429 2028 2463 incommoda.

1469 2490 1647 2527 Primum,
1675 2491 1882 2521 obscuratur
1908 2486 2068 2519 doctrina
2093 2485 2278 2531 Evangelii
2303 2488 2346 2520 de

1370 2543 1436 2575 fide
1469 2539 1712 2574 et-beneficiis
1742 2537 1894 2577 Christi,
1935 2549 2013 2570 cum
2046 2538 2183 2581 obrepit
2212 2538 2345 2582 opinio,

1372 2593 1467 2638 qnod
1493 2592 1581 2625 ritus
1609 2591 1663 2623 illi
1694 2595 1894 2622 mereantur
1918 2588 2160 2621 remissionem
2189 2596 2344 2632 peccato—

1373 2655 1450 2677 rum
1463 2670 1472 2683 ,
1500 2649 1559 2676 aut
1578 2641 1669 2687 quod
1689 2646 1830 2685 propter
1847 2650 1904 2672 eos
1924 2636 2028 2672 homo
2044 2639 2087 2673 sit
2107 2639 2232 2680 iustus,
2260 2640 2347 2673 sicut
