2415 2942
147 97 245 135 1337
356 95 455 131 XIII.

143 184 270 217 rectrix
302 183 382 215 fidei
415 190 447 216 et
480 195 632 218 morum.

146 337 244 372 tiam.

242 396 288 431 Ut
319 402 434 429 autem
460 396 674 429 conscientia
705 408 867 430 normam
905 393 1053 437 habeat,
1089 395 1144 428 in-

145 455 308 481 tueamur
332 448 569 490 Dewlogum,
610 454 643 482 et
669 459 748 480 eum
773 454 864 480 recte
890 447 1139 490 intelligamus.

144 498 305 533 Sciamus
322 511 425 542 opera
445 499 636 542 pugnantia
656 510 734 531 cum
748 497 924 541 Decalogo
946 511 1016 531 esse
1037 511 1142 542 opera

145 550 340 594 polluentia
359 550 629 590 conscientiam,
657 556 691 583 et
709 549 923 582 offendentia
943 550 1059 583 Deum
1073 578 1080 588 ,
1109 557 1142 583 et

145 601 358 634 conscientia
378 601 547 634 iudicium
565 608 614 634 est
638 601 674 633 in
699 601 803 633 nobis
830 601 1029 644 approbans
1053 602 1140 634 facta

143 653 337 685 secundum
363 653 509 685 verbum
536 651 621 692 Dei,
649 651 703 684 veI
731 652 822 685 iuxta
850 652 958 693 legem
985 659 1140 690 naturae,

144 711 176 737 et
197 704 439 736 condemnans
458 703 632 736 contraria
646 728 653 741 ‚
682 715 786 747 quam
806 703 1139 736 condemnationem

145 762 238 788 certo
257 755 382 787 ordine
408 755 442 786 in
471 762 596 787 natura
628 754 794 788 rationali
828 761 1024 798 sequnntur
1055 752 1140 787 hor-—

143 806 243 838 rendi
271 806 468 843 cruciatus,
503 806 562 849 qui
597 812 678 838 sunt
711 812 813 838 testes
845 814 875 837 et
902 817 989 848 opus
1015 805 1136 839 iudicii

140 855 227 895 Dei,
254 857 346 890 iuxta
366 857 473 890 illud:
502 856 597 890 Deus
619 856 711 899 ignis
732 868 942 890 consumens
959 863 1019 889 est.

241 924 469 958 commerata
494 925 649 968 generali
679 937 813 957 summa
840 925 1040 965 doctrinae,
1076 937 1141 968 po-

141 984 212 1011 stea
231 978 348 1009 videat
365 977 523 1021 quisque,
547 988 636 1021 quae
660 977 727 1009 sint
746 988 827 1008 suae
844 976 1038 1009 vocationis
1058 988 1139 1019 pro-

139 1029 233 1073 pria:
261 1026 344 1060 haec
361 1040 439 1070 pars
458 1028 559 1060 etiam
577 1028 727 1071 pertinet
748 1028 788 1060 ad
809 1026 1038 1070 Decalogum‚
1066 1026 1137 1060 Mi-

142 1081 253 1113 nister
272 1077 455 1120 Evangelii
483 1079 565 1110 sciat
584 1091 618 1111 se
635 1079 762 1111 debere
787 1091 911 1110 sonare
929 1079 1137 1112 doctrinam.

142 1131 223 1164 Non
260 1131 304 1163 sit
336 1130 444 1172 igitur
478 1130 619 1172 ignarus
650 1130 848 1167 doctrinae,
885 1137 918 1162 et
947 1130 989 1162 sit
1018 1130 1137 1173 aliquo

142 1183 248 1215 modo
275 1182 316 1214 ad
342 1182 539 1213 docendum
570 1182 729 1214 idoneus.
781 1181 917 1215 Deinde
941 1178 1022 1213 huic
1048 1193 1137 1225 quo-

141 1246 209 1278 que
228 1244 351 1266 norma
371 1244 508 1265 morum
534 1233 576 1265 sit
597 1232 792 1275 Decalogus
810 1239 902 1265 recte
921 1232 1136 1266 intellectus:

139 1283 242 1318 Hanc
259 1295 432 1316 summam
453 1282 583 1316 Paulus
602 1290 633 1317 et
653 1281 710 1317 hic
731 1284 908 1327 proponit.

247 1342 353 1376 Initio
376 1349 488 1376 autem
514 1343 615 1384 ponit
640 1354 750 1384 genus
773 1355 833 1375 seu
857 1353 1027 1375 summam
1053 1354 1138 1374 con-

141 1394 340 1427 venientem
376 1394 605 1435 eligentibuS,
639 1393 855 1437 Episcopum
889 1399 1026 1436 oportet
1050 1394 1136 1425 irre-

141 1443 417 1489 prehensibilem
443 1456 532 1483 esse,
562 1443 697 1478 Graece
722 1442 982 1490 ἀνεπίληπτον,
1024 1442 1069 1477 Et
1094 1445 1134 1477 ad

141 1496 266 1530 Titum
290 1507 362 1539 cap.
391 1497 425 1530 1.
450 1496 581 1529 dicitur
607 1494 855 1544 ἀνέγκλητον,
897 1497 933 1528 id
959 1502 1027 1534 est,
1065 1507 1137 1528 non

142 1559 242 1581 reum
283 1547 434 1579 alicuius
468 1547 646 1585 criminis,
688 1549 783 1591 quod
815 1547 948 1579 iudicio
981 1544 1137 1579 humano

141 1610 222 1631 vere
240 1598 394 1630 accusari
422 1604 546 1640 potest.
598 1597 686 1630 Nam
709 1593 1009 1642 ἐπιλαμβάνομαι
1029 1597 1137 1639 signi-

140 1649 219 1683 ficat
246 1645 485 1692 reprehendo,
515 1649 686 1692 corripio,
714 1655 751 1682 ut
775 1649 865 1692 apud
891 1648 1075 1681 Platonem
1102 1649 1139 1680 in

142 1699 295 1743 Gorgia,
324 1698 360 1732 Si
380 1699 463 1744 quid
485 1711 556 1731 non
576 1706 666 1732 recte
687 1699 802 1732 dicere
824 1699 959 1738 videor,
988 1696 1140 1743 ἐπιλάμ-

142 1751 259 1797 βανε,
287 1751 324 1783 ἰ(1
352 1757 420 1790 est,
447 1747 711 1794 reprehendito.
764 1749 809 1783 Et
837 1750 1004 1797 ἔγκαλὸῖν
1031 1751 1139 1792 signi-

142 1804 222 1836 ficat
242 1813 404 1835 accusare
422 1814 481 1834 seu
500 1801 535 1833 in
556 1802 727 1835 iudicium
746 1813 881 1842 vocare,
908 1802 989 1846 quia
1008 1800 1139 1835 Paulus

142 1853 200 1887 hic
224 1853 384 1898 loquitur
409 1854 452 1885 de
480 1853 670 1892 electione,
699 1860 833 1886 certum
858 1859 908 1886 est
936 1852 1005 1885 dici
1023 1853 1065 1885 de
1083 1865 1139 1886 ac-

142 1905 322 1939 cusatione
342 1916 457 1937 coram
476 1904 607 1937 iudicio
624 1902 800 1943 humano,
829 1904 905 1937 vult
922 1902 1137 1948 Episcopum

142 1969 215 1990 non
234 1967 305 1989 esse
324 1955 503 1988 infamem.
559 1953 605 1988 Et
632 1955 702 1988 sint
720 1962 802 1988 nota
820 1955 946 1988 scelera
960 1983 968 1994 ,
996 1962 1140 1999 propter

140 2020 230 2054 quae
255 2013 314 2040 aut
340 2007 470 2040 iudicia
497 2006 614 2039 civilia
642 2004 805 2039 homines
830 2013 953 2040 notant
980 2006 1138 2047 infamia,

139 2065 202 2093 aut
218 2057 374 2091 Ecclesia
394 2057 575 2091 interdicit
591 2058 890 2093 communionem.

248 2116 307 2150 Sic
324 2117 504 2151 ordinavit
519 2115 616 2150 Deus
642 2117 750 2150 vitam
778 2124 974 2157 aeternam,
1001 2124 1040 2151 ut
1056 2118 1140 2152 velit

141 2176 287 2214 propter
311 2168 496 2201 manifesta
523 2168 650 2201 scelera
676 2166 840 2201 homines
868 2169 922 2201 vel
946 2168 1095 2202 interfici
1121 2182 1138 2202 a

141 2225 312 2265 potestate
337 2219 497 2261 politica,
532 2219 586 2252 vel
611 2219 745 2264 alioqui
770 2219 849 2252 eiici
870 2231 911 2253 ex
929 2219 1064 2265 reliqua
1083 2232 1140 2254 so-

143 2272 278 2306 cietate.
333 2269 381 2304 Ut
405 2277 549 2315 propter
572 2267 827 2314 blasphemias,
861 2270 1035 2314 periuria,
1062 2284 1139 2304 ma-

141 2324 256 2366 giam,
298 2322 524 2355 manifestum
548 2322 683 2355 cultum
706 2321 908 2361 idolorum,
936 2322 1139 2367 seditiones,

139 2372 354 2414 homicidia,
380 2384 483 2416 vagas
507 2380 540 2407 et
564 2373 713 2406 incestas
740 2373 926 2415 libidines,
954 2374 1140 2416 adulteria,

140 2426 254 2465 furta,
282 2425 495 2464 calumnias,
524 2424 657 2457 crimen
677 2424 766 2458 falsi.

246 2484 494 2528 Interpretatio
528 2484 762 2517 insulsissima
791 2491 859 2525 est,
895 2496 1001 2529 quam
1027 2484 1138 2530 aliqui

144 2536 341 2575 finxerunt,
379 2533 532 2579 Oportet
550 2533 766 2580 Episcopum
791 2547 863 2569 esse
881 2535 957 2568 sine
982 2542 1138 2580 peccato:

144 2585 229 2621 haec
260 2587 507 2630 interpretatio
534 2587 619 2619 falsa
652 2594 719 2624 est,
754 2599 833 2621 cum
859 2587 1071 2631 intelligitur
1095 2589 1138 2621 de

141 2645 285 2683 peccato
310 2650 427 2672 coram
447 2637 542 2678 Deo,
571 2638 666 2672 iuxta
692 2638 783 2672 illud
803 2635 993 2678 lobannis,
1024 2640 1055 2672 1.
1079 2638 1137 2672 Io—

141 2686 225 2724 han.
255 2690 303 2726 1‚:
343 2689 380 2724 Si
407 2689 577 2732 dicimus,
612 2690 705 2735 quod
730 2697 908 2734 peccatum
929 2701 1002 2724 non
1029 2687 1136 2724 habe-

686 181 730 216 Et
764 195 834 216 una
869 183 1067 215 communis
1097 188 1147 215 est

143 235 305 269 omnium
324 246 460 267 summa
478 246 582 279 quam
609 246 713 278 supra
739 234 916 268 recitavit:
945 233 1062 267 Milita
1082 234 1147 266 bo-

144 298 227 319 nam
253 285 416 319 militiam
443 283 577 319 habens
608 286 711 318 fidem
738 292 773 319 et
800 286 930 319 bonam
963 285 1146 318 conscien-

508 96 542 131 7.
569 94 871 132 ENARRATIO
901 95 1052 131 EPIST.
1080 93 1283 131 PRIORIS
1311 92 1378 129 AD
1407 93 1735 131 TIMOTHEUM.

1788 92 1891 131 CAP.
1920 93 1985 129 III.
2097 96 2192 132 1338

1201 193 1296 222 mus,
1338 182 1522 215 mendaces
1548 193 1679 215 sumus.
1741 181 1892 215 Manent
1917 182 1954 214 in
1978 178 2041 213 liae
2068 181 2193 215 misera

1197 240 1322 267 natura
1340 234 1442 267 etiam
1461 233 1498 266 in
1515 233 1643 267 sanctis
1669 233 1707 266 in
1729 230 1794 266 hac
1814 233 1882 266 vita
1901 233 2031 266 multae
2049 244 2193 275 magnae

1197 286 1317 318 sordes
1343 292 1375 318 et
1401 291 1556 326 peccata,
1589 285 1678 317 sicut
1702 284 1817 329 inquit
1838 283 2000 317 Ieremias
2017 296 2093 327 cap.
2114 283 2189 318 1'7.:

1196 335 1267 369 Cor
1286 333 1440 368 hominis
1468 348 1671 378 perversum
1698 343 1747 369 est
1772 343 1804 369 et
1823 347 2085 368 aerumnosum.
2139 335 2192 368 Ac

1196 387 1233 420 in
1262 386 1482 432 quotidianis
1513 387 1687 420 exercitiis
1720 386 1957 430 poenitentiae
1982 384 2067 419 haec
2097 386 2190 419 inte-

1195 439 1288 471 riora
1308 444 1443 481 peccata
1463 450 1578 471 coram
1594 437 1670 471 Deo
1687 438 1906 480 agnoscenda
1923 444 1956 471 et
1972 437 2189 480 deploranda

1193 497 1286 523 sunt.
1338 488 1391 522 De
1409 486 1463 521 his
1478 496 1593 522 autem
1613 488 1744 522 Paulus
1762 487 1818 522 hic
1839 501 1912 522 non
1940 489 2118 533 loquitur,
2145 490 2187 521 ad

1194 540 1317 575 Titum
1336 540 1440 574 vertit
1458 540 1645 583 interpres,
1667 540 1742 573 sine
1763 540 1922 575 crimine.

1294 600 1441 634 Discant
1460 599 1566 642 igitur
1582 599 1739 632 iuniores
1755 597 1920 643 phrasin,
1946 599 2042 632 aliud
2062 605 2112 632 est
2133 598 2188 631 di-

1194 664 1269 685 cere
1289 653 1363 685 sine
1382 658 1541 695 peccato,
1565 650 1660 683 aliud
1683 650 1757 683 sine
1774 650 1941 693 crimine,
1971 650 2005 682 id
2022 657 2083 690 est,
2112 650 2188 683 sine

1193 704 1252 736 tali
1273 704 1421 743 scelere,
1450 703 1544 746 quod
1570 702 1604 734 in
1626 701 1766 735 iudiciis
1783 700 1979 739 Ecclesiae,
2006 713 2065 733 seu
2095 701 2188 745 poli-

1192 755 1269 788 ticis
1285 749 1488 788 'damnatur-

1295 814 1363 848 Sed
1383 811 1439 846 hic
1456 812 1560 845 nobis
1580 812 1645 855 ipsi
1663 813 1770 847 multa
1793 813 1991 849 obiicimus.
2026 811 2186 846 Primum

1193 878 1297 898 nemo
1321 873 1370 899 est
1398 872 1467 898 tam
1492 865 1632 902 firmus,
1677 865 1738 909 qui
1764 877 1836 897 non
1861 865 1964 897 etiam
1992 864 2185 906 aliquando

1193 917 1342 961 turpiter
1361 917 1520 956 labatur,
1544 922 1583 949 ut
1599 915 1714 961 inquit
1732 915 1875 949 Salomo
1894 916 2027 951 Eccles.
2045 914 2079 950 7.
2097 927 2185 958 cap.:

1194 968 1272 1002 Non
1304 975 1351 1000 est
1378 967 1489 1000 iustus
1516 968 1551 999 in
1577 973 1666 1000 terra
1697 968 1757 1011 qui
1792 980 1863 1000 non
1899 974 2026 1010 peccet.
2086 966 2185 1005 Item,

1193 1019 1361 1054 Proverb.
1381 1017 1460 1053 24:
1499 1018 1613 1051 Iustus
1638 1020 1738 1053 cadet
1763 1019 1798 1051 in
1822 1019 1878 1051 die
1904 1019 2041 1061 septies,
2098 1016 2184 1051 Item

1192 1078 1315 1104 notum
1343 1077 1391 1104 est
1420 1070 1509 1103 illud
1533 1069 1747 1105 Simonidis:
1782 1069 2007 1113 Impossibile
2036 1076 2085 1102 est
2113 1080 2184 1101 esse

1191 1129 1431 1163 tetragonum,
1466 1122 1499 1153 id
1530 1127 1598 1158 est,
1636 1123 1840 1164 perfectum.
1889 1119 1934 1154 Et
1961 1121 2185 1153 manifestum

1192 1180 1241 1206 est
1259 1174 1295 1206 in
1315 1173 1412 1206 omni
1431 1173 1688 1215 gubernatione
1711 1174 1821 1207 multa
1847 1184 1920 1205 esse
1943 1179 2055 1205 errata
2076 1171 2185 1205 omis-

1192 1225 1301 1258 sionis
1317 1232 1349 1258 et
1365 1224 1598 1267 ignorantiae.

1295 1283 1477 1323 Secundo,
1506 1295 1609 1316 nemo
1640 1290 1753 1326 potest
1777 1284 1887 1317 vitare
1913 1283 2186 1317 obtrectationes

1192 1341 1224 1367 et
1242 1335 1448 1368 calumnias.
1503 1333 1566 1367 Est
1589 1335 1683 1367 enim
1701 1335 1802 1368 dulce
1820 1343 1852 1368 et
1870 1336 2035 1368 usitatum
2053 1334 2186 1366 malum

1192 1385 1455 1426 maledicentia,
1479 1393 1518 1420 ut
1537 1385 1710 1420 Pindarus
1734 1385 1871 1431 inquit:
1900 1386 1999 1434 ὄψον
2023 1382 2187 1423 πολίταις

1192 1435 1230 1470 αἱ
1250 1434 1484 1483 κακηγορίαι.

1295 1495 1348 1529 De
1386 1497 1504 1538 priore
1537 1497 1742 1540 quaestione
1783 1498 2003 1542 respondeo:
2048 1495 2186 1540 Regula

1191 1554 1353 1580 teneatur
1371 1548 1407 1580 in
1426 1548 1593 1580 omnibus
1618 1548 1761 1587 officiis,
1791 1556 1829 1582 ut
1852 1549 1970 1581 fideles
1994 1549 2120 1589 simus,
2147 1556 2187 1582 ut

1192 1598 1322 1632 dicitur
1343 1599 1373 1633 1.
1390 1596 1554 1632 Corinth.
1574 1598 1626 1637 4.,
1655 1600 1689 1631 id
1711 1607 1782 1639 est,
1808 1601 1852 1634 sit
1870 1602 2003 1633 bonum
2024 1600 2186 1643 proposi-

1192 1656 1285 1689 tum,
1330 1657 1361 1683 et
1394 1650 1596 1683 studeamus
1629 1658 1720 1683 recte
1750 1651 1880 1691 facere,
1926 1659 1959 1685 et
1990 1651 2186 1695 plerunque

1191 1707 1283 1733 recte
1308 1701 1494 1739 faciamus,
1527 1701 1617 1744 lapsi
1649 1714 1732 1735 vero
1757 1703 1871 1736 sanari
1907 1714 1971 1735 nos
2001 1703 2188 1745 patiamur.

1194 1751 1373 1785 Praeterea
1392 1765 1471 1785 cum
1498 1764 1619 1785 omnes
1635 1753 1787 1787 sciamus
1814 1754 1967 1788 facilime
1994 1766 2095 1796 posse
2114 1753 2187 1786 labi

1192 1809 1223 1835 et
1243 1815 1358 1836 errare
1374 1816 1497 1836 omnes
1513 1801 1697 1837 homines:
1726 1811 1758 1838 et
1787 1805 1926 1838 assidue
1950 1805 2020 1838 sint
2036 1804 2187 1837 insidiae

1189 1854 1322 1887 diaboli
1342 1852 1560 1895 horrendae,
1587 1855 1707 1889 Simus
1732 1856 1770 1889 in
1791 1856 2018 1890 invocatione
2037 1856 2099 1889 filii
2119 1854 2186 1888 Dei

1192 1906 1428 1943 ardentiores,
1467 1918 1531 1939 nec
1556 1907 1809 1941 obliviscamur
1832 1908 1937 1949 dicti,
1967 1905 2090 1942 Iohan.
2113 1905 2187 1940 15.:

1191 1956 1275 1990 Sine
1293 1969 1346 1989 me
1362 1954 1454 1990 nihil
1471 1957 1614 2000 potestis
1630 1958 1755 1995 facere.
1799 1957 1903 1992 Item:
1933 1958 2017 1994 Sine
2038 1965 2099 1992 tuo
2118 1971 2188 1992 nu—

1192 2008 1286 2040 mine
1307 2006 1396 2040 nihil
1417 2015 1465 2042 est
1485 2009 1521 2041 in
1539 2006 1696 2044 homine.

1293 2066 1346 2100 De
1361 2069 1513 2102 secunda
1532 2070 1740 2114 quaestione
1763 2071 1979 2114 respondeo,
2006 2077 2187 2114 utrunque

1190 2120 1440 2162 praestandum
1460 2127 1524 2154 est:
1548 2119 1729 2163 Primum,
1757 2128 1795 2155 ut
1818 2122 1862 2156 sit
1878 2122 2091 2156 conscientia
2111 2123 2187 2154 sine

1191 2170 1279 2202 labe.
1341 2169 1526 2211 Secundo,
1560 2178 1598 2205 ut
1620 2172 1711 2206 fama
1736 2173 1781 2207 sit
1802 2173 1937 2217 integra
1962 2175 2052 2216 apud
2074 2171 2185 2205 houe-

1190 2221 1313 2254 stiores
1330 2229 1422 2255 recte
1441 2223 1648 2262 iudicantes,
1676 2224 1765 2258 sicut
1785 2224 1916 2258 dicitur
1933 2224 2073 2258 Psalmo
2089 2223 2186 2257 149.:

1189 2271 1282 2306 Laus
1300 2273 1374 2306 eius
1393 2274 1430 2306 in
1449 2272 1602 2307 Ecclesia
1620 2283 1834 2311 sanctorum.
1875 2273 1922 2309 Et
1938 2284 2021 2309 nota
2041 2283 2090 2308 est
2107 2287 2187 2308 seu-

1190 2324 1317 2357 tentia:
1355 2323 1456 2357 Bona
1479 2325 1694 2360 conscientia
1720 2325 1809 2359 mihi
1838 2339 1926 2370 opus
1959 2334 2006 2360 est
2043 2334 2187 2371 propter

1188 2373 1323 2417 Deum,
1352 2375 1445 2409 bona
1464 2376 1554 2409 sama
1573 2384 1718 2421 propter
1735 2378 1947 2422 proximum.
1999 2376 2046 2412 Et
2064 2378 2101 2410 in
2119 2376 2186 2411 Ec-

1189 2425 1383 2460 clesiastico
1413 2439 1487 2472 cap.
1503 2427 1578 2463 39.:
1616 2427 1774 2462 Laudem
1800 2441 1921 2463 eorum
1945 2429 2091 2463 nunciat
2115 2428 2185 2463 Ec-

1189 2477 1306 2512 clesia.

1293 2535 1399 2579 Quod
1437 2544 1553 2572 autem
1587 2538 1719 2573 interea
1753 2540 1857 2573 multi
1896 2547 1978 2574 sunt
2007 2540 2184 2580 maledici,

1188 2599 1261 2621 non
1287 2595 1337 2621 est
1363 2589 1465 2633 culpa
1490 2601 1631 2633 eorum,
1666 2591 1728 2636 qui
1755 2591 1906 2625 fideliter
1931 2591 2107 2632 serviunt,
2143 2597 2182 2624 ut

1188 2639 1334 2672 dicitur:
1366 2639 1442 2673 Non
1470 2648 1518 2674 est
1538 2642 1732 2676 remedium
1759 2643 1926 2676 adversus
1944 2639 2181 2687 sycophantae

1187 2702 1341 2724 morsum
1355 2718 1363 2732 ,
1392 2690 1437 2726 Et
1457 2692 1566 2726 multa
1585 2700 1664 2727 sunt
1684 2693 1825 2737 ingenia
1841 2694 1943 2737 plena
1962 2693 2182 2736 arrogantiae
