2415 2942
292 110 387 147 1163

396 194 487 227 llaec
508 193 549 225 de
569 190 739 224 vocabulo
757 189 837 222 satis
853 189 897 222 sit
915 186 971 222 hic
988 200 1143 223 monere.
1182 187 1269 222 Nam

295 247 453 281 ‹tucn-in·
478 246 612 286 integra
639 244 680 273 de
706 241 902 284 precatione
929 240 1012 272 alibi
1037 240 1206 277 traditur,
1241 246 1274 271 et

297 295 566 331 samithu-issime
583 301 700 326 notam
722 302 794 324 esse
811 291 976 323 omnibus
993 298 1150 334 oportet,
1182 297 1219 323 ut
1238 290 1276 321 in

299 346 503 393 quotidiana
531 343 754 375 invocatione
772 341 815 374 sit
833 342 868 373 in
892 348 1101 384 conspectu,
1127 347 1161 373 et
1185 351 1276 372 sem·
1300 315 1305 475 ὶ

299 410 360 442 per
383 398 489 429 addas
515 395 586 437 ipse
615 392 705 425 hanc
735 399 830 424 tuam
858 391 1148 424 asseverationem
1179 390 1276 424 finita

299 447 512 493 precatione:
541 444 655 477 Credo
682 441 855 482 Domine,
882 439 965 474 haec
989 453 1063 474 mea
1089 447 1167 473 vota
1195 453 1278 484 pro—

301 508 376 543 pter
400 497 509 529 lilium
533 495 758 526 mediatorem
777 504 793 525 a
812 499 844 525 te
863 493 990 535 recipi,
1017 493 1074 524 sed
1100 503 1200 533 opem
1227 491 1279 523 ser

300 560 396 582 meae
421 544 663 578 imbecillitati.
717 542 797 576 Scio
815 544 857 575 (le
876 543 963 574 velle
989 540 1082 574 hunc
1106 539 1278 573 honorem
1304 547 1305 550 ’

302 599 364 632 tibi
386 597 512 635 tribui,
541 603 577 628 nt
593 595 773 627 credamus
791 601 824 626 te
843 605 921 625 vere
939 593 1029 624 aslici
1048 603 1127 624 cura
1155 591 1280 630 nostri,

301 659 332 683 et
358 660 422 681 nos
452 645 628 682 exaudiri,
673 655 735 675 nec
767 643 1015 687 promissiones
1047 649 1124 675 tuas
1159 642 1281 674 inanes

303 711 408 734 sonos
447 709 528 730 esse.
581 695 620 729 ln
650 692 715 727 hoc
744 701 864 726 nostro
900 692 1061 725 exercitio
1095 691 1282 730 discimus,

303 762 410 796 quare
435 747 622 792 antiquitas
646 756 781 788 semper
808 743 983 776 addiderit
1012 742 1283 786 precationibus,

301 801 428 835 Amen.

403 851 454 883 Ac
481 848 559 880 vide
582 856 714 879 morem
732 843 905 877 Ecclesiae
931 850 1154 888 perpetuum:
1182 842 1283 876 Sem—
1307 873 1309 902 ¹

304 914 366 947 per
383 901 448 934 suit
467 910 557 931 unus
575 897 702 940 aliquis
721 896 756 927 in
775 902 873 928 coetu
886 919 894 933 ‚
927 895 986 938 qui
1004 906 1064 928 sua
1085 905 1167 926 voce
1185 905 1283 926 reve-

305 959 422 986 renter
456 948 613 982 recitavit
647 946 823 989 publicam
858 945 1106 988 precationem.
1160 943 1282 976 Postea

306 1003 361 1035 vel
381 1001 548 1044 populus,
593 997 648 1029 vel
672 1007 764 1028 nnus
789 996 932 1028 nomine
956 995 1076 1038 populi
1102 994 1283 1037 respoudit

306 1054 434 1088 Amen.
487 1049 582 1091 Quid
599 1058 686 1090 opus
703 1053 773 1086 est,
801 1046 893 1079 dicat
916 1045 1067 1090 aliquis?
1119 1044 1283 1091 Respon—

306 1105 390 1137 deo:
420 1100 505 1133 Vult
523 1099 617 1132 Deus
642 1109 851 1130 consensum
876 1108 947 1129 esse
965 1096 1135 1129 Ecclesiae
1159 1096 1196 1127 in
1219 1096 1283 1127 do-

307 1155 439 1192 ctrina,
468 1151 552 1189 side,
580 1148 800 1181 invocatione
820 1154 851 1180 et
870 1147 1054 1190 petitione:
1076 1145 1149 1179 vult
1167 1152 1199 1178 et
1219 1157 1283 1188 pu-
1308 1191 1309 1195 Ἰ

307 1205 419 1238 blicos
443 1214 479 1233 ac
500 1199 664 1233 honestos
689 1209 891 1240 congressus
916 1197 1006 1235 fieri,
1035 1204 1066 1229 et
1085 1196 1120 1228 in
1139 1193 1194 1228 his
1208 1196 1284 1228 vult
1308 1198 1310 1245 Ἰ

309 1251 606 1289 consentientibus
625 1249 762 1292 piorum
780 1247 976 1291 pectoribus
995 1247 1170 1284 invocari,
1189 1247 1284 1279 iuxta
1308 1249 1310 1259 '

309 1303 577 1351 promissionem
589 1297 761 1332 Matthaei
781 1300 852 1332 18.:
881 1297 918 1331 Si
936 1299 1006 1330 duo
1025 1309 1062 1330 ex
1083 1297 1182 1329 vobis
1201 1308 1284 1328 con·
1309 1327 1311 1339 ‹

310 1354 481 1389 senserint
498 1352 533 1384 in
552 1358 640 1384 terra
654 1376 662 1389 ,
690 1351 731 1381 de
751 1348 848 1381 omni
868 1349 1007 1390 negotio
1035 1349 1128 1392 quod
1158 1353 1285 1390 petent,

309 1408 366 1440 fiet
386 1405 442 1436 eis.
497 1401 579 1434 Ideo
603 1407 757 1432 servatus
785 1405 835 1431 est
868 1395 925 1430 hic
959 1409 1050 1437 mos,
1075 1405 1111 1429 ut
1138 1397 1286 1439 populus

312 1457 456 1490 adderet
479 1450 569 1485 hanc
593 1449 881 1492 significationem
907 1448 960 1480 sui
987 1458 1185 1481 cousensus.
1238 1445 1284 1479 Et

311 1506 442 1541 Paulus
459 1503 534 1535 vult
551 1513 623 1533 eam
644 1499 737 1533 addi.
778 1497 839 1531 Ait
857 1498 962 1539 igitur
979 1498 1020 1530 de
1037 1497 1286 1540 respondente:
1311 1508 1312 1522 ¹

312 1555 502 1589 (luomodo
528 1551 677 1594 implens
702 1550 817 1581 locum
840 1548 987 1587 idiotae,
1032 1547 1121 1580 dicet
1151 1548 1285 1588 Amen,

313 1591 340 1641 si
360 1616 390 1640 te
407 1617 477 1637 non
495 1600 688 1643 intelliget‘.³
711 1598 933 1643 ἀναπληρῶν
959 1593 1073 1631 τόπον
1095 1599 1163 1630 τοῦ
1186 1594 1288 1630 ἴδιοί-

312 1670 400 1696 τοι·,
435 1654 565 1687 dicitur
589 1652 826 1694 respondens,
861 1648 958 1693 quasi
985 1648 1216 1691 precationem
1245 1647 1288 1679 ab

312 1709 382 1742 alio
402 1706 594 1741 recitatam,
611 1708 728 1745 postea
746 1699 924 1743 complens
941 1710 1099 1742 expresso
1117 1708 1288 1730 consensu
1311 1695 1313 1714 ⁴*

312 1757 447 1804 populi.
499 1754 554 1787 Ad
586 1750 681 1785 hunc
713 1752 825 1794 ipsum
859 1761 992 1782 morem
1025 1756 1058 1781 et
1089 1748 1196 1781 multa
1221 1746 1313 1780 alia*

313 1810 403 1842 dicta
430 1810 647 1848 congruunt,
682 1809 721 1834 ut
746 1801 884 1833 Psalmo
906 1799 985 1834 117.
1008 1800 1104 1842 prius
1129 1798 1289 1831 nominat

315 1861 458 1893 domum
489 1856 628 1890 Aaron,
675 1859 707 1885 et
735 1850 824 1884 hauc
850 1851 946 1883 iubet
976 1850 1102 1893 gratias
1127 1860 1229 1892 agere
1256 1855 1290 1882 et

315 1910 489 1944 celebrare
516 1905 647 1939 Deum:
678 1903 769 1935 dicat
795 1913 888 1934 nunc
917 1901 1040 1933 domus
1066 1899 1202 1939 Aaron,
1226 1900 1291 1932 bo-

316 1971 383 1994 nus
401 1965 451 1991 est
462 1955 647 1991 Dominus,
670 1960 701 1985 et
720 1953 755 1984 in
777 1952 930 1984 seculum
948 1951 1185 1983 misericordia
1206 1950 1291 1984 eius.

316 2011 371 2045 Sit
406 2007 565 2041 sacerdos
601 2003 749 2047 ἔξαρχος
782 2002 941 2046 publicae
984 2001 1215 2044 precationis,
1258 2006 1292 2033 et

317 2060 414 2106 quasi
434 2063 570 2102 praeeat
588 2054 715 2097 populo
737 2064 796 2086 sua
816 2063 910 2086 voce.
963 2051 1084 2084 Postea
1104 2051 1211 2093 igitur
1231 2051 1292 2083 ad-

317 2112 430 2145 ditum
456 2114 521 2141 est:
564 2105 693 2138 Dicant
717 2115 810 2136 nunc
843 2113 962 2135 omnes
987 2102 1046 2146 qui
1073 2101 1198 2134 timent
1220 2099 1292 2134 Do-

316 2162 473 2199 minum,
500 2158 614 2190 bonus
633 2161 681 2188 est
700 2153 892 2193 Dominus,
927 2159 959 2186 et
986 2152 1022 2184 iu
1046 2152 1199 2185 seculum
1225 2153 1293 2184 mi-

314 2209 500 2246 sericordia
533 2207 617 2240 eius.

317 2292 490 2331 Fratres,
519 2301 561 2323 ne
585 2285 810 2336 puerifialz's
827 2290 958 2326 mente,
984 2283 1049 2317 sed
1063 2284 1146 2317 silis
1164 2284 1295 2332 insan-

419 2350 470 2377 ies
498 2339 667 2379 malitia,
695 2337 830 2383 integri
854 2349 932 2370 “ero
954 2335 1037 2369 silis
1062 2340 1185 2368 menle.
1253 2377 1256 2380 Ι
1317 2316 1321 2360 l

421 2409 546 2443 Inserit
572 2405 766 2450 generalem
795 2404 1092 2442 admonitionem,
1133 2409 1171 2435 nt
1203 2408 1294 2435 recte

317 2462 472 2496 iudicent
499 2461 540 2490 de
563 2470 628 2490 usu
654 2458 841 2490 donorum.
907 2454 985 2487 Non
1013 2453 1129 2485 inanis
1158 2459 1293 2495 specta-

319 2514 390 2547 culi
414 2521 514 2543 causa
541 2509 631 2539 dona
655 2504 806 2538 exhibita
826 2512 925 2545 sunt,
951 2505 1039 2537 sicut
1059 2504 1223 2535 videntur
1240 2502 1293 2534 illi

319 2563 487 2603 cogitare,
515 2558 575 2601 qui
596 2563 731 2590 tantum
750 2562 925 2589 ostentant
942 2556 1073 2587 donum
1091 2554 1292 2596 linguarum

317 2612 497 2647 recitando
523 2605 694 2652 hymnum
719 2606 899 2648 peregrina
920 2606 1059 2648 lingua,
1087 2615 1190 2648 quem
1215 2615 1293 2636 coe-

317 2672 372 2698 tus
400 2673 472 2695 non
502 2657 676 2700 intelligit.
730 2655 828 2689 Haec
859 2655 1055 2689 admonitio
1087 2654 1155 2688 late
1185 2659 1290 2697 patet.
1315 2685 1320 2696 ,

881 104 1002 137 rtttL.
1031 103 1147 138 MEL.
1186 103 1394 138 SCRIPTA
1416 102 1714 139 EXEGETICA.

2207 107 2302 142 1164

1326 188 1500 223 Sacrificia
1526 189 1563 222 in
1582 188 1689 223 lsrael
1710 189 1866 224 instituta
1886 199 1985 226 erant
2001 193 2042 225 ad
2067 200 2179 227 certos
2205 204 2300 226 usus.

1326 239 1373 272 At
1405 240 1598 273 sacerdotes
1623 241 1876 273 transtulerunt
1907 253 1944 273 ea
1977 244 2018 274 ad
2046 255 2209 286 pompam
2241 250 2302 276 ant

1327 297 1519 333 quaestum.
1571 289 1688 323 Coena
1714 290 1861 323 Domini
1882 293 1923 323 ad
1949 303 2049 324 usum
2074 302 2221 332 certum,
2249 295 2303 326 vi-

1327 341 1450 374 delicet
1467 342 1508 372 ad
1527 341 1802 374 consolationem
1830 342 2118 375 conscientiarum
2145 345 2301 378 instituta

1328 397 1388 424 est.
1445 390 1567 424 Postea
1601 389 1821 424 horribiliter
1854 390 2068 434 prophanata
2101 400 2169 433 est,
2211 395 2302 428 etin

1329 452 1453 484 magna
1472 449 1568 485 parte
1584 442 1719 484 generis
1738 439 1884 474 humani
1903 443 2097 475 celebratur
2113 451 2151 477 ut
2171 451 2305 487 specta-

1329 492 1468 530 culum,
1496 499 1553 524 aut
1572 499 1734 536 quaestus
1760 504 1870 526 causa.
1923 493 2113 527 Certarnnt
2132 492 2307 527 Ecclesiae

1304 554 1305 578 1
1331 543 1373 574 de
1396 542 1451 574 die
1475 540 1679 582 paschatos,
1713 549 1742 575 et
1768 554 1868 585 saepe
1892 543 1934 574 de.
1957 543 2034 575 aliis
2055 556 2126 576 non
2148 555 2304 577 necessa-

1304 585 1307 638 :
1331 592 1393 625 riis
1428 593 1701 636 quaestionibus.

1756 593 1804 626 De
1841 592 1905 625 hoc
1935 600 2005 626 toto
2033 605 2157 633 genere
2189 601 2306 628 monet

1331 641 1481 682 Paulus,
1508 649 1544 676 ut
1568 656 1639 675 non
1664 643 1757 675 velut
1785 643 1880 685 pueri
1908 644 2110 685 spectaculis
2130 651 2164 678 et
2181 645 2307 678 ritibus

1333 693 1528 736 capiamur,
1572 694 1629 726 sed
1664 694 1838 737 sapienter
1870 705 2027 736 regamus
2058 696 2231 732 actiones,
2273 701 2307 728 et

1307 779 1308 790 ἶ
1333 755 1452 775 causas
1476 744 1693 784 intueamur,
1721 751 1751 777 ct
1770 756 1870 776 suum
1891 744 2015 788 cuique
2036 744 2151 778 locum
2174 745 2309 779 tribua-

1333 805 1421 827 mus,
1473 792 1518 826 Et
1544 794 1697 836 regulam
1725 792 1779 826 hic
1804 806 1903 837 saepe
1928 795 2070 838 repetit:
2106 793 2237 828 Omnia
2263 797 2309 829 ad

1333 843 1608 876 aedificationem
1627 844 1722 878 fiant.
1774 842 1932 887 Cogitate
1953 857 2060 889 quare
2083 846 2216 879 donum
2238 845 2308 879 lin-

1308 903 1309 936 ]
1333 904 1480 936 guarum
1509 894 1715 927 attributum
1741 895 1783 927 sit
1806 893 1996 934 Ecclesiae,
2039 907 2109 928 non
2138 903 2176 928 ut
2203 896 2308 929 inane

1333 944 1587 988 spectaculum,
1632 945 1690 977 sed
1718 951 1753 976 ut
1778 946 1888 988 prosit
1911 945 1953 977 iis
1978 946 2081 985 locis,
2121 946 2180 978 ubi
2211 959 2310 990 pere-

1334 995 1454 1037 grinae
1487 995 1627 1036 linguae
1652 1006 1733 1027 usus
1758 995 1969 1027 necessarius
1994 1003 2053 1028 est.
2105 995 2173 1029 Sed
2195 997 2231 1029 in
2250 1009 2310 1029 ve-

1333 1053 1402 1078 stra
1422 1043 1576 1078 Ecclesia
1603 1045 1767 1077 recitetur
1792 1045 1892 1078 lectio
1913 1046 2030 1088 lingua
2049 1047 2222 1079 intellecta
2249 1059 2311 1090 po-

1308 1128 1309 1150 }
1333 1096 1437 1138 pulo,
1470 1102 1502 1128 et
1527 1095 1700 1127 enarratio
1728 1095 1823 1128 utilis
1846 1097 2072 1130 audientibus
2094 1105 2312 1140 proponatur

1333 1147 1377 1178 de
1400 1146 1516 1190 aliqua
1542 1145 1723 1178 doctrinae
1752 1152 1854 1188 parte.

1379 1227 1444 1263 Ἔν
1464 1223 1569 1273 νόμῳ
1592 1225 1814 1275 γέγραπται,
1844 1226 1898 1262 ὅτι
1915 1227 1954 1262 ἐν
1971 1226 2260 1276 ἑτερογλώσσοις.
2303 1260 2306 1262 ,

1435 1293 1568 1327 Causae
1593 1300 1662 1327 tres
1684 1301 1782 1333 sunt,
1809 1301 1951 1338 propter
1974 1307 2058 1339 quas
2085 1296 2217 1329 donum
2243 1297 2314 1331 lin-

1336 1357 1482 1388 guarum
1498 1344 1674 1377 Ecclesiae
1692 1345 1899 1378 attributum
1921 1351 1982 1380 est.
2029 1345 2146 1379 Prima
2165 1353 2197 1380 et
2213 1348 2314 1391 prin-

1336 1396 1476 1438 cipalis,
1516 1402 1555 1428 nt
1580 1395 1765 1438 propagari
1790 1393 2019 1437 Evangelium
2045 1396 2112 1429 cito
2136 1396 2173 1428 in
2193 1399 2314 1432 multis

1336 1446 1498 1489 gentibus
1516 1451 1645 1488 posset,
1673 1456 1819 1488 quarum
1836 1456 1907 1477 non
1927 1453 1976 1478 est
1992 1457 2058 1478 una
2077 1446 2208 1488 lingna.

1439 1495 1619 1534 Secunda,
1653 1501 1692 1527 ut
1716 1492 1781 1527 hoc
1803 1495 1916 1538 ipsum
1943 1496 2075 1528 donum
2103 1505 2188 1530 esset
2215 1499 2313 1531 testi-

1337 1546 1495 1578 monium
1517 1544 1668 1587 Spiritus
1686 1545 1814 1584 sancti,
1830 1552 1863 1577 et
1879 1546 2092 1587 praesentiae
2107 1546 2171 1579 Dei
2193 1548 2230 1580 in
2246 1546 2314 1581 Ec-

1311 1586 1313 1639 :
1338 1596 1457 1631 clesia,
1485 1595 1573 1627 sicut
1597 1594 1663 1626 alia
1685 1605 1808 1634 magna
1832 1595 2013 1628 miracula.

1438 1644 1558 1677 Tertia
1570 1671 1578 1684 ,
1605 1651 1642 1677 ut
1660 1655 1731 1677 esse
1747 1645 1884 1686 signum
1902 1653 1933 1679 et
1949 1646 2188 1679 testimonium
2201 1672 2210 1685 ,
2237 1660 2315 1682 cae-

1338 1703 1430 1729 teras
1453 1702 1570 1738 gentes
1587 1694 1690 1728 etiam
1709 1696 1751 1727 ad
1768 1694 1950 1738 Evangelii
1971 1697 2168 1730 societatem
2186 1711 2316 1732 vocan-

1339 1747 1399 1779 das
1426 1758 1508 1778 esse.

1439 1796 1533 1830 Haec
1550 1795 1718 1838 significat
1737 1794 1856 1828 Esaias
1875 1795 1985 1838 capite
2001 1796 2080 1837 28„
2115 1799 2208 1832 unde
2230 1797 2315 1835 haec

1340 1847 1444 1879 verba
1486 1847 1650 1880 citantur.
1702 1843 1777 1879 Etsi
1816 1852 1931 1879 autem
1973 1849 2166 1882 sententiae
2200 1852 2314 1885 variae

1340 1904 1559 1942 quaeruntur
1583 1897 1672 1940 apud
1699 1895 1858 1936 Esaiam,
1897 1902 2014 1929 tamen
2037 1894 2129 1931 haud
2155 1901 2260 1935 dubie
2284 1910 2317 1937 et

1340 1946 1430 1981 lianc
1455 1947 1697 1991 complectitur
1721 1958 1823 1990 quam
1847 1946 1967 1980 recitat
1983 1946 2130 1989 Paulus,
2158 1951 2249 1992 sore,
2277 1961 2318 1988 ut

1340 1997 1572 2040 Evangelinm
1600 2003 1781 2040 spargatur
1804 1996 1840 2028 in
1865 1997 1992 2030 multas
2022 2006 2140 2040 gentes
2168 2001 2315 2037 diversis

1342 2049 1489 2091 linguis,
1528 2048 1622 2092 quod
1647 2046 1905 2090 displiciturum
1932 2047 1974 2080 sit
2005 2046 2087 2082 huic
2110 2052 2259 2094 populo,
2284 2062 2330 2089 ρι’

1343 2099 1510 2143 populum
1548 2105 1631 2131 tunc
1662 2109 1791 2141 poenas
1825 2098 1988 2130 daturum
2017 2110 2089 2132 esse
2123 2109 2317 2138 contemtae

1343 2149 1437 2182 vocis
1454 2149 1603 2181 divinae.
1653 2147 1771 2181 Esaias
1790 2148 1891 2190 longa
1911 2150 2110 2182 narratione
2128 2158 2218 2186 taxat
2237 2166 2315 2188 coe-

1343 2200 1479 2232 citatem
1504 2197 1679 2231 Ecclesiae
1705 2198 1891 2230 fascinatae
1914 2198 2008 2231 falsis
2033 2200 2259 2243 opinionibus
2283 2213 2315 2239 et

1343 2249 1602 2283 traditionibus.
1656 2245 1792 2281 Omnes
1817 2260 1954 2281 mensae
1975 2250 2124 2293 repletae
2146 2261 2229 2287 sunt
2253 2267 2316 2289 vo-

1345 2300 1451 2338 mitu,
1473 2300 1506 2332 id
1528 2306 1595 2339 est,
1621 2300 1691 2331 sere
1718 2298 1849 2343 ubique
1869 2299 1964 2332 ebria
1987 2307 2019 2333 et
2042 2300 2152 2334 delira
2176 2311 2226 2337 est
2246 2304 2316 2339 Ec-

1344 2351 1445 2384 clesia
1472 2350 1607 2391 magnis
1629 2349 1825 2389 erroribus,
1859 2355 1893 2382 et
1915 2356 1992 2392 post
2014 2350 2165 2384 reditum
2192 2366 2230 2388 ex
2245 2354 2316 2391 Ba-

1344 2401 1472 2446 bylone
1488 2398 1664 2433 Pharisaei
1684 2406 1715 2433 et
1733 2398 1903 2432 Saducaei
1920 2401 2029 2432 exorti
2046 2409 2144 2444 sunt,
2165 2417 2316 2448 quorum

1343 2451 1479 2484 furores
1502 2450 1603 2483 etiarn
1629 2456 1764 2483 accusat
1785 2447 1915 2484 Esaias.
1969 2449 2017 2483 lta
2036 2459 2112 2494 post
2127 2454 2315 2498 Apostolos

1344 2502 1381 2534 in
1399 2500 1552 2534 Ecclesia
1573 2506 1746 2542 grassatae
1763 2506 1843 2533 sunt
1867 2497 2042 2541 haereses,
2071 2503 2197 2537 deinde
2220 2506 2317 2541 Pon-

1344 2552 1506 2591 tificum,·
1521 2548 1799 2590 monachorum,
1832 2555 1865 2583 et
1886 2548 2130 2594 Sophistarum
2154 2557 2316 2591 traditio-

1343 2613 1426 2642 nes,
1461 2602 1504 2635 de
1529 2600 1694 2634 sacrificio
1719 2598 1867 2640 Missae,
1902 2601 1946 2633 de
1971 2602 2176 2638 adoratione
2199 2610 2316 2651 panis,

1343 2653 1385 2686 de
1416 2651 1638 2685 invocatione
1660 2656 1898 2692 mortuorum,
1940 2652 1983 2685 de
2007 2653 2242 2699 dubitatione,
2273 2660 2318 2694 de
