2415 2942
269 90 360 128 1271

270 185 344 210 tur:
386 172 496 206 Filius
530 168 587 213 qui
621 166 728 199 estin
755 164 833 197 siuu
862 162 979 205 patris.
1050 159 1153 199 Item,
1192 157 1249 190 lo-

271 226 378 260 liauu.
397 224 448 256 3.:
484 220 594 252 Filius
619 215 771 248 hominis
795 213 854 258 qui
881 219 931 245 est
955 212 989 243 in
1017 211 1125 244 coelo.
1179 207 1249 242 Re-

273 276 447 320 spoudeu:
485 270 523 302 lu
549 267 708 313 symbolo
731 265 945 304 intelligatur
961 262 1113 299 dictum,
1139 266 1177 292 ut
1196 270 1250 291 so-

274 334 331 359 nat
350 325 467 361 litera,
497 327 527 352 et
544 322 586 350 de
602 328 744 360 corpore
763 315 853 347 etde
873 312 1046 355 corporali
1067 311 1252 343 locatione.

274 374 460 411 Ascendit,
494 370 623 404 scilicet
651 365 824 409 corporali
849 370 880 396 et
905 360 1046 407 physica
1072 361 1254 398 locatione,

275 427 310 458 iu
335 424 489 460 coelum,
517 421 550 452 id
578 426 642 457 cst,
671 419 706 449 in
732 417 843 448 lucum
871 413 1072 451 coelestem,
1104 411 1254 443 ubicun-

275 487 341 519 que
365 481 433 512 est,
460 471 540 515 quia
567 468 622 501 hic
647 480 718 499 nou
748 472 827 498 suut
853 465 1032 504 fingendae
1059 462 1254 503 allegoriae.

275 524 443 559 Asceusio
469 522 535 554 suit
562 519 711 552 visibilis
741 523 772 549 et
802 514 1012 558 corporalis,
1055 520 1088 546 et
1122 521 1258 554 semper

274 577 320 608 ita
353 573 489 616 scripsit
520 577 590 604 tota
625 568 834 612 antiquitas,
876 563 1056 598 Christum
1085 561 1256 605 corporali

277 625 449 658 locatione
473 623 508 654 iu
533 621 652 664 aliquo
676 620 752 651 loco
779 628 850 648 esse
876 615 1078 657 ubicunque
1103 613 1196 651 vult,
1226 618 1259 644 et

276 676 430 708 ascensio
450 671 639 715 corporalis
657 671 744 702 facta
763 674 970 700 estsursum.
1025 663 1106 696 ldeo
1128 662 1258 696 Paulus

277 727 312 758 iu
333 724 397 758 hoc
415 724 527 771 capite
547 722 660 754 locum
680 720 779 751 illum
799 716 958 749 nominat
975 726 1125 747 sursum.

380 808 426 843 At
451 809 486 841 in
512 804 772 851 propositione:
802 800 916 833 Filius
940 799 998 843 qui
1022 805 1072 831 est
1093 798 1129 830 in
1150 798 1260 838 coelo,

278 863 410 895 dictum
448 858 665 899 intelligatur
694 850 1012 886 communicatione
1041 849 1261 882 idiomatum.

278 909 404 959 Λόγος
419 919 554 952 semper
578 913 629 940 est
653 906 688 937 in
716 903 832 941 cot-lo,
861 900 994 933 etiamsi
1019 900 1191 943 corporali
1209 900 1261 932 lo-

279 963 416 997 catione
442 970 566 1001 corpus
591 964 640 989 est
663 956 699 987 in
718 953 864 995 virgine.
919 950 1012 983 Haec
1031 950 1185 982 narratio
1203 962 1261 982 ex-

278 1024 394 1058 pressa
413 1019 460 1044 est
483 1011 519 1042 in
536 1006 757 1040 enarratione
775 1002 944 1048 symboli,
974 1013 1059 1045 quea
1080 1001 1205 1043 legitur
1224 1000 1260 1032 in

279 1063 380 1097 libris
398 1059 583 1105 Cypriani,
607 1056 669 1090 etsi
686 1054 768 1088 alibi
787 1053 966 1096 inscriptio
982 1059 1045 1084 est:
1074 1049 1260 1083 Enarratio

279 1098 437 1152 Ruffini}
479 1109 648 1143 Ascendit
675 1107 718 1139 ad
751 1104 885 1141 coelos,
929 1114 1000 1135 non
1027 1102 1087 1134 ubi
1113 1102 1260 1134 verbum

280 1164 375 1199 Deus
402 1169 502 1196 antea
526 1172 597 1192 non
622 1160 755 1196 fuerat,
790 1154 919 1199 quippe
944 1153 1006 1198 qui
1031 1159 1102 1186 erat
1127 1163 1263 1195 semper

282 1216 319 1247 in
338 1214 456 1253 coelo,
483 1219 515 1244 et
534 1209 696 1242 manebat
715 1218 792 1240 cum
813 1213 926 1248 patre,
954 1205 1011 1236 sed
1030 1204 1089 1236 ubi
1116 1203 1261 1235 verbum

283 1277 362 1298 caro
376 1265 504 1297 factum
526 1267 626 1293 antea
642 1270 714 1291 non
731 1257 891 1295 sedebat,
920 1256 954 1287 id
975 1262 1036 1293 est,
1058 1255 1117 1287 ubi
1138 1265 1263 1296 corpus

282 1322 383 1349 antea
407 1325 479 1346 non
503 1310 673 1344 habuerat
693 1307 907 1351 corporalem
935 1306 1153 1338 locationem.
1207 1304 1264 1337 Sic

283 1365 503 1408 Augustinus
520 1361 694 1406 loquitur,
722 1365 754 1390 et
773 1358 925 1390 citantur
943 1356 1047 1387 verba
1071 1355 1106 1386 in
1124 1355 1264 1396 Lougo-

282 1417 394 1450 bardo
419 1415 480 1449 lib.
499 1413 533 1445 3.
563 1411 716 1444 distinct.
742 1409 818 1441 22:
866 1406 944 1439 Non
971 1405 1104 1437 dimisit
1133 1412 1264 1448 patrem

283 1465 462 1505 Christus,
488 1475 566 1497 cum
585 1461 678 1494 venit
698 1457 885 1496 infirmior,
911 1456 1042 1499 ubique
1058 1461 1170 1492 totus,
1187 1455 1267 1487 ubi-

286 1529 354 1563 que
372 1516 553 1560 perfectus.
620 1510 755 1544 Deinde
782 1507 923 1540 additur
944 1507 1054 1538 forma
1079 1506 1266 1537 sermonis:

286 1567 426 1611 Ubique
450 1572 543 1598 totus
568 1569 634 1599 est,
667 1561 723 1593 sed
752 1570 822 1590 nou
846 1564 968 1590 totum.
1022 1554 1095 1588 Alii
1122 1556 1266 1588 conciu-

284 1619 366 1651 nius
389 1616 496 1650 locuti
521 1620 621 1647 sunt:
660 1608 859 1654 Propositio
892 1619 970 1639 vera
994 1613 1044 1639 est
1069 1606 1268 1639 communi-

286 1668 421 1703 catione
438 1666 663 1700 idiomatum:
679 1659 840 1694 Christus
856 1658 987 1702 ubique
1008 1664 1067 1689 est.

377 1746 592 1783 Athanasius
610 1743 657 1777 sic
670 1741 828 1786 loquitur
842 1740 884 1772 de
900 1738 1141 1771 incarnatione
1156 1738 1269 1771 verbi:

287 1798 412 1849 Λόγος
428 1810 500 1832 non
519 1796 700 1837 colligatus
718 1799 766 1824 est
792 1790 948 1834 corpori,
977 1791 1034 1822 sed
1054 1789 1126 1832 ipse
1144 1800 1271 1832 corpus

286 1853 460 1890 continet,
494 1855 532 1882 ut
557 1854 589 1880 et
615 1847 650 1878 in
677 1855 716 1877 eo
743 1842 804 1881 sit,
830 1848 862 1874 et
886 1847 978 1873 extra
1007 1841 1144 1879 omnia,
1175 1846 1209 1872 et
1234 1840 1270 1871 in

287 1905 367 1938 sinu
393 1900 520 1944 patris,
548 1908 660 1941 neque
684 1905 762 1927 cum
786 1892 829 1925 sit
853 1891 890 1923 in
915 1891 1099 1927 omnihus,
1127 1890 1165 1923 fit
1194 1901 1271 1933 pars

286 1957 324 1989 in
347 1953 516 1990 aliorum,
544 1948 603 1981 sed
623 1945 741 1979 omnia
764 1943 891 1982 vitam,
913 1941 1271 1986 sustentationemque

287 2007 331 2040 ab
351 2005 426 2048 ipso
447 2000 636 2047 accipiunt.

391 2085 438 2120 Ut
461 2090 575 2117 autem
605 2081 647 2113 de
673 2077 775 2112 locali
805 2076 1006 2110 ascensione
1031 2082 1177 2109 naturae
1202 2073 1271 2109 hu-

288 2149 412 2173 manae
428 2136 560 2169 dictum
577 2138 642 2164 est:
667 2128 836 2162 Ascendit
854 2129 895 2160 ad
920 2127 1054 2167 coelos,
1082 2126 1127 2159 ita
1148 2127 1190 2159 de
1213 2139 1269 2159 ex-

287 2189 453 2224 altatione
475 2191 619 2218 naturae
641 2179 815 2214 humanae
839 2189 943 2221 super
958 2188 1078 2210 omnes
1098 2184 1271 2210 creaturas

289 2242 421 2273 dictum
437 2243 504 2269 est:
530 2234 635 2268 Sedet
653 2232 695 2265 ad
714 2232 888 2263 dexteram
906 2228 1023 2271 patris,
1046 2234 1085 2260 ut
1105 2225 1160 2260 hic
1179 2227 1269 2260 Pau-

290 2292 343 2324 lus
362 2288 493 2333 inquit:
523 2284 593 2319 Ubi
611 2289 661 2316 est
678 2283 718 2314 ad
739 2282 912 2313 dexteram
933 2278 998 2312 Dei
1021 2280 1155 2313 sedens.
1209 2277 1269 2311 Ait

289 2339 469 2375 Christum
496 2346 633 2369 sursum
658 2344 748 2372 esse,
789 2337 822 2363 et
854 2329 995 2373 quidem
1028 2330 1070 2361 ad
1094 2330 1267 2361 dexteram

290 2391 376 2430 Dei,
402 2389 437 2420 id
461 2393 529 2427 est,
556 2397 628 2418 non
651 2390 689 2417 ut
711 2382 803 2416 beati
827 2380 942 2422 angeli
964 2386 997 2413 et
1014 2377 1176 2412 homines
1192 2391 1268 2412 sur-

291 2453 367 2476 sum
387 2444 485 2477 sunt,
511 2438 570 2469 sed
594 2435 764 2468 exaltatus
787 2442 892 2474 supra
915 2430 1055 2473 angelos
1078 2430 1115 2462 in
1134 2431 1192 2462 illa
1212 2442 1268 2462 ar-

291 2503 376 2527 cana
400 2490 476 2522 luce
491 2486 556 2520 Dei
580 2496 728 2528 regnans
751 2494 831 2517 cum
856 2488 971 2524 patre,
997 2488 1030 2514 et
1053 2488 1168 2515 tamen
1191 2492 1269 2514 cor-

295 2554 360 2588 pus
383 2539 540 2574 localiter
563 2535 693 2570 alicubi
718 2542 768 2568 est
792 2533 985 2566 secundum
1010 2533 1084 2565 veri
1110 2531 1267 2575 corporis

289 2593 452 2630 modum,
473 2595 511 2622 ut
533 2586 751 2629 Augustinus
769 2583 897 2628 inquit.
949 2581 994 2617 Et
1019 2580 1083 2617 hae
1107 2582 1267 2627 proposi-

291 2645 418 2677 tiones:
447 2638 608 2674 Christus
627 2637 662 2669 in
683 2636 781 2669 vobis
796 2641 865 2676 est,
890 2631 966 2678 Ego
990 2634 1027 2667 in
1049 2634 1116 2675 eis,
1144 2634 1264 2668 venie-

853 75 976 112 PlllL.
1005 73 1121 111 Mffl.
1147 70 1357 108 SCRIPTA
1385 71 1684 110 EXEGETICA.

2194 69 2292 110 1272

1305 170 1382 192 mus
1404 160 1447 191 ad
1475 171 1553 192 eum
1581 165 1613 192 et
1644 160 1860 193 mansionem
1893 161 1985 204 apud
2013 172 2090 193 eum
2123 161 2289 194 faciemus

1305 217 1370 243 etc.
1389 209 1631 251 intelligantur
1647 211 1964 244 communicatione
1989 211 2207 246 idiomatum.
2245 211 2289 244 Et

1305 262 1348 293 de
1375 258 1437 292 hac
1464 261 1657 304 praesentia
1681 261 1741 293 filii
1768 262 1803 294 iu
1832 261 2088 304 praedicatione
2105 260 2287 302 Evangelii

1307 317 1337 343 et
1365 310 1401 342 in
1425 311 1572 349 sanctis,
1606 322 1743 344 necesse
1761 319 1808 345 est
1829 311 2020 344 Ecclesiam
2038 311 2188 346 fideliter
2208 323 2290 344 eru-—

1308 361 1396 400 diri,
1436 368 1474 393 ut
1501 373 1728 404 agnoscamus
1759 362 1953 395 Dominum
1988 368 2147 394 nostrum
2175 362 2288 395 lesum

1309 409 1486 445 Christum
1504 413 1620 444 adesse
1637 410 1832 454 Ecclesiae,
1859 419 1891 445 et
1910 423 1982 445 esse
1999 418 2102 455 caput
2117 412 2235 445 omnia
2252 412 2289 444 in

1309 461 1476 494 omnibus
1500 462 1692 505 perficiens.

1414 545 1485 578 lam
1504 547 1544 578 ad
1564 545 1819 588 Argumentum
1840 545 1941 580 Pauli
1967 547 2090 586 redeo,
2125 546 2184 591 qui
2211 546 2292 579 facit

1312 594 1501 630 antithesin
1521 597 1643 629 mortis
1666 604 1805 630 nostrae.
1820 604 1851 630 ct
1869 597 2144 632 resurrectionis.
2197 595 2292 629 Dicit

1313 659 1375 679 nos
1398 659 1469 679 esse
1495 654 1669 687 mortuoS,
1701 647 1851 687 scilicet,
1888 648 1967 693 quia
1988 648 2023 680 in
2044 660 2122 680 vera
2145 659 2291 684 conver-

1312 698 1409 730 sione
1435 704 1558 730 natura
1584 698 1732 730 carnalis
1757 699 1879 740 incipit
1906 698 2016 738 mori,
2052 705 2085 732 et
2108 698 2205 731 addit
2229 708 2293 730 nos

1313 749 1533 780 resuscitatos
1553 759 1640 788 esse,
1667 749 1747 792 quia
1767 749 1952 782 vivificatio
1972 749 2105 782 iucoata
2122 755 2188 789 est,
2206 747 2294 782 sicut

1314 806 1346 831 et
1365 809 1468 841 supra
1494 799 1628 830 locutus
1653 807 1712 833 est,
1765 798 1857 831 Hinc
1883 800 2023 832 ducitur
2049 798 2293 842 argumentum

1314 861 1351 881 ex
1372 849 1542 881 efficiente
1566 861 1685 887 causa,
1722 849 1809 882 sicut
1835 848 1939 883 Rom.
1960 849 1994 884 6.
2022 855 2295 892 argumentatur.

1314 898 1458 932 'Mortua
1483 906 1605 932 natura
1631 911 1703 931 non
1731 899 1774 932 sit
1807 900 1945 940 efficax,
1988 900 2067 933 viva
2089 899 2133 932 sit
2163 899 2293 933 efficax.

1315 948 1405 983 Estis
1424 956 1536 983 autem
1562 949 1724 982 vivificati
1743 949 1832 990 vita,
1860 951 1936 982 luce
1958 957 1989 983 et
2008 950 2164 990 iusticia,
2188 962 2294 994 quam

1314 1002 1373 1033 dat
1394 1000 1484 1032 filius
1503 997 1569 1032 Dei
1592 1000 1815 1033 resuscitatus
1838 1002 1880 1032 ad
1902 999 1987 1042 hoc,
2014 1007 2052 1033 ut
2071 1011 2131 1033 vos
2147 1000 2296 1032 resusci-

1314 1058 1362 1084 tet
1378 1057 1410 1083 et
1427 1049 1590 1085 vivificet.
1642 1047 1735 1092 Ergo
1760 1048 1844 1083 haec
1863 1052 1921 1084 lux
1939 1059 1969 1085 et
1990 1051 2126 1084 iusticia
2151 1050 2196 1084 sit
2220 1051 2294 1083 esli-

1314 1113 1392 1140 cax,
1420 1113 1490 1133 non
1508 1101 1551 1134 sit
1567 1101 1677 1133 otiosa
1696 1101 1732 1133 in
1751 1101 1851 1133 vobis
1873 1102 2061 1135 vivificatio
2084 1102 2219 1135 incoata
2236 1113 2297 1145 per

1315 1152 1426 1184 filium
1452 1150 1518 1184 Dei
1542 1151 1794 1186 resuscitatum.

1415 1233 1510 1267 Haec
1539 1240 1587 1266 est
1612 1233 1809 1276 argumenti
1839 1244 1973 1266 summa
2005 1230 2182 1269 hocloco.
2236 1233 2297 1268 In-

1318 1285 1399 1319 texit
1427 1292 1541 1318 autem
1569 1285 1781 1327 singularem
1809 1284 2108 1325 consolationem,
2146 1297 2213 1331 qua
2237 1297 2298 1319 oc-

1318 1336 1427 1370 currit
1453 1336 1576 1368 tacitae
1601 1335 1808 1367 obiectioni:
1853 1333 1924 1368 Cur
1947 1336 2034 1368 dicis
2061 1347 2125 1369 nos
2151 1337 2297 1370 resuscia

1319 1394 1408 1420 tatos
1424 1397 1513 1425 esse,
1529 1397 1605 1418 cum
1623 1383 1737 1417 adhuc
1755 1392 1918 1425 mortem,
1944 1387 2086 1419 morbos
2099 1413 2107 1426 ,
2131 1387 2299 1432 reliquias

1320 1436 1467 1481 peccati,
1497 1436 1654 1478 ingentes
1671 1436 1809 1468 dolores
1829 1441 1860 1468 et
1878 1435 2150 1470 inenarrabilem
2168 1437 2297 1470 molem

1320 1487 1554 1520 calamitatum
1573 1486 1609 1517 in
1634 1486 1738 1518 nobis
1760 1486 2064 1527 circumferamus,
2090 1494 2121 1521 et
2139 1487 2300 1521 videatur

1321 1535 1411 1569 nihil
1436 1548 1507 1569 esse
1530 1536 1739 1568 imbecillius
1756 1534 1922 1569 Christo?
1973 1536 2196 1581 Respondet:
2232 1537 2299 1570 Vi-

1321 1588 1401 1620 vitis
1428 1593 1460 1619 et
1488 1585 1623 1619 habetis
1640 1585 1739 1618 initia
1758 1587 1847 1620 vitae
1869 1593 2048 1628 aeternae,
2075 1587 2165 1621 sicut
2190 1585 2299 1621 habe-

1321 1638 1379 1670 bat
1395 1638 1482 1670 latro
1499 1637 1653 1680 pendens
1671 1636 1706 1668 in
1725 1648 1835 1669 cruce.
1879 1636 1947 1670 Sed
1966 1635 2050 1670 haec
2066 1638 2168 1672 initia
2185 1636 2300 1673 adhuc

1323 1694 1408 1721 tecta
1427 1694 1527 1727 sunt,
1562 1694 1598 1720 ut
1623 1693 1721 1719 erant
1746 1687 1783 1719 in
1808 1688 1944 1720 latrone
1961 1694 2066 1729 tecta,
2099 1689 2159 1734 qui
2183 1696 2300 1723 tamen

1322 1739 1474 1771 sentiens
1504 1738 1805 1777 consolationem,
1848 1738 1977 1771 sciebat
2008 1749 2043 1771 se
2071 1740 2139 1772 iam
2172 1737 2301 1774 hahere

1323 1789 1422 1822 initia
1442 1789 1532 1822 vitae
1549 1795 1726 1831 aeternae,
1746 1794 1778 1821 et
1795 1789 1924 1822 sciebat
1940 1786 2120 1823 Christum
2137 1802 2209 1823 esse
2226 1791 2301 1824 effi-

1323 1851 1435 1874 cacem
1454 1867 1463 1879 ‚
1505 1850 1705 1883 quanquam
1739 1840 1892 1871 mundus
1922 1840 2065 1883 putabat
2095 1852 2174 1873 eum
2208 1839 2301 1875 nihil

1322 1902 1407 1923 esse.
1462 1889 1511 1922 Ita
1537 1887 1593 1922 hic
1618 1889 1751 1933 inquit,
1788 1888 1966 1923 Christum
2001 1902 2139 1935 quoque
2171 1898 2301 1925 tectum

1322 1953 1412 1981 esse,
1447 1940 1597 1980 scilicet,
1634 1940 1714 1984 quia
1741 1941 1893 1973 mundus
1916 1952 1989 1973 non
2017 1941 2111 1975 videt
2131 1942 2204 1975 eius
2227 1942 2304 1975 effi-

1322 1992 1449 2025 caciam
1473 1998 1505 2024 et
1538 1991 1627 2025 ridet
1656 1989 1888 2032 Evangelium
1920 1988 2087 2025 horribili
2117 1993 2301 2027 securitate

1322 2050 1489 2087 tanquam
1519 2041 1658 2074 inanem
1686 2041 1853 2076 fabulam.

1424 2125 1493 2160 Sed
1518 2125 1628 2167 gloria
1653 2125 1717 2157 filii
1742 2131 1774 2158 et
1799 2123 1975 2159 Ecclesiae
2004 2127 2239 2171 conspicietur
2263 2129 2301 2163 in

1323 2183 1500 2219 postremo
1524 2175 1676 2215 iudicio,
1712 2176 1774 2209 ubi
1800 2187 1922 2209 omnes
1945 2174 2106 2211 homines
2132 2179 2303 2215 videbunt

1323 2226 1523 2265 Christum,
1562 2233 1595 2259 et
1610 2226 1715 2259 fuisse
1734 2233 1767 2260 et
1784 2238 1856 2259 esse
1872 2227 2042 2261 efficacem
2055 2255 2064 2267 ‚
2090 2235 2123 2262 et
2138 2227 2301 2273 Evange-

1322 2279 1408 2311 lium
1433 2289 1505 2311 non
1521 2277 1624 2310 fuisse
1644 2277 1784 2310 inanem
1807 2277 1973 2314 fabulam.
2024 2277 2124 2312 Hanc
2142 2281 2302 2315 consola-

1322 2330 1453 2363 tionem
1479 2328 1603 2361 intexit
1625 2334 1852 2371 argumento,
1894 2341 1963 2373 quo
1987 2325 2167 2371 hortatur,
2200 2338 2240 2366 ut
2263 2333 2300 2365 in

1321 2381 1459 2413 incoata
1491 2379 1758 2412 mortificatione
1783 2385 1816 2412 et
1838 2379 2073 2413 vivificatione
2100 2392 2301 2423 persevere-

1320 2442 1416 2472 mus,
1443 2442 1515 2463 non
1541 2430 1739 2463 amittamus
1764 2428 1827 2462 hos
1846 2429 1988 2463 effectus
2010 2428 2166 2476 Christi,
2193 2444 2300 2466 ruen-

1319 2488 1369 2515 tes
1399 2488 1520 2515 contra
1554 2480 1800 2514 conscientiam
1831 2480 1867 2512 in
1890 2491 1980 2513 nova
2010 2481 2149 2516 scelera.
2202 2482 2300 2518 Haec

1318 2544 1452 2565 summa
1477 2529 1788 2574 comprehenditur
1809 2531 1845 2563 in
1871 2527 1938 2564 hoc
1963 2531 2073 2566 dicto:
2099 2531 2217 2567 Milita
2235 2535 2300 2567 ho-

1317 2595 1397 2616 nam
1433 2582 1616 2624 milifiam,
1655 2582 1809 2615 retinens
1846 2581 1950 2615 fidem
1982 2588 2016 2616 et
2048 2583 2176 2617 honam
2211 2596 2298 2618 con-

1290 2651 1293 2653 >
1316 2634 1508 2667 scientiam.
