2415 2942
483 132 566 169 XII.

90 221 172 255 volo
196 218 367 264 prolixius
392 219 434 252 de
458 216 515 252 his
539 219 676 253 arcanis
700 219 897 262 disputare,
924 229 1012 262 quae
1027 229 1082 250 re-

91 278 253 305 verenter
284 271 472 313 cogitanda
504 277 608 313 sunt,
642 281 706 303 nec
736 269 998 301 immorandum
1032 274 1081 301 est

92 322 336 367 speculationi,
364 322 423 354 sed
444 321 611 354 beneficia
626 320 905 353 considerentur.
957 317 1082 360 Quan-

91 381 148 407 tus
170 385 268 406 amor
293 379 342 405 est
366 372 429 405 filii
448 370 513 405 Dei
535 383 613 414 erga
632 382 713 411 nos,
741 376 870 414 quanta
890 367 1081 409 humilitas,

92 424 189 469 quod
215 436 293 457 cum
321 423 366 458 sit
392 429 516 456 natura
540 422 651 461 Deus,
678 420 800 453 abiicit
825 431 879 463 se,
908 426 941 453 et
965 420 1081 452 induit

91 473 183 508 hanc
216 481 372 507 nostram
409 480 591 513 naturam,
629 471 712 504 facit
741 471 864 503 foedus
895 470 1079 503 nobiscum

92 525 254 559 omnium
281 524 534 564 arctissimum,
570 522 701 555 scilicet
727 521 950 565 copulatione
977 528 1080 554 natu-

92 588 173 614 rae,
208 583 241 609 et
265 576 302 610 fit
327 575 466 608 victima
493 585 556 618 pro
580 572 694 605 nobis.
765 571 947 614 Quantum
974 573 1081 605 bene-

93 626 213 659 ficium
245 633 311 667 est,
345 626 439 670 quod
464 623 558 657 Deus
591 622 743 656 effundit
775 623 812 654 in
836 623 939 655 corda
963 630 1080 656 nostra

91 677 256 721 spiritum
274 689 392 716 suum,
419 675 517 708 cuius
533 681 582 707 est
600 674 749 706 essentia
764 673 905 714 divina,
928 681 961 706 et
978 673 1081 706 efficit

90 722 185 766 nos}
211 735 250 761 nt
274 726 398 760 Petrus
429 725 568 770 inquit,
603 725 715 757 socios
746 731 892 757 naturae
927 725 1079 757 divinae.

90 777 188 812 Haec
210 784 304 811 tanta
322 776 489 810 beneficia
506 786 756 819 agnoscamus,
784 782 815 808 et
834 775 920 818 grati
941 776 1079 819 praedi-

93 841 232 867 cemus,
255 835 288 862 et
305 827 456 860 vicissim
474 838 537 859 nos
549 825 623 859 Deo
640 826 879 868 subiiciamus,
908 834 945 859 nt
963 833 1080 859 osten-

92 881 217 913 damus
241 890 305 912 nos
331 890 410 911 vere
426 876 500 911 Deo
523 883 640 920 gratos
663 888 752 916 esse,
781 884 813 910 et
831 888 911 909 vere
927 889 1080 915 oremus,

91 937 132 963 ut
147 929 299 973 Spiritus
325 935 463 962 sanctus
489 928 654 961 accendat
678 927 716 960 in
741 927 844 961 nobis
865 925 955 961 hanc
972 928 1080 972 grati·-

91 981 264 1014 tudinem.

93 134 167 171 565

269 1063 462 1099 ,Modicum
490 1069 520 1098 et
544 1077 617 1098 non
643 1061 811 1097 videbilis
836 1075 901 1100 me.

194 1131 309 1166 Antea
333 1134 375 1166 de
401 1133 599 1166 ministerio
620 1132 754 1176 prolixe
776 1132 1003 1165 concionatus
1021 1136 1081 1169 est,

92 1194 189 1216 nune
211 1183 335 1218 inserit
356 1184 653 1222 consolationem,
681 1195 747 1227 qna
766 1183 936 1225 significat
950 1194 985 1214 se
1003 1193 1082 1224 pas-

93 1245 214 1267 surum
241 1246 332 1275 esse,
359 1236 418 1267 sed
443 1246 599 1277 expresse
622 1233 771 1266 affirmat
796 1245 830 1266 se
847 1233 946 1266 brevi
964 1233 1005 1265 ad
1024 1244 1082 1264 eos

92 1284 292 1317 rediturum
324 1296 407 1318 esse.
467 1283 682 1329 Quanquam
710 1292 826 1318 autem
857 1295 958 1327 saepe
981 1294 1081 1326 prae-

93 1334 228 1368 dixerat
255 1336 375 1368 eadem
400 1336 443 1367 de
467 1346 528 1368 sua
555 1334 737 1378 passione,
765 1341 882 1366 tamen
908 1334 954 1366 ita
979 1333 1081 1366 fasci-

93 1385 167 1418 nati
189 1386 332 1419 fuerunt
349 1385 518 1429 opinione
533 1386 575 1418 de
591 1385 740 1428 imperio
758 1383 907 1417 Blessiae
925 1384 1081 1427 politico,

91 1442 131 1468 ut
163 1433 224 1468 has
255 1437 442 1469 conciones
472 1437 514 1468 de
545 1435 706 1480 passione
734 1447 807 1467 non
832 1435 1080 1468 intellexerint.

92 1484 176 1519 Ideo
192 1498 271 1521 eum
290 1487 529 1531 interpellant,
557 1493 590 1519 et
606 1487 761 1519 fatentur
776 1497 811 1518 se
828 1486 971 1525 nescire,
996 1486 1079 1530 qnid

91 1537 197 1571 dicat.
250 1536 345 1571 Haec
368 1538 524 1581 exempla
553 1544 697 1570 monent
721 1537 875 1581 primum
892 1537 1080 1580 deploran-

91 1589 173 1620 dam
205 1599 277 1620 esse
305 1589 511 1632 caliginem,
547 1589 641 1632 quod
664 1595 748 1621 tnnc
770 1588 808 1620 in
833 1586 989 1621 Ecclesia
1014 1585 1080 1620 Dei

91 1638 290 1672 intellectus
317 1639 593 1683 promissionum
620 1640 662 1670 (le
685 1636 827 1672 Christo
855 1640 941 1671 adeo
968 1639 1081 1671 extin-

93 1695 170 1721 ctus
187 1689 265 1727 fuit,
293 1697 330 1722 ut
348 1690 451 1723 stulte
464 1696 601 1722 tantum
614 1689 913 1732 civileimperium
926 1690 1081 1722 somnia—

93 1746 183 1773 rent.
235 1739 358 1772 Fuisse
383 1740 520 1783 aliquos
545 1746 636 1772 recte
659 1740 847 1773 sentientes
864 1751 1001 1772 necesse
1019 1747 1082 1780 est,

93 1797 132 1823 ut
150 1790 292 1823 suerunt
311 1788 517 1830 Zacharias,
547 1789 712 1828 Simeon,
742 1788 886 1833 Ioseph,
913 1789 1082 1832 Baptista,

93 1839 228 1881 issaria,
258 1838 462 1879 Etizabmh,
491 1840 615 1880 Anna,
644 1847 674 1873 et
693 1841 751 1873 alii
770 1841 882 1875 multi.
937 1840 1083 1884 Semper

92 1892 186 1923 enim
205 1891 320 1936 aliqua
332 1891 486 1924 Ecclesia
503 1898 620 1924 manet
638 1898 729 1924 recte
747 1892 918 1931 sentiens,
946 1892 1080 1924 etiamsi

93 1942 215 1985 exigna
236 1949 269 1975 et
293 1942 448 1986 dispersa
472 1948 539 1981 est,
567 1948 599 1974 et
623 1942 727 1985 longe
752 1943 866 1975 maior
893 1949 941 1975 est
962 1943 1082 1975 multi-

92 1994 178 2026 tudo
212 1993 333 2025 multis
363 1993 460 2025 tetris
492 1993 673 2025 erroribus
702 1994 959 2036 contaminata,
994 2006 1082 2038 quae

93 2045 383 2086 gubernationem
409 2050 513 2077 tenet.
567 2042 656 2076 Cum
682 2051 795 2077 autem
822 2044 884 2076 illo
912 2051 1081 2087 tempore,

95 2103 126 2128 et
155 2106 255 2137 saepe
280 2095 364 2126 alias
387 2095 503 2137 magni
522 2106 655 2128 errores
674 2095 814 2138 publice
831 2107 847 2127 a
867 2096 1080 2137 gubernato—

94 2146 192 2179 ribus
223 2145 342 2178 traditi
369 2152 467 2184 sunt,
503 2152 535 2178 et
557 2157 575 2178 a
600 2147 746 2178 maxima
774 2146 1002 2179 multitudine
1028 2159 1082 2179 re-

94 2196 203 2239 cepti,
238 2196 388 2229 sciamus
421 2202 455 2228 et
488 2193 553 2228 hac
578 2204 751 2240 postrema
778 2203 888 2230 aetatr²
915 2197 1080 2240 potuisse,

94 2254 126 2281 et
150 2259 248 2290 posse
272 2258 388 2279 errare
413 2247 615 2290 pontifices,
645 2255 677 2280 et
693 2248 878 2280 maximam
896 2249 1080 2281 doctorum

94 2306 125 2332 et
160 2298 283 2342 populi
314 2304 465 2342 partem,
501 2305 534 2331 et
567 2310 638 2330 non
671 2310 876 2333 moveamur
897 2299 1082 2333 autoritate

95 2350 241 2392 gradus,
268 2355 327 2382 aut
351 2349 613 2389 multitudinis,
642 2350 699 2381 sed
726 2361 934 2394 quaeramus
953 2350 1082 2383 verita-

95 2408 164 2433 tem
187 2400 224 2432 in
249 2401 357 2432 verbo
378 2398 462 2439 Dei,
490 2400 578 2433 sicut
605 2401 726 2432 eadem
751 2401 793 2433 de
820 2412 855 2432 re
881 2412 980 2443 saepe
998 2413 1082 2434 con-

97 2451 280 2484 cionantur
303 2447 511 2494 Prophetae.
573 2450 639 2484 Sed
665 2451 762 2484 locus
788 2458 838 2484 est
860 2452 1083 2485 dulcissimus

96 2499 220 2534 Esaiae
237 2501 270 2534 8.
296 2501 359 2534 nbi
387 2501 542 2545 primum
567 2510 730 2546 precatur
752 2500 891 2543 Esaias,
926 2509 966 2536 ut
988 2501 1083 2536 Deus

97 2558 208 2585 servet
235 2563 355 2595 puram
379 2553 574 2585 doctrinam
602 2553 639 2585 in
665 2553 854 2598 aliqniliuS.
923 2551 1081 2597 Obsigna

96 2603 226 2645 legem,
261 2602 396 2646 inquit,
424 2603 460 2636 in
488 2604 672 2648 discipulis
693 2604 796 2643 meis,
823 2605 857 2637 id
878 2611 950 2645 est,
978 2605 1081 2639 video

97 2651 291 2686 horrendas
311 2655 487 2695 tenebras,
521 2662 554 2688 et
578 2655 759 2688 doctrinae
786 2655 1003 2688 oblivionem
1028 2667 1082 2689 se-

95 2711 256 2738 cuturam
278 2714 368 2746 esse,
402 2712 439 2740 ut
464 2706 590 2740 accidit
615 2718 695 2740 cum
722 2707 827 2748 alias,
854 2713 928 2741 tum
953 2704 1082 2741 Phari-

620 130 917 168 ENARRATIO
946 131 998 166 IN
1025 130 1207 167 EVANG.
1237 130 1450 170 IOANNIS.
1502 131 1605 169 CAP.
1632 133 1729 170 XVI.

2045 135 2119 169 366

1135 230 1294 252 saeorum
1325 227 1358 253 et
1380 219 1667 254 Sadducaeorum
1700 227 1873 264 tempore,
1908 226 1940 253 et
1967 221 2118 253 maximo

1134 269 1172 301 in
1195 270 1316 303 dolore
1342 277 1374 304 et
1402 271 1498 304 luctu
1522 283 1598 303 snm
1624 278 1766 315 propter
1789 271 1992 304 Ecclesiam.
2047 270 2117 304 Sed

1134 326 1166 351 te
1185 319 1281 351 Dens
1304 332 1385 361 oro,
1413 334 1456 354 ne
1479 322 1572 354 sinas
1592 334 1733 365 prorsus
1748 322 1903 365 extingui
1918 334 2033 355 veram
2053 322 2118 353 do-

1134 369 1283 402 ctrinam
1314 383 1332 403 a
1363 378 1396 403 te
1425 373 1608 410 traditam,
1642 374 1699 405 sed
1726 374 1896 406 inclusam
1925 373 1961 405 in
1986 379 2119 405 mentes

1136 432 1292 452 meorum
1331 421 1587 464 discipulorum
1629 434 1763 461 serves,
1806 431 1845 457 nt
1877 424 2118 467 incorruptam

1134 471 1374 504 transmittant
1405 473 1448 504 ad
1475 481 1641 515 posterOS.
1709 473 1888 516 Significat
1912 481 2028 507 autem
2056 474 2120 506 do-

1134 522 1282 554 ctrinam
1314 534 1514 555 mansuram
1545 535 1616 555 esse
1642 525 1734 567 apud
1759 524 1839 557 illos
1865 531 2024 568 tantum,
2058 524 2121 569 qui

1133 579 1215 605 sunt
1238 572 1400 615 discipuli
1418 571 1675 616 Prophetarum
1689 601 1698 614 ,
1725 575 1761 607 id
1781 582 1850 615 est,
1878 576 1938 619 qni
1958 573 2024 608 hoc
2042 586 2120 607 ver—

1134 624 1218 655 bnm
1243 624 1411 656 traditum
1431 636 1448 656 a
1470 623 1544 657 Deo
1564 636 1623 667 per
1638 623 1832 669 Prophetas
1850 626 2017 663 audiunt,
2044 637 2119 657 am-

1134 675 1346 718 plectuntur,
1369 682 1400 707 et
1418 675 1584 710 retinent.
1629 674 1731 709 Hanc
1749 677 1985 719 precationem
1996 674 2119 708 Esaiae

1134 737 1255 757 omnes
1271 737 1371 769 saepe
1387 726 1595 768 cogitemus,
1622 733 1655 759 et
1672 727 1713 759 ad
1734 739 1809 759 eam
1826 734 1905 760 vota
1922 733 2040 759 nostra
2058 727 2120 758 ad-

1134 777 1337 818 iungamus,
1374 784 1549 819 petamus,
1582 783 1621 809 nt
1650 777 1688 809 in
1720 778 1822 810 nohis
1848 789 1988 822 quoque
2010 778 2123 820 legem

1134 838 1231 859 snam
1260 827 1437 870 obsignet,
1472 835 1505 860 et
1528 828 1711 862 confirmet
1736 835 1870 862 mentes
1893 835 2048 868 nostras,
2084 834 2123 860 ut

1135 878 1262 910 veritas
1294 878 1331 910 in
1358 878 1460 910 nobis
1484 878 1615 919 luceat,
1651 886 1683 912 et
1706 886 1827 912 nostro
1855 879 2051 912 ministerio
2079 879 2123 911 ad

1136 935 1290 971 posteros
1321 929 1524 972 incorrupta
1548 930 1742 972 perveniat.
1810 930 1980 975 Sequitur
2004 936 2122 963 autem

1135 979 1321 1023 descriptio
1341 986 1501 1012 eventus:
1529 978 1638 1023 Ecce,
1674 992 1735 1024 ego
1753 988 1787 1014 et
1803 981 2005 1024 puer-imei‚
2033 991 2122 1025 quos

1136 1031 1232 1063 dedit
1262 1028 1348 1062 mihi
1373 1029 1467 1063 Dens
1497 1031 1534 1062 in
1568 1038 1769 1074 portentum
1796 1031 1913 1065 lsrael.
1965 1030 2043 1064 Hoc
2066 1031 2122 1063 di-

1135 1088 1227 1113 ctum
1258 1081 1443 1125 promissio
1476 1088 1508 1115 et
1535 1083 1729 1115 consolatio
1756 1090 1823 1121 est,
1859 1094 1948 1127 quae
1972 1082 2123 1114 affirmat

1135 1132 1287 1176 aliquem
1319 1132 1393 1164 sore
1423 1138 1560 1165 coetum
1583 1131 1758 1165 Ecclesiae
1783 1135 1825 1166 ad
1851 1139 2028 1176 posteros,
2063 1133 2123 1164 sed

1135 1183 1297 1225 exignum
1323 1190 1354 1215 et
1373 1183 1525 1215 invisum
1542 1183 1756 1226 potentibus.
1809 1183 1948 1217 Deinde
1965 1194 2123 1227 expresse

1135 1233 1277 1266 additur
1302 1240 1541 1276 praeceptum,
1566 1234 1627 1266 ubi
1648 1246 1727 1266 vera
1743 1235 1904 1268 doctrina
1923 1246 1940 1267 a
1958 1233 2032 1267 Deo
2051 1240 2123 1266 tra-

1135 1284 1223 1323 dita,
1251 1285 1448 1328 quaerenda
1467 1284 1533 1324 sit,
1560 1284 1724 1318 videlicet
1742 1297 1814 1318 non
1835 1286 1872 1318 in
1890 1285 2025 1328 vulgari
2043 1296 2123 1328 per-

1135 1335 1296 1367 suasione
1313 1334 1513 1378 principum
1533 1341 1563 1368 et
1581 1335 1841 1377 multitudinis,
1868 1343 1907 1369 nt
1925 1348 2020 1369 nnnc
2039 1336 2124 1368 cita-

1135 1392 1192 1419 tur
1211 1397 1334 1427 magna
1354 1385 1544 1418 multitudo
1562 1384 1841 1427 Monachorum,
1868 1388 1926 1419 sed
1948 1387 1985 1419 in
2005 1387 2124 1426 verbo,

1135 1437 1228 1480 qnod
1247 1436 1342 1469 Deus
1368 1436 1469 1468 certis
1493 1437 1703 1470 testimoniis
1721 1449 1783 1481 per
1800 1435 1994 1481 Prophetas
2012 1437 2122 1470 tradi—

1135 1488 1205 1527 dit,
1233 1488 1275 1519 ad
1296 1488 1404 1529 legem
1423 1494 1455 1520 et
1473 1488 1515 1519 ad
1534 1488 1794 1530 testimoninm,
1824 1489 1957 1533 iuquit:
1988 1487 2026 1521 Id
2046 1500 2124 1521 ver—

1136 1539 1218 1570 bnm
1237 1539 1296 1582 qni
1319 1550 1390 1570 non
1409 1538 1683 1581 amplectentur,
1710 1551 1782 1572 non
1804 1539 1868 1572 erit
1886 1540 1934 1572 eis
1953 1539 2126 1572 matutina

1135 1590 1204 1622 lux.
1261 1588 1355 1620 Haec
1380 1589 1533 1621 breviter
1556 1590 1735 1630 recensui,
1762 1598 1801 1623 ut
1825 1597 1983 1633 tempora
2009 1597 2040 1623 et
2058 1590 2126 1622 mi-

1134 1640 1241 1672 serias
1266 1638 1441 1672 Ecclesiae
1467 1639 1750 1682 consffleremns,
1785 1647 1818 1674 et
1843 1641 2036 1682 discamus,
2063 1640 2126 1674 ubi

1136 1691 1335 1736 quaerenda
1354 1689 1398 1723 sit
1416 1690 1553 1724 veritas.

1239 1766 1403 1800 Secundo
1441 1766 1640 1810 exemplum
1681 1765 1935 1811 Apostolorum
1971 1767 2126 1801 ostendit

1136 1818 1265 1850 multos
1292 1817 1329 1849 in
1346 1816 1501 1850 Ecclesia
1525 1829 1597 1850 esse
1622 1818 1800 1858 infirmos,
1830 1819 1889 1863 qni
1909 1826 2024 1852 tamen
2045 1826 2128 1852 sunt

1137 1869 1234 1901 electi
1267 1874 1299 1900 et
1332 1880 1350 1900 a
1383 1867 1457 1901 Deo
1494 1869 1702 1904 tolerantur.
1779 1868 1855 1902 Hac
1885 1869 2127 1903 consolatione

1136 1919 1301 1951 omnibns
1327 1919 1430 1951 nobis
1451 1931 1538 1962 opus
1556 1926 1617 1953 est.
1672 1918 1809 1953 Omnes
1828 1920 1972 1953 enimet
1990 1927 2129 1964 peccata

1136 1971 1274 2013 aliqua,
1303 1976 1335 2003 et
1354 1981 1489 2002 errores
1507 1965 1691 2004 nobiscum
1714 1969 2005 2006 circumferimus.
2057 1970 2128 2004 Sed

1137 2022 1195 2065 qni
1224 2021 1375 2053 retinent
1402 2021 1674 2054 fundamentum
1696 2022 1797 2062 fidei,
1825 2028 1858 2055 et
1876 2034 1948 2055 non
1967 2033 2128 2065 perseve-

1137 2079 1215 2105 rant
1247 2071 1284 2103 in
1318 2072 1517 2110 erroribus,
1551 2079 1611 2106 aut
1639 2072 1774 2106 delictis
1801 2080 1921 2106 contra
1948 2072 2130 2105 conscien-

1137 2123 1241 2160 tiam,
1266 2123 1324 2154 sed
1344 2129 1425 2155 sunt
1443 2122 1595 2163 dociles,
1620 2130 1653 2156 et
1671 2124 1953 2157 emendationem
1974 2123 2130 2164 incoant,

1136 2171 1171 2206 hi
1200 2183 1343 2205 manent
1372 2173 1407 2204 in
1433 2173 1562 2215 gratia,
1600 2174 1688 2207 sicut
1712 2181 1745 2207 et
1769 2175 1969 2207 dulcissime
1996 2175 2128 2207 dictum

1135 2231 1204 2264 est,
1232 2225 1274 2256 ad
1295 2223 1402 2257 Rom.
1422 2222 1499 2258 14.;
1528 2223 1622 2258 Dens
1648 2237 1726 2257 enm
1747 2225 1927 2265 assumsit,
1956 2225 2018 2258 ubi
2034 2225 2129 2258 affir-

1135 2282 1205 2309 mat
1224 2274 1355 2308 Panlus
1375 2275 1478 2309 etiam
1497 2274 1676 2309 infirmum
1693 2274 1768 2308 Deo
1785 2276 1936 2320 plaeere.

1238 2350 1361 2384 Tertio
1387 2358 1506 2384 monet
1529 2348 1614 2384 haec
1640 2351 1763 2384 concio
1785 2350 1977 2386 Ecclesiam
2003 2352 2039 2386 in
2064 2350 2130 2387 hac

1136 2403 1206 2436 vita
1232 2403 1423 2435 subiectam
1451 2414 1522 2435 esse
1548 2402 1662 2441 cruci,
1689 2408 1726 2435 ut
1749 2403 1834 2435 alias
1858 2415 1959 2446 saepe
1984 2404 2128 2437 dicitur:

1135 2452 1268 2498 Estque
1286 2453 1426 2497 propria
1444 2452 1619 2485 Ecclesiae
1637 2450 1722 2485 haec
1742 2454 1901 2487 doctrina
1920 2454 2037 2497 ignota
2048 2453 2129 2499 phi-

1136 2502 1338 2548 losophiae,
1364 2505 1459 2536 unde
1485 2503 1555 2536 sint
1580 2503 1794 2537 calamitates
1816 2506 1972 2538 universi
1991 2506 2128 2549 generis

1135 2553 1302 2595 humani,
1344 2567 1406 2587 cnr
1436 2553 1592 2587 Ecclesia
1621 2555 1809 2589 durissime
1838 2562 2055 2597 exerceatur,
2095 2563 2129 2590 et

1136 2619 1240 2651 quam
1265 2603 1392 2638 habeat
1417 2605 1633 2648 propositam
1658 2617 1775 2639 veram
1800 2613 1833 2640 et
1849 2607 1985 2639 firmam
2003 2619 2129 2640 conso-

1135 2658 1316 2691 lationem.
1370 2654 1465 2689 Haec
1487 2655 1573 2689 alias
1596 2654 1688 2689 dicta
1707 2665 1806 2697 sunt,
1833 2659 1890 2690 sed
1912 2664 2025 2690 tamen
2043 2658 2130 2690 sub-

1136 2708 1218 2741 inde
1243 2714 1324 2741 sunt
1348 2707 1549 2751 repetenda.
1619 2707 1710 2741 Cum
1735 2709 1917 2754 quaeritur
1938 2709 2032 2742 unde
2059 2709 2129 2742 sint
