2415 2942
247 119 321 157 699

251 207 313 241 Est
331 204 423 238 enim
441 202 684 242 argumentum
702 198 854 227 sumtum
872 202 911 224 ex
934 199 1034 222 causa
1057 186 1151 220 finali
1178 198 1233 219 re-
1257 194 1260 203 ¹

253 254 421 301 ceptionis
445 250 624 294 gentium,
657 243 723 279 hoc
748 243 863 276 modo.
917 238 1050 273 Gentes
1075 244 1233 281 receptae
1259 259 1262 292 l

255 313 352 344 sunt.
380 310 417 337 ut
433 300 551 337 Iudaei
571 301 806 342 provocentur
825 293 865 325 ad
892 290 1106 325 credendum
1119 315 1128 329 ,
1153 300 1232 346 eum

254 355 409 390 viderint
426 349 656 394 Evangelium
673 347 709 380 in
729 344 891 389 gentibus
912 353 985 375 esse
1000 340 1138 378 efficax,
1168 350 1234 383 igr-

255 416 313 442 tnr
330 416 467 439 necesse
485 410 535 436 est
550 401 688 444 aliquos
707 408 778 430 esse
797 395 950 439 reliquos
968 392 1060 426 inter
1077 390 1236 429 ludaeos,

255 459 315 504 qui
333 454 501 490 credituri
519 457 610 486 sunt.
638 449 817 492 Quorsum
835 445 928 478 enim
946 455 1033 487 opus
1049 448 1136 475 esset
1154 453 1235 485 pro-

255 520 380 543 vocare
396 506 561 543 Iudaeos,
589 502 618 534 si
634 499 723 533 nulli
741 495 908 530 credituri
925 500 1051 529 essent.

355 566 582 608 Consequens
599 560 647 594 sic
665 557 785 593 attexit
802 555 947 590 Paulus:
975 553 1012 587 Si
1033 551 1133 585 ruina
1154 561 1237 605 pro·
1261 567 1263 573 ι

255 620 322 654 fuit
339 618 380 651 ad
398 613 659 661 provocandum
671 635 680 649 ‚
708 608 801 651 Ergo
819 613 869 640 est
886 605 1020 649 reliqua
1047 602 1234 635 incolumi-

256 680 307 706 tas
323 668 462 713 aliqua,
488 665 524 697 id
548 670 615 702 est,
643 673 723 704 ergo
746 669 883 692 necesse
908 662 958 689 est
982 654 1238 709 aliquam-par-

257 730 327 756 tem
359 725 488 753 restare
521 713 725 747 sanabilem.
788 708 851 741 vet
877 714 926 740 est
950 704 1174 748 amplificatio
1198 713 1238 734 ex

258 773 414 809 minore,
442 767 469 800 si
489 765 620 808 profuit
636 762 756 798 ruina,
786 765 823 792 ut
842 765 960 801 gentes
986 755 1236 797 reciperentur,

257 870 439 920 provocati
462 863 775 908 obtemperabunt,
803 859 884 904 quia
903 857 998 891 Deus
1015 856 1094 888 ideo
1111 865 1240 898 provo-

258 932 312 959 cat
331 933 407 962 eos,
434 925 473 953 ut
492 927 612 951 rursus
629 919 745 953 sanet,
772 917 804 945 et
823 909 946 944 reddat
964 907 1170 941 incolumes.

488 1013 604 1050 Vobis
623 1011 716 1046 enim
735 1007 815 1044 dico
828 1005 1011 1054 gentibus.

360 1085 506 1124 Rationi
531 1089 664 1117 sumtae
684 1092 723 1113 ex
741 1089 841 1111 causa
861 1076 978 1114 finali,
1005 1073 1103 1107 addit
1126 1083 1242 1106 exem-

258 1145 356 1190 plum
384 1149 497 1173 suum.
558 1132 652 1177 Ego,
681 1129 817 1176 inquit,
845 1140 885 1161 eo
908 1125 1033 1158 maiori
1057 1123 1243 1157 sedulitate

260 1195 380 1229 studeo
414 1197 603 1234 propagare
634 1179 866 1224 Evangelium
897 1178 989 1210 inter
1018 1181 1163 1232 gentes,
1194 1180 1244 1231 ‘ut

259 1248 496 1290 provocentur
518 1235 637 1270 ludaei
663 1234 705 1266 ad
731 1230 963 1268 credendum,
989 1238 1067 1260 cum
1092 1226 1245 1258 Viderlnt

259 1292 492 1336 Evangelium
517 1299 587 1320 esse
613 1284 731 1318 efficax
758 1282 848 1313 inter
874 1285 1004 1322 gentes.
1079 1275 1156 1309 Hoc
1182 1282 1243 1313 est,

261 1346 356 1392 quod
382 1344 446 1376 ait:
477 1337 645 1372 Glorifico
670 1331 927 1369 ministerium,
961 1328 998 1361 id
1017 1332 1086 1367 est,
1119 1337 1244 1369 magna

261 1400 329 1431 fide
351 1401 385 1428 et
409 1390 593 1425 sedulitate
618 1387 724 1418 doceo
754 1380 1006 1423 Evangelium‚
1042 1389 1112 1422 quo
1139 1388 1245 1409 orna-

261 1455 319 1482 tur
336 1453 367 1480 et
385 1444 581 1477 illustratur
595 1436 706 1480 gloria
724 1433 810 1472 Dei,
838 1440 875 1464 ut
894 1440 1076 1474 provocem
1093 1438 1245 1483 carnem,

262 1500 297 1532 id
320 1504 390 1536 est,
417 1493 574 1527 Iudaeos.
618 1486 663 1520 Et
683 1485 780 1517 addit
797 1480 1104 1536 amplificationem
1122 1490 1162 1510 ex
1178 1489 1245 1509 mi·-

262 1561 363 1587 nore,
391 1545 419 1578 si
438 1540 579 1576 reiectio
599 1535 750 1581 profuit,
777 1539 908 1578 quanto
927 1530 1113 1574 gloriosior
1128 1528 1246 1585 futura

263 1607 312 1634 est
331 1593 524 1632 restitutio,
553 1601 640 1635 quae
666 1593 714 1619 est
731 1585 849 1617 futura
867 1581 964 1627 quasi
982 1585 1187 1613 resurrectio
1207 1589 1246 1610 ex

262 1648 424 1685 mortuis.
492 1641 589 1675 Haec
614 1645 665 1673 est
689 1635 835 1679 simplex
858 1640 891 1668 et
915 1631 1062 1665 minime
1085 1629 1247 1662 intricata

264 1695 521 1744 interpretatio.

508 1781 552 1817 Si
567 1776 752 1828 primitiae
767 1778 916 1809 sanctae
933 1776 994 1807 etc.

367 1854 530 1890 Tertium
556 1851 821 1892 argumentum,
855 1841 960 1885 Quod
986 1850 1070 1897 gens
1099 1836 1249 1871 Iudaeo-

266 1922 344 1946 rum
361 1918 433 1940 non
449 1905 492 1938 sit
508 1902 646 1936 reiecta,
674 1902 826 1930 sumtum
843 1905 881 1926 ex
899 1901 1148 1945 promissione,
1162 1898 1250 1933 quae

266 1969 317 1997 est
338 1953 588 1993 immvtabilis,
629 1955 661 1982 et
688 1946 838 1991 pertinet
870 1943 1007 1999 pariter.
1029 1941 1077 1998 ‘ad
1107 1947 1251 1982 stirpem

268 2021 299 2047 et
318 2012 362 2045 ad
379 2014 545 2053 posteros.
600 1998 717 2034 Radix
733 2003 781 2029 est
799 2001 934 2031 sancta,
961 1992 1093 2025 scilicet
1110 1995 1252 2033 propter

268 2059 558 2109 promissionem,
593 2062 669 2084 cum
695 2054 809 2092 patres
833 2045 1080 2082 crediderunt,
1113 2051 1194 2096 ergo
1220 2045 1253 2072 et
1276 2033 1279 2088 l

269 2113 357 2149 rami
382 2116 462 2144 sunt
492 2103 619 2141 sancti,
666 2099 747 2144 quia
777 2098 820 2129 ad
843 2093 906 2128 hos
932 2104 1072 2149 quoque
1099 2096 1253 2148 'pertinet
1277 2090 1279 2121 l,

271 2161 467 2211 promissio,
486 2157 545 2190 sed
565 2162 652 2197 opus
671 2156 720 2182 est
736 2149 801 2180 fide
819 2145 926 2189 accipi
946 2152 1228 2188 promissionem.

461 2255 518 2293 [Vc
535 2250 724 2302 superbias
741 2245 914 2281 adversus
932 2255 1066 2278 ramos.

376 2321 601 2374 Apostrophe
618 2326 666 2354 est
682 2319 723 2351 ad
744 2322 874 2359 gentes,
903 2323 988 2357 quas
1004 2308 1187 2349 hortatur,
1211 2320 1256 2365 ne
1280 2316 1282 2338 ;

277 2383 409 2420 carnali
440 2377 565 2412 fiducia
597 2369 790 2415 despiciant
822 2365 986 2420 ludaeoS,
1025 2372 1113 2394 neve
1145 2372 1283 2417 securi¹

276 2440 380 2470 ruant
399 2436 518 2464 contra
535 2426 666 2462 Deum,
693 2417 814 2453 confisi
836 2414 903 2448 hoc
922 2413 1044 2453 titulO‚
1071 2412 1165 2456 quod
1179 2417 1258 2468 ‘suit
1282 2429 1283 2433 =

276 2483 428 2532 populus
444 2478 510 2513 Dei
535 2487 593 2509 seu
610 2470 776 2506 Ecclesia.
830 2467 928 2501 Sicut
944 2475 1038 2497 nunc
1057 2462 1186 2519 carpali
1205 2473 1258 2493 se-

278 2537 423 2572 curitate
441 2527 651 2574 promittunt
670 2521 736 2554 sibi
755 2518 955 2564 pontifices,
983 2514 1075 2560 quod
1102 2520 1170 2545 sint
1190 2510 1258 2569 Ec-⁸

279 2587 401 2622 clesia,
430 2588 461 2614 et
476 2577 541 2612 hac
558 2574 725 2618 opinione
745 2570 855 2603 multa
883 2574 1004 2600 contra
1029 2565 1175 2597 verbum
1192 2562 1259 2594 De1

280 2636 499 2673 constituunt
533 2634 565 2660 et
598 2629 716 2667 agunt.
786 2620 886 2653 Hanc
919 2617 1133 2660 impietatem
1164 2613 1260 2647 Deus

278 2688 373 2722 haud
392 2682 497 2719 dubie
522 2677 661 2723 puniet,
690 2673 783 2706 iuxta
807 2670 999 2703 secundum
1024 2672 1259 2711 praeceptum.

838 103 961 140 PHlL.
988 100 1103 138 MEL.
1131 99 1339 136 SCRIPTA
1368 96 1668 133 EXEGETlCA.

258 822 400 869 quando
414 817 522 860 magis
544 815 725 859 profutura
741 816 791 843 est
809 807 1032 841 incolumitas
1048 811 1145 843 tunc,
1160 814 1238 836 cum

2193 101 2268 136 700

1287 184 1330 219 Et
1347 184 1436 218 sicut
1459 183 1575 228 inquit
1595 180 1775 218 Ezechiel:
1805 183 1953 230 Propter
1975 197 2039 221 nos
2060 186 2151 221 male
2173 186 2271 222 audit

1286 248 1415 270 nomen
1434 234 1498 268 Dei
1519 235 1612 267 inter
1635 241 1766 277 gentes.

1387 292 1432 327 Et
1447 293 1542 338 quod
1560 291 1689 325 Paulus
1705 289 1761 325 hic
1779 292 1989 328 vaticinatur
2013 295 2057 329 de
2081 295 2184 329 ruina
2201 292 2272 329 Ec-

1287 344 1410 377 clesiae
1443 344 1621 387 gentium,
1664 343 1700 375 id
1730 349 1875 376 eventus
1906 346 2076 386 ostendit,
2115 345 2272 380 Ecclesia

1288 395 1324 428 in
1342 395 1426 428 Asia
1443 401 1475 429 et
1494 391 1647 438 Apin-ica
1668 405 1755 437 pene
1771 393 1931 428 funditus
1948 396 2060 429 deleta
2079 404 2128 430 est
2142 394 2273 430 Maho-

1288 445 1373 479 meti
1396 446 1526 480 furore.
1597 444 1638 478 ln
1665 443 1808 488 Europa
1831 457 1994 489 oppressa
2025 453 2075 480 est
2108 444 2273 481 horribili

1289 496 1452 530 idolatria
1473 502 1505 529 et
1523 495 1718 540 impietate,
1744 502 1784 528 ut
1811 497 2053 539 profanatione
2069 496 2274 538 Missarum,

1289 547 1511 581 invocatione
1528 553 1747 587 sanctorum,
1774 547 2024 590 superstitiosis
2045 547 2277 592 opinionibus

1291 598 1447 631 cultuum
1464 594 1702 630 humanorum
1714 622 1725 640 ‚
1753 597 1891 631 inscitia
1907 598 2086 632 doctrinae
2103 599 2147 632 de
2162 599 2242 635 fide.

1393 655 1461 690 Sed
1479 662 1595 689 tamen
1614 656 1705 689 inter
1723 654 1806 689 haec
1825 657 1986 689 scandala
2013 657 2187 691 consolari
2213 667 2278 691 nos

1291 707 1478 747 debemus,
1521 708 1616 751 quod
1647 707 1898 750 promissiones
1925 706 2108 755 Evangelii
2140 703 2277 753 semper

1292 758 1362 791 sint
1387 764 1482 791 ratae
1505 769 1585 790 vere
1607 758 1851 796 credentibus,
1883 760 2048 803 quodque
2073 770 2209 802 semper
2231 759 2276 793 sit

1293 809 1408 853 aliqua
1428 819 1506 841 vera
1524 806 1678 841 Ecclesia
1691 835 1699 848 ,
1723 809 1854 842 scilicet
1871 808 1924 841 illi
1942 810 2027 853 ipsi,
2054 810 2115 854 qui
2138 816 2278 853 agentes

1294 859 1546 904 poenitentiam
1570 870 1649 891 vere
1675 860 1840 893 creduut:
1878 860 1959 904 quia
1985 857 2148 894 Christus
2172 861 2278 905 polli-

1294 917 1390 943 cetur
1416 908 1607 942 Ecclesiam
1631 921 1766 953 semper
1790 922 1991 944 mansuram
2019 922 2110 953 esse,
2136 917 2169 946 et
2194 923 2279 956 pro-

1295 960 1476 994 missiones
1492 960 1729 993 immutabiles
1744 972 1829 994 esse.

1597 1050 1699 1087 Nolo
1717 1064 1777 1086 vos
1793 1052 1976 1099 ignorare.

1397 1118 1507 1153 Addit
1523 1119 1728 1153 vaticinium
1747 1120 1791 1152 de
1809 1121 2039 1154 conversione
2057 1120 2279 1165 Iudaeorum,

1297 1171 1390 1216 quod
1410 1172 1554 1204 fortasse
1574 1171 1619 1203 ita
1637 1170 1905 1213 intelligendum
1922 1179 1983 1207 est.
2024 1171 2218 1214 Futurum,
2241 1181 2282 1208 ut

1297 1222 1447 1255 subinde
1471 1234 1580 1265 usque
1606 1222 1647 1253 ad
1673 1221 1776 1253 finem
1801 1222 1925 1254 mundi
1951 1223 2060 1268 aliqui
2085 1235 2124 1256 ex
2146 1223 2282 1258 ludaeis

1300 1279 1562 1307 convertantur.
1615 1270 1742 1304 Nescio
1760 1272 1852 1304 enim
1872 1284 1916 1305 an
1935 1270 2002 1306 hoc
2021 1274 2124 1312 velit,
2152 1281 2282 1308 restare

1299 1322 1413 1356 adhuc
1430 1323 1584 1366 aliquam
1603 1322 1867 1355 conversionem
1884 1335 2027 1366 magnae
2043 1325 2283 1360 multitudinis

1298 1375 1388 1406 circa
1412 1373 1515 1405 finem
1533 1372 1670 1405 mundi.
1724 1371 1763 1404 Id
1784 1385 1861 1405 cum
1887 1373 1931 1406 sit
1956 1375 2179 1419 mysterium,
2206 1374 2283 1409 Deo

1299 1423 1566 1457 committamus,
1618 1420 1743 1455 Esaiae
1761 1423 1965 1456 vaticinium
1985 1424 2215 1458 concionatur
2237 1427 2282 1458 de

1298 1474 1507 1507 liberatione
1527 1473 1666 1516 populi,
1694 1473 1856 1506 videlicet
1882 1474 1961 1512 illa,
1995 1476 2037 1507 de
2055 1487 2120 1519 qua
2140 1475 2282 1518 proprie

1299 1525 1456 1569 loquitur
1485 1522 1743 1566 Evangelium,
1786 1522 1850 1556 hoc
1884 1531 1961 1563 est,
2003 1527 2045 1558 de
2077 1526 2283 1559 remissione

1299 1581 1532 1619 peccatorum.
1589 1572 1635 1607 Et
1660 1580 1709 1606 est
1732 1574 1846 1606 dulcis
1868 1576 2056 1616 sententia,
2083 1576 2164 1621 quia
2191 1577 2283 1609 clare

1300 1628 1401 1658 docet
1425 1625 1462 1657 in
1486 1636 1579 1657 novo
1605 1630 1811 1657 testamento
1836 1625 2111 1667 praedicandum
2133 1638 2205 1659 esse
2228 1638 2284 1659 re-

1300 1675 1502 1709 missionem
1534 1681 1770 1718 peccatorum.
1847 1674 1943 1708 Haec
1972 1676 2132 1709 liberatio
2163 1677 2286 1721 populi

1302 1726 1530 1769 intelligenda
1561 1731 1627 1764 est,
1662 1725 1744 1757 inde
1767 1736 1878 1770 usque
1903 1737 1923 1760 a
1946 1726 2120 1771 principio
2148 1727 2286 1771 praedi-

1302 1778 1449 1812 cationis
1467 1775 1653 1818 Evangelii
1673 1776 1717 1808 ad
1736 1775 1852 1811 finem.

1536 1871 1726 1909 Conclusil
1742 1872 1847 1907 Deus
1865 1874 1990 1908 omnia
2006 1880 2065 1909 etc.

1399 1939 1644 1987 Epiphonema
1660 1949 1726 1982 est,
1753 1941 1788 1974 in
1807 1954 1876 1986 quo
1900 1949 1949 1975 est
1967 1941 2168 1987 exaequatio
2189 1940 2289 1976 Gen-

1305 1994 1392 2028 tium
1418 2001 1448 2026 et
1471 1992 1680 2026 ludaeorum
1695 2019 1703 2032 ,
1731 1999 1764 2026 et
1790 1990 1986 2025 detrahitur
2004 1993 2128 2026 fiducia
2145 1994 2291 2027 merito-

1305 2057 1383 2078 rum
1404 2044 1572 2088 utrisque.
1629 2042 1800 2076 Hortatur
1819 2055 1939 2075 omnes
1955 2044 1997 2076 ad
2025 2044 2290 2088 poenitentiam.

1306 2096 1447 2130 Deinde
1471 2093 1663 2138 aequaliter
1687 2094 1851 2137 proponit
1883 2094 2049 2127 omnibus
2079 2094 2291 2127 consolatio·

1307 2159 1399 2181 nem.
1467 2143 1599 2189 Estque
1634 2145 1838 2187 gravissima
1875 2145 2034 2177 doctrina
2069 2146 2106 2177 in
2140 2152 2291 2190 utroque

1306 2197 1481 2230 membro:
1518 2207 1600 2227 nam
1628 2195 1792 2228 concludi
1817 2196 1881 2228 sub
1912 2202 2108 2239 peccatum,
2142 2207 2214 2228 non
2240 2202 2292 2229 est

1308 2249 1419 2282 otiose
1447 2246 1737 2288 intelligendum,
1779 2246 1839 2278 sed
1868 2246 2110 2289 complectitur
2142 2252 2292 2289 reatum,

1310 2310 1475 2344 pavores,
1509 2309 1569 2330 seu
1595 2297 1766 2329 iudiciuin
1792 2303 1824 2330 et
1849 2307 1978 2340 poenas
2006 2296 2155 2340 peccati,
2191 2298 2290 2341 quasi

1311 2351 1419 2382 dicat:
1451 2346 1587 2381 Omnes
1610 2348 1660 2380 rei
1685 2354 1787 2387 sunt,
1816 2358 1936 2379 omnes
1959 2353 2062 2381 erunt
2080 2347 2292 2381 subiiciendi

1310 2400 1441 2434 iudicio
1459 2398 1542 2439 Dei,
1571 2398 1677 2431 morti
1692 2405 1725 2430 et
1741 2397 2000 2430 afflictionibus.

1414 2457 1461 2492 Ut
1478 2457 1593 2490 David
1612 2463 1684 2490 erat
1702 2457 1887 2489 conclusus
1904 2457 1968 2489 sub
1991 2464 2187 2500 peccatum,
2215 2469 2294 2491 cum

1282 2517 1284 2523 ’
1312 2510 1501 2556 pelleretur
1516 2509 1553 2541 in
1573 2508 1738 2547 exilium,
1768 2519 1845 2539 cum
1865 2504 2096 2541 horribilibus
2114 2509 2296 2543 doloribus

1314 2567 1541 2595 exerceretur.
1610 2557 1651 2590 lu
1677 2556 1732 2590 his
1757 2558 2007 2591 afflictionibus
2040 2559 2222 2603 praecipue
2244 2567 2295 2594 te-

1313 2613 1428 2645 nenda
1464 2617 1514 2643 est
1549 2607 1631 2642 haec
1668 2609 1884 2648 consolatio,
1919 2621 2007 2652 quae
2043 2607 2098 2642 hic
2134 2610 2297 2645 traditur.

1314 2663 1425 2697 Docet
1448 2662 1540 2695 enim
1559 2661 1600 2693 de
1619 2671 1722 2693 causa
1741 2659 1972 2693 afllIctionum
1991 2667 2023 2693 et
2042 2661 2179 2702 iudicii,
2207 2667 2239 2694 et
2255 2661 2298 2694 de
