2415 2942
95 140 171 176 389
472 137 556 172 ΧΠ.

200 223 337 259 Finalis
360 235 482 265 causa,
516 230 556 258 ut
581 234 727 267 magnae
753 222 843 266 parti
868 223 1005 266 generis
1028 221 1096 256 hu-

96 276 196 312 mani
214 276 350 310 iusticia
368 283 401 309 et
416 275 528 319 gloria
543 282 685 309 aeterna
702 275 926 311 redderetur,
955 279 988 306 et
999 272 1096 307 Deus

94 327 244 363 haberet
270 334 448 361 aeternam
467 324 681 367 Ecclesiam,
708 337 727 358 a
753 336 820 370 qua
847 331 1095 367 agnosceretur

95 386 131 414 et
164 379 420 419 celebraretur,
453 385 492 412 ut
514 376 645 412 Psalm.
663 378 723 411 22.
748 375 895 409 dicitur:
930 375 1035 418 Apud
1062 381 1095 408 te
1120 395 1122 413 ι

95 431 174 464 laus
190 442 265 463 mea
277 454 286 468 ,
314 430 350 462 in
370 427 526 463 Ecclesia
544 439 668 471 magna
686 426 880 460 confitebor
898 427 962 460 tibi
975 450 983 463 ,
1013 432 1093 458 vota
1120 437 1121 470 g

95 493 173 515 mea
189 482 335 515 reddam
355 481 392 513 in
410 486 598 523 conspectu
615 478 817 511 timentium
836 476 963 512 Deum.
1119 479 1121 487 '

200 531 311 566 Causa
329 531 484 565 efficiens
500 536 644 577 propter
659 529 794 562 bonum
810 529 915 561 finem
927 555 935 569 ‚
961 528 1091 561 volun-

96 590 149 618 tas
172 583 237 616 filii
252 582 319 616 Dei
337 590 369 616 et
386 593 532 626 persona
551 580 644 618 eius,
673 579 796 612 volens
812 576 903 612 hanc
921 579 1092 613 obedien-

95 635 201 674 tiam,
229 641 373 678 propter
404 643 570 665 arcanum
599 631 788 663 consilium
815 631 948 664 aeterni
973 631 1092 675 patris,

95 685 197 719 cuius
226 685 277 718 ira
312 695 385 717 non
409 689 545 728 poterat
568 682 636 715 alia
664 679 778 714 hostia
803 682 946 725 placari.
1017 680 1092 715 Hac
1118 690 1119 694 ’

94 736 278 770 voluntate
295 733 457 769 Christus
483 734 556 777 ipse
572 740 622 767 est
640 733 820 774 sacerdos,
847 744 920 766 sese
937 733 1092 765 offerens

94 794 238 821 aeterno
255 786 346 834 patri
362 797 427 830 pro
444 784 559 819 nobis.

197 836 348 871 Materia
372 848 454 869 vero
473 834 663 879 passionis,
689 835 725 867 in
746 846 834 880 qua,
862 834 896 866 id
915 841 980 875 est,
1007 835 1092 868 sub-

93 889 243 929 iectum,
271 895 322 922 est
343 888 417 932 ipse
438 887 532 920 filius
548 884 635 926 Dei,
664 893 698 920 et
714 886 974 919 distribuantur
990 898 1091 930 prae·
1117 898 1118 911 ¹

93 939 217 983 cipuae
251 945 387 983 partes,
431 949 520 983 quae
551 937 710 971 dolorem
740 943 944 977 senserunt,
990 927 1119 990 nervi}

93 989 251 1033 corporis
276 996 462 1023 senserunt
485 989 678 1029 cruciatus,
705 999 795 1033 quos
813 988 981 1021 afferebat
1000 988 1091 1021 lace-
1116 993 1118 1038 J

92 1041 205 1081 ratio,
240 1052 300 1073 cor
320 1041 477 1084 fugiebat
503 1046 674 1081 mortem,
708 1046 740 1073 et
765 1051 843 1084 pars
868 1039 1089 1072 cruciatuum
1115 1042 1118 1081 J

93 1091 253 1136 corporis
276 1093 484 1135 penetrabat
501 1092 546 1124 ad
563 1103 641 1134 cor,
669 1092 728 1123 sed
747 1091 898 1123 maiores
915 1091 1090 1123 cruciatus
1116 1095 1117 1117 1

92 1150 194 1176 erant
216 1143 373 1183 animae,
401 1143 463 1187 qui
485 1142 589 1175 etiam
608 1154 668 1175 cor
685 1148 716 1175 et
733 1148 846 1175 totum
866 1153 994 1185 corpus
1013 1141 1089 1173 lan-

91 1194 349 1237 guefaciebaut.
414 1193 503 1226 Nam
533 1193 651 1226 anima
680 1192 834 1226 naturali
858 1192 1090 1226 inclinatione

91 1242 309 1278 abhorrebat
333 1256 351 1276 a
378 1250 508 1284 morte,
536 1251 569 1277 et
594 1250 633 1277 ut
657 1244 695 1276 in
719 1244 798 1276 aliis
822 1243 974 1276 fortibus
993 1243 1089 1284 viris,
1115 1243 1117 1265 l

92 1306 230 1339 semper
271 1295 380 1337 magis
417 1305 518 1328 causa
555 1306 804 1327 aerumnarum
844 1294 1090 1327 excruciantur
1115 1302 1116 1319 ³

92 1346 216 1386 animi,
245 1357 350 1390 quam
369 1346 452 1389 ipsis
469 1345 659 1386 aerumnis,
685 1346 774 1379 sicut
785 1345 956 1379 Davidem
975 1345 1087 1378 multo

91 1396 204 1438 magis
244 1396 408 1439 cogitatio
443 1396 566 1440 culpae
597 1397 797 1436 exercebat,
840 1407 946 1441 quam
978 1396 1088 1439 ipsius

92 1447 190 1481 exilii
211 1446 363 1482 miseria.
417 1446 468 1481 Ita
492 1447 529 1480 in
549 1444 680 1481 Christi
694 1447 812 1480 anima
832 1458 933 1480 causa
954 1446 1087 1490 passio-

90 1498 148 1532 nis
173 1498 332 1541 ingentes
355 1498 494 1531 dolores
515 1498 642 1539 ciebat,
666 1498 818 1538 scilicet,
843 1498 938 1542 quod
957 1497 1088 1532 sciebat
1113 1503 1115 1523 ἵ

91 1547 256 1584 Christus
273 1548 387 1582 Deum
411 1549 511 1582 irasci
533 1550 680 1594 peccatis
698 1550 836 1592 generis
856 1547 1025 1592 humani,
1054 1556 1087 1583 et

91 1600 130 1634 in
148 1612 183 1632 se
200 1600 394 1633 derivatam
412 1612 484 1633 esse
502 1601 589 1634 iram
603 1627 612 1640 ,
638 1613 676 1634 ac
694 1601 722 1633 si
744 1601 817 1644 ipse
835 1613 870 1633 se
888 1600 995 1633 tantis
1012 1612 1086 1633 sce-

90 1652 226 1684 leribus
251 1651 445 1695 polluisset.
499 1650 606 1684 Hunc
625 1663 792 1685 arcanum
811 1659 845 1685 et
864 1651 1087 1684 inenarrabi-

92 1703 161 1735 lem
188 1701 345 1734 dolorem
371 1714 411 1734 ex
438 1714 539 1735 causa
568 1703 740 1745 passionis
765 1709 902 1740 ortum,
931 1714 1005 1735 non
1031 1703 1087 1735 in-
1112 1721 1114 1735 ;

93 1753 259 1795 telligunt
283 1749 455 1787 homines.
509 1752 578 1785 Hic
594 1753 711 1786 anima
729 1751 862 1786 Christi
881 1753 1009 1786 luctata
1027 1761 1088 1794 est,
1113 1773 1115 1776 v

92 1815 168 1836 non
184 1803 299 1836 solum
318 1815 395 1836 cum
414 1804 627 1837 cruciatibus
644 1804 801 1846 corporis
816 1811 849 1838 et
866 1816 945 1836 cum
963 1812 1089 1844 morte,

94 1856 153 1887 sed
190 1854 304 1886 multo
330 1855 439 1897 magis
465 1867 544 1888 cum
570 1855 620 1887 ira
646 1854 729 1892 Dei,
767 1855 882 1888 doluit
906 1855 998 1887 filius
1021 1854 1087 1888 Dei
1113 1868 1115 1881 =

93 1902 316 1938 horribiliter
353 1905 527 1939 offensum
559 1917 632 1938 esse
661 1906 780 1939 Deum
812 1913 844 1939 et
874 1906 1087 1939 contumelia
1113 1911 1115 1943 1

93 1956 280 1996 affectum,
316 1963 349 1989 et
373 1956 516 1998 agnovit
543 1957 580 1989 in
606 1968 640 1989 se
665 1957 860 1990 derivatam
889 1957 977 1989 iram
1004 1969 1087 1995 esse,

92 2007 209 2041 doluit
234 2014 266 2040 et
289 2018 450 2050 magnam
468 2014 600 2050 partem
619 2008 756 2050 generis
774 2006 920 2041 humani
940 2020 1012 2040 non
1032 2009 1087 2040 in-
1112 2018 1115 2053 ς

92 2058 232 2091 tellecto
249 2065 308 2092 aut
324 2065 439 2101 spreto
456 2056 524 2091 hoc
544 2059 712 2092 beneficio
724 2059 801 2097 Dei,
828 2059 959 2092 scilicet
975 2066 1087 2093 morte
1112 2057 1115 2088 ’ἶ

92 2109 157 2142 filii
183 2108 269 2149 Dei,
305 2121 407 2142 ruere
439 2110 477 2142 in
508 2117 690 2143 aeternum
717 2110 872 2144 exitium.
927 2109 995 2144 Se'd
1022 2108 1087 2143 hos

93 2159 234 2193 dolores
257 2159 338 2193 vicit
355 2158 441 2193 haec
458 2161 672 2201 consolatio,
700 2162 796 2206 quod
816 2162 937 2194 volens
954 2162 1089 2195 obediit
1112 2153 1114 2177 ¹

92 2211 204 2255 patri,
233 2218 266 2244 et
287 2211 482 2254 expectavit
507 2212 677 2245 auxilium
694 2211 760 2245 Dei
777 2219 810 2246 et
826 2212 1088 2251 liberationem,

91 2269 132 2295 ut
153 2273 217 2295 suo
239 2260 316 2294 loco
341 2262 379 2294 in
405 2259 551 2296 historia
577 2263 732 2304 dicetur,
760 2271 792 2297 et
810 2276 917 2308 supra
933 2265 1088 2297 diximus
1112 2275 1114 2306 ῃ

93 2313 267 2358 quaedam
286 2313 329 2346 de
347 2310 480 2347 Christi
498 2314 682 2347 doloribus
700 2322 732 2348 et
752 2315 854 2349 lucta.
1111 2307 1115 2357 l

197 2362 310 2398 Causa
342 2364 623 2398 instrumentalis
651 2372 684 2399 et
708 2373 869 2407 externa,
904 2379 977 2400 non
1002 2379 1087 2400 con-
1112 2360 1116 2384 l

93 2425 223 2458 gruens
246 2427 325 2449 cum
353 2416 442 2457 fine,
478 2429 582 2462 quern
609 2416 703 2450 Deus
729 2419 977 2459 constituerat,
1006 2425 1089 2452 sunt

94 2466 229 2499 diaboli
251 2473 283 2500 et
302 2466 439 2508 Iudaei,
467 2480 505 2501 ac
528 2480 650 2501 eorum
670 2469 856 2509 satellites,
883 2469 945 2514 qui
960 2470 1089 2503 arden-

94 2523 146 2550 tes
169 2517 287 2550 furore
308 2526 342 2551 et
365 2519 448 2552 odio
467 2517 552 2561 Dei,
581 2526 613 2553 et
638 2520 798 2553 omnium
818 2518 1087 2565 Prophetarum,

94 2568 201 2601 etiam
217 2564 409 2602 Christum
427 2571 544 2604 delere
562 2571 678 2604 conati
697 2578 790 2607 sunt.

197 2617 369 2660 Effectus,
397 2622 545 2664 placatio
571 2623 644 2655 irae
666 2621 751 2664 Dei,
777 2629 816 2656 ut
839 2622 998 2656 iusticiae
1021 2622 1088 2657 Dei
1111 2645 1114 2690 ι

96 2669 289 2704 satisfieret.
341 2670 422 2706 Non
444 2674 538 2706 enim
563 2680 696 2707 temere
711 2675 847 2708 abiecta
864 2681 915 2708 est
932 2674 1000 2715 ira,
1026 2677 1088 2709 sed
1111 2692 1114 2701 ·

95 2721 212 2755 voluit
227 2720 323 2755 Deus
346 2724 447 2758 reddi
463 2721 618 2772 λύτρον,
648 2726 730 2771 quia
749 2726 867 2759 omnis
882 2725 938 2759 lex
955 2726 1089 2771 obligat
1111 2704 1114 2765 ἶ

607 135 905 172 ΕΝΑΒΡιΑἸἸΟ
935 136 984 170 IN
1013 135 1197 173 EVANG.
1226 135 1441 172 IOANNIS.

1119 508 1121 514 ’
1147 534 1180 561 et
1205 527 1298 562 fidei.

1503 135 1608 173 CAP.
1637 136 1774 172 xvtll.
2068 137 2145 173 390

1150 229 1211 256 aut
1235 224 1278 256 ad
1296 223 1554 261 obedientiam,
1581 224 1698 257 autad
1718 235 1879 268 poenam.
1931 222 2071 258 Deinde
2087 236 2144 258 se-

1150 281 1311 319 quuntur
1339 274 1400 307 alii
1425 274 1528 307 multi
1554 274 1716 313 effectus,
1751 275 1992 308 reconciliatio
2017 275 2084 309 Dei
2110 283 2143 309 et

1149 322 1356 365 hominum,
1391 325 1537 358 donatio
1573 326 1749 364 iusticiae,
1785 325 1939 370 Spiritus
1972 327 2083 361 sancti
2109 334 2142 361 et

1150 375 1241 408 vitae
1265 382 1446 416 aeternae,
1480 377 1673 410 destructio
1702 389 1848 421 operum
1873 378 2026 419 diaboli,
2061 390 2142 422 pec-

1148 432 1216 459 cati
1234 433 1267 459 et
1285 434 1419 459 mortis.

1251 477 1454 520 Applicatio
1486 478 1643 511 continet
1675 479 1872 511 doctrinam
1904 480 2141 523 poenitentiae

1352 526 1514 561 Primum
1541 540 1622 561 vera
1649 535 1682 561 et
1707 526 1889 562 horribilis
1911 530 1962 563 ira
1984 531 2055 564 Dei
2079 532 2142 564 ad-

1147 590 1268 611 versus
1294 586 1432 621 peccata
1456 586 1575 612 nostra
1600 580 1782 623 cogitetur.
1845 579 1934 614 Cum
1958 582 2052 614 enim
2078 593 2141 616 vo-

1147 630 1253 663 luerit
1284 629 1397 662 filium
1432 630 1506 663 fieri
1531 631 1708 663 victimam
1738 643 1800 672 pro
1826 643 1950 674 genere
1972 630 2141 673 humano,

1147 687 1283 714 constat
1321 681 1499 722 ingentem
1534 688 1567 714 et
1601 693 1674 714 non
1707 682 1909 716 simulatam
1938 682 2027 715 iram
2058 695 2142 717 esse.

1117 738 1118 741 ’
1146 731 1262 765 Multa
1288 739 1370 765 sunt
1396 732 1595 766 tristissima
1621 732 1822 766 testimonia
1842 734 1914 766 irae
1930 731 1998 766 Dei
2015 735 2142 767 adver-

1117 777 1119 798 *
1145 794 1204 816 sus
1227 789 1383 826 peccata,
1411 790 1450 816 ut
1475 795 1569 816 mors
1592 790 1625 816 et
1643 783 1803 817 infinitae
1819 784 1907 817 aliae
1925 784 2141 819 calamitates

1146 832 1345 867 hominum.
1414 834 1484 868 Sed
1512 832 1578 868 hoc
1602 835 1844 868 testimonium
1870 835 1974 878 longe
2000 843 2141 880 superat

1117 887 1118 896 ¹
1145 885 1284 925 omnia,
1319 886 1415 930 quod
1450 885 1488 918 in
1513 886 1575 918 illo
1599 897 1726 918 arcano
1754 886 1905 919 consilio
1930 887 2054 920 divino
2079 888 2141 920 de—

1146 943 1280 970 cretum
1298 943 1366 976 est,
1394 943 1431 969 ut
1448 937 1541 969 filius
1559 936 1623 970 Dei
1640 937 1737 970 fieret
1755 937 1907 971 victima.

1249 985 1453 1031 Applicatio
1475 995 1526 1021 est
1544 988 1651 1031 igitur
1667 988 1857 1032 passionis,
1885 989 2039 1033 primum
2060 1001 2140 1023 vere

1145 1050 1370 1082 expavescere
1402 1039 1582 1081 agnitione
1615 1039 1687 1072 irae
1720 1037 1786 1072 Dei
1818 1041 1987 1073 adversus
2019 1047 2140 1074 nostra

1144 1097 1304 1134 peccata,
1341 1090 1432 1123 sicut
1460 1090 1533 1133 ipse
1559 1090 1661 1130 dicit,
1698 1090 1783 1123 Luc.
1802 1091 1880 1126 23.:
1915 1090 1968 1124 Ne
1994 1091 2140 1135 ploretis

1145 1153 1250 1185 super
1272 1153 1345 1181 me,
1376 1142 1434 1173 sed
1460 1141 1594 1185 plorate
1618 1152 1725 1188 super
1749 1154 1811 1174 vos
1833 1149 1864 1175 et
1883 1142 1974 1175 filios
1993 1149 2137 1176 vestros.

1143 1191 1285 1225 Deinde
1303 1193 1442 1225 accedat
1459 1199 1492 1225 et
1508 1192 1616 1225 altera
1632 1192 1820 1235 applicatio
1837 1193 1936 1231 fidei,
1965 1205 2054 1237 quae
2069 1200 2139 1227 sta-

1144 1249 1220 1276 tuat
1245 1244 1452 1276 mandatum
1477 1249 1661 1276 aeternum
1678 1241 1742 1275 Dei
1767 1250 1798 1276 et
1817 1244 2038 1277 immutabile
2056 1256 2139 1286 esse,

1142 1300 1182 1327 ut
1214 1294 1397 1327 credamus
1427 1301 1572 1337 propter
1595 1305 1661 1326 nos
1686 1293 1798 1326 filium
1823 1293 1888 1328 Dei
1910 1295 2039 1328 factum
2065 1307 2139 1329 esse

1113 1355 1116 1375 ε
1143 1345 1322 1378 victimam
1334 1371 1343 1385 ,
1369 1351 1402 1378 et
1421 1356 1485 1378 nos
1501 1344 1611 1388 recipi
1628 1357 1646 1377 a
1663 1343 1758 1383 Deo,
1786 1357 1865 1379 cum
1884 1346 2058 1380 credimus
2073 1359 2139 1380 no-

1142 1395 1197 1429 bis
1222 1395 1353 1429 remitti
1381 1403 1520 1440 peccata
1546 1403 1690 1440 propter
1713 1396 1842 1440 ipsum.
1895 1396 1970 1431 Hac
1992 1397 2060 1430 fide
2082 1398 2140 1431 in-

1142 1453 1264 1480 coatur
1287 1447 1359 1480 vita
1384 1454 1525 1481 aeterna
1551 1447 1589 1479 in
1615 1448 1804 1488 cordibus,
1837 1448 1919 1493 quia
1946 1447 2029 1482 baec
2053 1461 2140 1482 con-

1142 1498 1267 1531 solatio
1290 1498 1418 1533 liberat
1435 1511 1472 1531 ea
1491 1510 1508 1532 a
1527 1499 1718 1543 pavoribus
1731 1526 1740 1540 ,
1769 1506 1801 1533 et
1819 1511 1947 1533 novam
1966 1501 2081 1534 lucem
2101 1513 2139 1534 ac

1142 1549 1249 1583 vitam
1270 1549 1396 1584 incoat.

1245 1600 1300 1633 Ad
1342 1600 1613 1647 paedagogicam
1648 1601 1915 1634 meditationem
1948 1601 2075 1634 deinde
2105 1608 2138 1635 et

1142 1649 1227 1684 haec
1250 1651 1412 1684 doctrina
1437 1652 1608 1694 pertinet,
1636 1653 1731 1696 quod
1749 1652 1913 1685 videlicet
1931 1653 2137 1696 applicatio-

1142 1715 1222 1735 nem
1241 1709 1398 1735 nostram
1414 1703 1511 1747 sequi
1531 1703 1682 1736 debeant
1697 1703 1888 1746 gratiarum
1906 1704 2008 1742 actio,
2037 1716 2138 1747 prae-

1142 1753 1291 1792 dicatio,
1326 1754 1518 1794 confessio,
1555 1754 1705 1788 imitatio
1736 1755 1773 1787 in
1796 1767 1907 1790 cruce.
1970 1753 2050 1788 Huc
2072 1756 2137 1788 ad-

1113 1814 1114 1817 *
1142 1805 1309 1847 iungatur
1327 1811 1359 1838 et
1374 1805 1534 1839 doctrina
1556 1806 1598 1838 de
1613 1806 1807 1839 sacerdotio
1823 1803 1977 1849 Christi,
2005 1807 2049 1839 de
2066 1819 2136 1851 quo

1143 1856 1310 1899 scriptum
1337 1863 1402 1890 est:
1432 1855 1489 1889 Tu
1514 1869 1547 1889 es
1569 1857 1730 1890 sacerdos
1754 1857 1791 1889 in
1810 1864 1990 1890 aeternum
2011 1869 2137 1890 secun-

1143 1908 1228 1940 dum
1247 1907 1409 1939 ordinem
1430 1905 1706 1942 Melchisedech.
1760 1905 1924 1941 Christus
1943 1909 2038 1942 enim
2056 1920 2136 1942 vere

1143 1965 1193 1992 est
1217 1970 1375 1991 summus
1399 1959 1579 1997 sacerdos,
1607 1959 1662 1992 cui
1680 1956 1766 1991 haec
1782 1959 1940 1993 definitio
1956 1960 2136 1994 convenit.

1143 2008 1312 2043 Sacerdos
1347 2016 1396 2043 est
1427 2021 1596 2054 persona,
1631 2022 1720 2055 quae
1748 2011 2018 2054 promissionem
2044 2012 2136 2043 divi-

1142 2072 1223 2092 nam
1257 2057 1382 2101 habet,
1417 2068 1455 2094 ut
1476 2067 1569 2094 certo
1594 2068 1746 2095 statuere
1772 2062 1881 2105 possit
1907 2074 1941 2094 se
1967 2062 2137 2100 exaudiri,

1142 2118 1264 2144 vocata
1300 2113 1466 2145 mandato
1497 2112 1641 2153 divino,
1674 2119 1714 2146 ut
1743 2113 1864 2146 doceat
1888 2112 2137 2156 Evangelium,

1142 2169 1175 2195 et
1192 2168 1288 2205 oret,
1316 2175 1355 2196 ac
1370 2163 1537 2197 sacrificet
1557 2176 1620 2208 pro
1640 2164 1729 2199 aliis,
1782 2163 1877 2197 Haec
1893 2164 2136 2208 propriissime

1141 2220 1174 2247 et
1194 2213 1350 2257 primum
1367 2222 1570 2258 competunt
1586 2215 1659 2248 filio
1676 2213 1759 2253 Dei,
1787 2215 1847 2259 qui
1865 2216 2136 2259 promissionem

1141 2263 1263 2305 habet,
1292 2277 1360 2310 qua
1379 2273 1473 2299 certo
1490 2267 1554 2299 scit
1571 2278 1606 2299 se
1622 2266 1790 2307 exaudiri,
1818 2267 1914 2299 iuxta
1932 2267 2039 2300 illud:
2068 2266 2137 2300 Hic

1142 2324 1191 2350 est
1219 2317 1312 2349 filius
1336 2329 1434 2350 meus
1459 2317 1628 2357 dilectus,
1656 2329 1726 2362 quo
1753 2318 1930 2358 delector,
1959 2325 1992 2351 et
2019 2318 2050 2352 1.
2069 2317 2136 2351 Ti-

1141 2365 1252 2403 moth.
1270 2369 1320 2403 2:
1352 2367 1452 2402 Unus
1469 2369 1642 2401 mediator
1657 2367 1743 2409 Dei,
1770 2376 1802 2403 et
1821 2365 2009 2402 hominum
2028 2366 2135 2403 homo

1141 2417 1305 2453 Christus
1341 2419 1446 2454 Iesus.
1518 2417 1564 2453 Et
1593 2417 1650 2452 hic
1675 2419 1769 2453 filius
1794 2420 1943 2464 protulit
1967 2432 2136 2454 arcanum

1141 2471 1320 2504 decretum
1347 2472 1388 2504 de
1411 2470 1698 2504 reconciliatione
1713 2483 1752 2504 ex
1769 2471 1849 2504 sinu
1865 2472 1998 2505 aeterni
2014 2471 2136 2516 patris,

1141 2529 1181 2555 ut
1204 2522 1303 2563 Ioan,
1320 2525 1351 2558 1.
1376 2522 1521 2555 dicitur:
1556 2520 1767 2564 Unigenitus
1790 2522 1901 2563 filius,
1939 2523 1999 2568 qui
2025 2531 2074 2557 est
2098 2523 2136 2555 in

1142 2573 1223 2607 sinu
1233 2574 1351 2617 patris,
1372 2574 1445 2617 ipse
1456 2573 1644 2614 enarravit,
1664 2580 1697 2607 et
1709 2572 1805 2606 ioan.
1819 2574 1892 2609 17.:
1916 2573 1991 2617 Ego
2003 2574 2137 2607 tradidi

1142 2625 1191 2658 eis
1209 2636 1408 2658 sermonem
1425 2630 1537 2659 tunm.
1591 2622 1699 2667 Quod
1714 2632 1829 2658 autem
1847 2632 1923 2659 oret
1939 2637 2002 2669 pro
2020 2625 2134 2663 nobis,

1141 2676 1249 2709 verba
1280 2682 1400 2720 aperte
1433 2682 1627 2716 testantur,
1662 2674 1761 2709 Ioan.
1781 2675 1857 2712 17.:
1892 2676 1972 2709 Non
1997 2688 2061 2719 pro
2085 2676 2135 2709 eis

1140 2734 1278 2762 tantum
1307 2739 1392 2769 oro,
1427 2727 1486 2760 sed
1511 2739 1575 2771 pro
1599 2727 1785 2770 omnibus,
1816 2728 1878 2773 qui
1905 2728 2047 2761 credent
2074 2739 2136 2772 per

1535 2776 1619 2813 25*
