<?xml version="1.0" encoding="UTF-8"?>
<!DOCTYPE html PUBLIC "-//W3C//DTD XHTML 1.0 Transitional//EN"
    "http://www.w3.org/TR/xhtml1/DTD/xhtml1-transitional.dtd">
<html xmlns="http://www.w3.org/1999/xhtml" xml:lang="en" lang="en">
 <head>
  <title>
</title>
<meta http-equiv="Content-Type" content="text/html;charset=utf-8" />
  <meta name='ocr-system' content='tesseract 3.04.00' />
  <meta name='ocr-capabilities' content='ocr_page ocr_carea ocr_par ocr_line ocrx_word'/>
</head>
<body>
  <div class='ocr_page' id='page_1' title='image "./operaquaesupersu15melauoft/operaquaesupersu15melauoft_0189.png"; bbox 0 0 2415 2942; ppageno 0'>
   <div class='ocr_carea' id='block_1_1' title="bbox 14 658 26 893">
    <p class='ocr_par' dir='ltr' id='par_1_1' title="bbox 14 658 26 893">
     <span class='ocr_line' id='line_1_1' title="bbox 14 658 26 893; textangle 90"><span class='ocrx_word' id='word_1_1' title='bbox 14 873 18 893; x_wconf 62' lang='lat'><strong>&lt;</strong></span> <span class='ocrx_word' id='word_1_2' title='bbox 14 734 25 843; x_wconf 39' lang='lat' dir='ltr'>*Aa*</span> <span class='ocrx_word' id='word_1_3' title='bbox 19 658 26 727; x_wconf 56' lang='lat'>„,.„„„</span> 
     </span>
    </p>
   </div>
   <div class='ocr_carea' id='block_1_2' title="bbox 54 251 706 296">
    <p class='ocr_par' dir='ltr' id='par_1_2' title="bbox 54 251 706 296">
     <span class='ocr_line' id='line_1_2' title="bbox 54 251 706 296; baseline 0 -12"><span class='ocrx_word' id='word_1_4' title='bbox 54 260 57 262; x_wconf 88' lang='grc'><strong><em>·</em></strong></span> <span class='ocrx_word' id='word_1_5' title='bbox 105 251 283 296; x_wconf 89' lang='lat' dir='ltr'>inquiunt,</span> <span class='ocrx_word' id='word_1_6' title='bbox 311 258 427 294; x_wconf 87' lang='lat' dir='ltr'>postea</span> <span class='ocrx_word' id='word_1_7' title='bbox 446 252 598 285; x_wconf 87' lang='lat' dir='ltr'>revelata</span> <span class='ocrx_word' id='word_1_8' title='bbox 613 258 706 285; x_wconf 87' lang='lat' dir='ltr'>sunt.</span> 
     </span>
    </p>
   </div>
   <div class='ocr_carea' id='block_1_3' title="bbox 108 111 583 150">
    <p class='ocr_par' dir='ltr' id='par_1_3' title="bbox 108 111 583 150">
     <span class='ocr_line' id='line_1_3' title="bbox 108 111 583 150; baseline -0.004 0"><span class='ocrx_word' id='word_1_9' title='bbox 108 115 181 150; x_wconf 82' lang='lat'>361</span> <span class='ocrx_word' id='word_1_10' title='bbox 502 111 583 149; x_wconf 83' lang='lat' dir='ltr'>XII.</span> 
     </span>
    </p>
   </div>
   <div class='ocr_carea' id='block_1_4' title="bbox 89 197 1094 1299">
    <p class='ocr_par' dir='ltr' id='par_1_4' title="bbox 89 197 1094 1299">
     <span class='ocr_line' id='line_1_4' title="bbox 105 197 1094 248; baseline 0 -15"><span class='ocrx_word' id='word_1_11' title='bbox 105 201 235 243; x_wconf 83' lang='lat' dir='ltr'>tenda,</span> <span class='ocrx_word' id='word_1_12' title='bbox 271 211 360 245; x_wconf 90' lang='lat' dir='ltr'>quae</span> <span class='ocrx_word' id='word_1_13' title='bbox 390 211 464 233; x_wconf 89' lang='lat' dir='ltr'>non</span> <span class='ocrx_word' id='word_1_14' title='bbox 495 200 642 248; x_wconf 88' lang='lat' dir='ltr'>potestis</span> <span class='ocrx_word' id='word_1_15' title='bbox 672 201 778 234; x_wconf 87' lang='lat' dir='ltr'>modo</span> <span class='ocrx_word' id='word_1_16' title='bbox 804 205 962 243; x_wconf 87' lang='lat' dir='ltr'>portare,</span> <span class='ocrx_word' id='word_1_17' title='bbox 996 197 1094 241; x_wconf 88' lang='lat' dir='ltr'>haec,</span> 
     </span>
     <span class='ocr_line' id='line_1_5' title="bbox 757 249 1093 293; baseline 0.003 -11"><span class='ocrx_word' id='word_1_18' title='bbox 757 249 967 293; x_wconf 78' lang='lat' dir='ltr'><strong>Quaenam?</strong></span> <span class='ocrx_word' id='word_1_19' title='bbox 1018 249 1093 283; x_wconf 92' lang='lat' dir='ltr'>Do-</span> 
     </span>
     <span class='ocr_line' id='line_1_6' title="bbox 104 300 1092 342; baseline -0.001 -8"><span class='ocrx_word' id='word_1_20' title='bbox 104 302 216 335; x_wconf 89' lang='lat' dir='ltr'>ctrina</span> <span class='ocrx_word' id='word_1_21' title='bbox 241 302 284 334; x_wconf 90' lang='lat' dir='ltr'>de</span> <span class='ocrx_word' id='word_1_22' title='bbox 305 302 508 335; x_wconf 83' lang='lat' dir='ltr'>discrimine</span> <span class='ocrx_word' id='word_1_23' title='bbox 524 303 703 342; x_wconf 90' lang='lat' dir='ltr'>ciborum,</span> <span class='ocrx_word' id='word_1_24' title='bbox 727 300 896 341; x_wconf 87' lang='lat' dir='ltr'>vestium,</span> <span class='ocrx_word' id='word_1_25' title='bbox 924 301 967 334; x_wconf 90' lang='lat' dir='ltr'>de</span> <span class='ocrx_word' id='word_1_26' title='bbox 984 301 1092 333; x_wconf 91' lang='lat' dir='ltr'>sacri-</span> 
     </span>
     <span class='ocr_line' id='line_1_7' title="bbox 103 350 1090 396; baseline -0.002 -11"><span class='ocrx_word' id='word_1_27' title='bbox 103 352 182 385; x_wconf 91' lang='lat' dir='ltr'>ficio</span> <span class='ocrx_word' id='word_1_28' title='bbox 206 364 269 396; x_wconf 90' lang='lat' dir='ltr'>pro</span> <span class='ocrx_word' id='word_1_29' title='bbox 293 353 462 393; x_wconf 87' lang='lat' dir='ltr'>mortuis,</span> <span class='ocrx_word' id='word_1_30' title='bbox 487 360 520 386; x_wconf 88' lang='lat' dir='ltr'>et</span> <span class='ocrx_word' id='word_1_31' title='bbox 545 354 632 386; x_wconf 89' lang='lat' dir='ltr'>aliae</span> <span class='ocrx_word' id='word_1_32' title='bbox 656 352 785 385; x_wconf 89' lang='lat' dir='ltr'>multae</span> <span class='ocrx_word' id='word_1_33' title='bbox 804 351 968 395; x_wconf 73' lang='lat' dir='ltr'>ineptiae.</span> <span class='ocrx_word' id='word_1_34' title='bbox 1021 350 1090 384; x_wconf 91' lang='lat' dir='ltr'>Te-</span> 
     </span>
     <span class='ocr_line' id='line_1_8' title="bbox 101 401 1089 447; baseline -0.002 -11"><span class='ocrx_word' id='word_1_35' title='bbox 101 410 227 436; x_wconf 88' lang='lat' dir='ltr'>neatur</span> <span class='ocrx_word' id='word_1_36' title='bbox 243 404 359 437; x_wconf 91' lang='lat' dir='ltr'>brevis</span> <span class='ocrx_word' id='word_1_37' title='bbox 375 405 550 438; x_wconf 77' lang='lat' dir='ltr'><strong>refutatio.</strong></span> <span class='ocrx_word' id='word_1_38' title='bbox 584 403 697 447; x_wconf 86' lang='lat' dir='ltr'>Supra</span> <span class='ocrx_word' id='word_1_39' title='bbox 713 403 845 435; x_wconf 91' lang='lat' dir='ltr'>dictum</span> <span class='ocrx_word' id='word_1_40' title='bbox 862 409 913 435; x_wconf 90' lang='lat' dir='ltr'>est</span> <span class='ocrx_word' id='word_1_41' title='bbox 929 414 1001 445; x_wconf 89' lang='lat' dir='ltr'>cap.</span> <span class='ocrx_word' id='word_1_42' title='bbox 1016 401 1089 436; x_wconf 80' lang='lat'><strong>14.:</strong></span> 
     </span>
     <span class='ocr_line' id='line_1_9' title="bbox 102 452 1089 495; baseline -0.002 -8"><span class='ocrx_word' id='word_1_43' title='bbox 102 453 168 487; x_wconf 89' lang='lat' dir='ltr'>Ille</span> <span class='ocrx_word' id='word_1_44' title='bbox 186 455 324 488; x_wconf 81' lang='lat' dir='ltr'>docebit</span> <span class='ocrx_word' id='word_1_45' title='bbox 341 467 402 488; x_wconf 92' lang='lat' dir='ltr'>vos</span> <span class='ocrx_word' id='word_1_46' title='bbox 421 455 537 488; x_wconf 88' lang='lat' dir='ltr'>omnia</span> <span class='ocrx_word' id='word_1_47' title='bbox 550 479 558 493; x_wconf 95' lang='lat'>,</span> <span class='ocrx_word' id='word_1_48' title='bbox 586 461 617 487; x_wconf 90' lang='lat' dir='ltr'>et</span> <span class='ocrx_word' id='word_1_49' title='bbox 637 453 768 495; x_wconf 79' lang='lat' dir='ltr'>rediget</span> <span class='ocrx_word' id='word_1_50' title='bbox 785 452 884 486; x_wconf 88' lang='lat' dir='ltr'>vobis</span> <span class='ocrx_word' id='word_1_51' title='bbox 901 454 938 486; x_wconf 87' lang='lat' dir='ltr'>in</span> <span class='ocrx_word' id='word_1_52' title='bbox 955 465 1089 486; x_wconf 91' lang='lat' dir='ltr'>memo-</span> 
     </span>
     <span class='ocr_line' id='line_1_10' title="bbox 100 503 1088 550; baseline -0.001 -13"><span class='ocrx_word' id='word_1_53' title='bbox 100 505 190 538; x_wconf 87' lang='lat' dir='ltr'>riam</span> <span class='ocrx_word' id='word_1_54' title='bbox 222 518 260 538; x_wconf 90' lang='lat' dir='ltr'>ea</span> <span class='ocrx_word' id='word_1_55' title='bbox 294 517 382 550; x_wconf 91' lang='lat' dir='ltr'>quae</span> <span class='ocrx_word' id='word_1_56' title='bbox 411 505 484 538; x_wconf 83' lang='lat' dir='ltr'>dixi</span> <span class='ocrx_word' id='word_1_57' title='bbox 506 505 615 538; x_wconf 85' lang='lat' dir='ltr'>vobis.</span> <span class='ocrx_word' id='word_1_58' title='bbox 673 503 827 547; x_wconf 84' lang='lat' dir='ltr'>Spiritus</span> <span class='ocrx_word' id='word_1_59' title='bbox 852 511 990 537; x_wconf 89' lang='lat' dir='ltr'>sanctus</span> <span class='ocrx_word' id='word_1_60' title='bbox 1016 515 1088 536; x_wconf 86' lang='lat' dir='ltr'>non</span> 
     </span>
     <span class='ocr_line' id='line_1_11' title="bbox 99 551 1087 596; baseline -0.002 -7"><span class='ocrx_word' id='word_1_61' title='bbox 99 555 202 590; x_wconf 86' lang='lat' dir='ltr'>affert</span> <span class='ocrx_word' id='word_1_62' title='bbox 218 568 344 589; x_wconf 86' lang='lat' dir='ltr'>novam</span> <span class='ocrx_word' id='word_1_63' title='bbox 362 557 570 596; x_wconf 74' lang='lat' dir='ltr'>doctrinam,</span> <span class='ocrx_word' id='word_1_64' title='bbox 596 555 755 588; x_wconf 89' lang='lat' dir='ltr'>nondum</span> <span class='ocrx_word' id='word_1_65' title='bbox 772 554 935 588; x_wconf 74' lang='lat' dir='ltr'>traditam</span> <span class='ocrx_word' id='word_1_66' title='bbox 951 567 969 587; x_wconf 92' lang='lat' dir='ltr'>a</span> <span class='ocrx_word' id='word_1_67' title='bbox 981 551 1087 587; x_wconf 83' lang='lat' dir='ltr'>Chri-</span> 
     </span>
     <span class='ocr_line' id='line_1_12' title="bbox 100 606 1086 645; baseline -0.002 -6"><span class='ocrx_word' id='word_1_68' title='bbox 100 613 172 645; x_wconf 91' lang='lat' dir='ltr'>sto,</span> <span class='ocrx_word' id='word_1_69' title='bbox 200 608 259 639; x_wconf 93' lang='lat' dir='ltr'>sed</span> <span class='ocrx_word' id='word_1_70' title='bbox 277 607 432 640; x_wconf 85' lang='lat' dir='ltr'>accendit</span> <span class='ocrx_word' id='word_1_71' title='bbox 446 607 559 639; x_wconf 91' lang='lat' dir='ltr'>lucem</span> <span class='ocrx_word' id='word_1_72' title='bbox 577 606 614 638; x_wconf 91' lang='lat' dir='ltr'>in</span> <span class='ocrx_word' id='word_1_73' title='bbox 629 606 809 645; x_wconf 87' lang='lat' dir='ltr'>cordibus,</span> <span class='ocrx_word' id='word_1_74' title='bbox 837 613 875 639; x_wconf 81' lang='lat' dir='ltr'>ut</span> <span class='ocrx_word' id='word_1_75' title='bbox 892 606 1086 639; x_wconf 84' lang='lat' dir='ltr'>assentian-</span> 
     </span>
     <span class='ocr_line' id='line_1_13' title="bbox 99 654 1087 702; baseline 0 -12"><span class='ocrx_word' id='word_1_76' title='bbox 99 664 158 690; x_wconf 89' lang='lat' dir='ltr'>tur</span> <span class='ocrx_word' id='word_1_77' title='bbox 180 656 390 700; x_wconf 77' lang='lat' dir='ltr'>Evangelio,</span> <span class='ocrx_word' id='word_1_78' title='bbox 423 657 518 702; x_wconf 90' lang='lat' dir='ltr'>quod</span> <span class='ocrx_word' id='word_1_79' title='bbox 544 656 613 689; x_wconf 89' lang='lat' dir='ltr'>iam</span> <span class='ocrx_word' id='word_1_80' title='bbox 638 656 755 689; x_wconf 89' lang='lat' dir='ltr'>sonuit</span> <span class='ocrx_word' id='word_1_81' title='bbox 781 668 847 688; x_wconf 83' lang='lat' dir='ltr'>vox</span> <span class='ocrx_word' id='word_1_82' title='bbox 871 654 1023 697; x_wconf 82' lang='lat' dir='ltr'>Christi,</span> <span class='ocrx_word' id='word_1_83' title='bbox 1053 663 1087 690; x_wconf 88' lang='lat' dir='ltr'>et</span> 
     </span>
     <span class='ocr_line' id='line_1_14' title="bbox 98 705 1085 752; baseline -0.002 -11"><span class='ocrx_word' id='word_1_84' title='bbox 98 705 157 741; x_wconf 88' lang='lat' dir='ltr'>hic</span> <span class='ocrx_word' id='word_1_85' title='bbox 173 708 318 741; x_wconf 86' lang='lat' dir='ltr'>dicitur:</span> <span class='ocrx_word' id='word_1_86' title='bbox 347 707 426 741; x_wconf 81' lang='lat' dir='ltr'>Non</span> <span class='ocrx_word' id='word_1_87' title='bbox 446 708 609 751; x_wconf 85' lang='lat' dir='ltr'>loquetur</span> <span class='ocrx_word' id='word_1_88' title='bbox 624 718 642 739; x_wconf 88' lang='lat' dir='ltr'>a</span> <span class='ocrx_word' id='word_1_89' title='bbox 660 718 750 745; x_wconf 88' lang='lat' dir='ltr'>sese,</span> <span class='ocrx_word' id='word_1_90' title='bbox 779 710 837 739; x_wconf 89' lang='lat' dir='ltr'>sed</span> <span class='ocrx_word' id='word_1_91' title='bbox 855 719 944 752; x_wconf 86' lang='lat' dir='ltr'>quae</span> <span class='ocrx_word' id='word_1_92' title='bbox 963 707 1085 740; x_wconf 91' lang='lat' dir='ltr'>andie-</span> 
     </span>
     <span class='ocr_line' id='line_1_15' title="bbox 97 757 1084 803; baseline -0.001 -12"><span class='ocrx_word' id='word_1_93' title='bbox 97 758 162 798; x_wconf 86' lang='lat' dir='ltr'>rit,</span> <span class='ocrx_word' id='word_1_94' title='bbox 195 759 370 803; x_wconf 79' lang='lat' dir='ltr'>loquetur.</span> <span class='ocrx_word' id='word_1_95' title='bbox 436 757 727 801; x_wconf 85' lang='lat' dir='ltr'>Indignissimum</span> <span class='ocrx_word' id='word_1_96' title='bbox 751 765 819 798; x_wconf 88' lang='lat' dir='ltr'>est,</span> <span class='ocrx_word' id='word_1_97' title='bbox 853 770 926 791; x_wconf 91' lang='lat' dir='ltr'>non</span> <span class='ocrx_word' id='word_1_98' title='bbox 951 759 1084 791; x_wconf 89' lang='lat' dir='ltr'>maiora</span> 
     </span>
     <span class='ocr_line' id='line_1_16' title="bbox 96 807 1084 854; baseline -0.002 -11"><span class='ocrx_word' id='word_1_99' title='bbox 96 809 252 843; x_wconf 84' lang='lat' dir='ltr'>tribuere</span> <span class='ocrx_word' id='word_1_100' title='bbox 269 808 417 852; x_wconf 88' lang='lat' dir='ltr'>Spiritui</span> <span class='ocrx_word' id='word_1_101' title='bbox 441 816 579 849; x_wconf 84' lang='lat' dir='ltr'>sancto,</span> <span class='ocrx_word' id='word_1_102' title='bbox 607 821 711 854; x_wconf 88' lang='lat' dir='ltr'>quam</span> <span class='ocrx_word' id='word_1_103' title='bbox 739 809 886 852; x_wconf 78' lang='lat' dir='ltr'>ineptias</span> <span class='ocrx_word' id='word_1_104' title='bbox 911 807 1084 842; x_wconf 87' lang='lat' dir='ltr'>humana-</span> 
     </span>
     <span class='ocr_line' id='line_1_17' title="bbox 96 857 1082 904; baseline 0.001 -12"><span class='ocrx_word' id='word_1_105' title='bbox 96 871 176 893; x_wconf 88' lang='lat' dir='ltr'>rum</span> <span class='ocrx_word' id='word_1_106' title='bbox 203 860 446 895; x_wconf 87' lang='lat' dir='ltr'>traditionum.</span> <span class='ocrx_word' id='word_1_107' title='bbox 516 859 599 893; x_wconf 84' lang='lat' dir='ltr'>Ideo</span> <span class='ocrx_word' id='word_1_108' title='bbox 624 860 786 904; x_wconf 91' lang='lat' dir='ltr'>relinquo</span> <span class='ocrx_word' id='word_1_109' title='bbox 812 857 902 892; x_wconf 87' lang='lat' dir='ltr'>hanc</span> <span class='ocrx_word' id='word_1_110' title='bbox 925 860 1082 904; x_wconf 91' lang='lat' dir='ltr'>disputa-</span> 
     </span>
     <span class='ocr_line' id='line_1_18' title="bbox 95 910 1082 950; baseline 0 -6"><span class='ocrx_word' id='word_1_111' title='bbox 95 910 248 950; x_wconf 79' lang='lat' dir='ltr'>tionem,</span> <span class='ocrx_word' id='word_1_112' title='bbox 281 923 320 943; x_wconf 90' lang='lat' dir='ltr'>ac</span> <span class='ocrx_word' id='word_1_113' title='bbox 354 917 487 944; x_wconf 88' lang='lat' dir='ltr'>tantum</span> <span class='ocrx_word' id='word_1_114' title='bbox 521 911 797 944; x_wconf 75' lang='lat' dir='ltr'>commonefacio</span> <span class='ocrx_word' id='word_1_115' title='bbox 823 911 1009 948; x_wconf 88' lang='lat' dir='ltr'>lectorem,</span> <span class='ocrx_word' id='word_1_116' title='bbox 1044 917 1082 944; x_wconf 91' lang='lat' dir='ltr'>ut</span> 
     </span>
     <span class='ocr_line' id='line_1_19' title="bbox 93 960 1082 1005; baseline 0.001 -12"><span class='ocrx_word' id='word_1_117' title='bbox 93 961 220 1004; x_wconf 83' lang='lat' dir='ltr'>cogitet</span> <span class='ocrx_word' id='word_1_118' title='bbox 241 960 413 1005; x_wconf 86' lang='lat' dir='ltr'>Spiritum</span> <span class='ocrx_word' id='word_1_119' title='bbox 438 968 596 994; x_wconf 87' lang='lat' dir='ltr'>sanctum</span> <span class='ocrx_word' id='word_1_120' title='bbox 623 961 833 1005; x_wconf 87' lang='lat' dir='ltr'>promissum</span> <span class='ocrx_word' id='word_1_121' title='bbox 860 973 932 994; x_wconf 90' lang='lat' dir='ltr'>esse</span> <span class='ocrx_word' id='word_1_122' title='bbox 956 963 998 994; x_wconf 89' lang='lat' dir='ltr'>ad</span> <span class='ocrx_word' id='word_1_123' title='bbox 1025 962 1082 994; x_wconf 90' lang='lat' dir='ltr'>in—</span> 
     </span>
     <span class='ocr_line' id='line_1_20' title="bbox 94 1012 1080 1057; baseline 0 -13"><span class='ocrx_word' id='word_1_124' title='bbox 94 1012 264 1044; x_wconf 83' lang='lat' dir='ltr'>coandam</span> <span class='ocrx_word' id='word_1_125' title='bbox 294 1012 331 1044; x_wconf 91' lang='lat' dir='ltr'>in</span> <span class='ocrx_word' id='word_1_126' title='bbox 355 1012 520 1045; x_wconf 85' lang='lat' dir='ltr'>cordibus</span> <span class='ocrx_word' id='word_1_127' title='bbox 542 1012 768 1056; x_wconf 83' lang='lat' dir='ltr'>sapientiam,</span> <span class='ocrx_word' id='word_1_128' title='bbox 805 1013 908 1055; x_wconf 83' lang='lat' dir='ltr'>longe</span> <span class='ocrx_word' id='word_1_129' title='bbox 933 1013 1080 1057; x_wconf 78' lang='lat' dir='ltr'>positam</span> 
     </span>
     <span class='ocr_line' id='line_1_21' title="bbox 93 1061 1080 1107; baseline 0.002 -13"><span class='ocrx_word' id='word_1_130' title='bbox 93 1072 198 1106; x_wconf 83' lang='lat' dir='ltr'>supra</span> <span class='ocrx_word' id='word_1_131' title='bbox 222 1069 254 1095; x_wconf 90' lang='lat' dir='ltr'>et</span> <span class='ocrx_word' id='word_1_132' title='bbox 277 1069 370 1096; x_wconf 84' lang='lat' dir='ltr'>extra</span> <span class='ocrx_word' id='word_1_133' title='bbox 387 1069 525 1106; x_wconf 91' lang='lat' dir='ltr'>captum</span> <span class='ocrx_word' id='word_1_134' title='bbox 542 1061 718 1096; x_wconf 86' lang='lat' dir='ltr'>humanae</span> <span class='ocrx_word' id='word_1_135' title='bbox 736 1064 901 1103; x_wconf 86' lang='lat' dir='ltr'>rationis,</span> <span class='ocrx_word' id='word_1_136' title='bbox 929 1072 961 1097; x_wconf 92' lang='lat' dir='ltr'>et</span> <span class='ocrx_word' id='word_1_137' title='bbox 976 1076 1080 1107; x_wconf 87' lang='lat' dir='ltr'>opor-</span> 
     </span>
     <span class='ocr_line' id='line_1_22' title="bbox 91 1111 1079 1155; baseline 0 -9"><span class='ocrx_word' id='word_1_138' title='bbox 91 1119 141 1146; x_wconf 81' lang='lat' dir='ltr'>tet</span> <span class='ocrx_word' id='word_1_139' title='bbox 163 1124 356 1155; x_wconf 84' lang='lat' dir='ltr'>congruere</span> <span class='ocrx_word' id='word_1_140' title='bbox 376 1115 523 1146; x_wconf 81' lang='lat' dir='ltr'>verbum</span> <span class='ocrx_word' id='word_1_141' title='bbox 542 1111 694 1152; x_wconf 79' lang='lat' dir='ltr'>Christi,</span> <span class='ocrx_word' id='word_1_142' title='bbox 722 1121 754 1147; x_wconf 92' lang='lat' dir='ltr'>et</span> <span class='ocrx_word' id='word_1_143' title='bbox 771 1114 884 1147; x_wconf 81' lang='lat' dir='ltr'>lucem</span> <span class='ocrx_word' id='word_1_144' title='bbox 902 1126 1079 1147; x_wconf 83' lang='lat' dir='ltr'>accensam</span> 
     </span>
     <span class='ocr_line' id='line_1_23' title="bbox 90 1163 1081 1208; baseline 0.002 -13"><span class='ocrx_word' id='word_1_145' title='bbox 90 1163 128 1196; x_wconf 89' lang='lat' dir='ltr'>in</span> <span class='ocrx_word' id='word_1_146' title='bbox 143 1164 309 1197; x_wconf 87' lang='lat' dir='ltr'>cordibus</span> <span class='ocrx_word' id='word_1_147' title='bbox 325 1176 343 1197; x_wconf 88' lang='lat' dir='ltr'>a</span> <span class='ocrx_word' id='word_1_148' title='bbox 361 1163 498 1208; x_wconf 85' lang='lat' dir='ltr'>Spiritu</span> <span class='ocrx_word' id='word_1_149' title='bbox 517 1172 657 1204; x_wconf 84' lang='lat' dir='ltr'>sancto,</span> <span class='ocrx_word' id='word_1_150' title='bbox 685 1172 723 1199; x_wconf 90' lang='lat' dir='ltr'>ut</span> <span class='ocrx_word' id='word_1_151' title='bbox 742 1177 861 1198; x_wconf 89' lang='lat' dir='ltr'>revera</span> <span class='ocrx_word' id='word_1_152' title='bbox 881 1172 1081 1208; x_wconf 84' lang='lat' dir='ltr'>congruunt</span> 
     </span>
     <span class='ocr_line' id='line_1_24' title="bbox 89 1213 1079 1260; baseline 0.002 -14"><span class='ocrx_word' id='word_1_153' title='bbox 89 1213 127 1246; x_wconf 91' lang='lat' dir='ltr'>in</span> <span class='ocrx_word' id='word_1_154' title='bbox 149 1215 316 1247; x_wconf 89' lang='lat' dir='ltr'>omnibus</span> <span class='ocrx_word' id='word_1_155' title='bbox 332 1213 464 1248; x_wconf 79' lang='lat' dir='ltr'>Christi</span> <span class='ocrx_word' id='word_1_156' title='bbox 483 1215 667 1256; x_wconf 86' lang='lat' dir='ltr'>membris,</span> <span class='ocrx_word' id='word_1_157' title='bbox 694 1216 757 1249; x_wconf 86' lang='lat' dir='ltr'>etsi</span> <span class='ocrx_word' id='word_1_158' title='bbox 776 1216 813 1248; x_wconf 93' lang='lat' dir='ltr'>in</span> <span class='ocrx_word' id='word_1_159' title='bbox 828 1216 896 1249; x_wconf 90' lang='lat' dir='ltr'>alio</span> <span class='ocrx_word' id='word_1_160' title='bbox 915 1216 1013 1260; x_wconf 88' lang='lat' dir='ltr'>plus,</span> <span class='ocrx_word' id='word_1_161' title='bbox 1042 1216 1079 1248; x_wconf 92' lang='lat' dir='ltr'>in</span> 
     </span>
     <span class='ocr_line' id='line_1_25' title="bbox 89 1264 487 1299; baseline 0.005 -2"><span class='ocrx_word' id='word_1_162' title='bbox 89 1264 160 1298; x_wconf 83' lang='lat' dir='ltr'>alio</span> <span class='ocrx_word' id='word_1_163' title='bbox 179 1265 297 1298; x_wconf 89' lang='lat' dir='ltr'>minus</span> <span class='ocrx_word' id='word_1_164' title='bbox 317 1265 405 1298; x_wconf 89' lang='lat' dir='ltr'>lucis</span> <span class='ocrx_word' id='word_1_165' title='bbox 423 1272 487 1299; x_wconf 87' lang='lat' dir='ltr'>est.</span> 
     </span>
    </p>
   </div>
   <div class='ocr_carea' id='block_1_5' title="bbox 81 1337 1100 2094">
    <p class='ocr_par' dir='ltr' id='par_1_5' title="bbox 81 1337 1100 2094">
     <span class='ocr_line' id='line_1_26' title="bbox 193 1337 1077 1384; baseline 0.002 -12"><span class='ocrx_word' id='word_1_166' title='bbox 193 1338 286 1381; x_wconf 88' lang='lat' dir='ltr'>Quia</span> <span class='ocrx_word' id='word_1_167' title='bbox 311 1346 425 1373; x_wconf 84' lang='lat' dir='ltr'>autern</span> <span class='ocrx_word' id='word_1_168' title='bbox 449 1337 573 1374; x_wconf 83' lang='lat' dir='ltr'>harum</span> <span class='ocrx_word' id='word_1_169' title='bbox 596 1353 716 1373; x_wconf 88' lang='lat' dir='ltr'>rerum</span> <span class='ocrx_word' id='word_1_170' title='bbox 735 1341 888 1384; x_wconf 85' lang='lat' dir='ltr'>cognitio</span> <span class='ocrx_word' id='word_1_171' title='bbox 908 1340 1077 1375; x_wconf 87' lang='lat' dir='ltr'>immensa</span> 
     </span>
     <span class='ocr_line' id='line_1_27' title="bbox 88 1390 1077 1435; baseline 0.001 -11"><span class='ocrx_word' id='word_1_172' title='bbox 88 1397 156 1430; x_wconf 86' lang='lat' dir='ltr'>est,</span> <span class='ocrx_word' id='word_1_173' title='bbox 182 1390 345 1424; x_wconf 86' lang='lat' dir='ltr'>videlicet</span> <span class='ocrx_word' id='word_1_174' title='bbox 362 1397 511 1435; x_wconf 89' lang='lat' dir='ltr'>quantae</span> <span class='ocrx_word' id='word_1_175' title='bbox 528 1403 581 1424; x_wconf 91' lang='lat' dir='ltr'>res</span> <span class='ocrx_word' id='word_1_176' title='bbox 598 1392 668 1424; x_wconf 89' lang='lat' dir='ltr'>sint</span> <span class='ocrx_word' id='word_1_177' title='bbox 686 1399 865 1435; x_wconf 87' lang='lat' dir='ltr'>peccatum</span> <span class='ocrx_word' id='word_1_178' title='bbox 883 1399 914 1425; x_wconf 89' lang='lat' dir='ltr'>et</span> <span class='ocrx_word' id='word_1_179' title='bbox 932 1392 982 1425; x_wconf 89' lang='lat' dir='ltr'>ira</span> <span class='ocrx_word' id='word_1_180' title='bbox 1001 1391 1077 1434; x_wconf 87' lang='lat' dir='ltr'>Dei,</span> 
     </span>
     <span class='ocr_line' id='line_1_28' title="bbox 89 1438 1075 1481; baseline 0.003 -7"><span class='ocrx_word' id='word_1_181' title='bbox 89 1449 120 1474; x_wconf 86' lang='lat' dir='ltr'>et</span> <span class='ocrx_word' id='word_1_182' title='bbox 147 1438 231 1474; x_wconf 90' lang='lat' dir='ltr'>haec</span> <span class='ocrx_word' id='word_1_183' title='bbox 256 1441 396 1474; x_wconf 90' lang='lat' dir='ltr'>victima</span> <span class='ocrx_word' id='word_1_184' title='bbox 421 1441 513 1474; x_wconf 78' lang='lat' dir='ltr'>filius</span> <span class='ocrx_word' id='word_1_185' title='bbox 532 1442 600 1475; x_wconf 83' lang='lat' dir='ltr'>Dei</span> <span class='ocrx_word' id='word_1_186' title='bbox 619 1443 656 1474; x_wconf 92' lang='lat' dir='ltr'>in</span> <span class='ocrx_word' id='word_1_187' title='bbox 673 1454 707 1475; x_wconf 95' lang='lat' dir='ltr'>se</span> <span class='ocrx_word' id='word_1_188' title='bbox 726 1442 890 1475; x_wconf 88' lang='lat' dir='ltr'>derivans</span> <span class='ocrx_word' id='word_1_189' title='bbox 906 1442 991 1475; x_wconf 91' lang='lat' dir='ltr'>iram</span> <span class='ocrx_word' id='word_1_190' title='bbox 1005 1468 1013 1481; x_wconf 85' lang='lat'>‚</span> <span class='ocrx_word' id='word_1_191' title='bbox 1043 1452 1075 1477; x_wconf 91' lang='lat' dir='ltr'>et</span> 
     </span>
     <span class='ocr_line' id='line_1_29' title="bbox 86 1491 1075 1538; baseline 0.003 -15"><span class='ocrx_word' id='word_1_192' title='bbox 86 1498 216 1533; x_wconf 86' lang='lat' dir='ltr'>quanta</span> <span class='ocrx_word' id='word_1_193' title='bbox 236 1492 345 1534; x_wconf 87' lang='lat' dir='ltr'>gloria</span> <span class='ocrx_word' id='word_1_194' title='bbox 364 1492 408 1525; x_wconf 88' lang='lat' dir='ltr'>sit</span> <span class='ocrx_word' id='word_1_195' title='bbox 427 1493 605 1535; x_wconf 82' lang='lat' dir='ltr'>regnantis</span> <span class='ocrx_word' id='word_1_196' title='bbox 625 1491 773 1531; x_wconf 82' lang='lat' dir='ltr'>Christi,</span> <span class='ocrx_word' id='word_1_197' title='bbox 802 1501 931 1538; x_wconf 89' lang='lat' dir='ltr'>quanta</span> <span class='ocrx_word' id='word_1_198' title='bbox 951 1501 1075 1537; x_wconf 84' lang='lat' dir='ltr'>poten-</span> 
     </span>
     <span class='ocr_line' id='line_1_30' title="bbox 86 1542 1075 1587; baseline 0.002 -11"><span class='ocrx_word' id='word_1_199' title='bbox 86 1544 133 1576; x_wconf 88' lang='lat' dir='ltr'>tia</span> <span class='ocrx_word' id='word_1_200' title='bbox 163 1542 315 1582; x_wconf 83' lang='lat' dir='ltr'>diaboli,</span> <span class='ocrx_word' id='word_1_201' title='bbox 350 1543 466 1587; x_wconf 84' lang='lat' dir='ltr'>qualia</span> <span class='ocrx_word' id='word_1_202' title='bbox 500 1544 688 1578; x_wconf 83' lang='lat' dir='ltr'>certamina</span> <span class='ocrx_word' id='word_1_203' title='bbox 716 1543 847 1577; x_wconf 89' lang='lat' dir='ltr'>Christi</span> <span class='ocrx_word' id='word_1_204' title='bbox 873 1551 905 1578; x_wconf 90' lang='lat' dir='ltr'>et</span> <span class='ocrx_word' id='word_1_205' title='bbox 931 1546 1075 1585; x_wconf 91' lang='lat' dir='ltr'>diaboli,</span> 
     </span>
     <span class='ocr_line' id='line_1_31' title="bbox 85 1592 1074 1640; baseline 0.002 -14"><span class='ocrx_word' id='word_1_206' title='bbox 85 1592 149 1626; x_wconf 80' lang='lat' dir='ltr'>has</span> <span class='ocrx_word' id='word_1_207' title='bbox 173 1600 286 1626; x_wconf 86' lang='lat' dir='ltr'>tantas</span> <span class='ocrx_word' id='word_1_208' title='bbox 310 1606 363 1627; x_wconf 89' lang='lat' dir='ltr'>res</span> <span class='ocrx_word' id='word_1_209' title='bbox 386 1595 546 1627; x_wconf 90' lang='lat' dir='ltr'>nondum</span> <span class='ocrx_word' id='word_1_210' title='bbox 572 1595 723 1639; x_wconf 79' lang='lat' dir='ltr'>percipi,</span> <span class='ocrx_word' id='word_1_211' title='bbox 750 1595 883 1640; x_wconf 87' lang='lat' dir='ltr'>inquit,</span> <span class='ocrx_word' id='word_1_212' title='bbox 910 1597 954 1628; x_wconf 90' lang='lat' dir='ltr'>ab</span> <span class='ocrx_word' id='word_1_213' title='bbox 976 1597 1074 1639; x_wconf 80' lang='lat' dir='ltr'>Apo-</span> 
     </span>
     <span class='ocr_line' id='line_1_32' title="bbox 85 1644 1074 1691; baseline 0.003 -14"><span class='ocrx_word' id='word_1_214' title='bbox 85 1644 197 1686; x_wconf 87' lang='lat' dir='ltr'>stolis‚</span> <span class='ocrx_word' id='word_1_215' title='bbox 225 1644 296 1676; x_wconf 88' lang='lat' dir='ltr'>imo</span> <span class='ocrx_word' id='word_1_216' title='bbox 315 1656 436 1677; x_wconf 90' lang='lat' dir='ltr'>omncs</span> <span class='ocrx_word' id='word_1_217' title='bbox 451 1645 617 1678; x_wconf 87' lang='lat' dir='ltr'>omnibus</span> <span class='ocrx_word' id='word_1_218' title='bbox 633 1646 850 1689; x_wconf 86' lang='lat' dir='ltr'>temporibus</span> <span class='ocrx_word' id='word_1_219' title='bbox 867 1647 950 1678; x_wconf 89' lang='lat' dir='ltr'>inde</span> <span class='ocrx_word' id='word_1_220' title='bbox 965 1659 1074 1691; x_wconf 87' lang='lat' dir='ltr'>usque</span> 
     </span>
     <span class='ocr_line' id='line_1_33' title="bbox 85 1692 1072 1739; baseline 0.003 -12"><span class='ocrx_word' id='word_1_221' title='bbox 85 1695 128 1728; x_wconf 91' lang='lat' dir='ltr'>ab</span> <span class='ocrx_word' id='word_1_222' title='bbox 148 1693 262 1728; x_wconf 82' lang='lat' dir='ltr'>Adam</span> <span class='ocrx_word' id='word_1_223' title='bbox 287 1695 453 1737; x_wconf 88' lang='lat' dir='ltr'>paulatim</span> <span class='ocrx_word' id='word_1_224' title='bbox 478 1694 514 1726; x_wconf 91' lang='lat' dir='ltr'>in</span> <span class='ocrx_word' id='word_1_225' title='bbox 537 1692 600 1727; x_wconf 89' lang='lat' dir='ltr'>hac</span> <span class='ocrx_word' id='word_1_226' title='bbox 617 1696 817 1739; x_wconf 86' lang='lat' dir='ltr'>cognitione</span> <span class='ocrx_word' id='word_1_227' title='bbox 837 1697 1072 1739; x_wconf 83' lang='lat' dir='ltr'>profecerunt,</span> 
     </span>
     <span class='ocr_line' id='line_1_34' title="bbox 84 1745 1072 1790; baseline 0.002 -12"><span class='ocrx_word' id='word_1_228' title='bbox 84 1753 118 1779; x_wconf 84' lang='lat' dir='ltr'>et</span> <span class='ocrx_word' id='word_1_229' title='bbox 144 1756 208 1778; x_wconf 91' lang='lat' dir='ltr'>nos</span> <span class='ocrx_word' id='word_1_230' title='bbox 232 1745 436 1778; x_wconf 84' lang='lat' dir='ltr'>ardentibus</span> <span class='ocrx_word' id='word_1_231' title='bbox 463 1745 554 1778; x_wconf 83' lang='lat' dir='ltr'>votis</span> <span class='ocrx_word' id='word_1_232' title='bbox 578 1752 693 1788; x_wconf 89' lang='lat' dir='ltr'>petere</span> <span class='ocrx_word' id='word_1_233' title='bbox 716 1746 888 1790; x_wconf 87' lang='lat' dir='ltr'>Spiritum</span> <span class='ocrx_word' id='word_1_234' title='bbox 913 1756 1072 1781; x_wconf 70' lang='lat' dir='ltr'>sanctum</span> 
     </span>
     <span class='ocr_line' id='line_1_35' title="bbox 84 1788 1100 1837; baseline 0.003 -9"><span class='ocrx_word' id='word_1_235' title='bbox 84 1797 273 1834; x_wconf 88' lang='lat' dir='ltr'>debemus,</span> <span class='ocrx_word' id='word_1_236' title='bbox 301 1803 337 1829; x_wconf 92' lang='lat' dir='ltr'>ut</span> <span class='ocrx_word' id='word_1_237' title='bbox 362 1795 499 1828; x_wconf 90' lang='lat' dir='ltr'>erudiat</span> <span class='ocrx_word' id='word_1_238' title='bbox 525 1808 588 1829; x_wconf 89' lang='lat' dir='ltr'>nos</span> <span class='ocrx_word' id='word_1_239' title='bbox 613 1808 673 1830; x_wconf 92' lang='lat' dir='ltr'>sua</span> <span class='ocrx_word' id='word_1_240' title='bbox 699 1797 794 1837; x_wconf 92' lang='lat' dir='ltr'>luce,</span> <span class='ocrx_word' id='word_1_241' title='bbox 821 1799 910 1831; x_wconf 89' lang='lat' dir='ltr'>sicut</span> <span class='ocrx_word' id='word_1_242' title='bbox 934 1799 1072 1831; x_wconf 79' lang='lat' dir='ltr'>assidue</span> <span class='ocrx_word' id='word_1_243' title='bbox 1097 1788 1100 1834; x_wconf 62' lang='lat' dir='ltr'>l</span> 
     </span>
     <span class='ocr_line' id='line_1_36' title="bbox 84 1844 1070 1889; baseline 0.002 -10"><span class='ocrx_word' id='word_1_244' title='bbox 84 1847 210 1880; x_wconf 87' lang='lat' dir='ltr'>clamat</span> <span class='ocrx_word' id='word_1_245' title='bbox 235 1844 428 1889; x_wconf 86' lang='lat' dir='ltr'>Propheta:</span> <span class='ocrx_word' id='word_1_246' title='bbox 460 1845 529 1878; x_wconf 78' lang='lat' dir='ltr'>Fac</span> <span class='ocrx_word' id='word_1_247' title='bbox 562 1859 640 1879; x_wconf 90' lang='lat' dir='ltr'>cum</span> <span class='ocrx_word' id='word_1_248' title='bbox 669 1859 769 1880; x_wconf 90' lang='lat' dir='ltr'>servo</span> <span class='ocrx_word' id='word_1_249' title='bbox 796 1855 856 1881; x_wconf 91' lang='lat' dir='ltr'>tuo</span> <span class='ocrx_word' id='word_1_250' title='bbox 879 1851 1070 1881; x_wconf 81' lang='lat' dir='ltr'>secundum</span> 
     </span>
     <span class='ocr_line' id='line_1_37' title="bbox 82 1897 1071 1935; baseline 0.002 -5"><span class='ocrx_word' id='word_1_251' title='bbox 82 1897 358 1931; x_wconf 81' lang='lat' dir='ltr'>misericordiam</span> <span class='ocrx_word' id='word_1_252' title='bbox 386 1903 502 1935; x_wconf 86' lang='lat' dir='ltr'>tuam,</span> <span class='ocrx_word' id='word_1_253' title='bbox 537 1904 570 1930; x_wconf 81' lang='lat' dir='ltr'>et</span> <span class='ocrx_word' id='word_1_254' title='bbox 596 1898 860 1931; x_wconf 77' lang='lat' dir='ltr'>iustificationes</span> <span class='ocrx_word' id='word_1_255' title='bbox 885 1907 961 1931; x_wconf 79' lang='lat' dir='ltr'>tuas</span> <span class='ocrx_word' id='word_1_256' title='bbox 986 1901 1071 1933; x_wconf 79' lang='lat' dir='ltr'>doce</span> 
     </span>
     <span class='ocr_line' id='line_1_38' title="bbox 82 1946 1097 1989; baseline 0.002 -8"><span class='ocrx_word' id='word_1_257' title='bbox 82 1961 147 1981; x_wconf 82' lang='lat' dir='ltr'>me.</span> <span class='ocrx_word' id='word_1_258' title='bbox 214 1947 319 1980; x_wconf 88' lang='lat' dir='ltr'>Item:</span> <span class='ocrx_word' id='word_1_259' title='bbox 356 1946 485 1980; x_wconf 88' lang='lat' dir='ltr'>Servus</span> <span class='ocrx_word' id='word_1_260' title='bbox 511 1954 591 1980; x_wconf 86' lang='lat' dir='ltr'>tuus</span> <span class='ocrx_word' id='word_1_261' title='bbox 617 1960 715 1989; x_wconf 86' lang='lat' dir='ltr'>sum,</span> <span class='ocrx_word' id='word_1_262' title='bbox 750 1951 792 1981; x_wconf 89' lang='lat' dir='ltr'>da</span> <span class='ocrx_word' id='word_1_263' title='bbox 818 1948 904 1982; x_wconf 85' lang='lat' dir='ltr'>mihi</span> <span class='ocrx_word' id='word_1_264' title='bbox 933 1951 1069 1983; x_wconf 86' lang='lat' dir='ltr'>intelle·</span> <span class='ocrx_word' id='word_1_265' title='bbox 1096 1967 1097 1974; x_wconf 53' lang='lat'>1</span> 
     </span>
     <span class='ocr_line' id='line_1_39' title="bbox 81 1997 1070 2041; baseline 0.003 -9"><span class='ocrx_word' id='word_1_266' title='bbox 81 2007 187 2034; x_wconf 88' lang='lat' dir='ltr'>ctum.</span> <span class='ocrx_word' id='word_1_267' title='bbox 241 1997 317 2031; x_wconf 83' lang='lat' dir='ltr'>Hae</span> <span class='ocrx_word' id='word_1_268' title='bbox 334 1998 598 2031; x_wconf 87' lang='lat' dir='ltr'>ardentissimae</span> <span class='ocrx_word' id='word_1_269' title='bbox 615 2000 801 2041; x_wconf 84' lang='lat' dir='ltr'>petitiones</span> <span class='ocrx_word' id='word_1_270' title='bbox 816 2002 858 2033; x_wconf 91' lang='lat' dir='ltr'>de</span> <span class='ocrx_word' id='word_1_271' title='bbox 876 2001 979 2033; x_wconf 91' lang='lat' dir='ltr'>rebus</span> <span class='ocrx_word' id='word_1_272' title='bbox 998 2016 1070 2034; x_wconf 78' lang='lat' dir='ltr'>wa-</span> 
     </span>
     <span class='ocr_line' id='line_1_40' title="bbox 82 2050 1097 2094; baseline 0.004 -12"><span class='ocrx_word' id='word_1_273' title='bbox 82 2051 158 2093; x_wconf 79' lang='lat' dir='ltr'>gnis</span> <span class='ocrx_word' id='word_1_274' title='bbox 185 2050 401 2094; x_wconf 89' lang='lat' dir='ltr'>loquuntur,</span> <span class='ocrx_word' id='word_1_275' title='bbox 427 2061 500 2082; x_wconf 88' lang='lat' dir='ltr'>non</span> <span class='ocrx_word' id='word_1_276' title='bbox 524 2050 566 2083; x_wconf 85' lang='lat' dir='ltr'>de</span> <span class='ocrx_word' id='word_1_277' title='bbox 588 2050 732 2094; x_wconf 90' lang='lat' dir='ltr'>ineptiis</span> <span class='ocrx_word' id='word_1_278' title='bbox 750 2051 982 2086; x_wconf 83' lang='lat' dir='ltr'>traditionum</span> <span class='ocrx_word' id='word_1_279' title='bbox 1003 2050 1070 2086; x_wconf 88' lang='lat' dir='ltr'>hn—</span> <span class='ocrx_word' id='word_1_280' title='bbox 1095 2068 1097 2081; x_wconf 68' lang='grc' dir='ltr'><em>τ</em></span> 
     </span>
    </p>
   </div>
   <div class='ocr_carea' id='block_1_6' title="bbox 80 2108 1097 2335">
    <p class='ocr_par' dir='ltr' id='par_1_6' title="bbox 80 2108 1097 2335">
     <span class='ocr_line' id='line_1_41' title="bbox 80 2108 1097 2142; baseline 0.004 -9"><span class='ocrx_word' id='word_1_281' title='bbox 80 2112 277 2135; x_wconf 86' lang='lat' dir='ltr'>manarum.</span> <span class='ocrx_word' id='word_1_282' title='bbox 1094 2108 1097 2142; x_wconf 74' lang='grc' dir='ltr'>ἷ</span> 
     </span>
     <span class='ocr_line' id='line_1_42' title="bbox 1093 2212 1096 2273; baseline 0 0"><span class='ocrx_word' id='word_1_283' title='bbox 1093 2212 1096 2273; x_wconf 72' lang='grc' dir='ltr'>ἔ</span> 
     </span>
     <span class='ocr_line' id='line_1_43' title="bbox 1093 2322 1095 2335; baseline 0 0"><span class='ocrx_word' id='word_1_284' title='bbox 1093 2322 1095 2335; x_wconf 74' lang='lat' dir='ltr'>l</span> 
     </span>
    </p>
   </div>
   <div class='ocr_carea' id='block_1_7' title="bbox 1098 1686 1101 1783">
    <p class='ocr_par' dir='ltr' id='par_1_7' title="bbox 1098 1686 1101 1783">
     <span class='ocr_line' id='line_1_44' title="bbox 1098 1686 1101 1783; baseline 0 0"><span class='ocrx_word' id='word_1_285' title='bbox 1098 1686 1101 1783; x_wconf 95' lang='lat' dir='ltr'> </span> 
     </span>
    </p>
   </div>
   <div class='ocr_carea' id='block_1_8' title="bbox 243 2198 902 2240">
    <p class='ocr_par' dir='ltr' id='par_1_8' title="bbox 243 2198 902 2240">
     <span class='ocr_line' id='line_1_45' title="bbox 243 2198 902 2240; baseline 0.006 -7"><span class='ocrx_word' id='word_1_286' title='bbox 243 2198 363 2234; x_wconf 79' lang='lat' dir='ltr'>Ducet</span> <span class='ocrx_word' id='word_1_287' title='bbox 391 2212 448 2234; x_wconf 68' lang='lat' dir='ltr'>cos</span> <span class='ocrx_word' id='word_1_288' title='bbox 475 2200 513 2234; x_wconf 86' lang='lat' dir='ltr'>in</span> <span class='ocrx_word' id='word_1_289' title='bbox 539 2213 677 2234; x_wconf 82' lang='lat' dir='ltr'>omnem</span> <span class='ocrx_word' id='word_1_290' title='bbox 704 2202 902 2240; x_wconf 78' lang='lat' dir='ltr'>veritatem.</span> 
     </span>
    </p>
   </div>
   <div class='ocr_carea' id='block_1_9' title="bbox 77 2273 1095 2731">
    <p class='ocr_par' dir='ltr' id='par_1_9' title="bbox 77 2273 1095 2731">
     <span class='ocr_line' id='line_1_46' title="bbox 182 2273 1067 2325; baseline 0.005 -16"><span class='ocrx_word' id='word_1_291' title='bbox 182 2275 316 2309; x_wconf 87' lang='lat' dir='ltr'>Graeca</span> <span class='ocrx_word' id='word_1_292' title='bbox 346 2277 503 2310; x_wconf 86' lang='lat' dir='ltr'>narratio</span> <span class='ocrx_word' id='word_1_293' title='bbox 536 2273 602 2309; x_wconf 88' lang='lat' dir='ltr'>hoc</span> <span class='ocrx_word' id='word_1_294' title='bbox 628 2277 704 2310; x_wconf 86' lang='lat' dir='ltr'>loco</span> <span class='ocrx_word' id='word_1_295' title='bbox 727 2279 951 2319; x_wconf 73' lang='lat' dir='ltr'>observetur,</span> <span class='ocrx_word' id='word_1_296' title='bbox 987 2280 1067 2325; x_wconf 84' lang='lat' dir='ltr'>qnia</span> 
     </span>
     <span class='ocr_line' id='line_1_47' title="bbox 79 2328 1095 2382; baseline 0.003 -21"><span class='ocrx_word' id='word_1_297' title='bbox 79 2334 226 2361; x_wconf 86' lang='lat' dir='ltr'>testatur</span> <span class='ocrx_word' id='word_1_298' title='bbox 263 2328 372 2370; x_wconf 82' lang='lat' dir='ltr'>magis</span> <span class='ocrx_word' id='word_1_299' title='bbox 412 2328 612 2371; x_wconf 84' lang='lat' dir='ltr'>perspicue,</span> <span class='ocrx_word' id='word_1_300' title='bbox 655 2341 759 2372; x_wconf 85' lang='lat' dir='ltr'>quam</span> <span class='ocrx_word' id='word_1_301' title='bbox 791 2329 916 2364; x_wconf 80' lang='lat' dir='ltr'>Latina</span> <span class='ocrx_word' id='word_1_302' title='bbox 954 2332 1095 2382; x_wconf 57' lang='lat' dir='ltr'>lectio‚i</span> 
     </span>
     <span class='ocr_line' id='line_1_48' title="bbox 80 2378 1094 2425; baseline 0.005 -15"><span class='ocrx_word' id='word_1_303' title='bbox 80 2378 250 2421; x_wconf 85' lang='lat' dir='ltr'>Spiritum</span> <span class='ocrx_word' id='word_1_304' title='bbox 268 2385 425 2411; x_wconf 84' lang='lat' dir='ltr'>sanctum</span> <span class='ocrx_word' id='word_1_305' title='bbox 445 2390 515 2411; x_wconf 88' lang='lat' dir='ltr'>esse</span> <span class='ocrx_word' id='word_1_306' title='bbox 533 2391 728 2423; x_wconf 85' lang='lat' dir='ltr'>personam.</span> <span class='ocrx_word' id='word_1_307' title='bbox 783 2379 858 2413; x_wconf 79' lang='lat' dir='ltr'>Nisi</span> <span class='ocrx_word' id='word_1_308' title='bbox 877 2382 970 2414; x_wconf 90' lang='lat' dir='ltr'>enim</span> <span class='ocrx_word' id='word_1_309' title='bbox 988 2394 1066 2425; x_wconf 63' lang='lat' dir='ltr'>pern</span> <span class='ocrx_word' id='word_1_310' title='bbox 1091 2384 1094 2424; x_wconf 69' lang='lat' dir='ltr'><strong>j</strong></span> 
     </span>
     <span class='ocr_line' id='line_1_49' title="bbox 81 2426 1094 2475; baseline 0.006 -14"><span class='ocrx_word' id='word_1_311' title='bbox 81 2440 201 2461; x_wconf 82' lang='lat' dir='ltr'>sonam</span> <span class='ocrx_word' id='word_1_312' title='bbox 225 2429 329 2462; x_wconf 75' lang='lat' dir='ltr'>vellet</span> <span class='ocrx_word' id='word_1_313' title='bbox 349 2429 563 2471; x_wconf 82' lang='lat' dir='ltr'>significare,</span> <span class='ocrx_word' id='word_1_314' title='bbox 592 2443 663 2463; x_wconf 87' lang='lat' dir='ltr'>non</span> <span class='ocrx_word' id='word_1_315' title='bbox 681 2431 822 2464; x_wconf 80' lang='lat' dir='ltr'>dixisset</span> <span class='ocrx_word' id='word_1_316' title='bbox 840 2432 993 2473; x_wconf 68' lang='grc' dir='ltr'>ἐκεῖνος,</span> <span class='ocrx_word' id='word_1_317' title='bbox 1025 2430 1068 2467; x_wconf 79' lang='grc' dir='ltr'>τό</span> <span class='ocrx_word' id='word_1_318' title='bbox 1091 2426 1094 2475; x_wconf 65' lang='lat' dir='ltr'>J</span> 
     </span>
     <span class='ocr_line' id='line_1_50' title="bbox 80 2480 1092 2525; baseline 0.005 -13"><span class='ocrx_word' id='word_1_319' title='bbox 80 2481 243 2524; x_wconf 74' lang='grc' dir='ltr'>πνεῦμα,</span> <span class='ocrx_word' id='word_1_320' title='bbox 285 2481 344 2512; x_wconf 88' lang='lat' dir='ltr'>sed</span> <span class='ocrx_word' id='word_1_321' title='bbox 381 2481 502 2514; x_wconf 84' lang='lat' dir='ltr'>fuisset</span> <span class='ocrx_word' id='word_1_322' title='bbox 540 2488 725 2515; x_wconf 86' lang='lat' dir='ltr'>contentus</span> <span class='ocrx_word' id='word_1_323' title='bbox 764 2494 890 2525; x_wconf 83' lang='lat' dir='ltr'>genere</span> <span class='ocrx_word' id='word_1_324' title='bbox 927 2480 1092 2518; x_wconf 68' lang='lat' dir='ltr'>neutro.⁴</span> 
     </span>
     <span class='ocr_line' id='line_1_51' title="bbox 79 2528 1065 2576; baseline 0.006 -15"><span class='ocrx_word' id='word_1_325' title='bbox 79 2528 175 2562; x_wconf 84' lang='lat' dir='ltr'>Haec</span> <span class='ocrx_word' id='word_1_326' title='bbox 199 2531 314 2564; x_wconf 88' lang='lat' dir='ltr'>brevis</span> <span class='ocrx_word' id='word_1_327' title='bbox 340 2532 522 2566; x_wconf 87' lang='lat' dir='ltr'>annotatio</span> <span class='ocrx_word' id='word_1_328' title='bbox 548 2544 621 2565; x_wconf 89' lang='lat' dir='ltr'>non</span> <span class='ocrx_word' id='word_1_329' title='bbox 647 2539 695 2566; x_wconf 88' lang='lat' dir='ltr'>est</span> <span class='ocrx_word' id='word_1_330' title='bbox 722 2534 941 2576; x_wconf 82' lang='lat' dir='ltr'>negligenda.</span> <span class='ocrx_word' id='word_1_331' title='bbox 995 2534 1065 2568; x_wconf 93' lang='lat' dir='ltr'>De-</span> 
     </span>
     <span class='ocr_line' id='line_1_52' title="bbox 80 2580 1066 2629; baseline 0.007 -17"><span class='ocrx_word' id='word_1_332' title='bbox 80 2581 163 2613; x_wconf 88' lang='lat' dir='ltr'>inde</span> <span class='ocrx_word' id='word_1_333' title='bbox 193 2593 274 2614; x_wconf 86' lang='lat' dir='ltr'>vero</span> <span class='ocrx_word' id='word_1_334' title='bbox 305 2589 515 2626; x_wconf 88' lang='lat' dir='ltr'>repetuntur</span> <span class='ocrx_word' id='word_1_335' title='bbox 546 2580 603 2617; x_wconf 86' lang='lat' dir='ltr'>hie</span> <span class='ocrx_word' id='word_1_336' title='bbox 634 2584 888 2628; x_wconf 82' lang='lat' dir='ltr'>descriptiones</span> <span class='ocrx_word' id='word_1_337' title='bbox 911 2584 1066 2629; x_wconf 90' lang='lat' dir='ltr'>Spiritus</span> 
     </span>
     <span class='ocr_line' id='line_1_53' title="bbox 79 2605 1091 2678; baseline 0.004 -13"><span class='ocrx_word' id='word_1_338' title='bbox 79 2631 209 2671; x_wconf 68' lang='lat' dir='ltr'>sancti,</span> <span class='ocrx_word' id='word_1_339' title='bbox 254 2643 356 2675; x_wconf 90' lang='lat' dir='ltr'>supra</span> <span class='ocrx_word' id='word_1_340' title='bbox 387 2634 545 2668; x_wconf 89' lang='lat' dir='ltr'>traditae.</span> <span class='ocrx_word' id='word_1_341' title='bbox 622 2633 697 2668; x_wconf 88' lang='lat' dir='ltr'>Hae</span> <span class='ocrx_word' id='word_1_342' title='bbox 729 2643 761 2669; x_wconf 90' lang='lat' dir='ltr'>et</span> <span class='ocrx_word' id='word_1_343' title='bbox 793 2637 834 2668; x_wconf 84' lang='lat' dir='ltr'>de</span> <span class='ocrx_word' id='word_1_344' title='bbox 866 2605 1091 2678; x_wconf 65' lang='lat' dir='ltr'>ministeriol</span> 
     </span>
     <span class='ocr_line' id='line_1_54' title="bbox 77 2680 1089 2731; baseline 0.006 -15"><span class='ocrx_word' id='word_1_345' title='bbox 77 2680 262 2726; x_wconf 86' lang='lat' dir='ltr'>Evangelii</span> <span class='ocrx_word' id='word_1_346' title='bbox 287 2683 426 2728; x_wconf 87' lang='lat' dir='ltr'>publice</span> <span class='ocrx_word' id='word_1_347' title='bbox 453 2692 486 2719; x_wconf 89' lang='lat' dir='ltr'>et</span> <span class='ocrx_word' id='word_1_348' title='bbox 515 2685 679 2731; x_wconf 87' lang='lat' dir='ltr'>privatim</span> <span class='ocrx_word' id='word_1_349' title='bbox 712 2688 755 2720; x_wconf 90' lang='lat' dir='ltr'>de</span> <span class='ocrx_word' id='word_1_350' title='bbox 785 2687 862 2721; x_wconf 87' lang='lat' dir='ltr'>luce</span> <span class='ocrx_word' id='word_1_351' title='bbox 886 2687 923 2720; x_wconf 91' lang='lat' dir='ltr'>in</span> <span class='ocrx_word' id='word_1_352' title='bbox 946 2688 1062 2722; x_wconf 89' lang='lat' dir='ltr'>cordi-</span> <span class='ocrx_word' id='word_1_353' title='bbox 1085 2687 1089 2729; x_wconf 85' lang='grc' dir='ltr'>Ι</span> 
     </span>
    </p>
   </div>
   <div class='ocr_carea' id='block_1_10' title="bbox 1088 2485 1092 2587">
    <p class='ocr_par' dir='ltr' id='par_1_10' title="bbox 1088 2485 1092 2587">
     <span class='ocr_line' id='line_1_55' title="bbox 1088 2485 1092 2587; baseline 0 355"><span class='ocrx_word' id='word_1_354' title='bbox 1088 2485 1092 2587; x_wconf 95' lang='lat' dir='ltr'> </span> 
     </span>
    </p>
   </div>
   <div class='ocr_carea' id='block_1_11' title="bbox 635 110 1749 150">
    <p class='ocr_par' dir='ltr' id='par_1_11' title="bbox 635 110 1749 150">
     <span class='ocr_line' id='line_1_56' title="bbox 635 110 1749 150; baseline -0.003 -1"><span class='ocrx_word' id='word_1_355' title='bbox 635 111 935 150; x_wconf 73' lang='lat' dir='ltr'><strong>ENARRATIO</strong></span> <span class='ocrx_word' id='word_1_356' title='bbox 963 113 1012 148; x_wconf 92' lang='lat' dir='ltr'>lN</span> <span class='ocrx_word' id='word_1_357' title='bbox 1039 111 1222 150; x_wconf 83' lang='lat' dir='ltr'><strong>EVANG.</strong></span> <span class='ocrx_word' id='word_1_358' title='bbox 1251 110 1463 148; x_wconf 78' lang='lat' dir='ltr'>IOANNIS.</span> <span class='ocrx_word' id='word_1_359' title='bbox 1517 110 1621 148; x_wconf 90' lang='lat' dir='ltr'>CAP.</span> <span class='ocrx_word' id='word_1_360' title='bbox 1651 111 1749 147; x_wconf 70' lang='lat' dir='ltr'><strong>XVI.</strong></span> 
     </span>
    </p>
   </div>
   <div class='ocr_carea' id='block_1_12' title="bbox 2070 117 2144 153">
    <p class='ocr_par' dir='ltr' id='par_1_12' title="bbox 2070 117 2144 153">
     <span class='ocr_line' id='line_1_57' title="bbox 2070 117 2144 153; baseline 0.041 -3"><span class='ocrx_word' id='word_1_361' title='bbox 2070 117 2144 153; x_wconf 77' lang='lat'>362</span> 
     </span>
    </p>
   </div>
   <div class='ocr_carea' id='block_1_13' title="bbox 1118 199 2140 244">
    <p class='ocr_par' dir='ltr' id='par_1_13' title="bbox 1118 199 2140 244">
     <span class='ocr_line' id='line_1_58' title="bbox 1118 199 2140 244; baseline 0.003 -12"><span class='ocrx_word' id='word_1_362' title='bbox 1118 204 1121 208; x_wconf 88' lang='lat'>&#39;</span> <span class='ocrx_word' id='word_1_363' title='bbox 1146 199 1211 232; x_wconf 89' lang='lat' dir='ltr'>bus</span> <span class='ocrx_word' id='word_1_364' title='bbox 1242 199 1463 242; x_wconf 83' lang='lat' dir='ltr'>singulorum</span> <span class='ocrx_word' id='word_1_365' title='bbox 1489 199 1754 243; x_wconf 78' lang='lat' dir='ltr'>intelligantur,</span> <span class='ocrx_word' id='word_1_366' title='bbox 1790 205 1829 233; x_wconf 88' lang='lat' dir='ltr'>ut</span> <span class='ocrx_word' id='word_1_367' title='bbox 1853 211 1956 244; x_wconf 86' lang='lat' dir='ltr'>supra</span> <span class='ocrx_word' id='word_1_368' title='bbox 1981 201 2017 234; x_wconf 89' lang='lat' dir='ltr'>in</span> <span class='ocrx_word' id='word_1_369' title='bbox 2041 201 2140 235; x_wconf 89' lang='lat' dir='ltr'>simi-</span> 
     </span>
    </p>
   </div>
   <div class='ocr_carea' id='block_1_14' title="bbox 1129 250 2137 1514">
    <p class='ocr_par' dir='ltr' id='par_1_14' title="bbox 1133 250 2137 1207">
     <span class='ocr_line' id='line_1_59' title="bbox 1145 250 2137 295; baseline 0.004 -13"><span class='ocrx_word' id='word_1_370' title='bbox 1145 250 1239 283; x_wconf 88' lang='lat' dir='ltr'>libus</span> <span class='ocrx_word' id='word_1_371' title='bbox 1264 250 1350 284; x_wconf 90' lang='lat' dir='ltr'>locis</span> <span class='ocrx_word' id='word_1_372' title='bbox 1374 251 1507 284; x_wconf 88' lang='lat' dir='ltr'>dictum</span> <span class='ocrx_word' id='word_1_373' title='bbox 1532 257 1598 284; x_wconf 89' lang='lat' dir='ltr'>est:</span> <span class='ocrx_word' id='word_1_374' title='bbox 1627 250 1780 294; x_wconf 81' lang='lat' dir='ltr'>Spiritus</span> <span class='ocrx_word' id='word_1_375' title='bbox 1803 258 1943 285; x_wconf 86' lang='lat' dir='ltr'>sanctus</span> <span class='ocrx_word' id='word_1_376' title='bbox 1966 253 2137 295; x_wconf 83' lang='lat' dir='ltr'>gubernat</span> 
     </span>
     <span class='ocr_line' id='line_1_60' title="bbox 1144 300 2136 345; baseline 0.004 -13"><span class='ocrx_word' id='word_1_377' title='bbox 1144 301 1381 334; x_wconf 81' lang='lat' dir='ltr'>ministerium</span> <span class='ocrx_word' id='word_1_378' title='bbox 1408 300 1615 345; x_wconf 84' lang='lat' dir='ltr'>Evangelii,</span> <span class='ocrx_word' id='word_1_379' title='bbox 1645 310 1677 335; x_wconf 93' lang='lat' dir='ltr'>et</span> <span class='ocrx_word' id='word_1_380' title='bbox 1700 303 1851 336; x_wconf 80' lang='lat' dir='ltr'>subinde</span> <span class='ocrx_word' id='word_1_381' title='bbox 1876 314 1996 336; x_wconf 80' lang='lat' dir='ltr'>rursus</span> <span class='ocrx_word' id='word_1_382' title='bbox 2022 303 2136 336; x_wconf 70' lang='lat' dir='ltr'>lucem</span> 
     </span>
     <span class='ocr_line' id='line_1_61' title="bbox 1145 350 2135 396; baseline 0.006 -14"><span class='ocrx_word' id='word_1_383' title='bbox 1145 350 1182 382; x_wconf 91' lang='lat' dir='ltr'>in</span> <span class='ocrx_word' id='word_1_384' title='bbox 1212 351 1391 396; x_wconf 90' lang='lat' dir='ltr'>aliquibus</span> <span class='ocrx_word' id='word_1_385' title='bbox 1414 352 1619 385; x_wconf 82' lang='lat' dir='ltr'>doctoribus</span> <span class='ocrx_word' id='word_1_386' title='bbox 1644 355 1818 394; x_wconf 84' lang='lat' dir='ltr'>accendit,</span> <span class='ocrx_word' id='word_1_387' title='bbox 1846 354 1934 388; x_wconf 80' lang='lat' dir='ltr'>sicut</span> <span class='ocrx_word' id='word_1_388' title='bbox 1958 361 1991 387; x_wconf 79' lang='lat' dir='ltr'>et</span> <span class='ocrx_word' id='word_1_389' title='bbox 2013 352 2135 388; x_wconf 79' lang='lat' dir='ltr'>Esaias</span> 
     </span>
     <span class='ocr_line' id='line_1_62' title="bbox 1144 401 2134 446; baseline 0.005 -13"><span class='ocrx_word' id='word_1_390' title='bbox 1144 401 1259 445; x_wconf 85' lang='lat' dir='ltr'>inquit</span> <span class='ocrx_word' id='word_1_391' title='bbox 1286 414 1358 445; x_wconf 84' lang='lat' dir='ltr'>cap.</span> <span class='ocrx_word' id='word_1_392' title='bbox 1374 402 1449 435; x_wconf 86' lang='lat'>59.:</span> <span class='ocrx_word' id='word_1_393' title='bbox 1479 402 1555 435; x_wconf 89' lang='lat' dir='ltr'>Hoc</span> <span class='ocrx_word' id='word_1_394' title='bbox 1579 404 1702 436; x_wconf 80' lang='lat' dir='ltr'>foedus</span> <span class='ocrx_word' id='word_1_395' title='bbox 1728 417 1842 437; x_wconf 87' lang='lat' dir='ltr'>meum</span> <span class='ocrx_word' id='word_1_396' title='bbox 1859 418 1936 438; x_wconf 92' lang='lat' dir='ltr'>cum</span> <span class='ocrx_word' id='word_1_397' title='bbox 1955 405 2021 446; x_wconf 90' lang='lat' dir='ltr'>eis,</span> <span class='ocrx_word' id='word_1_398' title='bbox 2049 405 2134 440; x_wconf 77' lang='lat' dir='ltr'>dicit</span> 
     </span>
     <span class='ocr_line' id='line_1_63' title="bbox 1141 450 2132 498; baseline 0.005 -14"><span class='ocrx_word' id='word_1_399' title='bbox 1141 450 1335 492; x_wconf 86' lang='lat' dir='ltr'>Dominus,</span> <span class='ocrx_word' id='word_1_400' title='bbox 1362 452 1506 495; x_wconf 90' lang='lat' dir='ltr'>spiritus</span> <span class='ocrx_word' id='word_1_401' title='bbox 1525 466 1638 491; x_wconf 88' lang='lat' dir='ltr'>meus,</span> <span class='ocrx_word' id='word_1_402' title='bbox 1667 455 1727 498; x_wconf 88' lang='lat' dir='ltr'>qui</span> <span class='ocrx_word' id='word_1_403' title='bbox 1753 462 1802 488; x_wconf 89' lang='lat' dir='ltr'>est</span> <span class='ocrx_word' id='word_1_404' title='bbox 1826 456 1863 488; x_wconf 91' lang='lat' dir='ltr'>in</span> <span class='ocrx_word' id='word_1_405' title='bbox 1887 463 1941 496; x_wconf 94' lang='lat' dir='ltr'>te,</span> <span class='ocrx_word' id='word_1_406' title='bbox 1969 463 2001 490; x_wconf 89' lang='lat' dir='ltr'>et</span> <span class='ocrx_word' id='word_1_407' title='bbox 2026 457 2132 489; x_wconf 79' lang='lat' dir='ltr'>verba</span> 
     </span>
     <span class='ocr_line' id='line_1_64' title="bbox 1142 503 2131 547; baseline 0.006 -13"><span class='ocrx_word' id='word_1_408' title='bbox 1142 515 1217 535; x_wconf 90' lang='lat' dir='ltr'>mea</span> <span class='ocrx_word' id='word_1_409' title='bbox 1249 515 1338 547; x_wconf 92' lang='lat' dir='ltr'>quae</span> <span class='ocrx_word' id='word_1_410' title='bbox 1369 503 1471 546; x_wconf 90' lang='lat' dir='ltr'>posui</span> <span class='ocrx_word' id='word_1_411' title='bbox 1502 504 1538 535; x_wconf 91' lang='lat' dir='ltr'>in</span> <span class='ocrx_word' id='word_1_412' title='bbox 1568 516 1628 536; x_wconf 90' lang='lat' dir='ltr'>ore</span> <span class='ocrx_word' id='word_1_413' title='bbox 1660 511 1739 544; x_wconf 90' lang='lat' dir='ltr'>tuo,</span> <span class='ocrx_word' id='word_1_414' title='bbox 1787 517 1860 538; x_wconf 87' lang='lat' dir='ltr'>non</span> <span class='ocrx_word' id='word_1_415' title='bbox 1892 507 2056 540; x_wconf 88' lang='lat' dir='ltr'>recedent</span> <span class='ocrx_word' id='word_1_416' title='bbox 2087 508 2131 540; x_wconf 89' lang='lat' dir='ltr'>ab</span> 
     </span>
     <span class='ocr_line' id='line_1_65' title="bbox 1140 555 2130 599; baseline 0.005 -13"><span class='ocrx_word' id='word_1_417' title='bbox 1140 566 1200 587; x_wconf 86' lang='lat' dir='ltr'>ore</span> <span class='ocrx_word' id='word_1_418' title='bbox 1231 562 1310 593; x_wconf 88' lang='lat' dir='ltr'>tuo,</span> <span class='ocrx_word' id='word_1_419' title='bbox 1353 566 1416 587; x_wconf 88' lang='lat' dir='ltr'>nec</span> <span class='ocrx_word' id='word_1_420' title='bbox 1445 555 1488 586; x_wconf 93' lang='lat' dir='ltr'>ab</span> <span class='ocrx_word' id='word_1_421' title='bbox 1520 566 1579 587; x_wconf 88' lang='lat' dir='ltr'>ore</span> <span class='ocrx_word' id='word_1_422' title='bbox 1610 556 1754 588; x_wconf 90' lang='lat' dir='ltr'>seminis</span> <span class='ocrx_word' id='word_1_423' title='bbox 1786 556 1854 599; x_wconf 89' lang='lat' dir='ltr'>tui,</span> <span class='ocrx_word' id='word_1_424' title='bbox 1888 557 1973 590; x_wconf 89' lang='lat' dir='ltr'>dicit</span> <span class='ocrx_word' id='word_1_425' title='bbox 2004 557 2130 591; x_wconf 90' lang='lat' dir='ltr'>Domi-</span> 
     </span>
     <span class='ocr_line' id='line_1_66' title="bbox 1140 605 2129 650; baseline 0.005 -14"><span class='ocrx_word' id='word_1_426' title='bbox 1140 616 1226 643; x_wconf 82' lang='lat' dir='ltr'>nus,</span> <span class='ocrx_word' id='word_1_427' title='bbox 1267 605 1432 649; x_wconf 86' lang='lat' dir='ltr'>deinceps</span> <span class='ocrx_word' id='word_1_428' title='bbox 1472 611 1505 638; x_wconf 89' lang='lat' dir='ltr'>et</span> <span class='ocrx_word' id='word_1_429' title='bbox 1537 605 1575 639; x_wconf 87' lang='lat' dir='ltr'>in</span> <span class='ocrx_word' id='word_1_430' title='bbox 1606 606 1871 650; x_wconf 87' lang='lat' dir='ltr'>sempiternum.</span> <span class='ocrx_word' id='word_1_431' title='bbox 1946 606 2014 641; x_wconf 80' lang='lat' dir='ltr'>Hic</span> <span class='ocrx_word' id='word_1_432' title='bbox 2047 621 2129 650; x_wconf 89' lang='lat' dir='ltr'>pro-</span> 
     </span>
     <span class='ocr_line' id='line_1_67' title="bbox 1139 655 2129 700; baseline 0.004 -13"><span class='ocrx_word' id='word_1_433' title='bbox 1139 655 1247 689; x_wconf 84' lang='lat' dir='ltr'>mittit</span> <span class='ocrx_word' id='word_1_434' title='bbox 1291 663 1460 699; x_wconf 88' lang='lat' dir='ltr'>perpetuo</span> <span class='ocrx_word' id='word_1_435' title='bbox 1509 668 1715 689; x_wconf 88' lang='lat' dir='ltr'>mansurum</span> <span class='ocrx_word' id='word_1_436' title='bbox 1763 668 1834 690; x_wconf 89' lang='lat' dir='ltr'>esse</span> <span class='ocrx_word' id='word_1_437' title='bbox 1880 657 2129 700; x_wconf 89' lang='lat' dir='ltr'>ministerium,</span> 
     </span>
     <span class='ocr_line' id='line_1_68' title="bbox 1139 705 2129 751; baseline 0.004 -13"><span class='ocrx_word' id='word_1_438' title='bbox 1139 706 1175 738; x_wconf 93' lang='lat' dir='ltr'>in</span> <span class='ocrx_word' id='word_1_439' title='bbox 1211 719 1281 751; x_wconf 88' lang='lat' dir='ltr'>quo</span> <span class='ocrx_word' id='word_1_440' title='bbox 1315 705 1549 749; x_wconf 81' lang='lat' dir='ltr'>Evangelium</span> <span class='ocrx_word' id='word_1_441' title='bbox 1587 707 1746 748; x_wconf 87' lang='lat' dir='ltr'>sonabit,</span> <span class='ocrx_word' id='word_1_442' title='bbox 1788 708 1851 741; x_wconf 87' lang='lat' dir='ltr'>etsi</span> <span class='ocrx_word' id='word_1_443' title='bbox 1889 708 1974 742; x_wconf 88' lang='lat' dir='ltr'>alias</span> <span class='ocrx_word' id='word_1_444' title='bbox 2008 710 2129 751; x_wconf 81' lang='lat' dir='ltr'>magis,</span> 
     </span>
     <span class='ocr_line' id='line_1_69' title="bbox 1137 758 2126 801; baseline 0.003 -12"><span class='ocrx_word' id='word_1_445' title='bbox 1137 758 1222 790; x_wconf 89' lang='lat' dir='ltr'>alias</span> <span class='ocrx_word' id='word_1_446' title='bbox 1260 758 1378 790; x_wconf 86' lang='lat' dir='ltr'>minus</span> <span class='ocrx_word' id='word_1_447' title='bbox 1419 758 1617 801; x_wconf 88' lang='lat' dir='ltr'>perspicue,</span> <span class='ocrx_word' id='word_1_448' title='bbox 1664 759 1723 791; x_wconf 88' lang='lat' dir='ltr'>sed</span> <span class='ocrx_word' id='word_1_449' title='bbox 1764 765 1880 791; x_wconf 86' lang='lat' dir='ltr'>tamen</span> <span class='ocrx_word' id='word_1_450' title='bbox 1920 770 2126 793; x_wconf 88' lang='lat' dir='ltr'>mansurum</span> 
     </span>
     <span class='ocr_line' id='line_1_70' title="bbox 1138 809 2127 853; baseline 0.004 -13"><span class='ocrx_word' id='word_1_451' title='bbox 1138 815 1205 848; x_wconf 88' lang='lat' dir='ltr'>est,</span> <span class='ocrx_word' id='word_1_452' title='bbox 1242 815 1275 841; x_wconf 91' lang='lat' dir='ltr'>et</span> <span class='ocrx_word' id='word_1_453' title='bbox 1307 809 1459 841; x_wconf 86' lang='lat' dir='ltr'>subinde</span> <span class='ocrx_word' id='word_1_454' title='bbox 1493 809 1713 849; x_wconf 86' lang='lat' dir='ltr'>restituetur,</span> <span class='ocrx_word' id='word_1_455' title='bbox 1750 817 1781 842; x_wconf 91' lang='lat' dir='ltr'>et</span> <span class='ocrx_word' id='word_1_456' title='bbox 1805 809 1958 853; x_wconf 87' lang='lat' dir='ltr'>Spiritus</span> <span class='ocrx_word' id='word_1_457' title='bbox 1987 818 2127 844; x_wconf 90' lang='lat' dir='ltr'>sanctus</span> 
     </span>
     <span class='ocr_line' id='line_1_71' title="bbox 1136 859 2126 903; baseline 0.003 -11"><span class='ocrx_word' id='word_1_458' title='bbox 1136 859 1347 902; x_wconf 77' lang='lat' dir='ltr'>gubernabit</span> <span class='ocrx_word' id='word_1_459' title='bbox 1371 866 1503 892; x_wconf 86' lang='lat' dir='ltr'>mentes</span> <span class='ocrx_word' id='word_1_460' title='bbox 1528 860 1729 903; x_wconf 87' lang='lat' dir='ltr'>aliquorum</span> <span class='ocrx_word' id='word_1_461' title='bbox 1753 861 1976 899; x_wconf 90' lang='lat' dir='ltr'>docentium,</span> <span class='ocrx_word' id='word_1_462' title='bbox 2006 869 2038 895; x_wconf 89' lang='lat' dir='ltr'>et</span> <span class='ocrx_word' id='word_1_463' title='bbox 2061 862 2126 895; x_wconf 88' lang='lat' dir='ltr'>erit</span> 
     </span>
     <span class='ocr_line' id='line_1_72' title="bbox 1137 908 2126 956; baseline 0.004 -14"><span class='ocrx_word' id='word_1_464' title='bbox 1137 911 1255 942; x_wconf 85' lang='lat' dir='ltr'>efficax</span> <span class='ocrx_word' id='word_1_465' title='bbox 1280 922 1340 953; x_wconf 92' lang='lat' dir='ltr'>per</span> <span class='ocrx_word' id='word_1_466' title='bbox 1366 910 1623 949; x_wconf 85' lang='lat' dir='ltr'>ministerium,</span> <span class='ocrx_word' id='word_1_467' title='bbox 1648 911 1697 943; x_wconf 90' lang='lat' dir='ltr'>sic</span> <span class='ocrx_word' id='word_1_468' title='bbox 1715 917 1747 944; x_wconf 91' lang='lat' dir='ltr'>et</span> <span class='ocrx_word' id='word_1_469' title='bbox 1766 908 1928 945; x_wconf 86' lang='lat' dir='ltr'>Christus</span> <span class='ocrx_word' id='word_1_470' title='bbox 1949 912 2065 956; x_wconf 88' lang='lat' dir='ltr'>inquit</span> <span class='ocrx_word' id='word_1_471' title='bbox 2083 914 2126 946; x_wconf 90' lang='lat' dir='ltr'>de</span> 
     </span>
     <span class='ocr_line' id='line_1_73' title="bbox 1136 959 2126 1007; baseline 0.002 -13"><span class='ocrx_word' id='word_1_472' title='bbox 1136 962 1357 1001; x_wconf 84' lang='lat' dir='ltr'>doctoribus,</span> <span class='ocrx_word' id='word_1_473' title='bbox 1386 959 1515 995; x_wconf 84' lang='lat' dir='ltr'>Matth.</span> <span class='ocrx_word' id='word_1_474' title='bbox 1539 962 1603 996; x_wconf 89' lang='lat'>10:</span> <span class='ocrx_word' id='word_1_475' title='bbox 1633 960 1714 994; x_wconf 88' lang='lat' dir='ltr'>Non</span> <span class='ocrx_word' id='word_1_476' title='bbox 1738 973 1799 995; x_wconf 82' lang='lat' dir='ltr'>vos</span> <span class='ocrx_word' id='word_1_477' title='bbox 1825 962 1905 996; x_wconf 86' lang='lat' dir='ltr'>estis</span> <span class='ocrx_word' id='word_1_478' title='bbox 1922 963 1983 1007; x_wconf 92' lang='lat' dir='ltr'>qui</span> <span class='ocrx_word' id='word_1_479' title='bbox 2008 963 2126 1007; x_wconf 90' lang='lat' dir='ltr'>loqui-</span> 
     </span>
     <span class='ocr_line' id='line_1_74' title="bbox 1135 1011 2124 1061; baseline 0.004 -18"><span class='ocrx_word' id='word_1_480' title='bbox 1135 1012 1243 1052; x_wconf 86' lang='lat' dir='ltr'>mini,</span> <span class='ocrx_word' id='word_1_481' title='bbox 1268 1014 1326 1044; x_wconf 88' lang='lat' dir='ltr'>sed</span> <span class='ocrx_word' id='word_1_482' title='bbox 1346 1011 1500 1054; x_wconf 87' lang='lat' dir='ltr'>Spiritus</span> <span class='ocrx_word' id='word_1_483' title='bbox 1519 1011 1631 1045; x_wconf 89' lang='lat' dir='ltr'>Patris</span> <span class='ocrx_word' id='word_1_484' title='bbox 1653 1013 1759 1046; x_wconf 84' lang='lat' dir='ltr'>vestri</span> <span class='ocrx_word' id='word_1_485' title='bbox 1785 1020 1854 1053; x_wconf 89' lang='lat' dir='ltr'>est,</span> <span class='ocrx_word' id='word_1_486' title='bbox 1878 1013 1939 1058; x_wconf 90' lang='lat' dir='ltr'>qui</span> <span class='ocrx_word' id='word_1_487' title='bbox 1964 1013 2124 1061; x_wconf 84' lang='lat' dir='ltr'>loquitur</span> 
     </span>
     <span class='ocr_line' id='line_1_75' title="bbox 1134 1062 2123 1098; baseline 0.002 -3"><span class='ocrx_word' id='word_1_488' title='bbox 1134 1063 1171 1095; x_wconf 94' lang='lat' dir='ltr'>in</span> <span class='ocrx_word' id='word_1_489' title='bbox 1198 1063 1308 1096; x_wconf 75' lang='lat' dir='ltr'>vohis.</span> <span class='ocrx_word' id='word_1_490' title='bbox 1375 1062 1449 1096; x_wconf 86' lang='lat' dir='ltr'>Hae</span> <span class='ocrx_word' id='word_1_491' title='bbox 1488 1063 1712 1096; x_wconf 86' lang='lat' dir='ltr'>dulcissimae</span> <span class='ocrx_word' id='word_1_492' title='bbox 1747 1064 2005 1097; x_wconf 88' lang='lat' dir='ltr'>consolationes</span> <span class='ocrx_word' id='word_1_493' title='bbox 2037 1077 2123 1098; x_wconf 88' lang='lat' dir='ltr'>con-</span> 
     </span>
     <span class='ocr_line' id='line_1_76' title="bbox 1133 1112 2123 1158; baseline 0.003 -13"><span class='ocrx_word' id='word_1_494' title='bbox 1133 1114 1273 1147; x_wconf 88' lang='lat' dir='ltr'>firmant</span> <span class='ocrx_word' id='word_1_495' title='bbox 1306 1125 1388 1153; x_wconf 88' lang='lat' dir='ltr'>nos,</span> <span class='ocrx_word' id='word_1_496' title='bbox 1430 1121 1467 1148; x_wconf 89' lang='lat' dir='ltr'>ut</span> <span class='ocrx_word' id='word_1_497' title='bbox 1505 1114 1654 1146; x_wconf 88' lang='lat' dir='ltr'>sciamus</span> <span class='ocrx_word' id='word_1_498' title='bbox 1691 1115 1855 1147; x_wconf 86' lang='lat' dir='ltr'>docentes</span> <span class='ocrx_word' id='word_1_499' title='bbox 1887 1112 2123 1158; x_wconf 83' lang='lat' dir='ltr'>Evangelium</span> 
     </span>
     <span class='ocr_line' id='line_1_77' title="bbox 1133 1163 1608 1207; baseline -0.002 -10"><span class='ocrx_word' id='word_1_500' title='bbox 1133 1165 1244 1198; x_wconf 89' lang='lat' dir='ltr'>iuvari</span> <span class='ocrx_word' id='word_1_501' title='bbox 1275 1176 1293 1197; x_wconf 86' lang='lat' dir='ltr'>a</span> <span class='ocrx_word' id='word_1_502' title='bbox 1320 1163 1457 1207; x_wconf 86' lang='lat' dir='ltr'>Spiritu</span> <span class='ocrx_word' id='word_1_503' title='bbox 1478 1171 1608 1197; x_wconf 86' lang='lat' dir='ltr'>sancto.</span> 
     </span>
    </p>

    <p class='ocr_par' dir='ltr' id='par_1_15' title="bbox 1129 1213 2122 1514">
     <span class='ocr_line' id='line_1_78' title="bbox 1234 1213 2121 1261; baseline 0.001 -13"><span class='ocrx_word' id='word_1_504' title='bbox 1234 1214 1372 1248; x_wconf 85' lang='lat' dir='ltr'>Deinde</span> <span class='ocrx_word' id='word_1_505' title='bbox 1407 1222 1439 1248; x_wconf 89' lang='lat' dir='ltr'>et</span> <span class='ocrx_word' id='word_1_506' title='bbox 1472 1214 1637 1261; x_wconf 86' lang='lat' dir='ltr'>privatim</span> <span class='ocrx_word' id='word_1_507' title='bbox 1662 1213 1816 1258; x_wconf 87' lang='lat' dir='ltr'>Spiritus</span> <span class='ocrx_word' id='word_1_508' title='bbox 1848 1222 1988 1248; x_wconf 87' lang='lat' dir='ltr'>sanctus</span> <span class='ocrx_word' id='word_1_509' title='bbox 2014 1216 2121 1250; x_wconf 87' lang='lat' dir='ltr'>flectit</span> 
     </span>
     <span class='ocr_line' id='line_1_79' title="bbox 1132 1263 2122 1308; baseline 0.004 -11"><span class='ocrx_word' id='word_1_510' title='bbox 1132 1266 1237 1298; x_wconf 85' lang='lat' dir='ltr'>corda</span> <span class='ocrx_word' id='word_1_511' title='bbox 1267 1266 1488 1298; x_wconf 88' lang='lat' dir='ltr'>audientium</span> <span class='ocrx_word' id='word_1_512' title='bbox 1513 1263 1747 1308; x_wconf 85' lang='lat' dir='ltr'>Evangelium</span> <span class='ocrx_word' id='word_1_513' title='bbox 1777 1266 1820 1298; x_wconf 89' lang='lat' dir='ltr'>ad</span> <span class='ocrx_word' id='word_1_514' title='bbox 1847 1267 2048 1306; x_wconf 79' lang='lat' dir='ltr'>veritatem,</span> <span class='ocrx_word' id='word_1_515' title='bbox 2084 1275 2122 1301; x_wconf 89' lang='lat' dir='ltr'>ut</span> 
     </span>
     <span class='ocr_line' id='line_1_80' title="bbox 1130 1315 2117 1358; baseline 0.001 -9"><span class='ocrx_word' id='word_1_516' title='bbox 1130 1315 1244 1349; x_wconf 90' lang='lat' dir='ltr'>Deum</span> <span class='ocrx_word' id='word_1_517' title='bbox 1264 1323 1354 1349; x_wconf 89' lang='lat' dir='ltr'>recte</span> <span class='ocrx_word' id='word_1_518' title='bbox 1371 1323 1561 1358; x_wconf 80' lang='lat' dir='ltr'>agnoscant</span> <span class='ocrx_word' id='word_1_519' title='bbox 1577 1323 1609 1349; x_wconf 91' lang='lat' dir='ltr'>et</span> <span class='ocrx_word' id='word_1_520' title='bbox 1625 1316 1799 1356; x_wconf 87' lang='lat' dir='ltr'>invocent,</span> <span class='ocrx_word' id='word_1_521' title='bbox 1828 1324 1861 1351; x_wconf 92' lang='lat' dir='ltr'>et</span> <span class='ocrx_word' id='word_1_522' title='bbox 1879 1325 1968 1351; x_wconf 87' lang='lat' dir='ltr'>recte</span> <span class='ocrx_word' id='word_1_523' title='bbox 1987 1317 2117 1351; x_wconf 88' lang='lat' dir='ltr'>intelli-</span> 
     </span>
     <span class='ocr_line' id='line_1_81' title="bbox 1130 1364 2120 1410; baseline 0.002 -11"><span class='ocrx_word' id='word_1_524' title='bbox 1130 1373 1212 1409; x_wconf 84' lang='lat' dir='ltr'>gant</span> <span class='ocrx_word' id='word_1_525' title='bbox 1242 1367 1440 1400; x_wconf 88' lang='lat' dir='ltr'>doctrinam</span> <span class='ocrx_word' id='word_1_526' title='bbox 1474 1364 1658 1410; x_wconf 85' lang='lat' dir='ltr'>Evangelii</span> <span class='ocrx_word' id='word_1_527' title='bbox 1691 1368 1733 1400; x_wconf 93' lang='lat' dir='ltr'>de</span> <span class='ocrx_word' id='word_1_528' title='bbox 1767 1366 1863 1408; x_wconf 88' lang='lat' dir='ltr'>Deo,</span> <span class='ocrx_word' id='word_1_529' title='bbox 1898 1370 1940 1401; x_wconf 89' lang='lat' dir='ltr'>de</span> <span class='ocrx_word' id='word_1_530' title='bbox 1964 1365 2120 1407; x_wconf 88' lang='lat' dir='ltr'>Christo,</span> 
     </span>
     <span class='ocr_line' id='line_1_82' title="bbox 1130 1418 2119 1460; baseline 0.002 -11"><span class='ocrx_word' id='word_1_531' title='bbox 1130 1418 1172 1449; x_wconf 90' lang='lat' dir='ltr'>de</span> <span class='ocrx_word' id='word_1_532' title='bbox 1194 1418 1324 1459; x_wconf 82' lang='lat' dir='ltr'>gratia,</span> <span class='ocrx_word' id='word_1_533' title='bbox 1357 1419 1400 1450; x_wconf 88' lang='lat' dir='ltr'>de</span> <span class='ocrx_word' id='word_1_534' title='bbox 1424 1418 1579 1459; x_wconf 80' lang='lat' dir='ltr'>iusticia,</span> <span class='ocrx_word' id='word_1_535' title='bbox 1615 1425 1646 1450; x_wconf 90' lang='lat' dir='ltr'>et</span> <span class='ocrx_word' id='word_1_536' title='bbox 1670 1418 1749 1450; x_wconf 89' lang='lat' dir='ltr'>aliis</span> <span class='ocrx_word' id='word_1_537' title='bbox 1772 1420 1877 1452; x_wconf 89' lang='lat' dir='ltr'>rebus</span> <span class='ocrx_word' id='word_1_538' title='bbox 1903 1419 2119 1460; x_wconf 86' lang='lat' dir='ltr'>necessariis,</span> 
     </span>
     <span class='ocr_line' id='line_1_83' title="bbox 1129 1466 2117 1514; baseline 0.002 -14"><span class='ocrx_word' id='word_1_539' title='bbox 1129 1469 1218 1501; x_wconf 87' lang='lat' dir='ltr'>sicut</span> <span class='ocrx_word' id='word_1_540' title='bbox 1236 1466 1342 1502; x_wconf 81' lang='lat' dir='ltr'>Zach.</span> <span class='ocrx_word' id='word_1_541' title='bbox 1364 1471 1420 1503; x_wconf 70' lang='lat'>12.</span> <span class='ocrx_word' id='word_1_542' title='bbox 1448 1469 1594 1502; x_wconf 81' lang='lat' dir='ltr'>dicitur:</span> <span class='ocrx_word' id='word_1_543' title='bbox 1624 1467 1817 1502; x_wconf 81' lang='lat' dir='ltr'>Effundam</span> <span class='ocrx_word' id='word_1_544' title='bbox 1844 1482 1949 1514; x_wconf 89' lang='lat' dir='ltr'>super</span> <span class='ocrx_word' id='word_1_545' title='bbox 1973 1471 2117 1503; x_wconf 89' lang='lat' dir='ltr'>domum</span> 
     </span>
    </p>
   </div>
   <div class='ocr_carea' id='block_1_15' title="bbox 1101 1518 2115 1565">
    <p class='ocr_par' dir='ltr' id='par_1_16' title="bbox 1101 1518 2115 1565">
     <span class='ocr_line' id='line_1_84' title="bbox 1101 1518 2115 1565; baseline 0.001 -13"><span class='ocrx_word' id='word_1_546' title='bbox 1101 1518 1243 1552; x_wconf 76' lang='lat' dir='ltr'>&#39;David</span> <span class='ocrx_word' id='word_1_547' title='bbox 1270 1520 1431 1563; x_wconf 81' lang='lat' dir='ltr'>spiritum</span> <span class='ocrx_word' id='word_1_548' title='bbox 1457 1520 1586 1562; x_wconf 84' lang='lat' dir='ltr'>gratiae</span> <span class='ocrx_word' id='word_1_549' title='bbox 1622 1527 1655 1552; x_wconf 90' lang='lat' dir='ltr'>et</span> <span class='ocrx_word' id='word_1_550' title='bbox 1689 1521 1852 1564; x_wconf 87' lang='lat' dir='ltr'>spiritum</span> <span class='ocrx_word' id='word_1_551' title='bbox 1884 1533 2047 1565; x_wconf 81' lang='lat' dir='ltr'>precum,</span> <span class='ocrx_word' id='word_1_552' title='bbox 2080 1522 2115 1553; x_wconf 91' lang='lat' dir='ltr'>id</span> 
     </span>
    </p>
   </div>
   <div class='ocr_carea' id='block_1_16' title="bbox 1114 1571 2117 2733">
    <p class='ocr_par' dir='ltr' id='par_1_17' title="bbox 1126 1571 2117 1718">
     <span class='ocr_line' id='line_1_85' title="bbox 1128 1571 2117 1615; baseline 0.001 -12"><span class='ocrx_word' id='word_1_553' title='bbox 1128 1577 1198 1609; x_wconf 90' lang='lat' dir='ltr'>est,</span> <span class='ocrx_word' id='word_1_554' title='bbox 1233 1583 1301 1614; x_wconf 87' lang='lat' dir='ltr'>qno</span> <span class='ocrx_word' id='word_1_555' title='bbox 1330 1579 1492 1604; x_wconf 82' lang='lat' dir='ltr'>movente</span> <span class='ocrx_word' id='word_1_556' title='bbox 1524 1571 1743 1613; x_wconf 80' lang='lat' dir='ltr'>singulorum</span> <span class='ocrx_word' id='word_1_557' title='bbox 1769 1573 1894 1612; x_wconf 90' lang='lat' dir='ltr'>corda,</span> <span class='ocrx_word' id='word_1_558' title='bbox 1929 1573 2117 1615; x_wconf 74' lang='lat' dir='ltr'>experiun-</span> 
     </span>
     <span class='ocr_line' id='line_1_86' title="bbox 1127 1621 2115 1665; baseline 0.001 -11"><span class='ocrx_word' id='word_1_559' title='bbox 1127 1627 1185 1654; x_wconf 89' lang='lat' dir='ltr'>tur</span> <span class='ocrx_word' id='word_1_560' title='bbox 1203 1621 1498 1661; x_wconf 84' lang='lat' dir='ltr'>consolationem,</span> <span class='ocrx_word' id='word_1_561' title='bbox 1527 1629 1558 1654; x_wconf 89' lang='lat' dir='ltr'>et</span> <span class='ocrx_word' id='word_1_562' title='bbox 1578 1629 1773 1664; x_wconf 87' lang='lat' dir='ltr'>agnoscunt</span> <span class='ocrx_word' id='word_1_563' title='bbox 1793 1635 1827 1654; x_wconf 89' lang='lat' dir='ltr'>se</span> <span class='ocrx_word' id='word_1_564' title='bbox 1847 1634 1919 1654; x_wconf 87' lang='lat' dir='ltr'>esse</span> <span class='ocrx_word' id='word_1_565' title='bbox 1938 1623 1974 1654; x_wconf 91' lang='lat' dir='ltr'>in</span> <span class='ocrx_word' id='word_1_566' title='bbox 1993 1623 2115 1665; x_wconf 84' lang='lat' dir='ltr'>gratia,</span> 
     </span>
     <span class='ocr_line' id='line_1_87' title="bbox 1126 1672 1964 1718; baseline 0 -14"><span class='ocrx_word' id='word_1_567' title='bbox 1126 1684 1164 1704; x_wconf 90' lang='lat' dir='ltr'>ac</span> <span class='ocrx_word' id='word_1_568' title='bbox 1181 1672 1307 1714; x_wconf 86' lang='lat' dir='ltr'>recipi,</span> <span class='ocrx_word' id='word_1_569' title='bbox 1335 1679 1365 1704; x_wconf 86' lang='lat' dir='ltr'>et</span> <span class='ocrx_word' id='word_1_570' title='bbox 1383 1672 1617 1718; x_wconf 80' lang='lat' dir='ltr'>impelluntur</span> <span class='ocrx_word' id='word_1_571' title='bbox 1632 1673 1673 1704; x_wconf 89' lang='lat' dir='ltr'>ad</span> <span class='ocrx_word' id='word_1_572' title='bbox 1694 1673 1964 1706; x_wconf 82' lang='lat' dir='ltr'>invocationem.</span> 
     </span>
    </p>

    <p class='ocr_par' dir='ltr' id='par_1_18' title="bbox 1114 1721 2115 2733">
     <span class='ocr_line' id='line_1_88' title="bbox 1229 1721 2115 1765; baseline 0.003 -11"><span class='ocrx_word' id='word_1_573' title='bbox 1229 1721 1324 1755; x_wconf 89' lang='lat' dir='ltr'>Haec</span> <span class='ocrx_word' id='word_1_574' title='bbox 1347 1723 1502 1765; x_wconf 84' lang='lat' dir='ltr'>ingentia</span> <span class='ocrx_word' id='word_1_575' title='bbox 1526 1723 1617 1755; x_wconf 88' lang='lat' dir='ltr'>bona</span> <span class='ocrx_word' id='word_1_576' title='bbox 1635 1723 1915 1763; x_wconf 88' lang='lat' dir='ltr'>consideremus,</span> <span class='ocrx_word' id='word_1_577' title='bbox 1944 1731 1983 1756; x_wconf 88' lang='lat' dir='ltr'>ut</span> <span class='ocrx_word' id='word_1_578' title='bbox 2000 1724 2115 1757; x_wconf 86' lang='lat' dir='ltr'>disca-</span> 
     </span>
     <span class='ocr_line' id='line_1_89' title="bbox 1125 1771 2115 1818; baseline 0.003 -13"><span class='ocrx_word' id='word_1_579' title='bbox 1125 1785 1204 1806; x_wconf 87' lang='lat' dir='ltr'>mus</span> <span class='ocrx_word' id='word_1_580' title='bbox 1233 1773 1429 1816; x_wconf 84' lang='lat' dir='ltr'>intelligere</span> <span class='ocrx_word' id='word_1_581' title='bbox 1461 1780 1495 1806; x_wconf 89' lang='lat' dir='ltr'>ct</span> <span class='ocrx_word' id='word_1_582' title='bbox 1526 1781 1646 1818; x_wconf 90' lang='lat' dir='ltr'>optare</span> <span class='ocrx_word' id='word_1_583' title='bbox 1678 1771 1741 1806; x_wconf 87' lang='lat' dir='ltr'>has</span> <span class='ocrx_word' id='word_1_584' title='bbox 1771 1774 2047 1812; x_wconf 79' lang='lat' dir='ltr'>consolationes,</span> <span class='ocrx_word' id='word_1_585' title='bbox 2082 1782 2115 1808; x_wconf 90' lang='lat' dir='ltr'>et</span> 
     </span>
     <span class='ocr_line' id='line_1_90' title="bbox 1126 1821 2114 1858; baseline 0.002 -2"><span class='ocrx_word' id='word_1_586' title='bbox 1126 1821 1189 1857; x_wconf 90' lang='lat' dir='ltr'>hos</span> <span class='ocrx_word' id='word_1_587' title='bbox 1220 1824 1387 1857; x_wconf 85' lang='lat' dir='ltr'>salutares</span> <span class='ocrx_word' id='word_1_588' title='bbox 1416 1831 1532 1857; x_wconf 87' lang='lat' dir='ltr'>motus</span> <span class='ocrx_word' id='word_1_589' title='bbox 1565 1837 1667 1857; x_wconf 84' lang='lat' dir='ltr'>verae</span> <span class='ocrx_word' id='word_1_590' title='bbox 1699 1825 1945 1858; x_wconf 82' lang='lat' dir='ltr'>invocationis.</span> <span class='ocrx_word' id='word_1_591' title='bbox 2020 1825 2114 1858; x_wconf 84' lang='lat' dir='ltr'>Haec</span> 
     </span>
     <span class='ocr_line' id='line_1_91' title="bbox 1125 1875 2114 1917; baseline 0.002 -10"><span class='ocrx_word' id='word_1_592' title='bbox 1125 1887 1204 1907; x_wconf 90' lang='lat' dir='ltr'>cum</span> <span class='ocrx_word' id='word_1_593' title='bbox 1238 1875 1326 1908; x_wconf 74' lang='lat' dir='ltr'>fiunt</span> <span class='ocrx_word' id='word_1_594' title='bbox 1358 1875 1394 1906; x_wconf 87' lang='lat' dir='ltr'>in</span> <span class='ocrx_word' id='word_1_595' title='bbox 1419 1875 1540 1915; x_wconf 87' lang='lat' dir='ltr'>nobis,</span> <span class='ocrx_word' id='word_1_596' title='bbox 1573 1883 1744 1917; x_wconf 83' lang='lat' dir='ltr'>reguntur</span> <span class='ocrx_word' id='word_1_597' title='bbox 1769 1883 1902 1909; x_wconf 88' lang='lat' dir='ltr'>mentes</span> <span class='ocrx_word' id='word_1_598' title='bbox 1928 1883 1967 1909; x_wconf 92' lang='lat' dir='ltr'>ut</span> <span class='ocrx_word' id='word_1_599' title='bbox 1994 1877 2114 1909; x_wconf 81' lang='lat' dir='ltr'>dextre</span> 
     </span>
     <span class='ocr_line' id='line_1_92' title="bbox 1125 1926 2113 1968; baseline 0.001 -10"><span class='ocrx_word' id='word_1_600' title='bbox 1125 1926 1228 1958; x_wconf 72' lang='lat' dir='ltr'>etiam</span> <span class='ocrx_word' id='word_1_601' title='bbox 1246 1938 1370 1968; x_wconf 78' lang='lat' dir='ltr'>genera</span> <span class='ocrx_word' id='word_1_602' title='bbox 1389 1927 1630 1959; x_wconf 87' lang='lat' dir='ltr'>doctrinarum</span> <span class='ocrx_word' id='word_1_603' title='bbox 1649 1926 1901 1967; x_wconf 88' lang='lat' dir='ltr'>diiudicentur,</span> <span class='ocrx_word' id='word_1_604' title='bbox 1929 1939 1966 1959; x_wconf 93' lang='lat' dir='ltr'>ac</span> <span class='ocrx_word' id='word_1_605' title='bbox 1982 1927 2113 1960; x_wconf 87' lang='lat' dir='ltr'>discer-</span> 
     </span>
     <span class='ocr_line' id='line_1_93' title="bbox 1124 1974 2112 2021; baseline 0.002 -13"><span class='ocrx_word' id='word_1_606' title='bbox 1124 1984 1229 2009; x_wconf 62' lang='lat' dir='ltr'>natur</span> <span class='ocrx_word' id='word_1_607' title='bbox 1255 1989 1271 2008; x_wconf 91' lang='lat' dir='ltr'>a</span> <span class='ocrx_word' id='word_1_608' title='bbox 1300 1977 1390 2017; x_wconf 74' lang='lat' dir='ltr'>lege,</span> <span class='ocrx_word' id='word_1_609' title='bbox 1419 1989 1435 2008; x_wconf 86' lang='lat' dir='ltr'>a</span> <span class='ocrx_word' id='word_1_610' title='bbox 1463 1974 1706 2020; x_wconf 89' lang='lat' dir='ltr'>philosophia,</span> <span class='ocrx_word' id='word_1_611' title='bbox 1735 1984 1766 2010; x_wconf 90' lang='lat' dir='ltr'>et</span> <span class='ocrx_word' id='word_1_612' title='bbox 1788 1978 1831 2011; x_wconf 89' lang='lat' dir='ltr'>ab</span> <span class='ocrx_word' id='word_1_613' title='bbox 1853 1975 2017 2011; x_wconf 90' lang='lat' dir='ltr'>humanis</span> <span class='ocrx_word' id='word_1_614' title='bbox 2034 1978 2112 2021; x_wconf 84' lang='lat' dir='ltr'>opi-</span> 
     </span>
     <span class='ocr_line' id='line_1_94' title="bbox 1123 2027 2112 2074; baseline 0.004 -16"><span class='ocrx_word' id='word_1_615' title='bbox 1123 2028 1292 2059; x_wconf 82' lang='lat' dir='ltr'>nionibus</span> <span class='ocrx_word' id='word_1_616' title='bbox 1315 2035 1346 2060; x_wconf 89' lang='lat' dir='ltr'>et</span> <span class='ocrx_word' id='word_1_617' title='bbox 1372 2028 1543 2067; x_wconf 85' lang='lat' dir='ltr'>cultibus,</span> <span class='ocrx_word' id='word_1_618' title='bbox 1579 2028 1656 2060; x_wconf 89' lang='lat' dir='ltr'>ideo</span> <span class='ocrx_word' id='word_1_619' title='bbox 1683 2027 1814 2062; x_wconf 84' lang='lat' dir='ltr'>Paulus</span> <span class='ocrx_word' id='word_1_620' title='bbox 1842 2029 1959 2074; x_wconf 89' lang='lat' dir='ltr'>inquit</span> <span class='ocrx_word' id='word_1_621' title='bbox 1987 2030 2016 2061; x_wconf 92' lang='lat'>1.</span> <span class='ocrx_word' id='word_1_622' title='bbox 2042 2027 2112 2062; x_wconf 92' lang='lat' dir='ltr'>Co-</span> 
     </span>
     <span class='ocr_line' id='line_1_95' title="bbox 1124 2075 2111 2123; baseline 0.002 -13"><span class='ocrx_word' id='word_1_623' title='bbox 1124 2075 1233 2111; x_wconf 83' lang='lat' dir='ltr'>rinth.</span> <span class='ocrx_word' id='word_1_624' title='bbox 1250 2079 1304 2110; x_wconf 60' lang='lat'>2:</span> <span class='ocrx_word' id='word_1_625' title='bbox 1333 2078 1537 2123; x_wconf 85' lang='lat' dir='ltr'>Spiritualis</span> <span class='ocrx_word' id='word_1_626' title='bbox 1562 2079 1680 2111; x_wconf 83' lang='lat' dir='ltr'>omnia</span> <span class='ocrx_word' id='word_1_627' title='bbox 1705 2080 1898 2120; x_wconf 80' lang='lat' dir='ltr'>examinat,</span> <span class='ocrx_word' id='word_1_628' title='bbox 1933 2091 1992 2112; x_wconf 91' lang='lat' dir='ltr'>seu</span> <span class='ocrx_word' id='word_1_629' title='bbox 2017 2080 2111 2112; x_wconf 88' lang='lat' dir='ltr'>diiu-</span> 
     </span>
     <span class='ocr_line' id='line_1_96' title="bbox 1123 2129 2111 2169; baseline 0.001 -8"><span class='ocrx_word' id='word_1_630' title='bbox 1123 2129 1235 2169; x_wconf 85' lang='lat' dir='ltr'>dicat,</span> <span class='ocrx_word' id='word_1_631' title='bbox 1263 2136 1296 2162; x_wconf 87' lang='lat' dir='ltr'>et</span> <span class='ocrx_word' id='word_1_632' title='bbox 1321 2130 1351 2162; x_wconf 91' lang='lat'>1.</span> <span class='ocrx_word' id='word_1_633' title='bbox 1374 2129 1469 2161; x_wconf 83' lang='lat' dir='ltr'>ioan.</span> <span class='ocrx_word' id='word_1_634' title='bbox 1487 2130 1536 2162; x_wconf 65' lang='lat'>2:</span> <span class='ocrx_word' id='word_1_635' title='bbox 1564 2129 1693 2163; x_wconf 55' lang='lat' dir='ltr'>L&#39;nctio</span> <span class='ocrx_word' id='word_1_636' title='bbox 1719 2131 1819 2164; x_wconf 90' lang='lat' dir='ltr'>docet</span> <span class='ocrx_word' id='word_1_637' title='bbox 1841 2143 1900 2163; x_wconf 88' lang='lat' dir='ltr'>vos</span> <span class='ocrx_word' id='word_1_638' title='bbox 1927 2131 1969 2163; x_wconf 90' lang='lat' dir='ltr'>de</span> <span class='ocrx_word' id='word_1_639' title='bbox 1994 2131 2111 2162; x_wconf 86' lang='lat' dir='ltr'>omni-</span> 
     </span>
     <span class='ocr_line' id='line_1_97' title="bbox 1122 2180 2109 2220; baseline 0.003 -8"><span class='ocrx_word' id='word_1_640' title='bbox 1122 2181 1205 2219; x_wconf 89' lang='lat' dir='ltr'>bus,</span> <span class='ocrx_word' id='word_1_641' title='bbox 1233 2187 1266 2213; x_wconf 90' lang='lat' dir='ltr'>et</span> <span class='ocrx_word' id='word_1_642' title='bbox 1289 2192 1370 2214; x_wconf 85' lang='lat' dir='ltr'>vcra</span> <span class='ocrx_word' id='word_1_643' title='bbox 1389 2188 1457 2220; x_wconf 84' lang='lat' dir='ltr'>est,</span> <span class='ocrx_word' id='word_1_644' title='bbox 1485 2187 1517 2213; x_wconf 91' lang='lat' dir='ltr'>et</span> <span class='ocrx_word' id='word_1_645' title='bbox 1534 2192 1604 2213; x_wconf 90' lang='lat' dir='ltr'>non</span> <span class='ocrx_word' id='word_1_646' title='bbox 1624 2188 1672 2213; x_wconf 90' lang='lat' dir='ltr'>est</span> <span class='ocrx_word' id='word_1_647' title='bbox 1693 2182 1926 2215; x_wconf 83' lang='lat' dir='ltr'>mendacium.</span> <span class='ocrx_word' id='word_1_648' title='bbox 1979 2180 2109 2215; x_wconf 77' lang='lat' dir='ltr'>Extant</span> 
     </span>
     <span class='ocr_line' id='line_1_98' title="bbox 1121 2229 2110 2276; baseline 0.002 -13"><span class='ocrx_word' id='word_1_649' title='bbox 1121 2232 1247 2275; x_wconf 86' lang='lat' dir='ltr'>passim</span> <span class='ocrx_word' id='word_1_650' title='bbox 1295 2232 1403 2264; x_wconf 85' lang='lat' dir='ltr'>multa</span> <span class='ocrx_word' id='word_1_651' title='bbox 1453 2231 1564 2271; x_wconf 86' lang='lat' dir='ltr'>dicta,</span> <span class='ocrx_word' id='word_1_652' title='bbox 1623 2243 1712 2276; x_wconf 89' lang='lat' dir='ltr'>quae</span> <span class='ocrx_word' id='word_1_653' title='bbox 1753 2233 1795 2264; x_wconf 84' lang='lat' dir='ltr'>de</span> <span class='ocrx_word' id='word_1_654' title='bbox 1837 2229 1891 2264; x_wconf 87' lang='lat' dir='ltr'>his</span> <span class='ocrx_word' id='word_1_655' title='bbox 1932 2231 2110 2265; x_wconf 83' lang='lat' dir='ltr'>beneficiis</span> 
     </span>
     <span class='ocr_line' id='line_1_99' title="bbox 1122 2282 2109 2324; baseline 0.001 -9"><span class='ocrx_word' id='word_1_656' title='bbox 1122 2282 1274 2324; x_wconf 88' lang='lat' dir='ltr'>Spiritus</span> <span class='ocrx_word' id='word_1_657' title='bbox 1310 2282 1420 2315; x_wconf 84' lang='lat' dir='ltr'>sancti</span> <span class='ocrx_word' id='word_1_658' title='bbox 1460 2283 1582 2314; x_wconf 86' lang='lat' dir='ltr'>eodem</span> <span class='ocrx_word' id='word_1_659' title='bbox 1622 2283 1726 2315; x_wconf 90' lang='lat' dir='ltr'>modo</span> <span class='ocrx_word' id='word_1_660' title='bbox 1755 2283 2028 2323; x_wconf 85' lang='lat' dir='ltr'>concionantur,</span> <span class='ocrx_word' id='word_1_661' title='bbox 2070 2289 2109 2316; x_wconf 88' lang='lat' dir='ltr'>ut</span> 
     </span>
     <span class='ocr_line' id='line_1_100' title="bbox 1122 2331 2108 2369; baseline 0.002 -5"><span class='ocrx_word' id='word_1_662' title='bbox 1122 2331 1179 2365; x_wconf 90' lang='lat' dir='ltr'>hic</span> <span class='ocrx_word' id='word_1_663' title='bbox 1217 2333 1362 2366; x_wconf 75' lang='lat' dir='ltr'>dicitur:</span> <span class='ocrx_word' id='word_1_664' title='bbox 1407 2332 1518 2366; x_wconf 80' lang='lat' dir='ltr'>Ducet</span> <span class='ocrx_word' id='word_1_665' title='bbox 1556 2343 1617 2365; x_wconf 75' lang='lat' dir='ltr'>vos</span> <span class='ocrx_word' id='word_1_666' title='bbox 1654 2334 1691 2365; x_wconf 88' lang='lat' dir='ltr'>in</span> <span class='ocrx_word' id='word_1_667' title='bbox 1730 2345 1870 2366; x_wconf 89' lang='lat' dir='ltr'>omnem</span> <span class='ocrx_word' id='word_1_668' title='bbox 1913 2334 2108 2369; x_wconf 84' lang='lat' dir='ltr'>veritatem.</span> 
     </span>
     <span class='ocr_line' id='line_1_101' title="bbox 1120 2382 2109 2427; baseline 0.001 -11"><span class='ocrx_word' id='word_1_669' title='bbox 1120 2382 1250 2427; x_wconf 63' lang='lat' dir='ltr'>Blagna</span> <span class='ocrx_word' id='word_1_670' title='bbox 1276 2391 1307 2417; x_wconf 83' lang='lat' dir='ltr'>ct</span> <span class='ocrx_word' id='word_1_671' title='bbox 1334 2384 1498 2417; x_wconf 78' lang='lat' dir='ltr'>salutaris</span> <span class='ocrx_word' id='word_1_672' title='bbox 1523 2395 1575 2415; x_wconf 90' lang='lat' dir='ltr'>res</span> <span class='ocrx_word' id='word_1_673' title='bbox 1600 2390 1668 2421; x_wconf 90' lang='lat' dir='ltr'>est,</span> <span class='ocrx_word' id='word_1_674' title='bbox 1696 2395 1768 2416; x_wconf 87' lang='lat' dir='ltr'>non</span> <span class='ocrx_word' id='word_1_675' title='bbox 1785 2384 2109 2417; x_wconf 78' lang='lat' dir='ltr'>aberrareiniudi-</span> 
     </span>
     <span class='ocr_line' id='line_1_102' title="bbox 1119 2434 2109 2478; baseline 0.001 -11"><span class='ocrx_word' id='word_1_676' title='bbox 1119 2435 1173 2467; x_wconf 89' lang='lat' dir='ltr'>cio</span> <span class='ocrx_word' id='word_1_677' title='bbox 1199 2436 1401 2478; x_wconf 85' lang='lat' dir='ltr'>doctrinae,</span> <span class='ocrx_word' id='word_1_678' title='bbox 1429 2442 1460 2467; x_wconf 76' lang='lat' dir='ltr'>et</span> <span class='ocrx_word' id='word_1_679' title='bbox 1488 2435 1524 2466; x_wconf 90' lang='lat' dir='ltr'>in</span> <span class='ocrx_word' id='word_1_680' title='bbox 1547 2434 1702 2466; x_wconf 89' lang='lat' dir='ltr'>consiliis</span> <span class='ocrx_word' id='word_1_681' title='bbox 1728 2435 1886 2477; x_wconf 88' lang='lat' dir='ltr'>privatae</span> <span class='ocrx_word' id='word_1_682' title='bbox 1911 2435 2021 2475; x_wconf 79' lang='lat' dir='ltr'>vitae,</span> <span class='ocrx_word' id='word_1_683' title='bbox 2049 2442 2109 2468; x_wconf 87' lang='lat' dir='ltr'>aut</span> 
     </span>
     <span class='ocr_line' id='line_1_103' title="bbox 1118 2482 2106 2529; baseline 0.001 -11"><span class='ocrx_word' id='word_1_684' title='bbox 1118 2486 1404 2527; x_wconf 85' lang='lat' dir='ltr'>gubernationis,</span> <span class='ocrx_word' id='word_1_685' title='bbox 1430 2486 1517 2518; x_wconf 87' lang='lat' dir='ltr'>sicut</span> <span class='ocrx_word' id='word_1_686' title='bbox 1542 2482 1749 2518; x_wconf 83' lang='lat' dir='ltr'>hallucinati</span> <span class='ocrx_word' id='word_1_687' title='bbox 1774 2493 1853 2520; x_wconf 91' lang='lat' dir='ltr'>sunt</span> <span class='ocrx_word' id='word_1_688' title='bbox 1874 2487 1910 2519; x_wconf 92' lang='lat' dir='ltr'>in</span> <span class='ocrx_word' id='word_1_689' title='bbox 1934 2486 2106 2529; x_wconf 87' lang='lat' dir='ltr'>interpre-</span> 
     </span>
     <span class='ocr_line' id='line_1_104' title="bbox 1119 2535 2108 2580; baseline 0.003 -12"><span class='ocrx_word' id='word_1_690' title='bbox 1119 2538 1252 2569; x_wconf 83' lang='lat' dir='ltr'>tatione</span> <span class='ocrx_word' id='word_1_691' title='bbox 1282 2538 1474 2580; x_wconf 86' lang='lat' dir='ltr'>scripturae</span> <span class='ocrx_word' id='word_1_692' title='bbox 1503 2535 1564 2567; x_wconf 85' lang='lat' dir='ltr'>alii</span> <span class='ocrx_word' id='word_1_693' title='bbox 1588 2536 1774 2575; x_wconf 79' lang='lat' dir='ltr'>furiosius,</span> <span class='ocrx_word' id='word_1_694' title='bbox 1808 2544 1846 2570; x_wconf 87' lang='lat' dir='ltr'>ut</span> <span class='ocrx_word' id='word_1_695' title='bbox 1871 2535 2051 2570; x_wconf 85' lang='lat' dir='ltr'>Pharisaei</span> <span class='ocrx_word' id='word_1_696' title='bbox 2074 2544 2108 2571; x_wconf 80' lang='lat' dir='ltr'>et</span> 
     </span>
     <span class='ocr_line' id='line_1_105' title="bbox 1116 2585 2107 2631; baseline 0 -12"><span class='ocrx_word' id='word_1_697' title='bbox 1116 2585 1316 2630; x_wconf 78' lang='lat' dir='ltr'>Haeretici,</span> <span class='ocrx_word' id='word_1_698' title='bbox 1351 2588 1410 2619; x_wconf 90' lang='lat' dir='ltr'>alii</span> <span class='ocrx_word' id='word_1_699' title='bbox 1438 2586 1622 2627; x_wconf 86' lang='lat' dir='ltr'>stolidius,</span> <span class='ocrx_word' id='word_1_700' title='bbox 1655 2594 1694 2620; x_wconf 88' lang='lat' dir='ltr'>ut</span> <span class='ocrx_word' id='word_1_701' title='bbox 1720 2585 1912 2631; x_wconf 77' lang='lat' dir='ltr'>Origenes,</span> <span class='ocrx_word' id='word_1_702' title='bbox 1938 2585 2107 2627; x_wconf 86' lang='lat' dir='ltr'>Thomas,</span> 
     </span>
     <span class='ocr_line' id='line_1_106' title="bbox 1117 2639 2107 2682; baseline 0 -12"><span class='ocrx_word' id='word_1_703' title='bbox 1117 2645 1149 2672; x_wconf 90' lang='lat' dir='ltr'>et</span> <span class='ocrx_word' id='word_1_704' title='bbox 1178 2639 1279 2671; x_wconf 89' lang='lat' dir='ltr'>multi</span> <span class='ocrx_word' id='word_1_705' title='bbox 1306 2639 1392 2671; x_wconf 92' lang='lat' dir='ltr'>tales</span> <span class='ocrx_word' id='word_1_706' title='bbox 1417 2639 1621 2681; x_wconf 72' lang='lat' dir='ltr'>scriptores,</span> <span class='ocrx_word' id='word_1_707' title='bbox 1657 2645 1689 2671; x_wconf 89' lang='lat' dir='ltr'>et</span> <span class='ocrx_word' id='word_1_708' title='bbox 1713 2645 1831 2672; x_wconf 84' lang='lat' dir='ltr'>nostra</span> <span class='ocrx_word' id='word_1_709' title='bbox 1855 2646 1965 2678; x_wconf 78' lang='lat' dir='ltr'>actas,</span> <span class='ocrx_word' id='word_1_710' title='bbox 2001 2650 2107 2682; x_wconf 88' lang='lat' dir='ltr'>quam</span> 
     </span>
     <span class='ocr_line' id='line_1_107' title="bbox 1114 2686 2109 2733; baseline -0.002 -11"><span class='ocrx_word' id='word_1_711' title='bbox 1114 2686 1329 2723; x_wconf 81' lang='lat' dir='ltr'>horrendam</span> <span class='ocrx_word' id='word_1_712' title='bbox 1354 2689 1526 2723; x_wconf 88' lang='lat' dir='ltr'>insaniam</span> <span class='ocrx_word' id='word_1_713' title='bbox 1549 2688 1639 2722; x_wconf 69' lang='lat' dir='ltr'>vidit</span> <span class='ocrx_word' id='word_1_714' title='bbox 1656 2688 1981 2733; x_wconf 80' lang='lat' dir='ltr'>Anabaptistarum.</span> <span class='ocrx_word' id='word_1_715' title='bbox 2036 2687 2109 2722; x_wconf 81' lang='lat' dir='ltr'>Ta·-</span> 
     </span>
    </p>
   </div>
  </div>
 </body>
</html>
