2415 2942
251 83 321 119 785

248 169 352 201 stulat
380 165 492 201 cium,
519 167 555 194 ut
579 172 680 194 suum
706 161 817 194 robur
836 161 946 204 magis
970 161 1005 193 in
1031 160 1238 199 tolerandis,

249 229 353 263 quam
381 212 629 257 perturbandis
654 211 804 244 infirmis
829 212 1016 246 declarent.
1068 211 1169 245 Sicut
1196 211 1239 244 ad

248 263 452 300 Corinthios
469 262 622 306 scripsit:
653 263 848 295 admoneus
865 263 1004 303 doctos,
1027 269 1064 296 ut
1086 260 1241 295 babeant

251 318 422 350 rationem
447 314 694 352 indoctorum,
727 325 807 346 cum
832 313 895 347 ait:
938 313 1092 348 Scientia
1123 313 1241 353 inflat,

250 368 392 400 dilectio
420 364 588 398 aedificat.

355 416 511 459 Apparet
535 415 629 447 enim
650 420 733 448 tunc
752 427 893 459 quoqne
917 415 1094 448 doctiores
1123 415 1240 448 statim
1268 429 1270 438 r

253 471 287 501 in
315 479 378 500 usu
407 466 599 506 libertatis,
627 466 824 499 doctrinam
843 478 940 499 suam
958 474 1167 507 ostentasse,
1194 466 1240 498 si-

254 526 310 552 cut
330 519 365 550 fu
386 517 513 550 nostris
531 516 761 560 temporibus.
815 516 863 550 At
882 516 1011 551 Paulus
1031 524 1149 550 contra
1168 516 1242 549 fieri

254 569 426 613 postulat,
454 574 493 601 ut
515 568 608 600 docti
634 580 767 600 morem
792 575 915 611 gerant
934 569 1105 605 indoctis,
1133 574 1164 600 et
1182 579 1242 600 sua
1269 564 1270 570 ¹

256 618 504 653 commoditate
528 618 679 652 invitent
705 620 747 652 ad
779 617 1012 662 Evangelium
1036 618 1243 657 imbecilles,

255 679 288 705 et
307 671 443 712 erigant
465 676 568 713 atque
588 669 809 705 confirment.
861 669 949 702 Nam
969 681 1048 702 cum
1071 669 1161 700 vires
1180 681 1244 700 no-

257 729 343 755 stras
370 732 442 752 non
470 721 512 752 ad
541 721 761 760 nocendum,
801 720 860 752 sed
889 721 930 752 ad
959 719 1133 752 iuvandos
1158 719 1246 752 alios

259 773 418 806 conserte
438 771 644 810 debeamus,
672 782 742 814 quo
759 771 908 815 quisque
924 771 1022 804 dotes
1042 766 1147 803 habet
1173 782 1246 802 ma-

259 825 369 860 iores,
402 834 442 854 eo
467 821 577 864 magis
601 832 745 868 operam
771 821 854 854 dare
876 821 1040 863 debebit,
1076 827 1115 854 ut
1138 820 1246 865 prosit

259 875 348 908 aliis.

363 922 475 956 Addit
499 928 615 955 autem
639 923 865 967 particulam:
909 921 1162 968 Unusquisque
1185 934 1249 955 no-

260 971 369 1008 strum
398 973 559 1017 proximo
589 974 700 1017 prosit
726 975 770 1007 ad
806 976 938 1007 bonum
966 981 998 1007 et
1021 975 1064 1006 ad
1088 974 1250 1006 aedifica—

259 1027 404 1059 tionem.
455 1024 527 1057 Hic
550 1026 715 1058 admonet
740 1025 920 1070 quomodo
947 1025 1122 1058 moderari
1148 1036 1250 1057 usum

262 1075 455 1116 libertatis,
492 1082 526 1108 et
568 1087 656 1119 quae
695 1077 858 1109 scandala
901 1075 1012 1109 vitare
1051 1077 1252 1110 debeamus.

261 1127 400 1169 Duplex
418 1126 511 1159 enim
531 1127 734 1159 scandalum
754 1134 821 1167 est,
847 1128 1026 1171 quoddam
1051 1134 1177 1160 vocant
1195 1138 1252 1159 ac-

263 1186 419 1222 ceptum,
447 1188 510 1209 nos
534 1174 775 1210 Pharisaicum
795 1178 1020 1221 vocabimus,
1049 1190 1128 1211 cum
1155 1178 1252 1210 vide-

265 1230 343 1262 licet
371 1240 442 1261 non
458 1229 601 1268 fratres,
635 1229 695 1261 sed
715 1226 901 1271 Evangelii
921 1226 1037 1262 hostes
1055 1229 1253 1268 irritantur,

267 1292 346 1313 cum
365 1286 425 1313 aut
441 1281 588 1312 docetur
612 1290 694 1312 sana
719 1280 878 1313 doctrina
892 1307 901 1319 ‚
930 1291 969 1313 ac
984 1277 1255 1324 reprehenditur

268 1330 377 1374 impia
403 1330 559 1373 ipsorum
585 1330 765 1369 doctrina,
807 1336 866 1363 aut
891 1330 928 1364 fit
951 1330 1096 1375 aliquod
1120 1331 1253 1363 bonum

266 1393 305 1415 ac
323 1380 557 1413 necessarium
581 1392 688 1423 opus,
719 1380 781 1412 ubi
807 1377 1011 1425 hypocritae
1038 1387 1163 1425 putant
1187 1380 1254 1412 sibi

267 1443 394 1466 nocere
426 1431 644 1474 exemplum,
687 1431 775 1463 sicut
805 1431 1038 1464 offenduntur
1074 1429 1255 1464 Pharisaei

267 1485 304 1516 in
330 1480 544 1525 Evangelio,
573 1493 651 1514 cum
672 1480 836 1515 Clu-istus
858 1482 894 1514 in
915 1482 1071 1516 Sabbato
1098 1484 1257 1515 medetur

269 1533 429 1577 aegrotis.

369 1583 460 1617 Cum
488 1589 602 1617 autem
628 1582 760 1616 Paulus
783 1583 849 1618 ait:
891 1583 1147 1618 Praestandum
1174 1596 1256 1622 esse,

268 1642 307 1670 ut
330 1635 529 1679 placeamus
556 1634 634 1667 aliis
662 1636 705 1667 ad
728 1635 882 1676 bonurn,
915 1642 947 1668 et
971 1637 1014 1668 ad
1043 1635 1258 1669 aedificatio-

269 1699 367 1726 nem,
405 1697 478 1718 non
505 1686 581 1719 vult
605 1685 821 1729 impietatem
850 1684 1114 1732 hypocritarum
1138 1694 1257 1719 nostra

271 1737 553 1771 dissimulatione
587 1737 808 1776 confirmari,
848 1739 907 1770 sed
944 1739 998 1770 vel
1032 1738 1154 1770 invitis
1187 1738 1258 1770 illis

271 1788 433 1822 doctriua
457 1787 649 1820 necessaria
676 1789 847 1821 tradenda
874 1795 944 1827 est,
973 1796 1005 1822 et
1024 1801 1128 1833 opera
1148 1802 1165 1821 a
1183 1787 1258 1821 Deo

271 1840 453 1879 mandata,
482 1839 652 1873 facienda.
706 1838 876 1883 Exempla
900 1847 981 1873 sunt
1006 1841 1138 1884 ubique
1154 1840 1257 1873 obvia

272 1891 309 1923 in
326 1889 521 1933 scripturis.
558 1888 597 1921 ln
613 1890 870 1923 mutationibus
888 1902 1076 1933 regnorum
1094 1897 1126 1923 et
1142 1902 1258 1923 rerum

272 1941 496 1985 publicarum
535 1937 627 1971 nihil
659 1942 815 1973 scandali
848 1953 886 1974 ac
916 1942 1003 1974 mali
1042 1953 1115 1973 non
1158 1941 1260 1976 inest.

273 1991 318 2025 Et
349 1998 466 2024 tamen
494 1989 619 2023 Mosen
655 1991 813 2032 oportuit
844 1994 1009 2026 mandato
1035 1991 1099 2025 Dei
1128 2003 1260 2036 parere.

274 2041 464 2086 Apostolos
490 2041 647 2085 oportuit
672 2039 908 2084 Evangelium
942 2044 1087 2083 docere,
1123 2044 1258 2076 etiamsi

274 2095 309 2126 id
349 2090 579 2136 prohiberent
620 2092 802 2135 pontifices
818 2119 827 2133 ,
889 2100 921 2125 et
961 2094 1044 2127 satis
1079 2101 1262 2138 appareret

273 2144 458 2177 universae
484 2142 637 2187 Reipub.
665 2143 849 2176 maximam
877 2145 1108 2177 mutationem
1135 2145 1261 2177 allatu-

276 2207 354 2228 rum
386 2205 469 2228 esse.

378 2244 558 2278 Adversus
585 2241 670 2277 haec
697 2244 860 2277 scandala
892 2245 1005 2278 munit
1032 2245 1262 2279 conscientias

279 2303 414 2330 nostras
433 2295 603 2328 sententia
624 2294 700 2328 illa:
730 2293 882 2339 Oportet
899 2295 974 2329 Deo
993 2297 1102 2339 magis
1118 2297 1262 2330 obedire

279 2359 381 2391 quam
405 2344 621 2379 hominibus.
675 2346 727 2380 Ac
752 2347 789 2379 in
813 2358 938 2389 genere
963 2348 1005 2380 de
1030 2348 1191 2380 doctrina
1215 2349 1262 2381 sic

280 2397 501 2430 sentiendum
530 2403 603 2436 est,
632 2397 726 2441 quod
752 2404 785 2431 et
810 2399 901 2441 apud
929 2395 1044 2431 hostes
1067 2396 1262 2441 Evangelii,

279 2455 311 2481 et
329 2448 421 2490 apud
440 2444 522 2486 hos,
539 2447 598 2491 qui
616 2448 740 2482 fratres
758 2447 937 2493 perhiberi
955 2449 1091 2490 volunt,
1104 2450 1263 2483 doctriua

279 2497 471 2532 necessarie
507 2497 720 2531 dissimulari
753 2500 877 2534 debeat
909 2507 1052 2543 propter
1090 2501 1264 2535 scandala.

280 2549 384 2582 Fides
403 2547 496 2580 enim
520 2548 702 2581 dilectioni
727 2551 953 2584 anteferenda
972 2558 1033 2585 est.

385 2597 492 2632 Aliud
521 2599 676 2632 scandali
704 2612 812 2643 genus
836 2610 904 2644 est,
932 2603 1026 2648 quod
1052 2610 1177 2637 vocant
1203 2604 1263 2636 da-

281 2658 376 2690 tum,
420 2660 490 2694 quo
517 2649 640 2683 fratres
667 2651 907 2688 offenduntur.
967 2652 1026 2687 Est
1059 2662 1174 2688 autem
1211 2656 1264 2688 vel

841 74 968 109 PIIlL.
997 74 1113 110 MEL.
1142 73 1351 112 SCRIPTA
1379 76 1681 114 ExEffl-j'rtCA.
2127 62 2140 72 ⁶

2201 81 2278 116 784

1292 163 1383 196 mala
1401 164 1580 204 doctrina,
1604 164 1657 196 vel
1678 165 1808 197 malum
1828 167 2044 211 exemplum,
2066 166 2161 211 quod
2180 173 2282 200 nocet

1293 215 1391 254 aliis,
1417 215 1490 247 sive
1508 215 1589 259 quia
1610 215 1670 247 alii
1695 215 1898 257 imitantur,
1931 218 2003 250 sive
2024 218 2106 263 quia
2130 217 2284 250 laeditur

1293 265 1404 308 gloria
1425 265 1490 299 Dei
1508 273 1567 299 aut
1585 264 1775 300 Ecclesiae.
1831 265 1970 300 Etenim
1994 280 2066 301 non
2085 268 2199 301 solum
2217 265 2282 300 ho-

1295 324 1362 349 stes
1382 314 1581 359 Evangelii,
1598 318 1655 349 sed
1675 317 1779 350 etiam
1801 317 1933 350 infirmi
1952 319 2076 352 fratres
2095 325 2283 352 moventur

1295 367 1396 400 malis
1428 368 1595 411 exemplis
1629 369 1670 400 ad
1714 368 1998 402 maledicendum
2032 368 2207 403 Ecclesiae
2252 375 2285 402 et

1297 417 1508 460 Evangelio,
1545 426 1577 452 et
1600 419 1667 462 ipsi
1693 417 1848 454 Christo.

1388 468 1443 501 Ad
1465 467 1530 502 hoc
1548 470 1702 502 scandali
1723 481 1832 513 genus
1850 470 2001 514 pertinet
2023 475 2055 502 et
2073 481 2162 514 opus
2176 469 2286 502 indif-

1296 520 1413 552 ferens
1430 521 1674 564 intempestive
1691 521 1841 561 factum,
1871 520 1933 554 ubi
1952 527 2053 554 nocet
2074 520 2152 554 aliis
2170 532 2288 554 exem—

1299 570 1416 613 plum,
1444 571 1532 603 sicut
1552 583 1634 604 usus
1655 572 1827 605 libertatis
1845 572 1881 603 in
1902 572 2028 615 vulgo,
2056 572 2150 616 quod
2179 571 2288 605 liber·-

1302 628 1371 654 tate
1397 621 1580 660 efferatur,
1607 630 1667 655 ant
1691 624 1782 666 apud
1808 623 1984 662 infirmos,
2021 623 2079 667 qui
2108 635 2185 655 cum
2214 633 2287 654 non

1302 672 1384 704 satis
1410 672 1608 715 intelligant
1627 685 1746 706 causas
1765 674 1958 713 libmtatis,
1986 674 2227 706 absterrentur
2245 673 2290 705 ab

1301 721 1518 765 Evangelio,
1553 736 1591 756 ac
1616 724 1773 758 iudicant
1797 724 1977 757 doctrinae
2002 735 2112 766 genus
2137 721 2290 768 propha—

1302 785 1388 806 num
1414 785 1511 814 esse,
1557 782 1615 808 aut
1645 775 1829 809 dubitante
1861 775 2073 808 conscientia
2106 775 2292 808 imitantur

1303 824 1459 867 exempla
1493 825 1675 859 libertatis.

1408 875 1459 908 De
1485 873 1550 908 hoc
1575 888 1700 919 genere
1733 877 1873 921 proprie
1900 877 1998 909 docet
2024 887 2089 910 nos
2117 874 2184 910 hoc
2213 875 2290 909 loco

1306 925 1452 959 Paulus:
1491 925 1593 960 lubet
1611 927 1779 961 fratribus
1798 927 2004 970 morigerari
2031 928 2074 960 ad
2099 928 2232 961 bonum
2260 932 2292 959 et

1306 977 1347 1009 ad
1366 977 1664 1019 aedificationem,
1692 976 1758 1011 hoc
1780 985 1850 1016 est,
1879 979 1974 1012 iubet
1989 986 2026 1011 ut
2052 985 2172 1012 nostra
2196 988 2292 1010 com-

1308 1029 1474 1061 moditate
1501 1028 1689 1063 invitemus
1708 1029 1795 1062 alios
1812 1030 1854 1061 ad
1868 1027 2096 1072 Evengelium
2111 1057 2119 1070 ,
2147 1036 2180 1062 et
2195 1027 2294 1060 infir-

1307 1090 1381 1111 mos
1416 1079 1589 1121 erigamus
1624 1080 1790 1112 omnibus
1823 1080 1968 1120 officiis,
2019 1087 2058 1114 ut
2091 1079 2227 1125 possint
2256 1078 2294 1110 in

1308 1127 1445 1163 Christi
1463 1131 1664 1174 cognitione
1682 1142 1836 1164 crescere
1854 1142 1892 1163 ac
1915 1130 2092 1174 proficere.
2146 1129 2217 1165 Ubi
2241 1129 2294 1161 vi-

1307 1182 1437 1214 dentur
1472 1193 1538 1214 usu
1573 1182 1745 1215 libertatis
1778 1181 1966 1215 absterreri
2005 1182 2049 1214 ab
2092 1179 2296 1224 Evangelio,

1309 1233 1479 1275 tantisper
1502 1245 1574 1265 non
1595 1239 1738 1266 utamur
1759 1233 1939 1272 libertate,
1967 1233 2078 1265 donec
2095 1232 2153 1264 isti
2171 1231 2296 1264 melius

1308 1283 1513 1317 doceantur.
1582 1283 1634 1317 Ac
1662 1291 1744 1317 sunt
1775 1284 1921 1324 fratres,
1971 1295 2045 1316 non
2074 1281 2297 1328 hypocritae,

1309 1340 1368 1366 aut
1391 1333 1578 1377 Epicurei,
1616 1335 1675 1379 qui
1702 1346 1821 1367 sanam
1850 1335 2048 1368 doctrinam
2072 1333 2297 1377 opprimunt,

1309 1391 1369 1416 aut
1385 1385 1550 1418 occidunt
1567 1386 1623 1429 pia
1641 1386 1824 1429 docentes,
1861 1386 1920 1418 sed
1948 1385 2007 1429 qui
2031 1384 2148 1417 doceri
2175 1395 2210 1415 se
2236 1394 2296 1426 pa-

1310 1442 1457 1468 tiuntur.

1413 1485 1502 1519 Nam
1531 1486 1624 1530 apud
1652 1483 1768 1520 hostes
1810 1483 1996 1528 Evangelii
2039 1485 2216 1518 interdum
2253 1484 2296 1516 ad

1312 1537 1566 1569 confessionem
1588 1537 1760 1579 pertinet,
1784 1538 1969 1569 ostendere
1994 1536 2169 1570 libertatis
2185 1546 2299 1568 exem—

1314 1587 1409 1630 plum
1423 1614 1431 1626 ,
1459 1587 1758 1631 quemadmodum
1777 1585 1908 1618 Paulus
1925 1597 1960 1618 se
1978 1587 2098 1618 fecisse
2118 1586 2242 1619 scribit
2257 1585 2299 1618 ad

1313 1638 1471 1671 Galatas.
1526 1636 1569 1671 Et
1593 1635 1755 1669 Christus
1783 1636 1975 1680 Apostolos
2001 1643 2139 1669 excusat
2165 1636 2300 1669 violan-

1313 1697 1362 1723 tes
1381 1688 1607 1722 traditionem
1633 1685 1887 1732 pharisaicam,
1915 1685 2087 1721 Matthaei
2110 1685 2166 1722 15.
2211 1686 2300 1720 Nam

1314 1740 1349 1772 id
1376 1751 1517 1784 quoque
1544 1737 1779 1782 pharisaicum
1803 1738 2007 1771 scandalum
2029 1746 2098 1777 est,
2137 1750 2217 1771 cum
2235 1735 2302 1771 ho-

1313 1798 1381 1824 stes
1419 1790 1602 1833 Evangelii
1638 1790 1872 1823 offenduntur
1910 1790 2077 1833 exemplis
2119 1789 2303 1829 libertatis,

1314 1853 1403 1887 quae
1428 1849 1509 1875 sunt
1535 1841 1735 1874 testimonia
1764 1841 1958 1874 doctrinae.
2012 1839 2162 1874 Talibus
2187 1840 2301 1874 offen·

1315 1892 1474 1925 sionibus
1501 1904 1572 1924 non
1600 1892 1675 1925 vult
1701 1903 1766 1924 nos
1792 1891 1989 1934 perturbari
2005 1889 2184 1931 Christus,
2221 1902 2300 1924 cum

1315 1943 1378 1976 ait:
1413 1942 1527 1977 Sinite
1550 1955 1627 1982 eos,
1663 1943 1751 1975 caeci
1777 1949 1877 1982 sunt,
1918 1948 1949 1973 et
1974 1942 2078 1974 duces
2103 1953 2299 1975 caecorum.

1317 1993 1411 2036 Quia
1434 1994 1526 2026 enim
1547 1991 1725 2025 Pharisaei
1747 2004 1825 2025 suas
1850 1992 2057 2025 traditiones
2081 2005 2158 2025 cum
2184 1992 2303 2037 impiis

1316 2045 1547 2088 opinionibus
1570 2044 1776 2087 requirunt,
1815 2043 1891 2076 iure
1917 2043 2032 2077 omitti
2057 2050 2224 2087 possunt,
2264 2050 2303 2077 ut

1317 2108 1420 2139 supra
1452 2096 1584 2128 dictum
1612 2101 1671 2127 est.

1418 2145 1487 2180 Sed
1506 2146 1675 2190 quoniam
1700 2146 1792 2189 apud
1817 2142 1934 2178 hostes
1955 2145 2132 2179 interdum
2159 2145 2304 2191 quidam

1317 2197 1491 2230 sanabiles
1518 2204 1618 2235 sunt,
1647 2197 1758 2240 placet
1776 2193 1862 2228 mihi
1882 2194 1938 2229 hic
1957 2208 2097 2241 quoque
2114 2196 2304 2231 mediocri—

1317 2256 1378 2282 tas,
1432 2248 1525 2281 Amo
1553 2248 1646 2280 enim
1674 2247 1934 2291 peripateticam
1963 2247 2179 2287 doctrinam,
2216 2258 2304 2293 quae

1319 2300 1437 2332 laudat
1457 2300 1493 2331 in
1511 2299 1678 2331 omnihus
1697 2299 1848 2331 externis
1866 2298 2006 2337 officiis,
2023 2304 2057 2331 et
2075 2296 2140 2332 hac
2157 2310 2304 2333 consue-

1318 2350 1441 2384 tudine
1468 2350 1558 2383 vitae
1590 2350 1886 2390 mediocritatem,
1929 2349 2112 2390 videlicet,
2151 2357 2190 2385 ut
2211 2349 2304 2394 apud

1319 2398 1382 2434 hos
1408 2413 1548 2446 quoque
1572 2401 1618 2434 ita
1651 2402 1876 2433 moderemur
1900 2411 2003 2433 usum
2029 2399 2218 2443 libertatis,
2259 2411 2304 2434 ne

1320 2452 1512 2486 desiderari
1542 2451 1578 2484 in
1610 2451 1714 2485 n'obis
1741 2448 1942 2484 humanitas
1973 2451 2100 2496 possit,
2140 2464 2229 2486 neve
2252 2457 2304 2486 te-

1318 2515 1413 2537 mere
1435 2503 1623 2537 excitemus
1652 2503 1836 2536 tumultus.

1420 2554 1472 2588 Ac
1489 2554 1767 2598 sapientissimus
1785 2553 1839 2585 vir
1850 2551 2015 2587 Isocrates
2034 2554 2096 2588 ait:
2122 2552 2210 2588 Cum
2231 2565 2305 2587 me-

1319 2605 1416 2639 dium
1435 2606 1550 2649 ipsum
1569 2605 1740 2648 attingere
1753 2604 1796 2637 sit
1814 2604 2069 2645 difficilimum,
2103 2605 2211 2639 satius
2235 2616 2306 2638 esse

1321 2657 1356 2689 in
1385 2669 1458 2690 eam
1486 2663 1617 2701 partem
1647 2655 1870 2700 delinquere,
1923 2662 1960 2690 ut
1992 2657 2108 2690 minus
2139 2656 2305 2692 ausimu&
