2415 2942
194 103 287 139 1351
779 91 906 128 PutL.
933 89 1051 126 MEL.
1081 87 1290 125 SCRIPTA
1316 85 1619 124 EXEGETICA.

201 201 304 235 quam
329 180 607 230 οἶκοιχιιειίκὸν,
641 181 778 215 decreta
802 179 890 212 facta
911 183 991 211 sunt
1011 177 1054 210 de
1072 183 1188 210 trans-

203 238 515 276 substantiatione,
558 240 590 266 et
623 233 665 265 de
696 229 961 263 enumeratione
988 228 1024 260 in
1053 227 1190 261 confes-

204 293 320 331 sione,
347 297 378 323 et
396 298 516 321 recens
533 283 745 318 Tridentina
761 281 927 327 Synodus
944 281 1122 313 decretum
1139 277 1190 310 se-

206 344 249 375 rit
262 369 270 381 ,
299 351 434 383 semper
453 335 690 369 dubitandum
709 344 798 373 esse,
824 343 868 365 an
886 331 995 364 simus
1012 330 1049 362 in
1067 328 1190 373 gratia.

207 392 252 427 Et
276 392 362 425 falso
391 388 538 422 detorsit
561 387 602 419 ad
633 383 727 418 hunc
756 394 909 416 errorem
935 382 1066 414 dictum
1092 379 1192 414 Salo-

209 443 322 476 monis
336 440 467 474 Eccles.
487 438 538 472 9.:
567 436 684 470 'Nescit
713 433 818 467 bomo
839 446 883 466 an
902 445 1019 466 amore
1040 432 1094 464 vel
1111 430 1193 464 odio

209 495 335 538 dignus
361 492 414 526 sit.
469 489 558 523 Cum
580 488 687 529 igitur
709 498 781 518 uon
804 485 951 517 dubium
977 484 1041 523 sit,
1069 483 1105 514 in
1129 481 1195 526 Sy-

210 545 313 578 nodis
346 542 513 575 maiorem
552 546 682 582 partem
719 548 835 569 errare
866 546 982 579 posse,
1026 544 1130 566 nemo
1163 543 1197 564 se

212 596 342 639 obliget
364 600 443 626 ante
470 590 678 624 senteutiam
704 588 744 620 ad
765 585 1082 629 obtemperandum
1101 582 1197 616 iudi-

214 654 305 683 cato,
333 645 391 677 sed
421 650 535 686 postea
566 640 780 675 consideret,
810 637 893 682 quid
913 637 958 669 sit
984 633 1199 679 pronuncia-

214 706 287 730 tum
301 722 309 735 ,
337 703 369 729 et
387 693 540 736 regulam
559 697 742 735 sequatur:
772 688 808 721 Si
829 688 907 732 quis
924 688 1019 719 aliud
1039 684 1202 727 Evange-

216 749 302 781 lixuu
327 748 449 785 docet,
475 741 661 776 anatliema
689 741 750 779 sit,
777 739 892 772 Galat.
910 738 940 771 1.

318 805 551 839 Considerent
575 801 677 832 etiam
706 798 772 842 pii,
809 798 892 843 quid
920 796 1022 829 multi
1046 802 1203 828 veterum

218 860 261 892 de
289 857 464 901 plerisque
490 851 733 894 congressibus
760 849 969 888 iudicarint,
1004 846 1129 890 Qualis
1156 852 1205 879 est

221 910 279 942 illa
292 901 670 946 Nazianzeuilipistola
689 900 731 932 ad
751 899 962 942 Procopium
980 898 1208 944 praesectum,

220 972 325 1006 quam
351 964 495 1003 propter
518 953 674 988 iuniores
700 948 768 984 buc
793 950 974 994 adscripsi.

442 1057 700 1105 Gregorius
737 1052 982 1102 Procopio.

326 1141 384 1175 Sic
404 1139 548 1172 affectus
571 1147 670 1175 sum,
699 1133 727 1166 si
753 1144 874 1165 verum
902 1130 1129 1163 scribendum
1150 1134 1212 1169 est,

226 1202 262 1227 ut
288 1192 407 1226 malim
435 1200 557 1222 omnes
583 1184 841 1229 Episcoporum
873 1189 1066 1214 conventus
1092 1180 1213 1217 vitare,

227 1246 308 1290 quia
332 1242 466 1276 nullius
490 1237 626 1284 Synodi
650 1237 752 1268 finem
778 1235 849 1266 vidi
878 1235 1030 1272 bouum,
1065 1238 1124 1264 aut
1153 1230 1213 1275 qui

227 1295 336 1338 magis
362 1293 502 1326 tolleret
531 1289 621 1321 mala
647 1299 752 1332 quam
780 1290 935 1326 augeret.
998 1282 1087 1315 Nam
1115 1282 1212 1324 cupi-

230 1348 320 1379 ditas
352 1340 590 1377 contentionis
614 1351 651 1371 ac
676 1337 910 1380 principatus,
947 1341 978 1366 et
1005 1333 1215 1373 aemulatio,

230 1401 300 1443 (ue
325 1403 442 1428 tamen
467 1403 520 1424 rue
549 1391 677 1422 durum
703 1398 775 1420 esse
806 1397 943 1418 censeas
975 1384 1022 1416 sic
1058 1384 1214 1416 scriben-

232 1446 324 1491 tem)
351 1446 496 1477 vincunt
512 1441 702 1477 rationem,
731 1445 762 1471 et
787 1437 887 1469 citius
907 1435 1033 1480 aliquis
1057 1435 1216 1467 iudicans

231 1502 273 1532 de
299 1509 391 1530 novo
417 1493 564 1527 crimine
589 1492 662 1533 ipse
688 1495 886 1527 accusetur,
915 1498 1020 1531 quam
1037 1485 1123 1517 alios
1140 1496 1216 1517 cor-

233 1552 332 1593 sigdt,
386 1545 575 1588 Propterea
605 1553 658 1572 me
689 1539 861 1582 reprimo,
892 1544 925 1570 et
951 1535 1040 1569 banc
1063 1536 1214 1580 quietem

233 1613 333 1637 aino,
383 1597 418 1629 in
449 1607 515 1639 qua
541 1604 612 1625 non
640 1591 831 1634 impeditur
860 1587 1048 1620 invocatio.
1116 1585 1218 1619 Nunc

235 1664 317 1684 vero
337 1656 369 1682 et
387 1647 550 1680 morbum
575 1641 687 1675 habeo
712 1646 930 1673 excusantem
951 1650 1005 1670 rne
1024 1638 1060 1670 in
1078 1634 1142 1669 hac
1159 1649 1217 1669 ex-

236 1701 432 1737 cusatione,
475 1695 624 1728 subinde
656 1700 820 1736 tanquam
850 1697 1041 1722 extremum
1071 1686 1218 1720 balitum

238 1756 388 1791 ducens,
425 1755 455 1781 et
483 1745 721 1788 languefactus
747 1749 820 1774 toto
846 1753 1003 1784 corpore.
1060 1738 1221 1781 ignosces

240 1805 347 1848 igitur
381 1797 487 1838 mihi,
531 1804 562 1829 et
593 1793 820 1839 persuadebis
842 1792 900 1835 pio
928 1790 1153 1835 imperatori,
1178 1801 1220 1821 ne

238 1856 371 1890 tribuat
407 1848 591 1893 ignaviae,
633 1847 689 1878 sed
725 1844 862 1876 veniam
900 1843 957 1875 det
993 1841 1223 1883 aegritudini,

240 1912 382 1951 propter
406 1913 509 1946 quani
527 1898 591 1931 scit
607 1909 640 1929 se
662 1893 746 1928 mibi
766 1894 918 1938 precanti
940 1893 1103 1925 tribuisse
1123 1898 1218 1935 pote-

241 1964 383 1991 statem,
415 1959 452 1985 ut
476 1962 530 1982 me
555 1950 591 1980 in
618 1945 711 1979 bunc
738 1956 907 1978 secessum
935 1945 1116 1983 abderem,
1145 1954 1223 1975 cum

242 2009 308 2041 alia
337 2002 519 2047 splendida
540 1999 655 2032 officia
683 1998 823 2030 offerret
848 2003 911 2030 etc.

343 2064 411 2098 Hic
436 2061 529 2094 dicat
547 2058 688 2102 aliquis:
714 2055 808 2097 Quid
834 2061 980 2098 prosunt
1010 2053 1136 2085 iudicia
1157 2050 1224 2084 Ec-

244 2118 386 2154 clesiae,
414 2114 539 2146 sinon
564 2109 692 2142 finiunt
720 2105 938 2139 discordias?
990 2104 1224 2147 Iiespondco:

249 2171 265 2199 Χ
282 2181 336 2201 era
360 2163 488 2199 iudicia
512 2161 548 2193 in
573 2171 653 2192 vera
684 2156 838 2190 Ecclesia
872 2156 1019 2189 inultum
1061 2161 1226 2198 prosunt,

246 2221 327 2266 quia
355 2216 430 2249 vult
452 2214 545 2247 Deus
571 2221 707 2253 semper
737 2215 850 2241 extare
884 2207 1085 2251 aliquorum
1109 2217 1225 2238 veram

246 2268 517 2304 consessionem,
554 2263 648 2295 iuxta
681 2260 769 2292 illud
799 2259 929 2291 dictum
956 2257 1096 2290 Psalmo
1124 2255 1226 2290 149.:

246 2322 339 2356 Laus
355 2319 427 2352 eius
443 2313 596 2349 Ecclesia
614 2317 828 2349 sanctorum,
848 2307 888 2342 Et
909 2308 981 2340 vult
1001 2305 1126 2340 borum
1147 2319 1228 2339 voce

249 2380 281 2406 et
303 2366 514 2404 testimoniis
539 2362 671 2397 erudiri
700 2367 898 2405 praesentes
925 2366 955 2392 et
986 2366 1161 2401 posteros,
1197 2365 1228 2391 et

249 2422 378 2457 multos
394 2418 552 2451 infirmos
571 2412 789 2450 confirmari,
817 2418 933 2454 postea
952 2421 1032 2441 vero
1055 2409 1146 2442 Deus
1165 2421 1227 2441 suo

249 2482 403 2516 tempore
422 2473 613 2509 compescet
634 2462 930 2501 contradicentes,
957 2466 995 2493 ut
1015 2461 1229 2503 compescuit

249 2526 467 2571 Synagogam
492 2517 681 2550 Iudaicam.

350 2575 656 2613 Considerandum
680 2579 730 2605 est
753 2571 877 2609 ctiam,
911 2569 1030 2614 quales
1048 2575 1166 2601 coetus
1185 2569 1225 2601 ad

251 2630 478 2666 iudicandum
496 2624 725 2661 conveniant,
744 2635 788 2655 an
805 2628 940 2655 tantum
961 2619 1143 2664 Syuagoga
1163 2620 1228 2651 im„

252 2686 305 2729 pia
327 2679 557 2717 conveniant,
583 2681 620 2708 ut
639 2675 680 2707 ad
692 2671 862 2717 Stephani
880 2671 1227 2704 cumb-muatiouem.

2125 89 2224 127 1352

1237 174 1276 209 Si
1303 175 1382 210 talis
1407 181 1524 209 coetus
1550 179 1621 214 est,
1656 173 1882 209 manifestum
1907 182 1957 210 est
1981 182 2145 221 oportere
2168 176 2229 209 de-

1239 227 1341 260 cretis
1367 226 1485 270 impiis
1511 225 1718 260 contradici.

1279 311 1331 346 El
1349 310 1545 360 manifeste
1562 323 1739 357 magnum
1758 315 1808 345 est
1826 309 2107 347 Sacramentum
2125 322 2186 349 etc.

1343 380 1386 413 In
1403 378 1548 413 Graecis
1567 379 1748 412 codicibus
1765 379 1814 412 sic
1831 379 1976 423 legitur:
2004 379 2099 415 Deus
2117 383 2231 416 maui-

1243 433 1404 466 festatum
1426 436 1475 463 est
1499 430 1536 462 in
1557 442 1670 463 carne.
1723 428 1813 463 Cum
1836 438 1952 464 autem
1976 438 2076 465 antea
2101 432 2233 467 Paulus

1246 483 1404 521 dixisset,
1439 481 1475 513 in
1502 478 1656 514 Ecclesia
1676 480 1857 514 veritatem
1878 493 1970 522 esse,
1997 484 2115 524 addit,
2141 495 2232 529 quae

1247 535 1291 568 sit
1315 531 1399 566 haec
1426 532 1571 571 veritas,
1600 532 1729 564 scilicet
1755 533 1849 576 quod
1873 531 1968 566 Deus
1992 535 2233 568 manifestatus

1249 586 1292 618 sit
1317 585 1354 617 in
1379 595 1501 622 carne,
1521 579 1525 583 ’
1544 591 1575 617 et
1599 583 1805 616 iustificatus
1831 595 1893 627 per
1914 584 2094 627 spiritum,
2135 587 2237 629 quasi

1250 636 1357 669 dicat:
1398 634 1438 668 In
1467 634 1543 666 aliis
1573 634 1904 675 congregationibus
1930 646 2001 667 non
2028 642 2078 668 est
2111 637 2238 670 veritas

1250 687 1314 721 Dei
1328 713 1336 727 ,
1365 698 1429 718 nec
1448 685 1496 717 ibi
1517 697 1618 718 verus
1639 683 1733 717 Deus
1751 685 1972 727 agnoscitur,
2003 699 2065 719 nec
2084 699 2162 720 vera
2181 688 2236 720 in-

1254 738 1437 771 vocatione
1464 736 1514 768 ibi
1541 736 1685 776 colitur,
1714 737 1770 768 sed
1800 743 1937 768 tantum
1959 737 1995 769 in
2014 735 2077 770 bac
2095 750 2240 781 congre-

1255 789 1414 832 gatione,
1457 799 1545 831 quae
1569 787 1773 819 nominatur
1799 785 1953 819 Ecclesia
1981 788 2043 820 filii
2071 787 2154 830 Dei,
2197 790 2240 823 de

1256 839 1329 872 Deo
1356 850 1434 871 vera
1461 837 1609 877 noticia,
1644 843 1676 870 et
1699 837 1773 869 veri
1798 835 1863 870 Dei
1883 838 2058 872 invocatio
2084 847 2149 878 est,
2178 841 2241 874 uhi

1257 889 1458 934 agnoscitur
1475 888 1594 928 Deus,
1620 887 1679 932 qui
1706 898 1741 920 se
1765 887 1802 920 in
1823 900 1927 921 carne
1950 890 2127 932 patefecit,
2154 891 2243 925 sicut

1258 942 1331 985 ipse
1353 941 1447 974 filius
1472 939 1558 972 dicit
1577 936 1701 973 lohan.
1722 936 1794 972 14.:
1831 937 1904 981 Qui
1926 940 2019 974 videt
2044 953 2118 980 me,
2147 942 2242 976 videt

1260 1001 1291 1027 et
1317 999 1461 1037 patrem.
1523 989 1636 1024 Item:
1683 987 1795 1022 Nemo
1817 990 1914 1024 venit
1938 991 1982 1024 ad
2010 998 2144 1035 patrem
2174 993 2242 1025 nisi

1260 1056 1321 1089 per
1346 1041 1473 1077 filium.

1363 1092 1435 1126 lam
1471 1090 1530 1126 hic
1569 1098 1640 1126 tota
1675 1092 1837 1126 doctrina
1873 1093 2135 1137 complectenda
2177 1102 2247 1136 est,

1261 1156 1366 1190 quam
1383 1144 1476 1177 filius
1500 1143 1646 1177 tradidit
1664 1141 1859 1182 Ecclesiae,
1887 1145 1981 1177 iuxta
2000 1145 2087 1178 illud
2105 1143 2178 1181 Ioh.
2199 1148 2246 1180 1.:

1262 1196 1375 1230 Filius
1395 1196 1454 1240 qui
1474 1202 1523 1228 est
1543 1195 1579 1227 in
1598 1194 1677 1228 sinu
1697 1195 1823 1238 patris,
1849 1196 1922 1238 ipse
1939 1197 2113 1231 enarravit
2132 1197 2247 1232 nobis.

1262 1247 1421 1281 Sciamus
1446 1246 1553 1289 igitur
1583 1245 1632 1278 sic
1658 1247 1915 1287 agnoscendum
1949 1254 1980 1280 et
2008 1247 2247 1282 invocandum

1263 1310 1334 1331 esse
1365 1296 1477 1330 Deum
1495 1321 1505 1335 ‚
1548 1296 1636 1329 sicut
1663 1309 1699 1329 se
1727 1297 1886 1340 patefecit
1915 1310 1977 1340 per
2008 1295 2102 1331 hunc
2131 1299 2248 1343 ipsum

1264 1350 1396 1389 filium,
1433 1359 1536 1392 quem
1564 1347 1797 1380 inenarrabili
1828 1348 1996 1390 sapientia
2035 1356 2067 1382 et
2091 1349 2249 1384 bonitate

1265 1400 1379 1440 misit,
1419 1405 1457 1432 ut
1481 1405 1632 1431 assumta
1658 1395 1811 1431 humana
1835 1406 1959 1432 natura
1988 1399 2084 1433 fieret
2108 1400 2249 1435 victima

1264 1463 1328 1494 pro
1359 1450 1481 1489 nobis,
1529 1455 1560 1481 et
1587 1456 1673 1482 esset
1703 1449 1934 1492 propiciator,
1984 1450 2176 1492 redemtor,
2217 1457 2251 1485 et

1266 1511 1422 1534 summus
1444 1500 1624 1538 sacerdos,
1653 1511 1690 1532 ac
1716 1500 1896 1533 restitutor
1922 1500 2078 1534 iusticiae
2104 1508 2137 1536 et
2161 1502 2251 1536 vitae

1266 1558 1438 1585 aeternae.

1370 1601 1420 1635 Ita
1438 1611 1541 1633 verus
1557 1598 1654 1633 Deus
1672 1599 1872 1641 agnoscitur
1891 1607 1920 1634 et
1940 1600 2141 1642 invocatur,
2176 1616 2254 1638 cum

1266 1651 1362 1687 hunc
1378 1652 1487 1685 filium
1506 1663 1585 1684 vera
1604 1651 1670 1683 fide
1687 1651 1921 1693 agnoscimus,
1939 1659 1970 1685 et
1986 1664 2107 1686 verum
2126 1653 2253 1694 Deum,

1271 1704 1330 1749 qui
1357 1715 1391 1736 se
1419 1700 1486 1735 boc
1508 1702 1582 1735 filio
1609 1701 1734 1741 misso,
1767 1702 1949 1743 crucifixo,
1985 1709 2019 1736 et
2051 1705 2253 1740 resuscitato

1271 1754 1444 1799 patefecit,
1462 1753 1682 1794 invocamus,
1699 1753 1787 1785 sicut
1805 1752 1890 1785 alias
1907 1765 2007 1797 saepe
2023 1755 2193 1795 diximus,
2216 1757 2254 1790 in

1270 1805 1493 1839 invocatione
1510 1803 1734 1846 cogitandum
1753 1815 1840 1843 esse,
1869 1804 1952 1848 quid
1970 1805 2206 1850 alloquamur,
2224 1815 2257 1842 et

1272 1856 1543 1890 discernendum
1561 1865 1632 1887 esse
1651 1866 1770 1887 verum
1788 1852 1901 1887 Deum
1919 1855 1962 1888 ab
1980 1857 2145 1891 omnibus
2162 1870 2257 1891 corn-

1274 1907 1445 1941 mentitiis
1468 1905 1687 1938 numinibus

1377 1957 1506 1990 luvoco
1523 1963 1553 1989 te
1571 1956 1795 1998 omnipotens
1817 1963 1849 1989 et
1869 1969 1948 1990 vere
1967 1958 2081 1998 Deus,
2119 1965 2258 1993 aeterne

1276 2017 1307 2042 et
1327 2009 1430 2042 unice
1455 2015 1551 2050 pater
1568 2006 1712 2039 Domini
1740 2007 1851 2039 nostri
1872 2007 1946 2041 Iesu
1966 2006 2113 2050 Christi,
2142 2011 2202 2054 qui
2226 2019 2258 2045 te

1274 2059 1464 2105 patefecisti
1490 2059 1658 2090 immensa
1690 2057 1865 2096 bonitate,
1907 2066 1939 2092 et
1965 2060 2082 2093 dixisti
2108 2061 2150 2093 de
2174 2061 2259 2103 filio,

1275 2111 1380 2144 Hunc
1395 2110 1530 2149 audite,
1557 2109 1722 2141 conditor
1742 2109 1827 2141 coeli
1848 2115 1878 2142 et
1895 2116 2006 2143 terrae
2020 2139 2027 2150 ‚
2056 2113 2259 2154 angelorum

1277 2170 1309 2196 et
1334 2160 1541 2198 hominum,
1574 2166 1604 2192 et
1631 2167 1874 2199 conservator,
1903 2174 1971 2194 una
1999 2174 2077 2194 cuin
2104 2163 2173 2195 filio
2199 2170 2258 2198 tuo

1276 2212 1432 2247 Domino
1461 2218 1581 2244 nostro
1612 2210 1686 2243 lesu
1714 2207 1880 2251 Christo,
1924 2220 1957 2246 et
1982 2212 2116 2255 Spiritu
2141 2222 2259 2248 sancto

1278 2271 1359 2302 tuo,
1389 2262 1545 2306 sapiens,
1576 2262 1686 2305 boue,
1714 2273 1836 2298 verax,
1872 2262 1980 2303 inste,
2010 2250 2134 2304 iudex,
2160 2273 2260 2307 caste,

1278 2315 1498 2353 misericors,
1542 2312 1742 2350 liberrime,
1791 2320 1905 2345 custus
1947 2314 2123 2347 Ecclesiae
2164 2323 2262 2357 tuae,

1279 2378 1381 2410 quem
1425 2364 1681 2398 invocaverunt
1723 2370 1837 2406 patres
1880 2366 2015 2403 nostri,
2058 2363 2258 2408 Abrabam,

1282 2416 1391 2457 lsaac,
1420 2414 1543 2453 Iacob,
1571 2413 1730 2458 Moyses,
1763 2413 1895 2453 David,
1921 2415 2096 2459 Baptista,
2119 2416 2261 2461 Paulus,

1279 2467 1444 2501 miserere
1469 2465 1556 2503 mei,
1597 2472 1628 2497 et
1659 2465 1796 2498 remitte
1822 2463 1907 2497 mibi
1935 2474 2070 2508 peccata
2096 2480 2191 2510 inea,
2229 2477 2261 2503 et

1280 2518 1425 2551 iustifica
1447 2529 1500 2548 me
1519 2528 1579 2559 per
1597 2522 1629 2548 et
1651 2523 1792 2558 propter
1812 2515 1925 2548 Iesum
1943 2515 2122 2550 Christum
2149 2519 2260 2552 filiurn

1279 2575 1377 2601 tuum
1402 2567 1623 2610 unigenitum
1643 2565 1836 2598 Dominum
1855 2575 2030 2608 nostrum,
2058 2570 2260 2603 crucifixum

1280 2632 1343 2662 pro
1377 2619 1479 2652 nobis
1513 2625 1543 2651 et
1575 2617 1817 2650 resuscitatum
1838 2645 1846 2656 ,
1901 2615 2014 2666 λόγον
2045 2617 2106 2653 καὶ
2139 2618 2261 2655 ιῖκόνα

1280 2679 1396 2711 tuum,
1438 2681 1541 2715 quem
1573 2668 1714 2701 voluisti
1739 2681 1803 2712 pro
1829 2669 1929 2702 nobis
1963 2682 2033 2703 esse
2068 2671 2264 2710 xic-timim,

2382 71 2415 113 155

2386 224 2413 248 <in

2385 264 2415 299 enit

2404 1017 2415 1037 ’ἶ
2398 954 2415 986 Z*
2396 915 2409 934 ἢ
2397 852 2415 884 tc
2396 812 2411 831 τι.
2395 760 2410 781 ῖ-·,
2394 708 2415 729 ς
