<?xml version="1.0" encoding="UTF-8"?>
<!DOCTYPE html PUBLIC "-//W3C//DTD XHTML 1.0 Transitional//EN"
    "http://www.w3.org/TR/xhtml1/DTD/xhtml1-transitional.dtd">
<html xmlns="http://www.w3.org/1999/xhtml" xml:lang="en" lang="en">
 <head>
  <title>
</title>
<meta http-equiv="Content-Type" content="text/html;charset=utf-8" />
  <meta name='ocr-system' content='tesseract 3.04.00' />
  <meta name='ocr-capabilities' content='ocr_page ocr_carea ocr_par ocr_line ocrx_word'/>
</head>
<body>
  <div class='ocr_page' id='page_1' title='image "./operaquaesupersu15melauoft/operaquaesupersu15melauoft_0137.png"; bbox 0 0 2415 2942; ppageno 0'>
   <div class='ocr_carea' id='block_1_1' title="bbox 99 96 594 135">
    <p class='ocr_par' dir='ltr' id='par_1_1' title="bbox 99 96 594 135">
     <span class='ocr_line' id='line_1_1' title="bbox 99 96 594 135; baseline 0 -1"><span class='ocrx_word' id='word_1_1' title='bbox 99 96 174 135; x_wconf 71' lang='lat'><strong>257</strong></span> <span class='ocrx_word' id='word_1_2' title='bbox 512 97 594 134; x_wconf 84' lang='lat' dir='ltr'>XII.</span> 
     </span>
    </p>
   </div>
   <div class='ocr_carea' id='block_1_2' title="bbox 103 180 1121 234">
    <p class='ocr_par' dir='ltr' id='par_1_2' title="bbox 103 180 1121 234">
     <span class='ocr_line' id='line_1_2' title="bbox 103 180 1121 234; baseline -0.002 -16"><span class='ocrx_word' id='word_1_3' title='bbox 103 183 225 218; x_wconf 88' lang='lat' dir='ltr'><strong>tricem</strong></span> <span class='ocrx_word' id='word_1_4' title='bbox 251 183 437 223; x_wconf 85' lang='lat' dir='ltr'><strong>Cererem,</strong></span> <span class='ocrx_word' id='word_1_5' title='bbox 464 183 540 217; x_wconf 88' lang='lat' dir='ltr'><strong>vini</strong></span> <span class='ocrx_word' id='word_1_6' title='bbox 563 185 719 218; x_wconf 87' lang='lat' dir='ltr'><strong>datorem</strong></span> <span class='ocrx_word' id='word_1_7' title='bbox 744 180 945 223; x_wconf 89' lang='lat' dir='ltr'><strong>Bacchum,</strong></span> <span class='ocrx_word' id='word_1_8' title='bbox 972 182 1092 226; x_wconf 89' lang='lat' dir='ltr'><strong>opitu·</strong></span> <span class='ocrx_word' id='word_1_9' title='bbox 1116 180 1121 234; x_wconf 66' lang='lat' dir='ltr'><strong>l</strong></span> 
     </span>
    </p>
   </div>
   <div class='ocr_carea' id='block_1_3' title="bbox 647 94 1725 137">
    <p class='ocr_par' dir='ltr' id='par_1_3' title="bbox 647 94 1725 137">
     <span class='ocr_line' id='line_1_3' title="bbox 647 94 1725 137; baseline 0.004 -5"><span class='ocrx_word' id='word_1_10' title='bbox 647 94 946 133; x_wconf 89' lang='lat' dir='ltr'><strong>ENARRATIO</strong></span> <span class='ocrx_word' id='word_1_11' title='bbox 974 95 1027 132; x_wconf 91' lang='lat' dir='ltr'><strong>IN</strong></span> <span class='ocrx_word' id='word_1_12' title='bbox 1054 94 1235 132; x_wconf 77' lang='lat' dir='ltr'><strong>EVANG.</strong></span> <span class='ocrx_word' id='word_1_13' title='bbox 1265 95 1480 136; x_wconf 83' lang='lat' dir='ltr'><strong>IOANNIS.</strong></span> <span class='ocrx_word' id='word_1_14' title='bbox 1533 97 1636 136; x_wconf 81' lang='lat' dir='ltr'><strong>CAP.</strong></span> <span class='ocrx_word' id='word_1_15' title='bbox 1663 100 1725 137; x_wconf 84' lang='lat' dir='ltr'><strong>XI.</strong></span> 
     </span>
    </p>
   </div>
   <div class='ocr_carea' id='block_1_4' title="bbox 1246 107 2133 237">
    <p class='ocr_par' dir='ltr' id='par_1_4' title="bbox 1246 107 2133 237">
     <span class='ocr_line' id='line_1_4' title="bbox 2060 107 2133 143; baseline 0 0"><span class='ocrx_word' id='word_1_16' title='bbox 2060 107 2133 143; x_wconf 75' lang='lat'><strong>258</strong></span> 
     </span>
     <span class='ocr_line' id='line_1_5' title="bbox 1246 183 2133 237; baseline 0.011 -21"><span class='ocrx_word' id='word_1_17' title='bbox 1246 183 1354 228; x_wconf 91' lang='lat' dir='ltr'>Apud</span> <span class='ocrx_word' id='word_1_18' title='bbox 1372 184 1579 230; x_wconf 77' lang='lat' dir='ltr'><strong>Euripidem</strong></span> <span class='ocrx_word' id='word_1_19' title='bbox 1597 186 1743 222; x_wconf 90' lang='lat' dir='ltr'><strong>Hecuba</strong></span> <span class='ocrx_word' id='word_1_20' title='bbox 1768 189 1954 230; x_wconf 87' lang='lat' dir='ltr'><strong>dubitans,</strong></span> <span class='ocrx_word' id='word_1_21' title='bbox 1984 192 2067 237; x_wconf 88' lang='lat' dir='ltr'><strong>quid</strong></span> <span class='ocrx_word' id='word_1_22' title='bbox 2090 194 2133 228; x_wconf 87' lang='lat' dir='ltr'><strong>sit</strong></span> 
     </span>
    </p>
   </div>
   <div class='ocr_carea' id='block_1_5' title="bbox 102 230 2133 285">
    <p class='ocr_par' dir='ltr' id='par_1_5' title="bbox 102 230 2133 285">
     <span class='ocr_line' id='line_1_6' title="bbox 102 230 2133 285; baseline 0.004 -16"><span class='ocrx_word' id='word_1_23' title='bbox 102 236 248 269; x_wconf 88' lang='lat' dir='ltr'><strong>latorem</strong></span> <span class='ocrx_word' id='word_1_24' title='bbox 273 235 309 267; x_wconf 88' lang='lat' dir='ltr'><strong>in</strong></span> <span class='ocrx_word' id='word_1_25' title='bbox 334 234 474 278; x_wconf 79' lang='lat' dir='ltr'><strong>praeliiS</strong></span> <span class='ocrx_word' id='word_1_26' title='bbox 491 234 662 275; x_wconf 87' lang='lat' dir='ltr'><strong>Martem,</strong></span> <span class='ocrx_word' id='word_1_27' title='bbox 690 233 870 267; x_wconf 82' lang='lat' dir='ltr'><strong>Palladem</strong></span> <span class='ocrx_word' id='word_1_28' title='bbox 890 241 1091 266; x_wconf 81' lang='lat' dir='ltr'><strong>monstran-</strong></span> <span class='ocrx_word' id='word_1_29' title='bbox 1117 237 1119 254; x_wconf 65' lang='lat'>¹</span> <span class='ocrx_word' id='word_1_30' title='bbox 1144 230 1256 275; x_wconf 83' lang='lat' dir='ltr'><strong>Deus,</strong></span> <span class='ocrx_word' id='word_1_31' title='bbox 1289 236 1338 268; x_wconf 89' lang='lat' dir='ltr'><strong>sic</strong></span> <span class='ocrx_word' id='word_1_32' title='bbox 1361 236 1520 278; x_wconf 85' lang='lat' dir='ltr'><strong>invocat,</strong></span> <span class='ocrx_word' id='word_1_33' title='bbox 1556 250 1576 271; x_wconf 94' lang='lat' dir='ltr'><strong>o</strong></span> <span class='ocrx_word' id='word_1_34' title='bbox 1600 237 1751 282; x_wconf 77' lang='lat' dir='ltr'><strong>Iupiter,</strong></span> <span class='ocrx_word' id='word_1_35' title='bbox 1780 241 1938 285; x_wconf 89' lang='lat' dir='ltr'><strong>quisquis</strong></span> <span class='ocrx_word' id='word_1_36' title='bbox 1962 254 2014 283; x_wconf 90' lang='lat' dir='ltr'><strong>es,</strong></span> <span class='ocrx_word' id='word_1_37' title='bbox 2041 245 2133 277; x_wconf 77' lang='lat' dir='ltr'><strong>diffi-</strong></span> 
     </span>
    </p>
   </div>
   <div class='ocr_carea' id='block_1_6' title="bbox 91 283 1090 2665">
    <p class='ocr_par' dir='ltr' id='par_1_6' title="bbox 91 283 1090 2665">
     <span class='ocr_line' id='line_1_7' title="bbox 100 283 1089 329; baseline -0.004 -9"><span class='ocrx_word' id='word_1_38' title='bbox 100 293 168 320; x_wconf 88' lang='lat' dir='ltr'><strong>tem</strong></span> <span class='ocrx_word' id='word_1_39' title='bbox 201 285 347 318; x_wconf 86' lang='lat' dir='ltr'><strong>consilia</strong></span> <span class='ocrx_word' id='word_1_40' title='bbox 378 285 414 318; x_wconf 87' lang='lat' dir='ltr'><strong>in</strong></span> <span class='ocrx_word' id='word_1_41' title='bbox 445 285 701 329; x_wconf 73' lang='lat' dir='ltr'><strong>gubernatione</strong></span> <span class='ocrx_word' id='word_1_42' title='bbox 730 283 885 328; x_wconf 89' lang='lat' dir='ltr'><strong>Reipub.</strong></span> <span class='ocrx_word' id='word_1_43' title='bbox 917 283 1089 317; x_wconf 90' lang='lat' dir='ltr'><strong>lunonem</strong></span> 
     </span>
     <span class='ocr_line' id='line_1_8' title="bbox 100 335 1089 377; baseline -0.004 -7"><span class='ocrx_word' id='word_1_44' title='bbox 100 336 242 370; x_wconf 86' lang='lat' dir='ltr'><strong>divitias</strong></span> <span class='ocrx_word' id='word_1_45' title='bbox 266 336 516 371; x_wconf 72' lang='lat' dir='ltr'><strong>cumulantem.</strong></span> <span class='ocrx_word' id='word_1_46' title='bbox 570 336 638 370; x_wconf 88' lang='lat' dir='ltr'><strong>Sed</strong></span> <span class='ocrx_word' id='word_1_47' title='bbox 658 336 701 369; x_wconf 83' lang='lat' dir='ltr'><strong>sit</strong></span> <span class='ocrx_word' id='word_1_48' title='bbox 721 347 820 367; x_wconf 89' lang='lat' dir='ltr'><strong>mens</strong></span> <span class='ocrx_word' id='word_1_49' title='bbox 839 335 995 377; x_wconf 86' lang='lat' dir='ltr'><strong>cogitans</strong></span> <span class='ocrx_word' id='word_1_50' title='bbox 1013 347 1089 366; x_wconf 65' lang='lat' dir='ltr'><strong>ver-</strong></span> 
     </span>
     <span class='ocr_line' id='line_1_9' title="bbox 100 383 1090 430; baseline -0.004 -9"><span class='ocrx_word' id='word_1_51' title='bbox 100 387 185 421; x_wconf 90' lang='lat' dir='ltr'><strong>bum</strong></span> <span class='ocrx_word' id='word_1_52' title='bbox 211 385 297 427; x_wconf 90' lang='lat' dir='ltr'><strong>Dei,</strong></span> <span class='ocrx_word' id='word_1_53' title='bbox 331 387 473 430; x_wconf 86' lang='lat' dir='ltr'><strong>alligata</strong></span> <span class='ocrx_word' id='word_1_54' title='bbox 507 388 548 421; x_wconf 89' lang='lat' dir='ltr'><strong>ad</strong></span> <span class='ocrx_word' id='word_1_55' title='bbox 580 387 681 420; x_wconf 88' lang='lat' dir='ltr'><strong>illum</strong></span> <span class='ocrx_word' id='word_1_56' title='bbox 707 384 838 426; x_wconf 85' lang='lat' dir='ltr'><strong>Deum,</strong></span> <span class='ocrx_word' id='word_1_57' title='bbox 871 386 931 430; x_wconf 84' lang='lat' dir='ltr'><strong>qui</strong></span> <span class='ocrx_word' id='word_1_58' title='bbox 962 397 997 418; x_wconf 84' lang='lat' dir='ltr'><strong>se</strong></span> <span class='ocrx_word' id='word_1_59' title='bbox 1025 383 1090 417; x_wconf 86' lang='lat' dir='ltr'><strong>hoc</strong></span> 
     </span>
     <span class='ocr_line' id='line_1_10' title="bbox 100 436 1090 483; baseline -0.003 -12"><span class='ocrx_word' id='word_1_60' title='bbox 100 439 208 471; x_wconf 86' lang='lat' dir='ltr'><strong>verbo</strong></span> <span class='ocrx_word' id='word_1_61' title='bbox 234 438 411 481; x_wconf 76' lang='lat' dir='ltr'><strong>patefecit,</strong></span> <span class='ocrx_word' id='word_1_62' title='bbox 440 445 473 471; x_wconf 92' lang='lat' dir='ltr'><strong>et</strong></span> <span class='ocrx_word' id='word_1_63' title='bbox 496 439 556 483; x_wconf 89' lang='lat' dir='ltr'><strong>qui</strong></span> <span class='ocrx_word' id='word_1_64' title='bbox 579 437 672 470; x_wconf 90' lang='lat' dir='ltr'><strong>misit</strong></span> <span class='ocrx_word' id='word_1_65' title='bbox 694 436 804 469; x_wconf 87' lang='lat' dir='ltr'><strong>filium</strong></span> <span class='ocrx_word' id='word_1_66' title='bbox 823 443 945 469; x_wconf 87' lang='lat' dir='ltr'><strong>natum</strong></span> <span class='ocrx_word' id='word_1_67' title='bbox 960 447 999 468; x_wconf 81' lang='lat' dir='ltr'><strong>ex</strong></span> <span class='ocrx_word' id='word_1_68' title='bbox 1018 436 1090 468; x_wconf 82' lang='lat' dir='ltr'><strong>vir-</strong></span> 
     </span>
     <span class='ocr_line' id='line_1_11' title="bbox 100 487 1090 532; baseline -0.002 -11"><span class='ocrx_word' id='word_1_69' title='bbox 100 488 198 532; x_wconf 87' lang='lat' dir='ltr'><strong>gine,</strong></span> <span class='ocrx_word' id='word_1_70' title='bbox 233 487 348 522; x_wconf 91' lang='lat' dir='ltr'><strong>Iesum</strong></span> <span class='ocrx_word' id='word_1_71' title='bbox 373 487 553 523; x_wconf 79' lang='lat' dir='ltr'><strong>Christum</strong></span> <span class='ocrx_word' id='word_1_72' title='bbox 584 487 786 521; x_wconf 85' lang='lat' dir='ltr'><strong>crucifixum</strong></span> <span class='ocrx_word' id='word_1_73' title='bbox 812 499 876 530; x_wconf 92' lang='lat' dir='ltr'><strong>pro</strong></span> <span class='ocrx_word' id='word_1_74' title='bbox 903 487 1024 527; x_wconf 89' lang='lat' dir='ltr'><strong>nobis,</strong></span> <span class='ocrx_word' id='word_1_75' title='bbox 1058 493 1090 520; x_wconf 88' lang='lat' dir='ltr'><strong>et</strong></span> 
     </span>
     <span class='ocr_line' id='line_1_12' title="bbox 100 536 1090 583; baseline -0.002 -11"><span class='ocrx_word' id='word_1_76' title='bbox 100 539 358 580; x_wconf 86' lang='lat' dir='ltr'><strong>resuscitatum,</strong></span> <span class='ocrx_word' id='word_1_77' title='bbox 385 537 580 573; x_wconf 86' lang='lat' dir='ltr'><strong>exhibitum</strong></span> <span class='ocrx_word' id='word_1_78' title='bbox 599 538 730 583; x_wconf 90' lang='lat' dir='ltr'><strong>populo</strong></span> <span class='ocrx_word' id='word_1_79' title='bbox 751 536 871 578; x_wconf 72' lang='lat' dir='ltr'><strong>Israel,</strong></span> <span class='ocrx_word' id='word_1_80' title='bbox 899 538 987 572; x_wconf 90' lang='lat' dir='ltr'><strong>sicut</strong></span> <span class='ocrx_word' id='word_1_81' title='bbox 1007 549 1090 581; x_wconf 89' lang='lat' dir='ltr'><strong>pro-</strong></span> 
     </span>
     <span class='ocr_line' id='line_1_13' title="bbox 100 587 1088 633; baseline -0.003 -10"><span class='ocrx_word' id='word_1_82' title='bbox 100 590 227 623; x_wconf 82' lang='lat' dir='ltr'><strong>missus</strong></span> <span class='ocrx_word' id='word_1_83' title='bbox 251 597 342 629; x_wconf 87' lang='lat' dir='ltr'><strong>erat,</strong></span> <span class='ocrx_word' id='word_1_84' title='bbox 375 597 409 624; x_wconf 89' lang='lat' dir='ltr'><strong>et</strong></span> <span class='ocrx_word' id='word_1_85' title='bbox 433 592 679 623; x_wconf 88' lang='lat' dir='ltr'><strong>concionatum</strong></span> <span class='ocrx_word' id='word_1_86' title='bbox 707 587 960 633; x_wconf 76' lang='lat' dir='ltr'><strong>ierosolymae,</strong></span> <span class='ocrx_word' id='word_1_87' title='bbox 995 595 1030 622; x_wconf 91' lang='lat' dir='ltr'><strong>et</strong></span> <span class='ocrx_word' id='word_1_88' title='bbox 1051 589 1088 621; x_wconf 94' lang='lat' dir='ltr'><strong>in</strong></span> 
     </span>
     <span class='ocr_line' id='line_1_14' title="bbox 99 637 1088 682; baseline -0.001 -9"><span class='ocrx_word' id='word_1_89' title='bbox 99 647 171 674; x_wconf 84' lang='lat' dir='ltr'><strong>tota</strong></span> <span class='ocrx_word' id='word_1_90' title='bbox 194 640 340 681; x_wconf 82' lang='lat' dir='ltr'><strong>Iudaea,</strong></span> <span class='ocrx_word' id='word_1_91' title='bbox 367 648 400 674; x_wconf 86' lang='lat' dir='ltr'><strong>et</strong></span> <span class='ocrx_word' id='word_1_92' title='bbox 424 640 600 673; x_wconf 85' lang='lat' dir='ltr'><strong>miraculis</strong></span> <span class='ocrx_word' id='word_1_93' title='bbox 622 639 841 672; x_wconf 86' lang='lat' dir='ltr'><strong>testificatum</strong></span> <span class='ocrx_word' id='word_1_94' title='bbox 865 639 908 671; x_wconf 91' lang='lat' dir='ltr'><strong>de</strong></span> <span class='ocrx_word' id='word_1_95' title='bbox 927 637 1088 682; x_wconf 81' lang='lat' dir='ltr'><strong>Evange-</strong></span> 
     </span>
     <span class='ocr_line' id='line_1_15' title="bbox 98 690 1088 735; baseline -0.001 -12"><span class='ocrx_word' id='word_1_96' title='bbox 98 691 167 730; x_wconf 86' lang='lat' dir='ltr'><strong>lio,</strong></span> <span class='ocrx_word' id='word_1_97' title='bbox 195 703 234 725; x_wconf 88' lang='lat' dir='ltr'><strong>ac</strong></span> <span class='ocrx_word' id='word_1_98' title='bbox 253 692 452 735; x_wconf 87' lang='lat' dir='ltr'><strong>praesertim</strong></span> <span class='ocrx_word' id='word_1_99' title='bbox 474 690 738 724; x_wconf 79' lang='lat' dir='ltr'><strong>resuscitatione</strong></span> <span class='ocrx_word' id='word_1_100' title='bbox 758 697 998 729; x_wconf 86' lang='lat' dir='ltr'><strong>mortuorum,</strong></span> <span class='ocrx_word' id='word_1_101' title='bbox 1027 691 1088 723; x_wconf 91' lang='lat' dir='ltr'><strong>illo</strong></span> 
     </span>
     <span class='ocr_line' id='line_1_16' title="bbox 98 739 1088 786; baseline 0 -12"><span class='ocrx_word' id='word_1_102' title='bbox 98 742 175 786; x_wconf 90' lang='lat' dir='ltr'><strong>ipso</strong></span> <span class='ocrx_word' id='word_1_103' title='bbox 201 749 355 786; x_wconf 90' lang='lat' dir='ltr'><strong>tempore</strong></span> <span class='ocrx_word' id='word_1_104' title='bbox 377 742 420 774; x_wconf 92' lang='lat' dir='ltr'><strong>de</strong></span> <span class='ocrx_word' id='word_1_105' title='bbox 444 753 513 786; x_wconf 87' lang='lat' dir='ltr'><strong>quo</strong></span> <span class='ocrx_word' id='word_1_106' title='bbox 538 742 696 775; x_wconf 91' lang='lat' dir='ltr'><strong>scribunt</strong></span> <span class='ocrx_word' id='word_1_107' title='bbox 717 739 898 784; x_wconf 84' lang='lat' dir='ltr'><strong>Apostoli,</strong></span> <span class='ocrx_word' id='word_1_108' title='bbox 925 741 1088 774; x_wconf 78' lang='lat' dir='ltr'><strong>videlicet</strong></span> 
     </span>
     <span class='ocr_line' id='line_1_17' title="bbox 98 791 1087 838; baseline 0 -13"><span class='ocrx_word' id='word_1_109' title='bbox 98 793 194 836; x_wconf 90' lang='lat' dir='ltr'><strong>quod</strong></span> <span class='ocrx_word' id='word_1_110' title='bbox 220 793 392 826; x_wconf 89' lang='lat' dir='ltr'><strong>excidium</strong></span> <span class='ocrx_word' id='word_1_111' title='bbox 414 791 647 838; x_wconf 87' lang='lat' dir='ltr'><strong>lerosolymae</strong></span> <span class='ocrx_word' id='word_1_112' title='bbox 673 793 850 835; x_wconf 87' lang='lat' dir='ltr'><strong>praecedit</strong></span> <span class='ocrx_word' id='word_1_113' title='bbox 873 792 976 824; x_wconf 86' lang='lat' dir='ltr'><strong>annis</strong></span> <span class='ocrx_word' id='word_1_114' title='bbox 1001 804 1087 837; x_wconf 87' lang='lat' dir='ltr'><strong>qua-</strong></span> 
     </span>
     <span class='ocr_line' id='line_1_18' title="bbox 98 842 1085 886; baseline -0.001 -10"><span class='ocrx_word' id='word_1_115' title='bbox 98 844 271 886; x_wconf 75' lang='lat' dir='ltr'><strong>draginta.</strong></span> <span class='ocrx_word' id='word_1_116' title='bbox 336 842 381 877; x_wconf 84' lang='lat' dir='ltr'><strong>Ut</strong></span> <span class='ocrx_word' id='word_1_117' title='bbox 410 842 518 886; x_wconf 88' lang='lat' dir='ltr'><strong>igitur</strong></span> <span class='ocrx_word' id='word_1_118' title='bbox 548 843 664 875; x_wconf 90' lang='lat' dir='ltr'><strong>omnis</strong></span> <span class='ocrx_word' id='word_1_119' title='bbox 695 843 872 876; x_wconf 80' lang='lat' dir='ltr'><strong>invocatio</strong></span> <span class='ocrx_word' id='word_1_120' title='bbox 906 843 1085 876; x_wconf 85' lang='lat' dir='ltr'><strong>excitanda</strong></span> 
     </span>
     <span class='ocr_line' id='line_1_19' title="bbox 98 893 1086 937; baseline -0.001 -11"><span class='ocrx_word' id='word_1_121' title='bbox 98 901 147 927; x_wconf 86' lang='lat' dir='ltr'><strong>est</strong></span> <span class='ocrx_word' id='word_1_122' title='bbox 169 893 448 927; x_wconf 78' lang='lat' dir='ltr'><strong>consideratione</strong></span> <span class='ocrx_word' id='word_1_123' title='bbox 471 894 649 934; x_wconf 87' lang='lat' dir='ltr'><strong>mandati,</strong></span> <span class='ocrx_word' id='word_1_124' title='bbox 677 901 709 927; x_wconf 90' lang='lat' dir='ltr'><strong>et</strong></span> <span class='ocrx_word' id='word_1_125' title='bbox 734 894 978 937; x_wconf 84' lang='lat' dir='ltr'><strong>promissionis</strong></span> <span class='ocrx_word' id='word_1_126' title='bbox 995 894 1086 926; x_wconf 80' lang='lat' dir='ltr'><strong>divi—</strong></span> 
     </span>
     <span class='ocr_line' id='line_1_20' title="bbox 96 944 1086 989; baseline 0.002 -13"><span class='ocrx_word' id='word_1_127' title='bbox 96 955 179 982; x_wconf 87' lang='lat' dir='ltr'><strong>nae,</strong></span> <span class='ocrx_word' id='word_1_128' title='bbox 216 944 262 977; x_wconf 89' lang='lat' dir='ltr'><strong>ita</strong></span> <span class='ocrx_word' id='word_1_129' title='bbox 293 956 428 988; x_wconf 84' lang='lat' dir='ltr'><strong>semper</strong></span> <span class='ocrx_word' id='word_1_130' title='bbox 454 945 560 978; x_wconf 90' lang='lat' dir='ltr'><strong>simul</strong></span> <span class='ocrx_word' id='word_1_131' title='bbox 590 945 816 987; x_wconf 86' lang='lat' dir='ltr'><strong>cogitandum</strong></span> <span class='ocrx_word' id='word_1_132' title='bbox 842 952 909 986; x_wconf 86' lang='lat' dir='ltr'><strong>est,</strong></span> <span class='ocrx_word' id='word_1_133' title='bbox 943 945 1021 989; x_wconf 86' lang='lat' dir='ltr'><strong>quis</strong></span> <span class='ocrx_word' id='word_1_134' title='bbox 1043 945 1086 978; x_wconf 89' lang='lat' dir='ltr'><strong>sit</strong></span> 
     </span>
     <span class='ocr_line' id='line_1_21' title="bbox 96 993 1085 1040; baseline 0.002 -14"><span class='ocrx_word' id='word_1_135' title='bbox 96 994 156 1027; x_wconf 85' lang='lat' dir='ltr'><strong>itte</strong></span> <span class='ocrx_word' id='word_1_136' title='bbox 173 993 287 1034; x_wconf 87' lang='lat' dir='ltr'><strong>Deus,</strong></span> <span class='ocrx_word' id='word_1_137' title='bbox 315 1007 418 1039; x_wconf 88' lang='lat' dir='ltr'><strong>quem</strong></span> <span class='ocrx_word' id='word_1_138' title='bbox 444 995 668 1033; x_wconf 90' lang='lat' dir='ltr'><strong>invocamus,</strong></span> <span class='ocrx_word' id='word_1_139' title='bbox 698 995 759 1028; x_wconf 86' lang='lat' dir='ltr'><strong>ubi</strong></span> <span class='ocrx_word' id='word_1_140' title='bbox 778 1002 809 1028; x_wconf 88' lang='lat' dir='ltr'><strong>et</strong></span> <span class='ocrx_word' id='word_1_141' title='bbox 827 997 1005 1040; x_wconf 83' lang='lat' dir='ltr'><strong>quomodo</strong></span> <span class='ocrx_word' id='word_1_142' title='bbox 1027 1008 1085 1039; x_wconf 85' lang='lat' dir='ltr'><strong>pa-</strong></span> 
     </span>
     <span class='ocr_line' id='line_1_22' title="bbox 96 1046 1086 1091; baseline 0 -12"><span class='ocrx_word' id='word_1_143' title='bbox 96 1046 261 1086; x_wconf 85' lang='lat' dir='ltr'><strong>tefactus,</strong></span> <span class='ocrx_word' id='word_1_144' title='bbox 294 1053 423 1091; x_wconf 88' lang='lat' dir='ltr'><strong>quanta</strong></span> <span class='ocrx_word' id='word_1_145' title='bbox 450 1046 589 1079; x_wconf 83' lang='lat' dir='ltr'><strong>bonitas</strong></span> <span class='ocrx_word' id='word_1_146' title='bbox 614 1046 678 1086; x_wconf 89' lang='lat' dir='ltr'><strong>sit,</strong></span> <span class='ocrx_word' id='word_1_147' title='bbox 705 1047 799 1091; x_wconf 88' lang='lat' dir='ltr'><strong>quod</strong></span> <span class='ocrx_word' id='word_1_148' title='bbox 827 1058 862 1079; x_wconf 90' lang='lat' dir='ltr'><strong>se</strong></span> <span class='ocrx_word' id='word_1_149' title='bbox 885 1047 933 1079; x_wconf 90' lang='lat' dir='ltr'><strong>sic</strong></span> <span class='ocrx_word' id='word_1_150' title='bbox 956 1048 1086 1089; x_wconf 85' lang='lat' dir='ltr'><strong>patefe-</strong></span> 
     </span>
     <span class='ocr_line' id='line_1_23' title="bbox 96 1096 1085 1141; baseline 0.002 -13"><span class='ocrx_word' id='word_1_151' title='bbox 96 1096 200 1135; x_wconf 87' lang='lat' dir='ltr'><strong>cerit,</strong></span> <span class='ocrx_word' id='word_1_152' title='bbox 228 1098 335 1141; x_wconf 55' lang='lat' dir='ltr'><strong>&amp;quod</strong></span> <span class='ocrx_word' id='word_1_153' title='bbox 367 1098 510 1130; x_wconf 88' lang='lat' dir='ltr'><strong>donarit</strong></span> <span class='ocrx_word' id='word_1_154' title='bbox 541 1097 790 1135; x_wconf 85' lang='lat' dir='ltr'><strong>mediatorem,</strong></span> <span class='ocrx_word' id='word_1_155' title='bbox 824 1097 1085 1130; x_wconf 87' lang='lat' dir='ltr'><strong>reconciliatio-</strong></span> 
     </span>
     <span class='ocr_line' id='line_1_24' title="bbox 95 1147 1087 1192; baseline 0.001 -13"><span class='ocrx_word' id='word_1_156' title='bbox 95 1159 194 1188; x_wconf 86' lang='lat' dir='ltr'><strong>nem,</strong></span> <span class='ocrx_word' id='word_1_157' title='bbox 220 1148 391 1181; x_wconf 83' lang='lat' dir='ltr'><strong>auxilium</strong></span> <span class='ocrx_word' id='word_1_158' title='bbox 417 1154 449 1180; x_wconf 92' lang='lat' dir='ltr'><strong>et</strong></span> <span class='ocrx_word' id='word_1_159' title='bbox 474 1147 632 1181; x_wconf 82' lang='lat' dir='ltr'><strong>salutem.</strong></span> <span class='ocrx_word' id='word_1_160' title='bbox 686 1148 828 1180; x_wconf 85' lang='lat' dir='ltr'><strong>Deinde</strong></span> <span class='ocrx_word' id='word_1_161' title='bbox 849 1148 926 1192; x_wconf 90' lang='lat' dir='ltr'><strong>quis</strong></span> <span class='ocrx_word' id='word_1_162' title='bbox 950 1148 994 1182; x_wconf 87' lang='lat' dir='ltr'><strong>sit</strong></span> <span class='ocrx_word' id='word_1_163' title='bbox 1013 1161 1087 1180; x_wconf 84' lang='lat' dir='ltr'><strong>me-</strong></span> 
     </span>
     <span class='ocr_line' id='line_1_25' title="bbox 95 1198 1085 1243; baseline 0.001 -13"><span class='ocrx_word' id='word_1_164' title='bbox 95 1198 230 1239; x_wconf 87' lang='lat' dir='ltr'><strong>diator,</strong></span> <span class='ocrx_word' id='word_1_165' title='bbox 255 1198 338 1239; x_wconf 89' lang='lat' dir='ltr'><strong>ubi,</strong></span> <span class='ocrx_word' id='word_1_166' title='bbox 363 1199 505 1243; x_wconf 88' lang='lat' dir='ltr'><strong>quando</strong></span> <span class='ocrx_word' id='word_1_167' title='bbox 522 1199 713 1242; x_wconf 85' lang='lat' dir='ltr'><strong>patefactus</strong></span> <span class='ocrx_word' id='word_1_168' title='bbox 729 1199 792 1238; x_wconf 87' lang='lat' dir='ltr'><strong>sit,</strong></span> <span class='ocrx_word' id='word_1_169' title='bbox 820 1211 881 1232; x_wconf 89' lang='lat' dir='ltr'><strong>cur</strong></span> <span class='ocrx_word' id='word_1_170' title='bbox 898 1210 1016 1243; x_wconf 88' lang='lat' dir='ltr'><strong>passus</strong></span> <span class='ocrx_word' id='word_1_171' title='bbox 1032 1200 1085 1231; x_wconf 86' lang='lat' dir='ltr'><strong>sit.</strong></span> 
     </span>
     <span class='ocr_line' id='line_1_26' title="bbox 94 1247 1084 1294; baseline 0.001 -13"><span class='ocrx_word' id='word_1_172' title='bbox 94 1247 191 1282; x_wconf 87' lang='lat' dir='ltr'><strong>Haec</strong></span> <span class='ocrx_word' id='word_1_173' title='bbox 213 1249 332 1282; x_wconf 91' lang='lat' dir='ltr'><strong>omnia</strong></span> <span class='ocrx_word' id='word_1_174' title='bbox 359 1249 553 1294; x_wconf 90' lang='lat' dir='ltr'><strong>quaelibet,</strong></span> <span class='ocrx_word' id='word_1_175' title='bbox 587 1249 747 1294; x_wconf 88' lang='lat' dir='ltr'><strong>quamvis</strong></span> <span class='ocrx_word' id='word_1_176' title='bbox 771 1250 905 1289; x_wconf 84' lang='lat' dir='ltr'><strong>brevis,</strong></span> <span class='ocrx_word' id='word_1_177' title='bbox 939 1250 1084 1282; x_wconf 82' lang='lat' dir='ltr'><strong>invoca-</strong></span> 
     </span>
     <span class='ocr_line' id='line_1_27' title="bbox 95 1297 1085 1343; baseline 0.002 -11"><span class='ocrx_word' id='word_1_178' title='bbox 95 1299 145 1333; x_wconf 91' lang='lat' dir='ltr'><strong>tio</strong></span> <span class='ocrx_word' id='word_1_179' title='bbox 177 1300 359 1343; x_wconf 86' lang='lat' dir='ltr'><strong>complecti</strong></span> <span class='ocrx_word' id='word_1_180' title='bbox 392 1300 505 1332; x_wconf 86' lang='lat' dir='ltr'><strong>debet.</strong></span> <span class='ocrx_word' id='word_1_181' title='bbox 568 1298 620 1332; x_wconf 90' lang='lat' dir='ltr'><strong>De</strong></span> <span class='ocrx_word' id='word_1_182' title='bbox 644 1297 711 1333; x_wconf 88' lang='lat' dir='ltr'><strong>hoc</strong></span> <span class='ocrx_word' id='word_1_183' title='bbox 737 1300 900 1333; x_wconf 85' lang='lat' dir='ltr'><strong>exercitio</strong></span> <span class='ocrx_word' id='word_1_184' title='bbox 925 1312 1026 1343; x_wconf 84' lang='lat' dir='ltr'><strong>saepe</strong></span> <span class='ocrx_word' id='word_1_185' title='bbox 1051 1307 1085 1334; x_wconf 89' lang='lat' dir='ltr'><strong>et</strong></span> 
     </span>
     <span class='ocr_line' id='line_1_28' title="bbox 95 1348 1084 1393; baseline 0.001 -10"><span class='ocrx_word' id='word_1_186' title='bbox 95 1362 160 1383; x_wconf 89' lang='lat' dir='ltr'><strong>nos</strong></span> <span class='ocrx_word' id='word_1_187' title='bbox 177 1350 288 1393; x_wconf 87' lang='lat' dir='ltr'><strong>ipsos,</strong></span> <span class='ocrx_word' id='word_1_188' title='bbox 316 1357 347 1383; x_wconf 93' lang='lat' dir='ltr'><strong>et</strong></span> <span class='ocrx_word' id='word_1_189' title='bbox 363 1348 554 1383; x_wconf 87' lang='lat' dir='ltr'><strong>Ecclesiam</strong></span> <span class='ocrx_word' id='word_1_190' title='bbox 571 1351 936 1386; x_wconf 62' lang='lat' dir='ltr'><strong>commones-aciamus.</strong></span> <span class='ocrx_word' id='word_1_191' title='bbox 989 1350 1084 1384; x_wconf 87' lang='lat' dir='ltr'><strong>Lau-</strong></span> 
     </span>
     <span class='ocr_line' id='line_1_29' title="bbox 95 1398 1083 1446; baseline 0.002 -13"><span class='ocrx_word' id='word_1_192' title='bbox 95 1401 211 1433; x_wconf 88' lang='lat' dir='ltr'><strong>danda</strong></span> <span class='ocrx_word' id='word_1_193' title='bbox 244 1408 277 1434; x_wconf 87' lang='lat' dir='ltr'><strong>et</strong></span> <span class='ocrx_word' id='word_1_194' title='bbox 299 1398 600 1444; x_wconf 86' lang='lat' dir='ltr'><strong>Philosophorum</strong></span> <span class='ocrx_word' id='word_1_195' title='bbox 625 1401 828 1444; x_wconf 83' lang='lat' dir='ltr'><strong>diligentia,</strong></span> <span class='ocrx_word' id='word_1_196' title='bbox 860 1403 918 1446; x_wconf 88' lang='lat' dir='ltr'><strong>qui</strong></span> <span class='ocrx_word' id='word_1_197' title='bbox 943 1402 986 1434; x_wconf 92' lang='lat' dir='ltr'><strong>de</strong></span> <span class='ocrx_word' id='word_1_198' title='bbox 1010 1403 1083 1435; x_wconf 90' lang='lat' dir='ltr'><strong>sin-</strong></span> 
     </span>
     <span class='ocr_line' id='line_1_30' title="bbox 93 1450 1083 1497; baseline 0.003 -14"><span class='ocrx_word' id='word_1_199' title='bbox 93 1451 184 1494; x_wconf 86' lang='lat' dir='ltr'><strong>gulis</strong></span> <span class='ocrx_word' id='word_1_200' title='bbox 208 1451 399 1484; x_wconf 87' lang='lat' dir='ltr'><strong>virtutibus</strong></span> <span class='ocrx_word' id='word_1_201' title='bbox 423 1458 494 1484; x_wconf 88' lang='lat' dir='ltr'><strong>tam</strong></span> <span class='ocrx_word' id='word_1_202' title='bbox 518 1458 694 1492; x_wconf 86' lang='lat' dir='ltr'><strong>accurate,</strong></span> <span class='ocrx_word' id='word_1_203' title='bbox 722 1453 948 1497; x_wconf 91' lang='lat' dir='ltr'><strong>quantumin</strong></span> <span class='ocrx_word' id='word_1_204' title='bbox 965 1450 1083 1495; x_wconf 89' lang='lat' dir='ltr'><strong>philo-</strong></span> 
     </span>
     <span class='ocr_line' id='line_1_31' title="bbox 94 1500 1082 1546; baseline 0.001 -10"><span class='ocrx_word' id='word_1_205' title='bbox 94 1500 218 1546; x_wconf 84' lang='lat' dir='ltr'><strong>sophia</strong></span> <span class='ocrx_word' id='word_1_206' title='bbox 243 1502 316 1535; x_wconf 88' lang='lat' dir='ltr'><strong>fieri</strong></span> <span class='ocrx_word' id='word_1_207' title='bbox 342 1502 474 1545; x_wconf 87' lang='lat' dir='ltr'><strong>potuit,</strong></span> <span class='ocrx_word' id='word_1_208' title='bbox 510 1503 738 1546; x_wconf 86' lang='lat' dir='ltr'><strong>scripserunt.</strong></span> <span class='ocrx_word' id='word_1_209' title='bbox 806 1501 1010 1537; x_wconf 88' lang='lat' dir='ltr'><strong>Dolendum</strong></span> <span class='ocrx_word' id='word_1_210' title='bbox 1033 1511 1082 1537; x_wconf 90' lang='lat' dir='ltr'><strong>est</strong></span> 
     </span>
     <span class='ocr_line' id='line_1_32' title="bbox 94 1551 1083 1597; baseline 0.001 -11"><span class='ocrx_word' id='word_1_211' title='bbox 94 1560 210 1587; x_wconf 88' lang='lat' dir='ltr'><strong>autem</strong></span> <span class='ocrx_word' id='word_1_212' title='bbox 235 1553 272 1585; x_wconf 90' lang='lat' dir='ltr'><strong>in</strong></span> <span class='ocrx_word' id='word_1_213' title='bbox 288 1551 444 1586; x_wconf 84' lang='lat' dir='ltr'><strong>Ecclesia</strong></span> <span class='ocrx_word' id='word_1_214' title='bbox 467 1554 510 1586; x_wconf 90' lang='lat' dir='ltr'><strong>de</strong></span> <span class='ocrx_word' id='word_1_215' title='bbox 535 1554 665 1586; x_wconf 83' lang='lat' dir='ltr'><strong>virtute</strong></span> <span class='ocrx_word' id='word_1_216' title='bbox 681 1554 840 1587; x_wconf 90' lang='lat' dir='ltr'><strong>omnium</strong></span> <span class='ocrx_word' id='word_1_217' title='bbox 858 1565 1015 1597; x_wconf 87' lang='lat' dir='ltr'><strong>summa,</strong></span> <span class='ocrx_word' id='word_1_218' title='bbox 1040 1556 1083 1587; x_wconf 90' lang='lat' dir='ltr'><strong>de</strong></span> 
     </span>
     <span class='ocr_line' id='line_1_33' title="bbox 93 1602 1083 1645; baseline 0.001 -8"><span class='ocrx_word' id='word_1_219' title='bbox 93 1604 318 1638; x_wconf 85' lang='lat' dir='ltr'><strong>invocatione</strong></span> <span class='ocrx_word' id='word_1_220' title='bbox 339 1602 423 1645; x_wconf 84' lang='lat' dir='ltr'><strong>Dei,</strong></span> <span class='ocrx_word' id='word_1_221' title='bbox 457 1616 530 1637; x_wconf 89' lang='lat' dir='ltr'><strong>non</strong></span> <span class='ocrx_word' id='word_1_222' title='bbox 562 1604 742 1638; x_wconf 86' lang='lat' dir='ltr'><strong>collectam</strong></span> <span class='ocrx_word' id='word_1_223' title='bbox 769 1617 841 1638; x_wconf 87' lang='lat' dir='ltr'><strong>esse</strong></span> <span class='ocrx_word' id='word_1_224' title='bbox 865 1605 970 1638; x_wconf 82' lang='lat' dir='ltr'><strong>simili</strong></span> <span class='ocrx_word' id='word_1_225' title='bbox 997 1606 1083 1638; x_wconf 88' lang='lat' dir='ltr'><strong>dili-</strong></span> 
     </span>
     <span class='ocr_line' id='line_1_34' title="bbox 95 1654 1083 1700; baseline 0.003 -13"><span class='ocrx_word' id='word_1_226' title='bbox 95 1655 210 1697; x_wconf 83' lang='lat' dir='ltr'><strong>gentia</strong></span> <span class='ocrx_word' id='word_1_227' title='bbox 233 1655 429 1688; x_wconf 85' lang='lat' dir='ltr'><strong>doctrinam</strong></span> <span class='ocrx_word' id='word_1_228' title='bbox 447 1667 466 1687; x_wconf 93' lang='lat' dir='ltr'><strong>a</strong></span> <span class='ocrx_word' id='word_1_229' title='bbox 482 1654 557 1688; x_wconf 91' lang='lat' dir='ltr'><strong>Deo</strong></span> <span class='ocrx_word' id='word_1_230' title='bbox 574 1655 757 1694; x_wconf 82' lang='lat' dir='ltr'><strong>traditam,</strong></span> <span class='ocrx_word' id='word_1_231' title='bbox 785 1656 822 1688; x_wconf 90' lang='lat' dir='ltr'><strong>in</strong></span> <span class='ocrx_word' id='word_1_232' title='bbox 842 1657 1034 1700; x_wconf 81' lang='lat' dir='ltr'><strong>praeceptis</strong></span> <span class='ocrx_word' id='word_1_233' title='bbox 1051 1663 1083 1690; x_wconf 87' lang='lat' dir='ltr'><strong>et</strong></span> 
     </span>
     <span class='ocr_line' id='line_1_35' title="bbox 97 1705 1083 1751; baseline 0.003 -14"><span class='ocrx_word' id='word_1_234' title='bbox 97 1705 409 1749; x_wconf 83' lang='lat' dir='ltr'><strong>promissionibus,</strong></span> <span class='ocrx_word' id='word_1_235' title='bbox 443 1718 531 1750; x_wconf 90' lang='lat' dir='ltr'><strong>quae</strong></span> <span class='ocrx_word' id='word_1_236' title='bbox 555 1712 673 1739; x_wconf 84' lang='lat' dir='ltr'><strong>extant</strong></span> <span class='ocrx_word' id='word_1_237' title='bbox 697 1706 733 1737; x_wconf 91' lang='lat' dir='ltr'><strong>in</strong></span> <span class='ocrx_word' id='word_1_238' title='bbox 758 1707 897 1749; x_wconf 90' lang='lat' dir='ltr'><strong>scriptis</strong></span> <span class='ocrx_word' id='word_1_239' title='bbox 921 1705 1083 1751; x_wconf 88' lang='lat' dir='ltr'><strong>Prophe-</strong></span> 
     </span>
     <span class='ocr_line' id='line_1_36' title="bbox 96 1754 1083 1801; baseline 0.003 -12"><span class='ocrx_word' id='word_1_240' title='bbox 96 1763 211 1790; x_wconf 84' lang='lat' dir='ltr'><strong>tarum</strong></span> <span class='ocrx_word' id='word_1_241' title='bbox 234 1762 266 1789; x_wconf 84' lang='lat' dir='ltr'><strong>et</strong></span> <span class='ocrx_word' id='word_1_242' title='bbox 284 1754 562 1798; x_wconf 83' lang='lat' dir='ltr'><strong>Apostolorum,</strong></span> <span class='ocrx_word' id='word_1_243' title='bbox 586 1756 751 1789; x_wconf 91' lang='lat' dir='ltr'><strong>laudatur</strong></span> <span class='ocrx_word' id='word_1_244' title='bbox 774 1758 1021 1801; x_wconf 82' lang='lat' dir='ltr'><strong>temperantia,</strong></span> <span class='ocrx_word' id='word_1_245' title='bbox 1050 1766 1083 1792; x_wconf 90' lang='lat' dir='ltr'><strong>et</strong></span> 
     </span>
     <span class='ocr_line' id='line_1_37' title="bbox 95 1806 1083 1852; baseline 0.002 -13"><span class='ocrx_word' id='word_1_246' title='bbox 95 1813 146 1840; x_wconf 89' lang='lat' dir='ltr'><strong>est</strong></span> <span class='ocrx_word' id='word_1_247' title='bbox 171 1807 280 1840; x_wconf 88' lang='lat' dir='ltr'><strong>virtus</strong></span> <span class='ocrx_word' id='word_1_248' title='bbox 304 1807 408 1849; x_wconf 85' lang='lat' dir='ltr'><strong>digna</strong></span> <span class='ocrx_word' id='word_1_249' title='bbox 426 1807 548 1847; x_wconf 89' lang='lat' dir='ltr'><strong>laude,</strong></span> <span class='ocrx_word' id='word_1_250' title='bbox 575 1806 740 1839; x_wconf 83' lang='lat' dir='ltr'><strong>laudatur</strong></span> <span class='ocrx_word' id='word_1_251' title='bbox 756 1807 939 1840; x_wconf 87' lang='lat' dir='ltr'><strong>clementia</strong></span> <span class='ocrx_word' id='word_1_252' title='bbox 960 1808 997 1841; x_wconf 89' lang='lat' dir='ltr'><strong>in</strong></span> <span class='ocrx_word' id='word_1_253' title='bbox 1014 1821 1083 1852; x_wconf 88' lang='lat' dir='ltr'><strong>gu-</strong></span> 
     </span>
     <span class='ocr_line' id='line_1_38' title="bbox 94 1857 1083 1903; baseline 0.002 -13"><span class='ocrx_word' id='word_1_254' title='bbox 94 1857 362 1896; x_wconf 75' lang='lat' dir='ltr'><strong>bernatoribUS,</strong></span> <span class='ocrx_word' id='word_1_255' title='bbox 391 1864 424 1890; x_wconf 88' lang='lat' dir='ltr'><strong>et</strong></span> <span class='ocrx_word' id='word_1_256' title='bbox 445 1869 545 1899; x_wconf 83' lang='lat' dir='ltr'><strong>saepe</strong></span> <span class='ocrx_word' id='word_1_257' title='bbox 567 1857 728 1891; x_wconf 89' lang='lat' dir='ltr'><strong>salutaris</strong></span> <span class='ocrx_word' id='word_1_258' title='bbox 752 1864 799 1890; x_wconf 90' lang='lat' dir='ltr'><strong>est</strong></span> <span class='ocrx_word' id='word_1_259' title='bbox 819 1859 953 1901; x_wconf 84' lang='lat' dir='ltr'><strong>magnis</strong></span> <span class='ocrx_word' id='word_1_260' title='bbox 971 1859 1083 1903; x_wconf 87' lang='lat' dir='ltr'><strong>impe-</strong></span> 
     </span>
     <span class='ocr_line' id='line_1_39' title="bbox 95 1905 1084 1950; baseline 0.003 -9"><span class='ocrx_word' id='word_1_261' title='bbox 95 1908 167 1941; x_wconf 88' lang='lat' dir='ltr'><strong>riis.</strong></span> <span class='ocrx_word' id='word_1_262' title='bbox 228 1907 281 1941; x_wconf 85' lang='lat' dir='ltr'><strong>De</strong></span> <span class='ocrx_word' id='word_1_263' title='bbox 310 1905 364 1940; x_wconf 88' lang='lat' dir='ltr'><strong>his</strong></span> <span class='ocrx_word' id='word_1_264' title='bbox 387 1915 420 1941; x_wconf 85' lang='lat' dir='ltr'><strong>et</strong></span> <span class='ocrx_word' id='word_1_265' title='bbox 446 1908 523 1940; x_wconf 87' lang='lat' dir='ltr'><strong>aliis</strong></span> <span class='ocrx_word' id='word_1_266' title='bbox 546 1908 751 1950; x_wconf 83' lang='lat' dir='ltr'><strong>vulgaribus</strong></span> <span class='ocrx_word' id='word_1_267' title='bbox 776 1908 966 1943; x_wconf 83' lang='lat' dir='ltr'><strong>virtutibus</strong></span> <span class='ocrx_word' id='word_1_268' title='bbox 991 1917 1084 1944; x_wconf 88' lang='lat' dir='ltr'><strong>extat</strong></span> 
     </span>
     <span class='ocr_line' id='line_1_40' title="bbox 95 1956 1082 2003; baseline 0.002 -11"><span class='ocrx_word' id='word_1_269' title='bbox 95 1958 253 1992; x_wconf 87' lang='lat' dir='ltr'><strong>doctrina</strong></span> <span class='ocrx_word' id='word_1_270' title='bbox 273 1956 572 2001; x_wconf 79' lang='lat' dir='ltr'><strong>Philosophorum</strong></span> <span class='ocrx_word' id='word_1_271' title='bbox 598 1959 795 1992; x_wconf 84' lang='lat' dir='ltr'><strong>luculenter</strong></span> <span class='ocrx_word' id='word_1_272' title='bbox 813 1960 959 2003; x_wconf 88' lang='lat' dir='ltr'><strong>scripta,</strong></span> <span class='ocrx_word' id='word_1_273' title='bbox 987 1967 1021 1994; x_wconf 88' lang='lat' dir='ltr'><strong>at</strong></span> <span class='ocrx_word' id='word_1_274' title='bbox 1040 1963 1082 1994; x_wconf 91' lang='lat' dir='ltr'><strong>de</strong></span> 
     </span>
     <span class='ocr_line' id='line_1_41' title="bbox 93 2009 1082 2052; baseline 0.003 -10"><span class='ocrx_word' id='word_1_275' title='bbox 93 2010 224 2043; x_wconf 77' lang='lat' dir='ltr'><strong>virtute</strong></span> <span class='ocrx_word' id='word_1_276' title='bbox 249 2009 409 2041; x_wconf 91' lang='lat' dir='ltr'><strong>omnium</strong></span> <span class='ocrx_word' id='word_1_277' title='bbox 435 2009 575 2052; x_wconf 82' lang='lat' dir='ltr'><strong>regina,</strong></span> <span class='ocrx_word' id='word_1_278' title='bbox 613 2011 655 2042; x_wconf 90' lang='lat' dir='ltr'><strong>de</strong></span> <span class='ocrx_word' id='word_1_279' title='bbox 680 2010 858 2051; x_wconf 80' lang='lat' dir='ltr'><strong>agnitione</strong></span> <span class='ocrx_word' id='word_1_280' title='bbox 883 2018 916 2044; x_wconf 90' lang='lat' dir='ltr'><strong>et</strong></span> <span class='ocrx_word' id='word_1_281' title='bbox 938 2011 1082 2045; x_wconf 86' lang='lat' dir='ltr'><strong>invoca-</strong></span> 
     </span>
     <span class='ocr_line' id='line_1_42' title="bbox 93 2059 1080 2106; baseline 0.002 -13"><span class='ocrx_word' id='word_1_282' title='bbox 93 2060 189 2094; x_wconf 89' lang='lat' dir='ltr'><strong>tione</strong></span> <span class='ocrx_word' id='word_1_283' title='bbox 213 2059 296 2100; x_wconf 79' lang='lat' dir='ltr'><strong>Dei,</strong></span> <span class='ocrx_word' id='word_1_284' title='bbox 324 2072 429 2104; x_wconf 86' lang='lat' dir='ltr'><strong>quam</strong></span> <span class='ocrx_word' id='word_1_285' title='bbox 453 2072 581 2103; x_wconf 89' lang='lat' dir='ltr'><strong>pauca,</strong></span> <span class='ocrx_word' id='word_1_286' title='bbox 608 2061 727 2093; x_wconf 84' lang='lat' dir='ltr'><strong>tenuia</strong></span> <span class='ocrx_word' id='word_1_287' title='bbox 751 2068 783 2094; x_wconf 88' lang='lat' dir='ltr'><strong>et</strong></span> <span class='ocrx_word' id='word_1_288' title='bbox 807 2061 931 2103; x_wconf 84' lang='lat' dir='ltr'><strong>frigida</strong></span> <span class='ocrx_word' id='word_1_289' title='bbox 954 2062 1080 2106; x_wconf 88' lang='lat' dir='ltr'><strong>scripta</strong></span> 
     </span>
     <span class='ocr_line' id='line_1_43' title="bbox 93 2111 1081 2158; baseline 0.002 -14"><span class='ocrx_word' id='word_1_290' title='bbox 93 2111 350 2144; x_wconf 77' lang='lat' dir='ltr'><strong>inveniuntur?</strong></span> <span class='ocrx_word' id='word_1_291' title='bbox 374 2112 474 2158; x_wconf 85' lang='lat' dir='ltr'><strong>pauci</strong></span> <span class='ocrx_word' id='word_1_292' title='bbox 501 2111 704 2153; x_wconf 86' lang='lat' dir='ltr'><strong>intelligunt</strong></span> <span class='ocrx_word' id='word_1_293' title='bbox 721 2124 792 2145; x_wconf 88' lang='lat' dir='ltr'><strong>esse</strong></span> <span class='ocrx_word' id='word_1_294' title='bbox 809 2113 993 2154; x_wconf 88' lang='lat' dir='ltr'><strong>virtutem,</strong></span> <span class='ocrx_word' id='word_1_295' title='bbox 1020 2114 1081 2146; x_wconf 90' lang='lat' dir='ltr'><strong>alii</strong></span> 
     </span>
     <span class='ocr_line' id='line_1_44' title="bbox 94 2161 1080 2204; baseline 0.003 -10"><span class='ocrx_word' id='word_1_296' title='bbox 94 2169 219 2204; x_wconf 88' lang='lat' dir='ltr'><strong>putant</strong></span> <span class='ocrx_word' id='word_1_297' title='bbox 248 2161 445 2194; x_wconf 83' lang='lat' dir='ltr'><strong>doctrinam</strong></span> <span class='ocrx_word' id='word_1_298' title='bbox 471 2162 606 2194; x_wconf 85' lang='lat' dir='ltr'><strong>facilem</strong></span> <span class='ocrx_word' id='word_1_299' title='bbox 633 2174 722 2201; x_wconf 85' lang='lat' dir='ltr'><strong>esse,</strong></span> <span class='ocrx_word' id='word_1_300' title='bbox 758 2170 877 2196; x_wconf 87' lang='lat' dir='ltr'><strong>notam</strong></span> <span class='ocrx_word' id='word_1_301' title='bbox 903 2164 1080 2200; x_wconf 87' lang='lat' dir='ltr'><strong>omnibus.</strong></span> 
     </span>
     <span class='ocr_line' id='line_1_45' title="bbox 93 2211 1080 2258; baseline 0.004 -13"><span class='ocrx_word' id='word_1_302' title='bbox 93 2212 186 2256; x_wconf 81' lang='lat' dir='ltr'><strong>Quia</strong></span> <span class='ocrx_word' id='word_1_303' title='bbox 214 2212 422 2246; x_wconf 82' lang='lat' dir='ltr'><strong>naturaliter</strong></span> <span class='ocrx_word' id='word_1_304' title='bbox 446 2225 568 2245; x_wconf 86' lang='lat' dir='ltr'><strong>omnes</strong></span> <span class='ocrx_word' id='word_1_305' title='bbox 593 2214 749 2247; x_wconf 88' lang='lat' dir='ltr'><strong>destituti</strong></span> <span class='ocrx_word' id='word_1_306' title='bbox 768 2211 920 2247; x_wconf 89' lang='lat' dir='ltr'><strong>humana</strong></span> <span class='ocrx_word' id='word_1_307' title='bbox 938 2227 1020 2258; x_wconf 86' lang='lat' dir='ltr'><strong>ope,</strong></span> <span class='ocrx_word' id='word_1_308' title='bbox 1048 2223 1080 2249; x_wconf 85' lang='lat' dir='ltr'><strong>et</strong></span> 
     </span>
     <span class='ocr_line' id='line_1_46' title="bbox 91 2261 1080 2308; baseline 0.003 -12"><span class='ocrx_word' id='word_1_309' title='bbox 91 2264 217 2297; x_wconf 88' lang='lat' dir='ltr'><strong>amisso</strong></span> <span class='ocrx_word' id='word_1_310' title='bbox 237 2261 303 2296; x_wconf 89' lang='lat' dir='ltr'><strong>hoc</strong></span> <span class='ocrx_word' id='word_1_311' title='bbox 322 2263 451 2296; x_wconf 85' lang='lat' dir='ltr'><strong>visibili</strong></span> <span class='ocrx_word' id='word_1_312' title='bbox 470 2264 612 2302; x_wconf 80' lang='lat' dir='ltr'><strong>auxilio,</strong></span> <span class='ocrx_word' id='word_1_313' title='bbox 639 2265 840 2308; x_wconf 88' lang='lat' dir='ltr'><strong>quaerimus</strong></span> <span class='ocrx_word' id='word_1_314' title='bbox 856 2277 898 2297; x_wconf 90' lang='lat' dir='ltr'><strong>an</strong></span> <span class='ocrx_word' id='word_1_315' title='bbox 917 2266 1080 2307; x_wconf 86' lang='lat' dir='ltr'><strong>sitDeus,</strong></span> 
     </span>
     <span class='ocr_line' id='line_1_47' title="bbox 93 2312 1079 2361; baseline 0.003 -14"><span class='ocrx_word' id='word_1_316' title='bbox 93 2315 153 2360; x_wconf 87' lang='lat' dir='ltr'><strong>qui</strong></span> <span class='ocrx_word' id='word_1_317' title='bbox 179 2315 259 2347; x_wconf 81' lang='lat' dir='ltr'><strong>velit</strong></span> <span class='ocrx_word' id='word_1_318' title='bbox 284 2314 450 2357; x_wconf 85' lang='lat' dir='ltr'><strong>opitulari</strong></span> <span class='ocrx_word' id='word_1_319' title='bbox 476 2312 701 2354; x_wconf 74' lang='lat' dir='ltr'><strong>hominibus,</strong></span> <span class='ocrx_word' id='word_1_320' title='bbox 730 2322 761 2349; x_wconf 85' lang='lat' dir='ltr'><strong>et</strong></span> <span class='ocrx_word' id='word_1_321' title='bbox 785 2316 820 2348; x_wconf 90' lang='lat' dir='ltr'><strong>in</strong></span> <span class='ocrx_word' id='word_1_322' title='bbox 840 2313 904 2349; x_wconf 86' lang='lat' dir='ltr'><strong>hac</strong></span> <span class='ocrx_word' id='word_1_323' title='bbox 921 2317 1079 2361; x_wconf 91' lang='lat' dir='ltr'><strong>disputa-</strong></span> 
     </span>
     <span class='ocr_line' id='line_1_48' title="bbox 93 2364 1079 2410; baseline 0.003 -12"><span class='ocrx_word' id='word_1_324' title='bbox 93 2365 189 2399; x_wconf 86' lang='lat' dir='ltr'><strong>tione</strong></span> <span class='ocrx_word' id='word_1_325' title='bbox 213 2365 355 2409; x_wconf 86' lang='lat' dir='ltr'><strong>plurimi</strong></span> <span class='ocrx_word' id='word_1_326' title='bbox 378 2378 521 2410; x_wconf 83' lang='lat' dir='ltr'><strong>qnoquo</strong></span> <span class='ocrx_word' id='word_1_327' title='bbox 540 2367 644 2398; x_wconf 86' lang='lat' dir='ltr'><strong>modo</strong></span> <span class='ocrx_word' id='word_1_328' title='bbox 662 2364 776 2399; x_wconf 89' lang='lat' dir='ltr'><strong>Deum</strong></span> <span class='ocrx_word' id='word_1_329' title='bbox 794 2366 978 2408; x_wconf 87' lang='lat' dir='ltr'><strong>invocant,</strong></span> <span class='ocrx_word' id='word_1_330' title='bbox 1005 2380 1079 2402; x_wconf 85' lang='lat' dir='ltr'><strong>non</strong></span> 
     </span>
     <span class='ocr_line' id='line_1_49' title="bbox 95 2415 1079 2462; baseline 0.003 -13"><span class='ocrx_word' id='word_1_331' title='bbox 95 2417 302 2459; x_wconf 78' lang='lat' dir='ltr'><strong>cogitantes,</strong></span> <span class='ocrx_word' id='word_1_332' title='bbox 329 2417 407 2460; x_wconf 87' lang='lat' dir='ltr'><strong>quis</strong></span> <span class='ocrx_word' id='word_1_333' title='bbox 430 2417 471 2450; x_wconf 90' lang='lat' dir='ltr'><strong>sit</strong></span> <span class='ocrx_word' id='word_1_334' title='bbox 490 2415 603 2456; x_wconf 83' lang='lat' dir='ltr'><strong>Deus,</strong></span> <span class='ocrx_word' id='word_1_335' title='bbox 631 2429 701 2461; x_wconf 88' lang='lat' dir='ltr'><strong>quo</strong></span> <span class='ocrx_word' id='word_1_336' title='bbox 724 2418 830 2450; x_wconf 88' lang='lat' dir='ltr'><strong>modo</strong></span> <span class='ocrx_word' id='word_1_337' title='bbox 853 2429 888 2450; x_wconf 88' lang='lat' dir='ltr'><strong>se</strong></span> <span class='ocrx_word' id='word_1_338' title='bbox 910 2420 1079 2462; x_wconf 83' lang='lat' dir='ltr'><strong>patefece—</strong></span> 
     </span>
     <span class='ocr_line' id='line_1_50' title="bbox 94 2466 1078 2513; baseline 0.004 -15"><span class='ocrx_word' id='word_1_339' title='bbox 94 2466 160 2506; x_wconf 83' lang='lat' dir='ltr'><strong>rit,</strong></span> <span class='ocrx_word' id='word_1_340' title='bbox 191 2468 274 2511; x_wconf 87' lang='lat' dir='ltr'><strong>quid</strong></span> <span class='ocrx_word' id='word_1_341' title='bbox 302 2468 520 2500; x_wconf 73' lang='lat' dir='ltr'><strong>mandaxerit</strong></span> <span class='ocrx_word' id='word_1_342' title='bbox 546 2469 588 2500; x_wconf 85' lang='lat' dir='ltr'><strong>de</strong></span> <span class='ocrx_word' id='word_1_343' title='bbox 616 2468 858 2507; x_wconf 73' lang='lat' dir='ltr'><strong>invocatione,</strong></span> <span class='ocrx_word' id='word_1_344' title='bbox 886 2469 968 2513; x_wconf 83' lang='lat' dir='ltr'><strong>qnid</strong></span> <span class='ocrx_word' id='word_1_345' title='bbox 997 2482 1078 2513; x_wconf 89' lang='lat' dir='ltr'><strong>pro-</strong></span> 
     </span>
     <span class='ocr_line' id='line_1_51' title="bbox 94 2517 1079 2563; baseline 0.005 -14"><span class='ocrx_word' id='word_1_346' title='bbox 94 2517 246 2558; x_wconf 85' lang='lat' dir='ltr'><strong>miserit,</strong></span> <span class='ocrx_word' id='word_1_347' title='bbox 271 2520 448 2563; x_wconf 88' lang='lat' dir='ltr'><strong>quomodo</strong></span> <span class='ocrx_word' id='word_1_348' title='bbox 473 2519 514 2551; x_wconf 89' lang='lat' dir='ltr'><strong>sit</strong></span> <span class='ocrx_word' id='word_1_349' title='bbox 540 2519 711 2562; x_wconf 71' lang='lat' dir='ltr'><strong>placatus,</strong></span> <span class='ocrx_word' id='word_1_350' title='bbox 740 2519 818 2563; x_wconf 89' lang='lat' dir='ltr'><strong>quis</strong></span> <span class='ocrx_word' id='word_1_351' title='bbox 835 2519 877 2552; x_wconf 86' lang='lat' dir='ltr'><strong>sit</strong></span> <span class='ocrx_word' id='word_1_352' title='bbox 897 2521 1079 2562; x_wconf 87' lang='lat' dir='ltr'><strong>mediator,</strong></span> 
     </span>
     <span class='ocr_line' id='line_1_52' title="bbox 95 2570 1077 2615; baseline 0.003 -14"><span class='ocrx_word' id='word_1_353' title='bbox 95 2579 139 2601; x_wconf 82' lang='lat' dir='ltr'><strong>an</strong></span> <span class='ocrx_word' id='word_1_354' title='bbox 157 2575 188 2602; x_wconf 86' lang='lat' dir='ltr'><strong>et</strong></span> <span class='ocrx_word' id='word_1_355' title='bbox 206 2580 267 2602; x_wconf 91' lang='lat' dir='ltr'><strong>cur</strong></span> <span class='ocrx_word' id='word_1_356' title='bbox 285 2570 366 2603; x_wconf 91' lang='lat' dir='ltr'><strong>velit</strong></span> <span class='ocrx_word' id='word_1_357' title='bbox 385 2570 565 2609; x_wconf 82' lang='lat' dir='ltr'><strong>exaudire,</strong></span> <span class='ocrx_word' id='word_1_358' title='bbox 592 2582 677 2615; x_wconf 89' lang='lat' dir='ltr'><strong>quas</strong></span> <span class='ocrx_word' id='word_1_359' title='bbox 697 2581 750 2602; x_wconf 88' lang='lat' dir='ltr'><strong>res</strong></span> <span class='ocrx_word' id='word_1_360' title='bbox 768 2570 976 2603; x_wconf 87' lang='lat' dir='ltr'><strong>nominatim</strong></span> <span class='ocrx_word' id='word_1_361' title='bbox 997 2584 1077 2614; x_wconf 82' lang='lat' dir='ltr'><strong>pro-</strong></span> 
     </span>
     <span class='ocr_line' id='line_1_53' title="bbox 94 2619 1076 2665; baseline 0.006 -14"><span class='ocrx_word' id='word_1_362' title='bbox 94 2619 248 2658; x_wconf 85' lang='lat' dir='ltr'><strong>miserit,</strong></span> <span class='ocrx_word' id='word_1_363' title='bbox 290 2619 327 2652; x_wconf 91' lang='lat' dir='ltr'><strong>in</strong></span> <span class='ocrx_word' id='word_1_364' title='bbox 358 2621 486 2665; x_wconf 89' lang='lat' dir='ltr'><strong>quibus</strong></span> <span class='ocrx_word' id='word_1_365' title='bbox 519 2621 623 2654; x_wconf 85' lang='lat' dir='ltr'><strong>rebus</strong></span> <span class='ocrx_word' id='word_1_366' title='bbox 654 2621 811 2665; x_wconf 85' lang='lat' dir='ltr'><strong>requirat</strong></span> <span class='ocrx_word' id='word_1_367' title='bbox 840 2621 1076 2656; x_wconf 81' lang='lat' dir='ltr'><strong>obedientiam</strong></span> 
     </span>
    </p>
   </div>
   <div class='ocr_carea' id='block_1_7' title="bbox 93 2671 958 2756">
    <p class='ocr_par' dir='ltr' id='par_1_7' title="bbox 93 2671 958 2756">
     <span class='ocr_line' id='line_1_54' title="bbox 93 2671 958 2716; baseline 0.002 -13"><span class='ocrx_word' id='word_1_368' title='bbox 93 2676 248 2703; x_wconf 90' lang='lat' dir='ltr'><strong>nostram</strong></span> <span class='ocrx_word' id='word_1_369' title='bbox 261 2697 270 2710; x_wconf 94' lang='lat'><strong>,</strong></span> <span class='ocrx_word' id='word_1_370' title='bbox 297 2677 328 2704; x_wconf 88' lang='lat' dir='ltr'><strong>et</strong></span> <span class='ocrx_word' id='word_1_371' title='bbox 344 2677 459 2704; x_wconf 89' lang='lat' dir='ltr'><strong>tamen</strong></span> <span class='ocrx_word' id='word_1_372' title='bbox 475 2671 729 2714; x_wconf 82' lang='lat' dir='ltr'><strong>mitigationem</strong></span> <span class='ocrx_word' id='word_1_373' title='bbox 747 2671 958 2716; x_wconf 85' lang='lat' dir='ltr'><strong>promiserit.</strong></span> 
     </span>
     <span class='ocr_line' id='line_1_55' title="bbox 143 2721 649 2756; baseline 0.006 -3"><span class='ocrx_word' id='word_1_374' title='bbox 143 2722 320 2754; x_wconf 60' lang='lat' dir='ltr'><strong>Mamm.</strong></span> <span class='ocrx_word' id='word_1_375' title='bbox 340 2723 441 2755; x_wconf 62' lang='lat' dir='ltr'><strong>Omz.</strong></span> <span class='ocrx_word' id='word_1_376' title='bbox 470 2721 554 2756; x_wconf 68' lang='lat' dir='ltr'>Von.</span> <span class='ocrx_word' id='word_1_377' title='bbox 572 2724 649 2756; x_wconf 79' lang='lat' dir='ltr'><strong>XV.</strong></span> 
     </span>
    </p>
   </div>
   <div class='ocr_carea' id='block_1_8' title="bbox 1101 1975 1110 2676">
    <p class='ocr_par' dir='ltr' id='par_1_8' title="bbox 1101 1975 1110 2676">
     <span class='ocr_line' id='line_1_56' title="bbox 1101 1975 1110 2676; baseline 0 0"><span class='ocrx_word' id='word_1_378' title='bbox 1101 1975 1110 2676; x_wconf 95' lang='lat' dir='ltr'><strong> </strong></span> 
     </span>
    </p>
   </div>
   <div class='ocr_carea' id='block_1_9' title="bbox 1137 283 2134 1347">
    <p class='ocr_par' dir='ltr' id='par_1_9' title="bbox 1137 283 2134 1347">
     <span class='ocr_line' id='line_1_57' title="bbox 1144 283 2133 333; baseline 0.014 -19"><span class='ocrx_word' id='word_1_379' title='bbox 1144 283 1220 316; x_wconf 92' lang='lat' dir='ltr'><strong>cilis</strong></span> <span class='ocrx_word' id='word_1_380' title='bbox 1246 287 1408 329; x_wconf 89' lang='lat' dir='ltr'><strong>cognitu,</strong></span> <span class='ocrx_word' id='word_1_381' title='bbox 1446 289 1506 333; x_wconf 87' lang='lat' dir='ltr'><strong>qui</strong></span> <span class='ocrx_word' id='word_1_382' title='bbox 1532 296 1659 322; x_wconf 86' lang='lat' dir='ltr'><strong>terram</strong></span> <span class='ocrx_word' id='word_1_383' title='bbox 1687 291 1797 333; x_wconf 85' lang='lat' dir='ltr'><strong>regis,</strong></span> <span class='ocrx_word' id='word_1_384' title='bbox 1832 293 1905 325; x_wconf 82' lang='lat' dir='ltr'><strong>sive</strong></span> <span class='ocrx_word' id='word_1_385' title='bbox 1929 295 2133 328; x_wconf 87' lang='lat' dir='ltr'><strong>necessitate</strong></span> 
     </span>
     <span class='ocr_line' id='line_1_58' title="bbox 1144 338 2133 383; baseline 0.014 -17"><span class='ocrx_word' id='word_1_386' title='bbox 1144 342 1311 376; x_wconf 90' lang='lat' dir='ltr'><strong>naturae,</strong></span> <span class='ocrx_word' id='word_1_387' title='bbox 1351 338 1424 371; x_wconf 89' lang='lat' dir='ltr'><strong>sive</strong></span> <span class='ocrx_word' id='word_1_388' title='bbox 1456 340 1605 372; x_wconf 87' lang='lat' dir='ltr'><strong>consilio</strong></span> <span class='ocrx_word' id='word_1_389' title='bbox 1636 352 1769 383; x_wconf 78' lang='lat' dir='ltr'><strong>regens,</strong></span> <span class='ocrx_word' id='word_1_390' title='bbox 1832 341 1928 376; x_wconf 91' lang='lat' dir='ltr'><strong>Haec</strong></span> <span class='ocrx_word' id='word_1_391' title='bbox 1958 346 2133 380; x_wconf 87' lang='lat' dir='ltr'><strong>dubitatio</strong></span> 
     </span>
     <span class='ocr_line' id='line_1_59' title="bbox 1144 388 2134 438; baseline 0.014 -22"><span class='ocrx_word' id='word_1_392' title='bbox 1144 388 1340 420; x_wconf 86' lang='lat' dir='ltr'><strong>communis</strong></span> <span class='ocrx_word' id='word_1_393' title='bbox 1361 395 1409 421; x_wconf 91' lang='lat' dir='ltr'><strong>est</strong></span> <span class='ocrx_word' id='word_1_394' title='bbox 1427 390 1606 430; x_wconf 82' lang='lat' dir='ltr'><strong>omnium,</strong></span> <span class='ocrx_word' id='word_1_395' title='bbox 1633 393 1693 435; x_wconf 88' lang='lat' dir='ltr'><strong>qui</strong></span> <span class='ocrx_word' id='word_1_396' title='bbox 1712 392 1875 435; x_wconf 82' lang='lat' dir='ltr'><strong>ignorant</strong></span> <span class='ocrx_word' id='word_1_397' title='bbox 1890 393 2134 438; x_wconf 82' lang='lat' dir='ltr'><strong>Evangelium,</strong></span> 
     </span>
     <span class='ocr_line' id='line_1_60' title="bbox 1143 437 2134 485; baseline 0.013 -18"><span class='ocrx_word' id='word_1_398' title='bbox 1143 442 1201 468; x_wconf 89' lang='lat' dir='ltr'><strong>ant</strong></span> <span class='ocrx_word' id='word_1_399' title='bbox 1222 437 1330 470; x_wconf 88' lang='lat' dir='ltr'><strong>stoica</strong></span> <span class='ocrx_word' id='word_1_400' title='bbox 1356 438 1609 481; x_wconf 80' lang='lat' dir='ltr'><strong>imaginatione</strong></span> <span class='ocrx_word' id='word_1_401' title='bbox 1631 449 1814 485; x_wconf 85' lang='lat' dir='ltr'><strong>tenentur,</strong></span> <span class='ocrx_word' id='word_1_402' title='bbox 1850 444 1964 478; x_wconf 87' lang='lat' dir='ltr'><strong>Deum</strong></span> <span class='ocrx_word' id='word_1_403' title='bbox 1986 447 2061 480; x_wconf 88' lang='lat' dir='ltr'><strong>siue</strong></span> <span class='ocrx_word' id='word_1_404' title='bbox 2086 448 2134 480; x_wconf 91' lang='lat' dir='ltr'><strong>li-</strong></span> 
     </span>
     <span class='ocr_line' id='line_1_61' title="bbox 1143 486 2134 533; baseline 0.014 -15"><span class='ocrx_word' id='word_1_405' title='bbox 1143 486 1228 519; x_wconf 90' lang='lat' dir='ltr'><strong>bero</strong></span> <span class='ocrx_word' id='word_1_406' title='bbox 1245 489 1393 521; x_wconf 84' lang='lat' dir='ltr'><strong>consilio</strong></span> <span class='ocrx_word' id='word_1_407' title='bbox 1412 489 1460 522; x_wconf 86' lang='lat' dir='ltr'><strong>sic</strong></span> <span class='ocrx_word' id='word_1_408' title='bbox 1478 502 1578 533; x_wconf 91' lang='lat' dir='ltr'><strong>agere</strong></span> <span class='ocrx_word' id='word_1_409' title='bbox 1596 495 1808 533; x_wconf 85' lang='lat' dir='ltr'><strong>necessario,</strong></span> <span class='ocrx_word' id='word_1_410' title='bbox 1835 502 1873 528; x_wconf 93' lang='lat' dir='ltr'><strong>ut</strong></span> <span class='ocrx_word' id='word_1_411' title='bbox 1892 504 2034 530; x_wconf 89' lang='lat' dir='ltr'><strong>movent</strong></span> <span class='ocrx_word' id='word_1_412' title='bbox 2051 510 2134 532; x_wconf 92' lang='lat' dir='ltr'><strong>cau-</strong></span> 
     </span>
     <span class='ocr_line' id='line_1_62' title="bbox 1142 540 2131 592; baseline 0.013 -23"><span class='ocrx_word' id='word_1_413' title='bbox 1142 548 1198 569; x_wconf 89' lang='lat' dir='ltr'><strong>sae</strong></span> <span class='ocrx_word' id='word_1_414' title='bbox 1222 540 1412 579; x_wconf 87' lang='lat' dir='ltr'><strong>secundae,</strong></span> <span class='ocrx_word' id='word_1_415' title='bbox 1439 548 1499 574; x_wconf 89' lang='lat' dir='ltr'><strong>aut</strong></span> <span class='ocrx_word' id='word_1_416' title='bbox 1523 542 1551 574; x_wconf 90' lang='lat' dir='ltr'><strong>si</strong></span> <span class='ocrx_word' id='word_1_417' title='bbox 1574 542 1686 575; x_wconf 89' lang='lat' dir='ltr'><strong>libere</strong></span> <span class='ocrx_word' id='word_1_418' title='bbox 1705 544 1793 586; x_wconf 86' lang='lat' dir='ltr'><strong>agit,</strong></span> <span class='ocrx_word' id='word_1_419' title='bbox 1822 558 1944 578; x_wconf 91' lang='lat' dir='ltr'><strong>curare</strong></span> <span class='ocrx_word' id='word_1_420' title='bbox 1961 551 2131 592; x_wconf 85' lang='lat' dir='ltr'><strong>quaedam</strong></span> 
     </span>
     <span class='ocr_line' id='line_1_63' title="bbox 1143 594 2133 636; baseline 0.013 -16"><span class='ocrx_word' id='word_1_421' title='bbox 1143 600 1283 630; x_wconf 79' lang='lat' dir='ltr'><strong>magna,</strong></span> <span class='ocrx_word' id='word_1_422' title='bbox 1326 602 1397 622; x_wconf 90' lang='lat' dir='ltr'><strong>non</strong></span> <span class='ocrx_word' id='word_1_423' title='bbox 1423 603 1545 625; x_wconf 91' lang='lat' dir='ltr'><strong>curare</strong></span> <span class='ocrx_word' id='word_1_424' title='bbox 1568 594 1812 636; x_wconf 83' lang='lat' dir='ltr'><strong>particularia,</strong></span> <span class='ocrx_word' id='word_1_425' title='bbox 1846 603 1884 629; x_wconf 89' lang='lat' dir='ltr'><strong>ut</strong></span> <span class='ocrx_word' id='word_1_426' title='bbox 1908 597 2000 630; x_wconf 91' lang='lat' dir='ltr'><strong>idem</strong></span> <span class='ocrx_word' id='word_1_427' title='bbox 2025 598 2133 633; x_wconf 89' lang='lat' dir='ltr'><strong>Euri-</strong></span> 
     </span>
     <span class='ocr_line' id='line_1_64' title="bbox 1143 639 2133 692; baseline 0.012 -21"><span class='ocrx_word' id='word_1_428' title='bbox 1143 639 1239 681; x_wconf 88' lang='lat' dir='ltr'><strong>pides</strong></span> <span class='ocrx_word' id='word_1_429' title='bbox 1264 640 1391 684; x_wconf 83' lang='lat' dir='ltr'><strong>inquit.</strong></span> <span class='ocrx_word' id='word_1_430' title='bbox 1448 641 1649 681; x_wconf 73' lang='lat' dir='ltr'><strong>Postremo,</strong></span> <span class='ocrx_word' id='word_1_431' title='bbox 1677 652 1714 677; x_wconf 91' lang='lat' dir='ltr'><strong>ut</strong></span> <span class='ocrx_word' id='word_1_432' title='bbox 1743 646 1891 679; x_wconf 83' lang='lat' dir='ltr'><strong>maxime</strong></span> <span class='ocrx_word' id='word_1_433' title='bbox 1909 655 2006 681; x_wconf 82' lang='lat' dir='ltr'><strong>curet</strong></span> <span class='ocrx_word' id='word_1_434' title='bbox 2024 652 2133 692; x_wconf 90' lang='lat' dir='ltr'><strong>parti-</strong></span> 
     </span>
     <span class='ocr_line' id='line_1_65' title="bbox 1142 691 2132 744; baseline 0.011 -22"><span class='ocrx_word' id='word_1_435' title='bbox 1142 691 1290 731; x_wconf 85' lang='lat' dir='ltr'><strong>cularia,</strong></span> <span class='ocrx_word' id='word_1_436' title='bbox 1319 699 1436 724; x_wconf 89' lang='lat' dir='ltr'><strong>tamen</strong></span> <span class='ocrx_word' id='word_1_437' title='bbox 1462 705 1534 725; x_wconf 83' lang='lat' dir='ltr'><strong>non</strong></span> <span class='ocrx_word' id='word_1_438' title='bbox 1552 695 1710 727; x_wconf 86' lang='lat' dir='ltr'><strong>exaudiri</strong></span> <span class='ocrx_word' id='word_1_439' title='bbox 1730 696 1906 739; x_wconf 59' lang='lat' dir='ltr'><strong>indiguo-³.</strong></span> <span class='ocrx_word' id='word_1_440' title='bbox 1961 698 2036 731; x_wconf 85' lang='lat' dir='ltr'><strong>Hae</strong></span> <span class='ocrx_word' id='word_1_441' title='bbox 2055 703 2132 744; x_wconf 88' lang='lat' dir='ltr'><strong>opi-</strong></span> 
     </span>
     <span class='ocr_line' id='line_1_66' title="bbox 1141 741 2132 791; baseline 0.012 -19"><span class='ocrx_word' id='word_1_442' title='bbox 1141 741 1266 774; x_wconf 89' lang='lat' dir='ltr'><strong>niones</strong></span> <span class='ocrx_word' id='word_1_443' title='bbox 1292 744 1501 786; x_wconf 84' lang='lat' dir='ltr'><strong>obstrepunt</strong></span> <span class='ocrx_word' id='word_1_444' title='bbox 1520 745 1648 778; x_wconf 86' lang='lat' dir='ltr'><strong>animis</strong></span> <span class='ocrx_word' id='word_1_445' title='bbox 1665 747 1823 779; x_wconf 87' lang='lat' dir='ltr'><strong>omnium</strong></span> <span class='ocrx_word' id='word_1_446' title='bbox 1844 748 1878 780; x_wconf 90' lang='lat' dir='ltr'><strong>in</strong></span> <span class='ocrx_word' id='word_1_447' title='bbox 1900 750 2132 791; x_wconf 76' lang='lat' dir='ltr'><strong>invocatione,</strong></span> 
     </span>
     <span class='ocr_line' id='line_1_67' title="bbox 1141 793 2131 838; baseline 0.012 -15"><span class='ocrx_word' id='word_1_448' title='bbox 1141 804 1205 824; x_wconf 85' lang='lat' dir='ltr'><strong>nec</strong></span> <span class='ocrx_word' id='word_1_449' title='bbox 1232 793 1432 826; x_wconf 87' lang='lat' dir='ltr'><strong>eluctantur</strong></span> <span class='ocrx_word' id='word_1_450' title='bbox 1457 806 1496 826; x_wconf 86' lang='lat' dir='ltr'><strong>ex</strong></span> <span class='ocrx_word' id='word_1_451' title='bbox 1523 793 1576 827; x_wconf 84' lang='lat' dir='ltr'><strong>his</strong></span> <span class='ocrx_word' id='word_1_452' title='bbox 1603 797 1782 830; x_wconf 87' lang='lat' dir='ltr'><strong>erroribus</strong></span> <span class='ocrx_word' id='word_1_453' title='bbox 1802 796 1965 838; x_wconf 52' lang='lat' dir='ltr'><strong>lichum,</strong></span> <span class='ocrx_word' id='word_1_454' title='bbox 2002 800 2131 835; x_wconf 80' lang='lat' dir='ltr'><strong>Maho-</strong></span> 
     </span>
     <span class='ocr_line' id='line_1_68' title="bbox 1140 843 2130 894; baseline 0.014 -20"><span class='ocrx_word' id='word_1_455' title='bbox 1140 843 1314 884; x_wconf 86' lang='lat' dir='ltr'><strong>metistae,</strong></span> <span class='ocrx_word' id='word_1_456' title='bbox 1347 844 1486 885; x_wconf 87' lang='lat' dir='ltr'><strong>ludaei,</strong></span> <span class='ocrx_word' id='word_1_457' title='bbox 1516 853 1547 879; x_wconf 88' lang='lat' dir='ltr'><strong>et</strong></span> <span class='ocrx_word' id='word_1_458' title='bbox 1573 847 1633 879; x_wconf 91' lang='lat' dir='ltr'><strong>alii</strong></span> <span class='ocrx_word' id='word_1_459' title='bbox 1658 847 1861 890; x_wconf 84' lang='lat' dir='ltr'><strong>ignorantes</strong></span> <span class='ocrx_word' id='word_1_460' title='bbox 1884 848 2130 894; x_wconf 81' lang='lat' dir='ltr'><strong>Evangelium.</strong></span> 
     </span>
     <span class='ocr_line' id='line_1_69' title="bbox 1141 892 2130 940; baseline 0.012 -15"><span class='ocrx_word' id='word_1_461' title='bbox 1141 892 1208 926; x_wconf 88' lang='lat' dir='ltr'><strong>Sed</strong></span> <span class='ocrx_word' id='word_1_462' title='bbox 1244 895 1328 927; x_wconf 86' lang='lat' dir='ltr'><strong>fides</strong></span> <span class='ocrx_word' id='word_1_463' title='bbox 1354 896 1472 938; x_wconf 87' lang='lat' dir='ltr'><strong>agnito</strong></span> <span class='ocrx_word' id='word_1_464' title='bbox 1498 894 1693 940; x_wconf 80' lang='lat' dir='ltr'><strong>Evangelio</strong></span> <span class='ocrx_word' id='word_1_465' title='bbox 1719 899 1909 939; x_wconf 89' lang='lat' dir='ltr'><strong>eluctatur,</strong></span> <span class='ocrx_word' id='word_1_466' title='bbox 1953 909 1983 936; x_wconf 89' lang='lat' dir='ltr'><strong>et</strong></span> <span class='ocrx_word' id='word_1_467' title='bbox 2008 905 2130 937; x_wconf 87' lang='lat' dir='ltr'><strong>statuit</strong></span> 
     </span>
     <span class='ocr_line' id='line_1_70' title="bbox 1140 945 2131 996; baseline 0.012 -20"><span class='ocrx_word' id='word_1_468' title='bbox 1140 952 1254 984; x_wconf 86' lang='lat' dir='ltr'><strong>certo,</strong></span> <span class='ocrx_word' id='word_1_469' title='bbox 1289 946 1368 990; x_wconf 90' lang='lat' dir='ltr'><strong>quis</strong></span> <span class='ocrx_word' id='word_1_470' title='bbox 1393 947 1436 980; x_wconf 90' lang='lat' dir='ltr'><strong>sit</strong></span> <span class='ocrx_word' id='word_1_471' title='bbox 1460 945 1575 987; x_wconf 79' lang='lat' dir='ltr'><strong>Deus,</strong></span> <span class='ocrx_word' id='word_1_472' title='bbox 1601 961 1727 992; x_wconf 91' lang='lat' dir='ltr'><strong>nempe</strong></span> <span class='ocrx_word' id='word_1_473' title='bbox 1752 950 1797 989; x_wconf 90' lang='lat' dir='ltr'><strong>is,</strong></span> <span class='ocrx_word' id='word_1_474' title='bbox 1826 951 1886 995; x_wconf 90' lang='lat' dir='ltr'><strong>qui</strong></span> <span class='ocrx_word' id='word_1_475' title='bbox 1912 964 1946 984; x_wconf 89' lang='lat' dir='ltr'><strong>se</strong></span> <span class='ocrx_word' id='word_1_476' title='bbox 1971 955 2131 996; x_wconf 85' lang='lat' dir='ltr'><strong>patefecit</strong></span> 
     </span>
     <span class='ocr_line' id='line_1_71' title="bbox 1139 997 2130 1039; baseline 0.011 -12"><span class='ocrx_word' id='word_1_477' title='bbox 1139 997 1246 1028; x_wconf 86' lang='lat' dir='ltr'><strong>verbo</strong></span> <span class='ocrx_word' id='word_1_478' title='bbox 1271 1008 1333 1029; x_wconf 90' lang='lat' dir='ltr'><strong>suo</strong></span> <span class='ocrx_word' id='word_1_479' title='bbox 1360 1004 1392 1030; x_wconf 90' lang='lat' dir='ltr'><strong>et</strong></span> <span class='ocrx_word' id='word_1_480' title='bbox 1418 998 1520 1031; x_wconf 89' lang='lat' dir='ltr'><strong>misso</strong></span> <span class='ocrx_word' id='word_1_481' title='bbox 1546 999 1636 1039; x_wconf 82' lang='lat' dir='ltr'><strong>filio,</strong></span> <span class='ocrx_word' id='word_1_482' title='bbox 1672 1007 1705 1033; x_wconf 88' lang='lat' dir='ltr'><strong>et</strong></span> <span class='ocrx_word' id='word_1_483' title='bbox 1731 1001 1859 1034; x_wconf 84' lang='lat' dir='ltr'><strong>additis</strong></span> <span class='ocrx_word' id='word_1_484' title='bbox 1884 1003 2055 1037; x_wconf 89' lang='lat' dir='ltr'><strong>mirandis</strong></span> <span class='ocrx_word' id='word_1_485' title='bbox 2079 1012 2130 1039; x_wconf 91' lang='lat' dir='ltr'><strong>te-</strong></span> 
     </span>
     <span class='ocr_line' id='line_1_72' title="bbox 1138 1047 2129 1100; baseline 0.011 -22"><span class='ocrx_word' id='word_1_486' title='bbox 1138 1047 1333 1087; x_wconf 86' lang='lat' dir='ltr'><strong>stimoniis,</strong></span> <span class='ocrx_word' id='word_1_487' title='bbox 1364 1056 1397 1081; x_wconf 86' lang='lat' dir='ltr'><strong>et</strong></span> <span class='ocrx_word' id='word_1_488' title='bbox 1428 1050 1521 1093; x_wconf 91' lang='lat' dir='ltr'><strong>quod</strong></span> <span class='ocrx_word' id='word_1_489' title='bbox 1556 1051 1600 1082; x_wconf 89' lang='lat' dir='ltr'><strong>sit</strong></span> <span class='ocrx_word' id='word_1_490' title='bbox 1625 1062 1729 1093; x_wconf 84' lang='lat' dir='ltr'><strong>agens</strong></span> <span class='ocrx_word' id='word_1_491' title='bbox 1755 1052 1997 1094; x_wconf 83' lang='lat' dir='ltr'><strong>liberrimum,</strong></span> <span class='ocrx_word' id='word_1_492' title='bbox 2033 1058 2129 1100; x_wconf 82' lang='lat' dir='ltr'><strong>quod</strong></span> 
     </span>
     <span class='ocr_line' id='line_1_73' title="bbox 1139 1098 2130 1149; baseline 0.012 -20"><span class='ocrx_word' id='word_1_493' title='bbox 1139 1098 1275 1132; x_wconf 79' lang='lat' dir='ltr'><strong>dederit</strong></span> <span class='ocrx_word' id='word_1_494' title='bbox 1307 1101 1472 1132; x_wconf 81' lang='lat' dir='ltr'><strong>mandata</strong></span> <span class='ocrx_word' id='word_1_495' title='bbox 1503 1107 1535 1134; x_wconf 90' lang='lat' dir='ltr'><strong>et</strong></span> <span class='ocrx_word' id='word_1_496' title='bbox 1553 1102 1821 1143; x_wconf 88' lang='lat' dir='ltr'><strong>promissiones,</strong></span> <span class='ocrx_word' id='word_1_497' title='bbox 1857 1111 1888 1136; x_wconf 90' lang='lat' dir='ltr'><strong>et</strong></span> <span class='ocrx_word' id='word_1_498' title='bbox 1908 1109 2130 1149; x_wconf 88' lang='lat' dir='ltr'><strong>proposuerit</strong></span> 
     </span>
     <span class='ocr_line' id='line_1_74' title="bbox 1139 1150 2130 1197; baseline 0.012 -18"><span class='ocrx_word' id='word_1_499' title='bbox 1139 1150 1367 1182; x_wconf 79' lang='lat' dir='ltr'><strong>mediatorem</strong></span> <span class='ocrx_word' id='word_1_500' title='bbox 1392 1151 1522 1190; x_wconf 80' lang='lat' dir='ltr'><strong>filium,</strong></span> <span class='ocrx_word' id='word_1_501' title='bbox 1558 1159 1703 1194; x_wconf 88' lang='lat' dir='ltr'><strong>propter</strong></span> <span class='ocrx_word' id='word_1_502' title='bbox 1723 1165 1826 1197; x_wconf 85' lang='lat' dir='ltr'><strong>quem</strong></span> <span class='ocrx_word' id='word_1_503' title='bbox 1849 1162 1943 1187; x_wconf 90' lang='lat' dir='ltr'><strong>certo</strong></span> <span class='ocrx_word' id='word_1_504' title='bbox 1968 1157 2053 1191; x_wconf 77' lang='lat' dir='ltr'><strong>velit</strong></span> <span class='ocrx_word' id='word_1_505' title='bbox 2071 1170 2130 1191; x_wconf 85' lang='lat' dir='ltr'><strong>ex-</strong></span> 
     </span>
     <span class='ocr_line' id='line_1_75' title="bbox 1139 1200 2130 1251; baseline 0.012 -21"><span class='ocrx_word' id='word_1_506' title='bbox 1139 1200 1278 1239; x_wconf 83' lang='lat' dir='ltr'><strong>audire,</strong></span> <span class='ocrx_word' id='word_1_507' title='bbox 1308 1208 1339 1234; x_wconf 86' lang='lat' dir='ltr'><strong>et</strong></span> <span class='ocrx_word' id='word_1_508' title='bbox 1363 1202 1456 1244; x_wconf 88' lang='lat' dir='ltr'><strong>quod</strong></span> <span class='ocrx_word' id='word_1_509' title='bbox 1483 1203 1688 1245; x_wconf 86' lang='lat' dir='ltr'><strong>expresserit</strong></span> <span class='ocrx_word' id='word_1_510' title='bbox 1712 1204 1943 1244; x_wconf 88' lang='lat' dir='ltr'><strong>nominatim,</strong></span> <span class='ocrx_word' id='word_1_511' title='bbox 1972 1219 2056 1251; x_wconf 91' lang='lat' dir='ltr'><strong>quas</strong></span> <span class='ocrx_word' id='word_1_512' title='bbox 2075 1220 2130 1242; x_wconf 89' lang='lat' dir='ltr'><strong>res</strong></span> 
     </span>
     <span class='ocr_line' id='line_1_76' title="bbox 1138 1251 2129 1300; baseline 0.013 -19"><span class='ocrx_word' id='word_1_513' title='bbox 1138 1256 1231 1282; x_wconf 86' lang='lat' dir='ltr'><strong>certo</strong></span> <span class='ocrx_word' id='word_1_514' title='bbox 1256 1251 1403 1284; x_wconf 87' lang='lat' dir='ltr'><strong>(laturus</strong></span> <span class='ocrx_word' id='word_1_515' title='bbox 1428 1252 1492 1291; x_wconf 89' lang='lat' dir='ltr'><strong>sit,</strong></span> <span class='ocrx_word' id='word_1_516' title='bbox 1520 1259 1551 1285; x_wconf 90' lang='lat' dir='ltr'><strong>et</strong></span> <span class='ocrx_word' id='word_1_517' title='bbox 1577 1252 1614 1284; x_wconf 91' lang='lat' dir='ltr'><strong>in</strong></span> <span class='ocrx_word' id='word_1_518' title='bbox 1637 1254 1766 1297; x_wconf 86' lang='lat' dir='ltr'><strong>quibus</strong></span> <span class='ocrx_word' id='word_1_519' title='bbox 1784 1256 1940 1300; x_wconf 88' lang='lat' dir='ltr'><strong>requirat</strong></span> <span class='ocrx_word' id='word_1_520' title='bbox 1958 1259 2129 1293; x_wconf 88' lang='lat' dir='ltr'><strong>obedien-</strong></span> 
     </span>
     <span class='ocr_line' id='line_1_77' title="bbox 1137 1300 1806 1347; baseline 0.009 -14"><span class='ocrx_word' id='word_1_521' title='bbox 1137 1300 1242 1339; x_wconf 84' lang='lat' dir='ltr'><strong>tiam,</strong></span> <span class='ocrx_word' id='word_1_522' title='bbox 1272 1313 1357 1346; x_wconf 84' lang='lat' dir='ltr'><strong>quas</strong></span> <span class='ocrx_word' id='word_1_523' title='bbox 1376 1308 1493 1335; x_wconf 86' lang='lat' dir='ltr'><strong>tamen</strong></span> <span class='ocrx_word' id='word_1_524' title='bbox 1513 1303 1736 1347; x_wconf 86' lang='lat' dir='ltr'><strong>mitigaturus</strong></span> <span class='ocrx_word' id='word_1_525' title='bbox 1751 1305 1806 1340; x_wconf 87' lang='lat' dir='ltr'><strong>sit.</strong></span> 
     </span>
    </p>
   </div>
   <div class='ocr_carea' id='block_1_10' title="bbox 1131 1375 2130 2495">
    <p class='ocr_par' dir='ltr' id='par_1_10' title="bbox 1131 1375 2130 2495">
     <span class='ocr_line' id='line_1_78' title="bbox 1239 1375 2130 1426; baseline 0.01 -15"><span class='ocrx_word' id='word_1_526' title='bbox 1239 1375 1288 1411; x_wconf 87' lang='lat' dir='ltr'><strong>Ut</strong></span> <span class='ocrx_word' id='word_1_527' title='bbox 1310 1376 1417 1420; x_wconf 85' lang='lat' dir='ltr'><strong>igitur</strong></span> <span class='ocrx_word' id='word_1_528' title='bbox 1438 1389 1502 1411; x_wconf 90' lang='lat' dir='ltr'><strong>nos</strong></span> <span class='ocrx_word' id='word_1_529' title='bbox 1520 1379 1562 1411; x_wconf 91' lang='lat' dir='ltr'><strong>ad</strong></span> <span class='ocrx_word' id='word_1_530' title='bbox 1581 1378 1842 1414; x_wconf 87' lang='lat' dir='ltr'><strong>invocationem</strong></span> <span class='ocrx_word' id='word_1_531' title='bbox 1862 1383 2068 1426; x_wconf 85' lang='lat' dir='ltr'><strong>excitemus,</strong></span> <span class='ocrx_word' id='word_1_532' title='bbox 2096 1394 2130 1421; x_wconf 92' lang='lat' dir='ltr'><strong>et</strong></span> 
     </span>
     <span class='ocr_line' id='line_1_79' title="bbox 1136 1428 2128 1480; baseline 0.011 -21"><span class='ocrx_word' id='word_1_533' title='bbox 1136 1434 1229 1460; x_wconf 88' lang='lat' dir='ltr'><strong>recte</strong></span> <span class='ocrx_word' id='word_1_534' title='bbox 1253 1428 1478 1468; x_wconf 88' lang='lat' dir='ltr'><strong>invocemus,</strong></span> <span class='ocrx_word' id='word_1_535' title='bbox 1507 1436 1540 1462; x_wconf 86' lang='lat' dir='ltr'><strong>et</strong></span> <span class='ocrx_word' id='word_1_536' title='bbox 1565 1429 1807 1465; x_wconf 88' lang='lat' dir='ltr'><strong>discernamus</strong></span> <span class='ocrx_word' id='word_1_537' title='bbox 1830 1441 1984 1467; x_wconf 89' lang='lat' dir='ltr'><strong>nostram</strong></span> <span class='ocrx_word' id='word_1_538' title='bbox 2008 1448 2128 1480; x_wconf 88' lang='lat' dir='ltr'><strong>preca-</strong></span> 
     </span>
     <span class='ocr_line' id='line_1_80' title="bbox 1137 1477 2129 1522; baseline 0.011 -12"><span class='ocrx_word' id='word_1_539' title='bbox 1137 1479 1269 1512; x_wconf 90' lang='lat' dir='ltr'><strong>tionem</strong></span> <span class='ocrx_word' id='word_1_540' title='bbox 1300 1481 1344 1511; x_wconf 94' lang='lat' dir='ltr'><strong>ab</strong></span> <span class='ocrx_word' id='word_1_541' title='bbox 1368 1477 1539 1521; x_wconf 86' lang='lat' dir='ltr'><strong>Ethnica‚</strong></span> <span class='ocrx_word' id='word_1_542' title='bbox 1575 1479 1744 1520; x_wconf 83' lang='lat' dir='ltr'><strong>Tureica,</strong></span> <span class='ocrx_word' id='word_1_543' title='bbox 1777 1482 1939 1521; x_wconf 84' lang='lat' dir='ltr'><strong>Iudaica.</strong></span> <span class='ocrx_word' id='word_1_544' title='bbox 1973 1487 2129 1522; x_wconf 86' lang='lat' dir='ltr'><strong>breviter</strong></span> 
     </span>
     <span class='ocr_line' id='line_1_81' title="bbox 1136 1527 2127 1579; baseline 0.011 -17"><span class='ocrx_word' id='word_1_545' title='bbox 1136 1530 1298 1572; x_wconf 86' lang='lat' dir='ltr'><strong>colligam</strong></span> <span class='ocrx_word' id='word_1_546' title='bbox 1331 1527 1397 1563; x_wconf 87' lang='lat' dir='ltr'><strong>hoc</strong></span> <span class='ocrx_word' id='word_1_547' title='bbox 1427 1531 1522 1569; x_wconf 91' lang='lat' dir='ltr'><strong>loco,</strong></span> <span class='ocrx_word' id='word_1_548' title='bbox 1560 1543 1649 1577; x_wconf 91' lang='lat' dir='ltr'><strong>quae</strong></span> <span class='ocrx_word' id='word_1_549' title='bbox 1677 1533 1863 1579; x_wconf 82' lang='lat' dir='ltr'><strong>cogitanda</strong></span> <span class='ocrx_word' id='word_1_550' title='bbox 1894 1536 1983 1577; x_wconf 90' lang='lat' dir='ltr'><strong>sint,</strong></span> <span class='ocrx_word' id='word_1_551' title='bbox 2019 1550 2058 1572; x_wconf 88' lang='lat' dir='ltr'><strong>ac</strong></span> <span class='ocrx_word' id='word_1_552' title='bbox 2084 1540 2127 1572; x_wconf 88' lang='lat' dir='ltr'><strong>de</strong></span> 
     </span>
     <span class='ocr_line' id='line_1_82' title="bbox 1136 1581 2125 1630; baseline 0.009 -17"><span class='ocrx_word' id='word_1_553' title='bbox 1136 1581 1284 1624; x_wconf 84' lang='lat' dir='ltr'><strong>singulis</strong></span> <span class='ocrx_word' id='word_1_554' title='bbox 1309 1582 1468 1624; x_wconf 86' lang='lat' dir='ltr'><strong>partibus</strong></span> <span class='ocrx_word' id='word_1_555' title='bbox 1492 1584 1786 1617; x_wconf 84' lang='lat' dir='ltr'><strong>considerandum</strong></span> <span class='ocrx_word' id='word_1_556' title='bbox 1811 1593 1861 1619; x_wconf 88' lang='lat' dir='ltr'><strong>est</strong></span> <span class='ocrx_word' id='word_1_557' title='bbox 1884 1588 2030 1621; x_wconf 74' lang='lat' dir='ltr'><strong>verbum</strong></span> <span class='ocrx_word' id='word_1_558' title='bbox 2047 1589 2125 1630; x_wconf 88' lang='lat' dir='ltr'><strong>Dei,</strong></span> 
     </span>
     <span class='ocr_line' id='line_1_83' title="bbox 1137 1632 2126 1676; baseline 0.01 -12"><span class='ocrx_word' id='word_1_559' title='bbox 1137 1632 1218 1676; x_wconf 85' lang='lat' dir='ltr'><strong>quia</strong></span> <span class='ocrx_word' id='word_1_560' title='bbox 1245 1639 1383 1665; x_wconf 86' lang='lat' dir='ltr'><strong>tantum</strong></span> <span class='ocrx_word' id='word_1_561' title='bbox 1411 1633 1621 1675; x_wconf 86' lang='lat' dir='ltr'><strong>cogitatione</strong></span> <span class='ocrx_word' id='word_1_562' title='bbox 1647 1635 1744 1667; x_wconf 81' lang='lat' dir='ltr'><strong>verbi</strong></span> <span class='ocrx_word' id='word_1_563' title='bbox 1771 1634 1835 1668; x_wconf 90' lang='lat' dir='ltr'><strong>Dei</strong></span> <span class='ocrx_word' id='word_1_564' title='bbox 1859 1638 1901 1670; x_wconf 86' lang='lat' dir='ltr'><strong>ad</strong></span> <span class='ocrx_word' id='word_1_565' title='bbox 1925 1650 2005 1671; x_wconf 92' lang='lat' dir='ltr'><strong>eum</strong></span> <span class='ocrx_word' id='word_1_566' title='bbox 2029 1652 2126 1674; x_wconf 91' lang='lat' dir='ltr'><strong>acce-</strong></span> 
     </span>
     <span class='ocr_line' id='line_1_84' title="bbox 1137 1682 2126 1725; baseline 0.01 -10"><span class='ocrx_word' id='word_1_567' title='bbox 1137 1683 1232 1716; x_wconf 88' lang='lat' dir='ltr'><strong>ditur</strong></span> <span class='ocrx_word' id='word_1_568' title='bbox 1262 1683 1356 1716; x_wconf 82' lang='lat' dir='ltr'><strong>iuxta</strong></span> <span class='ocrx_word' id='word_1_569' title='bbox 1382 1683 1469 1716; x_wconf 86' lang='lat' dir='ltr'><strong>illud</strong></span> <span class='ocrx_word' id='word_1_570' title='bbox 1495 1682 1600 1720; x_wconf 85' lang='lat' dir='ltr'><strong>Rom.</strong></span> <span class='ocrx_word' id='word_1_571' title='bbox 1620 1685 1694 1720; x_wconf 87' lang='lat'>10.:</span> <span class='ocrx_word' id='word_1_572' title='bbox 1731 1685 1782 1718; x_wconf 74' lang='lat' dir='ltr'><strong>Ne</strong></span> <span class='ocrx_word' id='word_1_573' title='bbox 1808 1687 1937 1721; x_wconf 89' lang='lat' dir='ltr'><strong>dixeris</strong></span> <span class='ocrx_word' id='word_1_574' title='bbox 1961 1689 1999 1722; x_wconf 90' lang='lat' dir='ltr'><strong>in</strong></span> <span class='ocrx_word' id='word_1_575' title='bbox 2021 1692 2126 1725; x_wconf 90' lang='lat' dir='ltr'><strong>corde</strong></span> 
     </span>
     <span class='ocr_line' id='line_1_85' title="bbox 1136 1734 2125 1783; baseline 0.009 -17"><span class='ocrx_word' id='word_1_576' title='bbox 1136 1740 1214 1773; x_wconf 90' lang='lat' dir='ltr'><strong>tuo,</strong></span> <span class='ocrx_word' id='word_1_577' title='bbox 1242 1734 1320 1778; x_wconf 90' lang='lat' dir='ltr'><strong>quis</strong></span> <span class='ocrx_word' id='word_1_578' title='bbox 1344 1735 1506 1767; x_wconf 89' lang='lat' dir='ltr'><strong>ascendet</strong></span> <span class='ocrx_word' id='word_1_579' title='bbox 1530 1735 1566 1767; x_wconf 89' lang='lat' dir='ltr'><strong>in</strong></span> <span class='ocrx_word' id='word_1_580' title='bbox 1586 1736 1746 1768; x_wconf 80' lang='lat' dir='ltr'><strong>coelum?</strong></span> <span class='ocrx_word' id='word_1_581' title='bbox 1773 1739 1830 1770; x_wconf 91' lang='lat' dir='ltr'><strong>sed</strong></span> <span class='ocrx_word' id='word_1_582' title='bbox 1852 1750 1960 1783; x_wconf 89' lang='lat' dir='ltr'><strong>prope</strong></span> <span class='ocrx_word' id='word_1_583' title='bbox 1978 1748 2026 1774; x_wconf 90' lang='lat' dir='ltr'><strong>est</strong></span> <span class='ocrx_word' id='word_1_584' title='bbox 2047 1755 2125 1775; x_wconf 89' lang='lat' dir='ltr'><strong>ver-</strong></span> 
     </span>
     <span class='ocr_line' id='line_1_86' title="bbox 1137 1786 2125 1836; baseline 0.008 -19"><span class='ocrx_word' id='word_1_585' title='bbox 1137 1786 1219 1818; x_wconf 89' lang='lat' dir='ltr'><strong>bum</strong></span> <span class='ocrx_word' id='word_1_586' title='bbox 1246 1786 1282 1817; x_wconf 90' lang='lat' dir='ltr'><strong>in</strong></span> <span class='ocrx_word' id='word_1_587' title='bbox 1309 1797 1369 1817; x_wconf 90' lang='lat' dir='ltr'><strong>ore</strong></span> <span class='ocrx_word' id='word_1_588' title='bbox 1393 1792 1453 1819; x_wconf 80' lang='lat' dir='ltr'><strong>tuo</strong></span> <span class='ocrx_word' id='word_1_589' title='bbox 1477 1791 1511 1819; x_wconf 89' lang='lat' dir='ltr'><strong>et</strong></span> <span class='ocrx_word' id='word_1_590' title='bbox 1535 1786 1572 1818; x_wconf 88' lang='lat' dir='ltr'><strong>in</strong></span> <span class='ocrx_word' id='word_1_591' title='bbox 1590 1788 1694 1819; x_wconf 90' lang='lat' dir='ltr'><strong>corde</strong></span> <span class='ocrx_word' id='word_1_592' title='bbox 1714 1794 1786 1820; x_wconf 87' lang='lat' dir='ltr'><strong>tuo.</strong></span> <span class='ocrx_word' id='word_1_593' title='bbox 1840 1787 1998 1823; x_wconf 88' lang='lat' dir='ltr'><strong>Primum</strong></span> <span class='ocrx_word' id='word_1_594' title='bbox 2016 1792 2125 1836; x_wconf 87' lang='lat' dir='ltr'><strong>igitur</strong></span> 
     </span>
     <span class='ocr_line' id='line_1_87' title="bbox 1136 1835 2124 1888; baseline 0.01 -21"><span class='ocrx_word' id='word_1_595' title='bbox 1136 1835 1315 1868; x_wconf 85' lang='lat' dir='ltr'><strong>invocanti</strong></span> <span class='ocrx_word' id='word_1_596' title='bbox 1331 1836 1476 1868; x_wconf 90' lang='lat' dir='ltr'><strong>verbum</strong></span> <span class='ocrx_word' id='word_1_597' title='bbox 1492 1838 1730 1881; x_wconf 88' lang='lat' dir='ltr'><strong>quaerendum</strong></span> <span class='ocrx_word' id='word_1_598' title='bbox 1748 1846 1808 1879; x_wconf 86' lang='lat' dir='ltr'><strong>est,</strong></span> <span class='ocrx_word' id='word_1_599' title='bbox 1836 1842 2022 1875; x_wconf 88' lang='lat' dir='ltr'><strong>ostendens</strong></span> <span class='ocrx_word' id='word_1_600' title='bbox 2037 1844 2124 1888; x_wconf 89' lang='lat' dir='ltr'><strong>quid</strong></span> 
     </span>
     <span class='ocr_line' id='line_1_88' title="bbox 1136 1886 2124 1935; baseline 0.009 -16"><span class='ocrx_word' id='word_1_601' title='bbox 1136 1887 1179 1919; x_wconf 91' lang='lat' dir='ltr'><strong>sit</strong></span> <span class='ocrx_word' id='word_1_602' title='bbox 1201 1887 1310 1920; x_wconf 84' lang='lat' dir='ltr'><strong>Deus.</strong></span> <span class='ocrx_word' id='word_1_603' title='bbox 1371 1886 1452 1920; x_wconf 91' lang='lat' dir='ltr'><strong>Non</strong></span> <span class='ocrx_word' id='word_1_604' title='bbox 1476 1887 1637 1925; x_wconf 78' lang='lat' dir='ltr'><strong>invocas,</strong></span> <span class='ocrx_word' id='word_1_605' title='bbox 1671 1895 1709 1922; x_wconf 91' lang='lat' dir='ltr'><strong>ut</strong></span> <span class='ocrx_word' id='word_1_606' title='bbox 1733 1887 1877 1923; x_wconf 91' lang='lat' dir='ltr'><strong>Hecuba</strong></span> <span class='ocrx_word' id='word_1_607' title='bbox 1900 1893 1993 1935; x_wconf 91' lang='lat' dir='ltr'><strong>apud</strong></span> <span class='ocrx_word' id='word_1_608' title='bbox 2016 1892 2124 1927; x_wconf 88' lang='lat' dir='ltr'><strong>Euri-</strong></span> 
     </span>
     <span class='ocr_line' id='line_1_89' title="bbox 1136 1937 2124 1982; baseline 0.011 -14"><span class='ocrx_word' id='word_1_609' title='bbox 1136 1937 1252 1980; x_wconf 83' lang='lat' dir='ltr'><strong>pidem</strong></span> <span class='ocrx_word' id='word_1_610' title='bbox 1279 1938 1399 1980; x_wconf 88' lang='lat' dir='ltr'><strong>ignara</strong></span> <span class='ocrx_word' id='word_1_611' title='bbox 1425 1938 1503 1982; x_wconf 89' lang='lat' dir='ltr'><strong>quis</strong></span> <span class='ocrx_word' id='word_1_612' title='bbox 1529 1939 1571 1971; x_wconf 91' lang='lat' dir='ltr'><strong>sit</strong></span> <span class='ocrx_word' id='word_1_613' title='bbox 1588 1937 1704 1982; x_wconf 91' lang='lat' dir='ltr'><strong>Deus,</strong></span> <span class='ocrx_word' id='word_1_614' title='bbox 1733 1952 1777 1972; x_wconf 91' lang='lat' dir='ltr'><strong>an</strong></span> <span class='ocrx_word' id='word_1_615' title='bbox 1800 1941 1844 1974; x_wconf 86' lang='lat' dir='ltr'><strong>sit</strong></span> <span class='ocrx_word' id='word_1_616' title='bbox 1867 1943 1954 1975; x_wconf 90' lang='lat' dir='ltr'><strong>ordo</strong></span> <span class='ocrx_word' id='word_1_617' title='bbox 1977 1951 2124 1978; x_wconf 88' lang='lat' dir='ltr'><strong>naturae</strong></span> 
     </span>
     <span class='ocr_line' id='line_1_90' title="bbox 1135 1989 2122 2036; baseline 0.01 -16"><span class='ocrx_word' id='word_1_618' title='bbox 1135 1989 1297 2030; x_wconf 83' lang='lat' dir='ltr'><strong>alligatus</strong></span> <span class='ocrx_word' id='word_1_619' title='bbox 1322 1989 1365 2020; x_wconf 89' lang='lat' dir='ltr'><strong>ad</strong></span> <span class='ocrx_word' id='word_1_620' title='bbox 1389 2000 1507 2021; x_wconf 85' lang='lat' dir='ltr'><strong>causas</strong></span> <span class='ocrx_word' id='word_1_621' title='bbox 1527 1991 1713 2029; x_wconf 83' lang='lat' dir='ltr'><strong>secundas,</strong></span> <span class='ocrx_word' id='word_1_622' title='bbox 1741 2002 1786 2024; x_wconf 90' lang='lat' dir='ltr'><strong>an</strong></span> <span class='ocrx_word' id='word_1_623' title='bbox 1810 2004 1891 2025; x_wconf 88' lang='lat' dir='ltr'><strong>vero</strong></span> <span class='ocrx_word' id='word_1_624' title='bbox 1910 2005 2014 2036; x_wconf 88' lang='lat' dir='ltr'><strong>agens</strong></span> <span class='ocrx_word' id='word_1_625' title='bbox 2033 1995 2122 2029; x_wconf 90' lang='lat' dir='ltr'><strong>libe-</strong></span> 
     </span>
     <span class='ocr_line' id='line_1_91' title="bbox 1135 2038 2122 2080; baseline 0.008 -8"><span class='ocrx_word' id='word_1_626' title='bbox 1135 2051 1229 2072; x_wconf 90' lang='lat' dir='ltr'><strong>rum:</strong></span> <span class='ocrx_word' id='word_1_627' title='bbox 1257 2038 1336 2072; x_wconf 85' lang='lat' dir='ltr'><strong>Non</strong></span> <span class='ocrx_word' id='word_1_628' title='bbox 1362 2039 1504 2072; x_wconf 86' lang='lat' dir='ltr'><strong>invocas</strong></span> <span class='ocrx_word' id='word_1_629' title='bbox 1526 2047 1565 2074; x_wconf 88' lang='lat' dir='ltr'><strong>ut</strong></span> <span class='ocrx_word' id='word_1_630' title='bbox 1581 2039 1691 2073; x_wconf 87' lang='lat' dir='ltr'><strong>Turci</strong></span> <span class='ocrx_word' id='word_1_631' title='bbox 1715 2049 1748 2075; x_wconf 90' lang='lat' dir='ltr'><strong>et</strong></span> <span class='ocrx_word' id='word_1_632' title='bbox 1766 2041 1886 2075; x_wconf 85' lang='lat' dir='ltr'><strong>Iudaei</strong></span> <span class='ocrx_word' id='word_1_633' title='bbox 1910 2047 2122 2080; x_wconf 87' lang='lat' dir='ltr'><strong>contumelia</strong></span> 
     </span>
     <span class='ocr_line' id='line_1_92' title="bbox 1134 2090 2122 2137; baseline 0.01 -16"><span class='ocrx_word' id='word_1_634' title='bbox 1134 2090 1323 2122; x_wconf 86' lang='lat' dir='ltr'><strong>afficientes</strong></span> <span class='ocrx_word' id='word_1_635' title='bbox 1348 2090 1482 2129; x_wconf 88' lang='lat' dir='ltr'><strong>filium,</strong></span> <span class='ocrx_word' id='word_1_636' title='bbox 1510 2097 1543 2124; x_wconf 91' lang='lat' dir='ltr'><strong>et</strong></span> <span class='ocrx_word' id='word_1_637' title='bbox 1566 2092 1757 2126; x_wconf 88' lang='lat' dir='ltr'><strong>nescientes</strong></span> <span class='ocrx_word' id='word_1_638' title='bbox 1784 2094 2032 2137; x_wconf 88' lang='lat' dir='ltr'><strong>mediatorem,</strong></span> <span class='ocrx_word' id='word_1_639' title='bbox 2061 2099 2122 2131; x_wconf 88' lang='lat' dir='ltr'><strong>sed</strong></span> 
     </span>
     <span class='ocr_line' id='line_1_93' title="bbox 1134 2139 2120 2188; baseline 0.009 -16"><span class='ocrx_word' id='word_1_640' title='bbox 1134 2141 1279 2173; x_wconf 75' lang='lat' dir='ltr'><strong>verbum</strong></span> <span class='ocrx_word' id='word_1_641' title='bbox 1304 2139 1370 2173; x_wconf 87' lang='lat' dir='ltr'><strong>Dei</strong></span> <span class='ocrx_word' id='word_1_642' title='bbox 1398 2141 1462 2174; x_wconf 79' lang='lat' dir='ltr'><strong>tihi</strong></span> <span class='ocrx_word' id='word_1_643' title='bbox 1496 2143 1683 2185; x_wconf 86' lang='lat' dir='ltr'><strong>proponis,</strong></span> <span class='ocrx_word' id='word_1_644' title='bbox 1718 2145 1813 2188; x_wconf 89' lang='lat' dir='ltr'><strong>quod</strong></span> <span class='ocrx_word' id='word_1_645' title='bbox 1845 2152 1938 2178; x_wconf 89' lang='lat' dir='ltr'><strong>certo</strong></span> <span class='ocrx_word' id='word_1_646' title='bbox 1963 2153 2120 2187; x_wconf 87' lang='lat' dir='ltr'><strong>testatur,</strong></span> 
     </span>
     <span class='ocr_line' id='line_1_94' title="bbox 1134 2188 2120 2238; baseline 0.009 -15"><span class='ocrx_word' id='word_1_647' title='bbox 1134 2188 1229 2224; x_wconf 87' lang='lat' dir='ltr'><strong>hunc</strong></span> <span class='ocrx_word' id='word_1_648' title='bbox 1254 2203 1333 2224; x_wconf 83' lang='lat' dir='ltr'><strong>vere</strong></span> <span class='ocrx_word' id='word_1_649' title='bbox 1353 2203 1425 2224; x_wconf 90' lang='lat' dir='ltr'><strong>esse</strong></span> <span class='ocrx_word' id='word_1_650' title='bbox 1441 2191 1554 2225; x_wconf 86' lang='lat' dir='ltr'><strong>Deum</strong></span> <span class='ocrx_word' id='word_1_651' title='bbox 1573 2194 1849 2238; x_wconf 89' lang='lat' dir='ltr'><strong>omnipotentem</strong></span> <span class='ocrx_word' id='word_1_652' title='bbox 1863 2222 1872 2235; x_wconf 95' lang='lat'><strong>,</strong></span> <span class='ocrx_word' id='word_1_653' title='bbox 1900 2198 2120 2232; x_wconf 89' lang='lat' dir='ltr'><strong>conditorem</strong></span> 
     </span>
     <span class='ocr_line' id='line_1_95' title="bbox 1133 2242 2121 2293; baseline 0.01 -19"><span class='ocrx_word' id='word_1_654' title='bbox 1133 2242 1293 2275; x_wconf 90' lang='lat' dir='ltr'><strong>omnium</strong></span> <span class='ocrx_word' id='word_1_655' title='bbox 1319 2249 1578 2283; x_wconf 86' lang='lat' dir='ltr'><strong>creaturarum,</strong></span> <span class='ocrx_word' id='word_1_656' title='bbox 1613 2251 1644 2276; x_wconf 89' lang='lat' dir='ltr'><strong>et</strong></span> <span class='ocrx_word' id='word_1_657' title='bbox 1669 2252 1966 2288; x_wconf 82' lang='lat' dir='ltr'><strong>conservatorem,</strong></span> <span class='ocrx_word' id='word_1_658' title='bbox 1999 2250 2060 2293; x_wconf 87' lang='lat' dir='ltr'><strong>qui</strong></span> <span class='ocrx_word' id='word_1_659' title='bbox 2085 2262 2121 2284; x_wconf 86' lang='lat' dir='ltr'><strong>se</strong></span> 
     </span>
     <span class='ocr_line' id='line_1_96' title="bbox 1133 2291 2119 2336; baseline 0.008 -11"><span class='ocrx_word' id='word_1_660' title='bbox 1133 2293 1314 2336; x_wconf 88' lang='lat' dir='ltr'><strong>patefecit,</strong></span> <span class='ocrx_word' id='word_1_661' title='bbox 1349 2295 1431 2326; x_wconf 90' lang='lat' dir='ltr'><strong>dato</strong></span> <span class='ocrx_word' id='word_1_662' title='bbox 1462 2291 1530 2327; x_wconf 85' lang='lat' dir='ltr'><strong>hoc</strong></span> <span class='ocrx_word' id='word_1_663' title='bbox 1552 2295 1679 2335; x_wconf 84' lang='lat' dir='ltr'><strong>verbo,</strong></span> <span class='ocrx_word' id='word_1_664' title='bbox 1714 2296 1842 2329; x_wconf 90' lang='lat' dir='ltr'><strong>additis</strong></span> <span class='ocrx_word' id='word_1_665' title='bbox 1869 2298 2077 2333; x_wconf 86' lang='lat' dir='ltr'><strong>testimoniis</strong></span> <span class='ocrx_word' id='word_1_666' title='bbox 2101 2314 2119 2334; x_wconf 91' lang='lat' dir='ltr'><strong>a</strong></span> 
     </span>
     <span class='ocr_line' id='line_1_97' title="bbox 1132 2343 2120 2394; baseline 0.009 -18"><span class='ocrx_word' id='word_1_667' title='bbox 1132 2343 1307 2387; x_wconf 89' lang='lat' dir='ltr'><strong>principio</strong></span> <span class='ocrx_word' id='word_1_668' title='bbox 1332 2344 1476 2382; x_wconf 87' lang='lat' dir='ltr'><strong>muudi,</strong></span> <span class='ocrx_word' id='word_1_669' title='bbox 1505 2351 1538 2378; x_wconf 90' lang='lat' dir='ltr'><strong>et</strong></span> <span class='ocrx_word' id='word_1_670' title='bbox 1564 2346 1668 2378; x_wconf 90' lang='lat' dir='ltr'><strong>misso</strong></span> <span class='ocrx_word' id='word_1_671' title='bbox 1694 2346 1765 2379; x_wconf 89' lang='lat' dir='ltr'><strong>filio</strong></span> <span class='ocrx_word' id='word_1_672' title='bbox 1789 2348 1952 2382; x_wconf 88' lang='lat' dir='ltr'><strong>crucifixo</strong></span> <span class='ocrx_word' id='word_1_673' title='bbox 1973 2361 2036 2394; x_wconf 89' lang='lat' dir='ltr'><strong>pro</strong></span> <span class='ocrx_word' id='word_1_674' title='bbox 2054 2364 2120 2385; x_wconf 85' lang='lat' dir='ltr'><strong>no-</strong></span> 
     </span>
     <span class='ocr_line' id='line_1_98' title="bbox 1132 2395 2117 2445; baseline 0.008 -18"><span class='ocrx_word' id='word_1_675' title='bbox 1132 2395 1205 2435; x_wconf 83' lang='lat' dir='ltr'><strong>his,</strong></span> <span class='ocrx_word' id='word_1_676' title='bbox 1242 2401 1274 2428; x_wconf 92' lang='lat' dir='ltr'><strong>et</strong></span> <span class='ocrx_word' id='word_1_677' title='bbox 1304 2396 1527 2435; x_wconf 80' lang='lat' dir='ltr'><strong>resuscitato,</strong></span> <span class='ocrx_word' id='word_1_678' title='bbox 1563 2403 1596 2429; x_wconf 88' lang='lat' dir='ltr'><strong>et</strong></span> <span class='ocrx_word' id='word_1_679' title='bbox 1619 2408 1697 2429; x_wconf 88' lang='lat' dir='ltr'><strong>cum</strong></span> <span class='ocrx_word' id='word_1_680' title='bbox 1723 2397 1915 2440; x_wconf 80' lang='lat' dir='ltr'><strong>cogitamus</strong></span> <span class='ocrx_word' id='word_1_681' title='bbox 1941 2404 2117 2445; x_wconf 84' lang='lat' dir='ltr'><strong>quomodo</strong></span> 
     </span>
     <span class='ocr_line' id='line_1_99' title="bbox 1131 2446 2118 2495; baseline 0.008 -17"><span class='ocrx_word' id='word_1_682' title='bbox 1131 2457 1166 2478; x_wconf 86' lang='lat' dir='ltr'><strong>se</strong></span> <span class='ocrx_word' id='word_1_683' title='bbox 1190 2447 1407 2489; x_wconf 84' lang='lat' dir='ltr'><strong>patefecerit,</strong></span> <span class='ocrx_word' id='word_1_684' title='bbox 1434 2446 1470 2478; x_wconf 88' lang='lat' dir='ltr'><strong>in</strong></span> <span class='ocrx_word' id='word_1_685' title='bbox 1488 2447 1757 2489; x_wconf 88' lang='lat' dir='ltr'><strong>compellatione</strong></span> <span class='ocrx_word' id='word_1_686' title='bbox 1774 2449 1830 2482; x_wconf 78' lang='lat' dir='ltr'><strong>fiat</strong></span> <span class='ocrx_word' id='word_1_687' title='bbox 1847 2451 1979 2484; x_wconf 77' lang='lat' dir='ltr'><strong>mentio</strong></span> <span class='ocrx_word' id='word_1_688' title='bbox 1999 2465 2118 2495; x_wconf 88' lang='lat' dir='ltr'><strong>perso-</strong></span> 
     </span>
    </p>
   </div>
   <div class='ocr_carea' id='block_1_11' title="bbox 1102 2497 2010 2543">
    <p class='ocr_par' dir='ltr' id='par_1_11' title="bbox 1102 2497 2010 2543">
     <span class='ocr_line' id='line_1_100' title="bbox 1102 2497 2010 2543; baseline 0.007 -15"><span class='ocrx_word' id='word_1_689' title='bbox 1102 2518 1103 2524; x_wconf 27' lang='grc' dir='ltr'>η</span> <span class='ocrx_word' id='word_1_690' title='bbox 1131 2508 1257 2530; x_wconf 88' lang='lat' dir='ltr'><strong>narum</strong></span> <span class='ocrx_word' id='word_1_691' title='bbox 1270 2523 1279 2537; x_wconf 92' lang='lat'>‚</span> <span class='ocrx_word' id='word_1_692' title='bbox 1306 2505 1345 2530; x_wconf 91' lang='lat' dir='ltr'><strong>ut</strong></span> <span class='ocrx_word' id='word_1_693' title='bbox 1363 2497 1550 2540; x_wconf 79' lang='lat' dir='ltr'><strong>patefactae</strong></span> <span class='ocrx_word' id='word_1_694' title='bbox 1567 2505 1665 2539; x_wconf 90' lang='lat' dir='ltr'><strong>sunt,</strong></span> <span class='ocrx_word' id='word_1_695' title='bbox 1693 2505 1731 2532; x_wconf 89' lang='lat' dir='ltr'><strong>ut</strong></span> <span class='ocrx_word' id='word_1_696' title='bbox 1749 2507 1866 2543; x_wconf 86' lang='lat' dir='ltr'><strong>postea</strong></span> <span class='ocrx_word' id='word_1_697' title='bbox 1884 2501 2010 2538; x_wconf 84' lang='lat' dir='ltr'><strong>dicam.</strong></span> 
     </span>
    </p>
   </div>
   <div class='ocr_carea' id='block_1_12' title="bbox 1130 2572 2117 2668">
    <p class='ocr_par' dir='ltr' id='par_1_12' title="bbox 1130 2572 2117 2668">
     <span class='ocr_line' id='line_1_101' title="bbox 1233 2572 2117 2620; baseline 0.008 -14"><span class='ocrx_word' id='word_1_698' title='bbox 1233 2572 1415 2613; x_wconf 84' lang='lat' dir='ltr'><strong>Secundo,</strong></span> <span class='ocrx_word' id='word_1_699' title='bbox 1452 2579 1654 2617; x_wconf 85' lang='lat' dir='ltr'><strong>postquam,</strong></span> <span class='ocrx_word' id='word_1_700' title='bbox 1681 2574 1759 2619; x_wconf 85' lang='lat' dir='ltr'><strong>quis</strong></span> <span class='ocrx_word' id='word_1_701' title='bbox 1783 2575 1825 2608; x_wconf 87' lang='lat' dir='ltr'><strong>sit</strong></span> <span class='ocrx_word' id='word_1_702' title='bbox 1848 2574 1960 2614; x_wconf 75' lang='lat' dir='ltr'><strong>Deus,</strong></span> <span class='ocrx_word' id='word_1_703' title='bbox 1987 2579 2117 2620; x_wconf 83' lang='lat' dir='ltr'><strong>cogita-</strong></span> 
     </span>
     <span class='ocr_line' id='line_1_102' title="bbox 1130 2623 2117 2668; baseline 0.007 -12"><span class='ocrx_word' id='word_1_704' title='bbox 1130 2630 1204 2656; x_wconf 83' lang='lat' dir='ltr'><strong>tum</strong></span> <span class='ocrx_word' id='word_1_705' title='bbox 1229 2631 1296 2664; x_wconf 83' lang='lat' dir='ltr'><strong>est,</strong></span> <span class='ocrx_word' id='word_1_706' title='bbox 1324 2631 1355 2656; x_wconf 91' lang='lat' dir='ltr'><strong>et</strong></span> <span class='ocrx_word' id='word_1_707' title='bbox 1380 2635 1414 2655; x_wconf 91' lang='lat' dir='ltr'><strong>se</strong></span> <span class='ocrx_word' id='word_1_708' title='bbox 1440 2623 1583 2656; x_wconf 83' lang='lat' dir='ltr'><strong>iunxisti</strong></span> <span class='ocrx_word' id='word_1_709' title='bbox 1608 2631 1641 2658; x_wconf 88' lang='lat' dir='ltr'><strong>te</strong></span> <span class='ocrx_word' id='word_1_710' title='bbox 1664 2626 1708 2658; x_wconf 90' lang='lat' dir='ltr'><strong>ab</strong></span> <span class='ocrx_word' id='word_1_711' title='bbox 1726 2623 1907 2668; x_wconf 82' lang='lat' dir='ltr'><strong>Ethnicis,</strong></span> <span class='ocrx_word' id='word_1_712' title='bbox 1935 2627 2061 2662; x_wconf 87' lang='lat' dir='ltr'><strong>Turcis</strong></span> <span class='ocrx_word' id='word_1_713' title='bbox 2085 2638 2117 2663; x_wconf 85' lang='lat' dir='ltr'><strong>et</strong></span> 
     </span>
    </p>
   </div>
   <div class='ocr_carea' id='block_1_13' title="bbox 1099 2673 2117 2722">
    <p class='ocr_par' dir='ltr' id='par_1_13' title="bbox 1099 2673 2117 2722">
     <span class='ocr_line' id='line_1_103' title="bbox 1099 2673 2117 2722; baseline 0.007 -15"><span class='ocrx_word' id='word_1_714' title='bbox 1099 2676 1105 2707; x_wconf 91' lang='lat' dir='ltr'><strong>l</strong></span> <span class='ocrx_word' id='word_1_715' title='bbox 1131 2673 1288 2716; x_wconf 87' lang='lat' dir='ltr'><strong>Iudaeis,</strong></span> <span class='ocrx_word' id='word_1_716' title='bbox 1315 2675 1520 2708; x_wconf 83' lang='lat' dir='ltr'><strong>mandatum</strong></span> <span class='ocrx_word' id='word_1_717' title='bbox 1537 2674 1609 2708; x_wconf 89' lang='lat' dir='ltr'><strong>eius</strong></span> <span class='ocrx_word' id='word_1_718' title='bbox 1626 2676 1667 2709; x_wconf 80' lang='lat' dir='ltr'><strong>de</strong></span> <span class='ocrx_word' id='word_1_719' title='bbox 1683 2675 1907 2711; x_wconf 85' lang='lat' dir='ltr'><strong>invocatione</strong></span> <span class='ocrx_word' id='word_1_720' title='bbox 1924 2680 2117 2722; x_wconf 88' lang='lat' dir='ltr'><strong>considera,</strong></span> 
     </span>
    </p>
   </div>
   <div class='ocr_carea' id='block_1_14' title="bbox 1563 2725 1608 2760">
    <p class='ocr_par' dir='ltr' id='par_1_14' title="bbox 1563 2725 1608 2760">
     <span class='ocr_line' id='line_1_104' title="bbox 1563 2725 1608 2760; baseline -0.022 0"><span class='ocrx_word' id='word_1_721' title='bbox 1563 2725 1608 2760; x_wconf 88' lang='lat'><strong>17</strong></span> 
     </span>
    </p>
   </div>
  </div>
 </body>
</html>
