2415 2942
290 117 385 154 1115

295 199 503 236 ‹mist-iontia
522 194 685 227 ‹unnilius
706 188 995 223 convenientibus
1017 186 1122 219 rebus
1145 194 1276 217 usurus
1297 187 1304 224 1

297 270 324 285 ιι
347 262 363 283 ,ι
393 253 515 282 λιΙηιιι.
578 245 652 277 lloc
677 241 874 275 dominium
901 251 994 271 nunc
1019 237 1178 269 redditur
1209 232 1275 267 Ec-

297 303 436 336 clesiae,
458 297 636 329 Omnibus
653 290 943 325 convenientibus
962 288 1066 320 rebus
1085 287 1175 319 bona
1192 296 1275 317 con-

296 352 438 386 scii-ntia
456 360 548 380 nunc
569 343 721 378 Ecclesia
739 342 788 374 nti
808 347 928 383 potest.
961 337 1051 371 Nam
1068 335 1208 369 vincula
1228 334 1277 366 le-

298 404 348 445 gis
364 406 494 433 remota
513 404 591 429 sunt
605 422 612 432 ,
641 401 674 427 et
692 404 744 425 res
767 391 844 424 ideo
870 389 1031 423 conditae
1049 392 1150 427 sunt,
1175 391 1214 419 ut
1231 384 1279 417 eis

299 451 450 486 l·]cct·›si;=
479 450 623 480 fruatur.

300 541 525 586 Et't‘eidlfiw
547 536 585 573 δὲ
610 535 721 584 λέγω,
749 541 810 567 etc.
868 527 1137 565 Conscientiam
1160 530 1280 560 aulem

714 583 810 621 dico,
831 587 890 617 etc.

402 664 622 699 Vocabulum
641 668 688 694 est
706 661 859 697 forense,
887 650 1166 700 ἀνακρίνοντες,
1187 651 1281 696 quod

301 719 470 763 significat
487 720 697 749 scrutantes,
727 711 980 749 interrogantes
1008 715 1067 736 seu
1095 702 1280 747 inquiren-

303 781 372 810 tes,
400 769 487 800 sicut
514 767 548 798 in
573 762 711 796 iudiciis
735 758 981 791 examinantur
1004 754 1197 796 litigatores
1222 758 1281 785 aut

303 828 416 855 testes.
471 816 598 848 Paulus
624 813 728 855 igitur
752 817 917 852 tanquam
943 805 1098 849 prudens
1118 802 1284 842 monitor,

302 880 339 904 ut
371 867 568 903 occasiones
599 863 786 895 multarum
822 856 1065 902 quaestionum
1096 854 1284 897 praecidat,

302 920 435 954 mavult
456 915 569 950 omitti
586 910 888 954 interrogationes,
936 905 1024 939 Nam
1042 905 1070 936 si
1088 904 1149 950 qui
1167 915 1283 936 vesce-

302 978 425 1005 rentur
456 965 576 1006 inscii,
616 975 689 996 non
721 966 792 993 erat
825 959 942 992 sutura
973 954 1182 999 disputatio,
1224 953 1283 987 sed

302 1019 499 1065 ignorantia
517 1016 646 1060 pariter
662 1022 784 1047 omnes
803 1008 999 1043 excusabat.

405 1077 536 1111 Addita
555 1082 605 1107 est
621 1079 735 1106 autem
753 1067 939 1103 utilissima
956 1064 1152 1098 admonitio
1170 1063 1212 1096 de
1228 1074 1283 1095 re-

303 1132 369 1164 bus
387 1128 530 1165 mediis,
559 1132 597 1158 ut
614 1132 823 1168 quocunque
839 1125 996 1160 tempore.
1014 1116 1062 1148 sic
1078 1115 1125 1147 eis
1144 1121 1284 1148 utamur

304 1189 364 1214 adt
387 1191 459 1212 non
484 1185 643 1215 utamur,
676 1185 720 1206 ne
742 1171 873 1204 alienas
895 1165 1124 1201 conscientias
1152 1164 1283 1198 saucie-

304 1243 392 1265 mus.
446 1228 543 1262 Talis
560 1233 609 1260 est
627 1224 720 1258 enim
738 1228 862 1255 natura
878 1217 1084 1257 hominum,
1109 1222 1148 1248 ut
1173 1214 1283 1258 aliqui

305 1290 364 1315 aut
382 1280 516 1313 inscitia
535 1284 593 1310 aut
613 1273 813 1308 infirmitate
836 1270 1039 1307 turbentur,
1068 1272 1099 1298 et
1120 1265 1155 1297 in
1180 1264 1284 1297 ‹lubi-

305 1333 472 1366 tationem
489 1329 724 1362 adducantur:
745 1321 855 1366 aliqui
871 1331 952 1352 vero
968 1317 1171 1350 morositate
1186 1326 1285 1357 aegre

304 1385 419 1416 ferant
435 1379 508 1412 fieri
527 1376 661 1421 aliquid
678 1379 797 1407 contra
813 1382 890 1403 suas
908 1367 1095 1412 opiniones
1113 1373 1146 1398 et
1163 1372 1286 1398 contra

306 1444 404 1466 suam
427 1427 727 1463 consuetudinem.
780 1421 902 1454 Postea
919 1417 1135 1460 languefiunt
1152 1416 1235 1448 sides
1254 1422 1285 1447 et

306 1481 481 1516 invocatio
499 1487 572 1512 tum
589 1474 826 1511 dubitatione,
845 1478 918 1503 tum
943 1467 1200 1509 indignatione.
1242 1464 1287 1498 lit

307 1539 500 1577 sequuntur
522 1541 560 1562 ex
587 1525 641 1560 his
666 1523 781 1568 parvis
808 1518 1063 1553 offensionibus
1090 1527 1235 1559 magnae
1255 1522 1288 1548 et

307 1582 522 1628 perniciosee
541 1576 735 1611 discordiae
755 1579 787 1605 et
804 1570 1026 1604 defectiones.

411 1641 491 1674 Sive
517 1638 621 1681 igitur
647 1633 851 1671 infirmitas,
887 1629 959 1662 sive
984 1625 1187 1666 morositas,
1217 1624 1288 1656 sive

307 1692 440 1726 malitia
460 1702 558 1722 causa
577 1694 625 1719 est
643 1685 920 1723 dissensionum,
947 1677 1078 1710 Paulus
1096 1682 1134 1709 ut
1151 1675 1289 1719 sapiens

308 1743 463 1776 monitor
487 1740 603 1773 suadet
629 1735 730 1767 vitari
755 1732 951 1766 occasiones
977 1727 1099 1761 talium
1126 1726 1292 1759 dissidio-

308 1807 386 1827 rum
401 1818 410 1836 ,
439 1799 470 1824 et
493 1789 625 1822 mavult
652 1789 770 1818 doctos
797 1794 868 1815 non
888 1780 939 1813 uti
958 1790 1019 1812 sua
1039 1777 1220 1815 libertate,
1247 1787 1290 1808 ne

311 1850 517 1887 spectatores
537 1840 670 1872 irritent
699 1835 956 1880 qualescunque
980 1835 1080 1867 sunt,
1108 1838 1167 1859 seu
1192 1826 1291 1883 infir-

310 1908 330 1925 ιι
350 1895 377 1931 i,
405 1905 464 1926 seu
482 1891 600 1928 stulti,
627 1900 686 1920 seu
705 1884 845 1918 morosi.
899 1880 960 1914 Est
978 1879 1125 1911 omnino
1153 1888 1291 1920 sapien-

309 1953 362 1978 ter
388 1943 535 1985 cogitata
560 1938 660 1972 Pauli
685 1933 900 1972 admonitio,
933 1938 971 1963 ut
996 1936 1115 1973 postea
1143 1928 1181 1959 in
1208 1939 1292 1960 con-

313 1994 469 2026 clusione
493 1991 651 2023 ostendet
675 1988 747 2020 eius
773 1988 1035 2026 argumentum,
1063 1980 1156 2024 quod
1182 1990 1292 2020 oppo-

312 2047 364 2078 nit
382 2042 569 2076 oliiectioni
589 2050 728 2075 eorum,
747 2036 803 2079 qui
824 2034 947 2065 xolunt
964 2028 1141 2074 perhiberi
1159 2028 1293 2060 doctio-

310 2108 375 2130 res.
403 2094 448 2127 lli
467 2096 649 2134 opponunt
665 2081 903 2120 morosisliaec
922 2083 1029 2113 dicta:
1057 2078 1293 2122 Quat-eliber-

312 2155 362 2179 tas
389 2157 461 2176 »nea
492 2142 665 2174 iudicatur
690 2139 732 2169 ab
757 2136 869 2168 alima
895 2128 1132 2165 conscientia?
1176 2127 1294 2170 Quare

314 2195 443 2228 morosi
469 2198 611 2226 sumunt
638 2188 704 2221 sibi
736 2185 906 2219 iudicium
941 2184 983 2215 de
1012 2181 1133 2218 nobis,
1175 2185 1207 2211 et
1231 2189 1295 2211 nos

314 2251 538 2277 maminnant
565 2247 706 2286 propter
731 2247 831 2270 usum
853 2235 902 2266 rei
924 2242 1124 2270 concessae,
1152 2235 1295 2273 propter

312 2308 440 2327 xcstem
461 2304 517 2326 aut
537 2292 696 2324 ordinem
714 2284 940 2321 cantionum?
961 2281 1063 2328 (Nam
1080 2279 1168 2314 haec
1188 2280 1296 2312 verba

313 2346 518 2389 ¹infirmius&
534 2342 678 2384 legenda
699 2336 806 2378 sunt.)

414 2410 488 2444 Etsi
508 2416 620 2441 antem
639 2406 768 2439 Paulus
787 2402 848 2435 liae
868 2402 937 2443 ipsa
966 2398 1161 2431 obiectione
1185 2397 1287 2429 etiam

312 2469 404 2496 taxat
428 2471 601 2497 morosos,
629 2465 744 2489 tamen
762 2462 796 2486 ut
817 2453 952 2495 sapiens
972 2449 1145 2485 monitor,
1174 2448 1289 2490 potius

311 2515 383 2545 wilt
404 2512 574 2553 sapi-»ntes
600 2508 731 2539 alienae
756 2501 950 2536 infirmitati
974 2507 1003 2532 et
1023 2497 1217 2531 morositati
1239 2509 1294 2529 ce-

311 2567 401 2595 (l·‘te.
457 2559 497 2592 Et
523 2558 675 2599 regulam
695 2556 822 2591 tradit,
851 2563 938 2596 quae
957 2554 1128 2582 monstrat
1144 2557 1298 2580 summos

309 2616 393 2646 fin-»s
423 2609 582 2642 munium
617 2605 929 2641 deliberationum,
964 2610 1113 2644 quorum
1137 2597 1298 2629 conside-

311 2664 400 2697 ratio
426 2670 546 2694 omnes
563 2657 715 2690 actiones
734 2655 769 2685 in
787 2661 858 2686 tota
878 2652 946 2685 vita
964 2661 1080 2693 regere
1099 2648 1212 2682 debet.

896 102 1020 136 pun„
1043 98 1162 135 MEL.
1189 97 1393 135 SCRIPTA
1420 98 1718 136 EXEGETICA‚

2214 98 2308 133 1116

1430 185 1570 219 Primus
1588 193 1620 220 et
1636 197 1791 219 summus
1809 185 1887 218 finis
1909 192 1959 220 est
1978 186 2136 219 omnium
2164 192 2301 219 creatu-

1303 254 1305 258 ·
1330 248 1461 273 rarum,
1480 238 1679 280 pracsertim
1698 236 1979 278 intelligentium,
1995 244 2034 269 ut
2050 237 2166 268 omnia
2180 237 2307 268 faciant

1331 289 1371 319 ad
1397 287 1638 320 illustrandam
1664 287 1829 320 noticiam
1852 287 1939 325 Dei,
1968 293 1997 318 et
2021 288 2212 318 ornandam
2232 286 2305 318 eius

1332 337 1496 379 gloriam,
1542 345 1575 370 et
1606 338 1881 369 confirmandam
1905 336 2176 370 invocationem.
2239 336 2306 369 Hic

1332 387 1411 420 finis
1429 387 1465 419 in
1483 389 1595 432 primo
1620 394 1802 431 praecepto
1826 386 2043 423 continetur,
2070 394 2102 419 et
2128 387 2180 419 lex
2205 394 2307 419 natu-

1333 449 1391 470 rae
1405 438 1522 482 aliquo
1538 439 1643 470 modo
1661 450 1739 471 eum
1757 443 1940 471 monstrat.
1993 436 2038 469 Et
2058 436 2149 469 filius
2165 434 2228 468 Dei
2253 437 2309 469 in-

1335 488 1427 531 quit:
1455 488 1583 521 Luceat
1603 489 1660 521 lux
1678 495 1809 527 vestra,
1838 494 1875 520 ut
1900 487 2111 528 glorificetur
2134 492 2232 529 pater
2250 498 2310 519 ve-

1335 545 1404 571 ster
1427 539 1595 574 coelestis.
1649 538 1698 572 lta
1717 537 1774 572 bic
1791 538 1923 582 inquit:
1953 535 2084 570 Omnia
2102 539 2143 569 ad
2162 537 2310 579 gloriam

1335 586 1401 621 Dei
1422 589 1535 622 facite.

1439 639 1573 672 Deinde
1590 639 1747 685 sequitur
1764 639 1869 670 altera
1890 638 2024 679 regula:
2047 637 2126 671 Non
2145 638 2312 671 oss'endite

1335 686 1525 722 Ecclesiam
1557 689 1633 724 Dei.
1693 689 1776 722 Post
1807 689 1902 721 illam
1939 689 2084 731 primam
2119 701 2236 721 curam
2270 690 2312 720 de

1336 740 1445 782 gloria
1476 738 1561 781 Dei,
1599 741 1643 773 sit
1665 739 1821 783 proxima
1852 751 1951 778 cura,
1996 750 2066 770 non
2092 740 2183 782 quod
2210 739 2312 771 nobis

1337 801 1441 822 suave
1460 797 1529 829 est,
1557 797 1616 823 aut
1640 791 1800 833 pulcrum
1825 790 1982 828 videtur,
2015 790 2073 821 sed
2099 789 2191 833 quod
2219 789 2313 822 fovet

1337 852 1557 872 communem
1585 840 1828 879 concordiam,
1869 846 1901 872 et
1927 852 1996 872 non
2026 840 2143 872 turbat
2174 839 2314 871 invoca-

1337 890 1481 925 tionem.
1540 889 1638 923 Talis
1661 890 1925 933 circumspectio
1950 890 2138 922 necessaria
2166 901 2236 921 non
2264 895 2313 921 est

1337 941 1449 973 solum
1474 941 1509 973 in
1537 939 1712 980 Ecclesia,
1740 941 1798 972 sed
1816 940 1918 973 etiam
1936 940 1971 972 in
1989 940 2057 973 vita
2084 940 2199 979 civili,
2227 940 2316 972 sicut

1338 990 1436 1024 Plato
1456 991 1588 1036 inquit:
1617 988 1790 1024 Omnium
1815 990 1929 1032 legum
1950 990 2035 1022 fines
2059 1001 2131 1022 esse
2155 997 2317 1032 oportere

1337 1039 1402 1074 hos
1425 1042 1530 1082 duos,
1569 1048 1608 1075 ut
1632 1041 1723 1074 cives
1755 1038 1894 1073 honesti
1924 1040 2015 1081 sint,
2058 1046 2089 1073 et
2119 1039 2211 1073 inter
2245 1051 2316 1073 sese

1337 1091 1451 1125 amici.

1438 1141 1514 1175 Hae
1538 1142 1677 1186 regulae
1703 1153 1742 1174 ex
1767 1140 1924 1174 sontibus
1951 1140 2140 1183 sapientiae
2171 1146 2317 1180 sumtao,

1338 1193 1525 1236 diligenter
1543 1192 1747 1236 cogitandae
1766 1198 1846 1224 sunt
1867 1192 1901 1223 in
1921 1191 2086 1223 omnibus
2102 1190 2192 1223 vitae
2208 1190 2315 1224 actio-

1338 1243 1454 1277 nibus
1505 1241 1551 1277 Et
1577 1243 1683 1276 homo
1707 1242 1952 1280 considerans,
1980 1241 2112 1285 quibus
2137 1242 2241 1274 rebus
2265 1241 2319 1273 vel

1338 1294 1500 1327 foveatur
1522 1294 1578 1327 vel
1607 1293 1770 1327 turbetur
1797 1291 1993 1324 communis
2019 1291 2224 1329 concordia,
2263 1291 2320 1323 in-

1340 1344 1467 1387 telligit
1494 1342 1619 1378 harum
1645 1343 1843 1386 regularum
1869 1342 1939 1374 vim
1963 1342 2150 1375 maximam
2179 1352 2261 1376 esse.

1611 1456 1747 1510 Caput
1774 1456 2044 1497 undecimum.

1444 1536 1562 1569 Prima
1584 1535 1780 1568 admonitio
1797 1541 1847 1568 est
1866 1534 1902 1567 in
1921 1532 1987 1567 boc
2004 1534 2132 1578 capite,
2159 1541 2197 1568 ut
2214 1547 2322 1568 unam

1343 1598 1502 1620 normam
1525 1585 1707 1619 doctrinae
1725 1592 1758 1618 et
1774 1585 1932 1617 cultuum
1948 1585 2111 1618 traditam
2133 1597 2151 1618 a
2169 1583 2322 1618 Domino

1343 1643 1463 1670 nostro
1494 1635 1571 1669 Iesu
1597 1633 1738 1669 Christo
1764 1646 1965 1679 sequamur.
2025 1633 2107 1667 Ideo
2132 1633 2324 1678 Apostolus

1345 1688 1480 1732 inquit:
1525 1685 1722 1719 lmitatores
1756 1685 1824 1717 mei
1859 1691 1987 1724 estote,
2029 1685 2114 1719 sicut
2149 1697 2210 1728 ego
2243 1697 2319 1718 sum

1343 1736 1487 1772 Christi,
1540 1736 1770 1781 Nequaquam
1795 1735 1869 1768 vult
1896 1735 2091 1768 doc-trinam
2125 1743 2185 1769 aut
2208 1736 2321 1769 cultus

1345 1789 1431 1822 alios
1454 1787 1579 1830 recipi,
1613 1787 1679 1819 nisi
1706 1796 1792 1830 quos
1817 1785 1947 1829 accepit
1970 1785 2115 1818 traditos
2135 1798 2151 1818 a
2169 1783 2322 1820 Christo.

1345 1838 1391 1872 Et
1415 1839 1535 1871 laudat
1559 1837 1753 1876 auditores,
1799 1836 1893 1879 quod
1927 1836 2102 1869 retineant
2126 1837 2320 1870 doctrinam

1346 1897 1377 1922 et
1397 1889 1504 1928 ritus,
1532 1887 1709 1930 sicutipse
1726 1885 1880 1920 tradidit.
1910 1884 1957 1918 Et
1975 1886 2183 1919 vocabulum
2202 1899 2319 1931 παρα-

1346 1936 1464 1977 δόσεις
1488 1938 1703 1979 intelligatur
1729 1937 1770 1969 de
1797 1935 1955 1968 doctrina
1980 1943 2012 1969 et
2036 1936 2162 1969 ritibus
2190 1938 2322 1980 praeci-

1350 1990 1447 2034 puis,
1474 2000 1623 2033 quorum
1648 1986 1846 2020 testimonia
1875 1992 1991 2018 extant
2014 1986 2050 2018 in
2075 1987 2212 2030 scriptis
2239 1999 2323 2030 apo-

1349 2040 1489 2073 stolicis.
1541 2037 1586 2071 Et
1604 2038 1734 2070 rituum
1752 2048 1833 2068 usus
1851 2035 2067 2078 intelligatur
2084 2037 2177 2070 iuxta
2194 2037 2324 2070 doctri-

1349 2103 1428 2123 nam
1448 2088 1722 2132 Apostolorum,
1750 2087 1823 2118 sine
1843 2085 2095 2130 superstitione.

1450 2138 1524 2173 Etsi
1545 2147 1658 2171 autem
1681 2137 1812 2170 occasio
1829 2137 2040 2181 quaestionis
2059 2138 2101 2170 de
2117 2138 2324 2171 mulieribus

1349 2202 1419 2224 non
1439 2189 1559 2222 velatis
1574 2215 1582 2229 ‚
1611 2188 1690 2221 sciri
1715 2185 1780 2220 hoc
1801 2194 1956 2230 tempore
1975 2199 2047 2219 non
2068 2193 2196 2231 potest,
2223 2199 2324 2232 prae-

1348 2241 1467 2274 sertim
1495 2251 1571 2273 cum
1598 2239 1635 2270 in
1659 2236 1714 2270 his
1741 2237 1943 2279 regionibus
1966 2238 2033 2270 alia
2056 2249 2150 2270 nunc
2171 2238 2213 2270 sit
2238 2250 2323 2271 con—

1349 2292 1513 2325 suetudo:
1540 2296 1655 2321 tamen
1675 2289 1817 2331 adparet
1832 2294 1944 2320 ortam
1966 2299 2037 2320 esse
2055 2299 2128 2320 eam
2149 2288 2324 2332 quaestio-

1351 2354 1429 2374 nem
1460 2353 1498 2373 ex
1531 2339 1752 2371 sermonibus
1777 2339 1820 2370 de
1847 2338 2016 2371 libertate.
2084 2337 2185 2370 Aliae
2215 2339 2324 2372 veteri

1350 2403 1445 2424 more
1472 2390 1657 2422 veniebant
1681 2389 1717 2420 in
1741 2388 1917 2432 publicam
1943 2388 2245 2431 congregationem
2265 2401 2325 2422 ve-

1351 2443 1457 2481 latae,
1484 2441 1573 2473 sicut
1598 2439 1758 2472 Iudaicae
1784 2444 1816 2470 et
1834 2437 2015 2471 Romanae
2041 2438 2205 2472 mulieres
2229 2439 2323 2472 ince-

1352 2493 1496 2525 debant:
1532 2490 1619 2522 aliae
1647 2489 1827 2522 liberiores
1854 2487 2059 2520 incedebant
2085 2500 2156 2521 non
2183 2489 2325 2525 velatae.

1351 2541 1397 2576 Et
1422 2541 1592 2574 credibile
1616 2547 1681 2579 est,
1725 2537 1958 2571 severioribus
1989 2538 2206 2581 displicuisse
2233 2537 2325 2572 hanc

1356 2594 1574 2628 libertatem,
1609 2600 1696 2634 quae
1718 2587 1872 2621 fortassis
1894 2587 2042 2621 imitatio
2070 2595 2144 2622 erat
2168 2587 2326 2624 ethnica-

1353 2655 1427 2677 rum
1448 2641 1658 2679 mulierum,
1683 2645 1721 2672 ut
1738 2649 1777 2670 ex
1795 2638 1985 2672 comoediis
2001 2639 2150 2673 iudicari
2165 2646 2288 2685 potest.
