2415 2942
118 98 193 135 713
289 96 389 134 xilt.
443 98 476 131 2.
505 93 868 132 COMMENTARH
896 95 948 131 IN
975 95 1130 131 EPIST.
1158 95 1304 131 PAL‘LI
1336 95 1402 129 AD
1430 94 1692 131 ROMA-NOS.
1745 95 1848 132 CAP.
1877 96 1978 132 xm.
2083 97 2155 132 714

123 195 226 228 quam
247 182 378 216 Paulus
395 180 451 216 hic
470 183 627 218 tradidit.
682 180 884 217 observent
902 181 1003 221 item,
1021 193 1110 225 quo·
1134 198 1137 238 Ι
1164 180 1247 214 tiam
1276 182 1454 224 regulam,
1489 182 1669 216 videlicet:
1707 181 1811 225 Quod
1831 180 2054 216 Christianus
2081 196 2153 216 non

121 235 226 267 modo
245 235 413 267 diluenda
430 234 500 268 sint
518 247 576 274 ea,
613 247 701 280 quae
719 233 938 267 obiiciuntur
961 232 1003 264 de
1028 244 1110 275 pro·
1134 239 1136 250 ¹
1163 232 1207 265 sit
1230 233 1392 274 alligatus
1417 235 1459 266 ad
1485 234 1643 277 politiam
1665 232 1876 274 Mosaicam,
1911 236 1968 267 sed
1996 235 2095 268 liceat
2121 235 2153 267 ei

121 282 295 318 bibitione
314 286 490 318 vindictae
507 292 539 319 et
558 285 638 321 alia.
1162 283 1211 315 uti
1243 283 1381 326 legibus
1412 285 1570 317 omnium
1602 284 1777 327 gentium,
1815 297 1903 329 quae
1927 286 2152 319 consentiunt

223 335 424 370 Constituta
442 343 556 370 autem
575 334 639 369 hac
658 332 910 379 propositione,
932 332 1024 377 quod
1046 344 1108 375 po-
1162 345 1239 365 cum
1265 334 1413 369 ratione.
1477 334 1550 367 lmo
1579 335 1666 367 sicut
1693 336 1794 368 debet
1820 334 2042 369 Christianus
2066 338 2151 370 obe—

121 387 218 421 litiae
233 388 303 421 sint
325 399 377 420 res
395 389 524 428 bonae,
553 399 638 432 quas
655 386 748 419 Dens
764 390 797 416 et
814 383 965 416 instituit
991 391 1023 415 et
1047 394 1109 426 ap-
1133 360 1136 414 i
1161 383 1329 416 dientiam
1356 386 1530 428 praesenti
1555 386 1790 427 magistratui,
1826 395 1864 419 ut
1888 399 1992 430 supra
2017 388 2150 421 dictum

121 439 264 482 probat,
293 439 451 483 sequitur
469 439 536 470 iam
553 436 730 470 conclusio
748 434 866 467 Pauli:
897 433 1002 476 Quod
1020 435 1108 466 obe-
1132 419 1136 460 i
1162 435 1265 467 estin
1284 436 1471 479 particula:
1501 436 1724 478 Magistratui
1746 437 1805 480 qui
1831 446 1977 480 praeest:
2018 440 2063 471 ita
2089 440 2150 472 de-

121 489 291 522 diendum
317 489 550 532 magistratui,
587 488 668 533 quia
695 485 789 519 Deus
815 485 898 518 velit
925 497 1022 518 suam
1049 496 1108 517 or-
1132 461 1135 522 i
1161 486 1471 520 betobedientiam
1489 487 1730 530 praesentibus
1749 487 1884 530 legibus
1909 488 2150 524 ctunssratioue

123 541 340 574 dinationem
372 552 444 573 non
473 539 609 572 violari.
658 537 703 571 Et
730 536 849 569 addita
875 543 923 569 est
951 536 1041 569 ratio
1065 537 1108 568 de
1132 534 1134 573 ξ
1160 538 1447 580 congruentibus.
1503 537 1622 580 Quare
1640 538 1828 571 licetfures
1845 541 2078 582 suspendere,
2106 541 2149 572 li-

121 603 232 635 poena
245 618 254 632 ,
271 603 359 636 quae
376 591 476 624 debet
494 588 642 632 intelligi
659 600 730 621 non
749 594 884 621 tantum
902 589 944 619 de
964 587 1004 619 iis
1024 598 1107 630 poe·
1132 579 1134 642 >i
1160 587 1452 621 cetbaereditates
1464 589 1622 621 dividere
1634 589 1761 621 nostris
1774 590 1919 631 IegIbus,
1937 591 2016 634 quia
2029 589 2149 624 Evan-

121 641 196 681 nis‚
230 654 315 687 quas
333 642 461 684 irrogat
488 641 731 683 magistratus,
766 639 824 671 sed
853 639 888 670 in
916 650 1042 681 genere
1065 639 1108 670 de
1131 653 1134 690 λ
1160 639 1288 681 gelium
1308 652 1378 672 non
1396 640 1577 672 constituit
1595 652 1720 672 novam
1741 641 1898 682 politiam
1919 643 2148 681 mundanam,

121 693 287 726 omnibns
304 693 442 736 poenis,
461 692 496 724 in
515 685 600 736 quas
616 691 778 724 incidunt
795 689 950 722 seditiosi
969 696 1001 722 et
1022 700 1107 721 con-
1131 695 1134 764 Ι
1159 691 1217 722 sed
1238 691 1468 723 concionatur
1484 692 1526 723 de
1547 692 1614 723 vita
1641 698 1782 723 aeterua
1808 699 1839 723 et
1863 692 2050 735 spirituali.
2105 690 2150 726 Et

121 750 291 778 tumaces:
328 743 407 788 quia
442 742 613 776 divinitus
639 739 870 775 retrahuntur
893 742 934 773 ad
965 751 1108 783 poenaS,
1132 780 1134 785 y
1160 740 1290 774 interea
1310 742 1392 774 sinit
1411 754 1473 775 nos
1491 742 1541 776 uti
1563 742 1709 774 diversis
1729 742 1882 785 politiis,
1918 743 2007 776 sicut
2033 743 2150 776 diver-

122 794 257 828 etiamsi
277 791 365 826 nihil
383 794 527 838 periculi
545 794 723 837 impendet
741 805 758 825 a
777 792 1001 834 magistratu,
1018 791 1107 824 sicut
1132 791 1134 829 i
1160 791 1205 824 sis
1227 793 1348 835 spatiis
1373 794 1522 828 ‹liei-um.
1588 792 1680 835 Quia
1709 794 1802 825 euim
1829 794 2043 838 praecipitur
2064 796 2149 827 obe-

120 845 157 877 in
185 845 235 878 uit
255 844 440 878 Salomon:
466 844 546 877 Non
566 852 615 878 est
632 844 747 877 evasio
766 844 875 887 impio
893 855 932 875 ex
953 842 1054 876 bello.
1159 843 1291 876 dientia
1332 856 1410 887 erga
1447 852 1662 887 praesentes,
1700 844 1912 887 praecipitur
1946 845 2068 886 etiam,
2112 852 2150 879 ut

162 857 182 890 q
221 894 399 928 Hactenus
429 895 575 929 tradidit
607 898 693 928 duas
726 896 879 938 regulas,
931 893 1106 932 videlicet,
1130 912 1133 939 g
1161 896 1403 938 praesentibus
1422 895 1557 937 legibus
1578 903 1730 928 utamur.
1774 893 1816 928 Et
1835 895 1952 929 Lucae
1968 898 2003 931 3.
2020 909 2150 940 appro-

120 946 537 1041 33331T2gi3“‘'²¹³⁵1{{³
560 946 1014 1031 ‘’⁰¹{JT2-‘1‘SZPZ‘1'SZ'51135
1041 956 1107 1028 it}
1131 942 1134 999 i
1160 945 1460 1040 Ξῗὲιῖἓὺῖξῖῗῗωῗ
1496 947 1654 1030 ”ἰῘᾹ“ῗ’;ε
1680 944 1949 1041 ρῗιὲιῐῖῗὶοῖὁ·
1982 947 2149 1032 ἓῗῖῗῑῗῗ

213 1010 227 1029 ἢ
247 1020 254 1029 ‹
355 1010 406 1031 ΕΟ.
517 1011 567 1036 m,
646 1011 665 1031 Ο
729 1011 735 1029 1
926 1012 936 1029 t
1016 1023 1023 1035 ‚
1130 1015 1133 1042 ς
1193 1009 1200 1015 ’
1371 1010 1489 1041 Deum-5
1567 1011 1581 1026 ι’
1605 1012 1642 1030 ἐι·
1784 1011 1791 1028 ι’
1825 1026 1836 1030 -
1891 1010 1904 1030 S
1921 1021 1930 1030 .
2086 1012 2102 1031 a
2131 1019 2150 1025 -

120 1048 243 1081 adiecit
261 1048 458 1081 doctrinam
481 1051 523 1080 de
540 1011 672 1091 poeqna,
700 1061 803 1093 quam
824 1055 941 1092 postea
961 1053 1104 1091 repetet.
1130 1049 1132 1092 ζ
1158 1047 1212 1080 lus
1236 1049 1336 1083 dicit:
1384 1049 1423 1082 ln
1447 1046 1587 1083 Christo
1615 1061 1726 1094 neque
1755 1056 1804 1082 est
1831 1048 1998 1090 iudaeus,
2036 1061 2150 1094 neque

120 1097 255 1131 Interea
290 1099 413 1132 inserit
444 1100 715 1143 descriptionem
743 1100 986 1142 magistratus,
1020 1097 1104 1143 quid
1160 1098 1327 1133 Graecus.

102 1149 180 1190 ,εἰη
210 1147 275 1183 boc
295 1152 416 1183 modo:
459 1152 680 1193 magistratus
702 1158 752 1183 est
775 1151 934 1182 minister
953 1148 1014 1181 Dei
1042 1161 1106 1181 no-

119 1200 174 1233 bis
190 1201 230 1233 ad
252 1202 384 1233 bonum
397 1229 404 1241 ‚
439 1202 566 1234 vindex
583 1203 624 1234 ad
643 1203 864 1235 defendenda
889 1208 978 1233 recte
1006 1201 1106 1239 facta,
1130 1142 1133 1221 i
1158 1179 1248 1216 Ideo
1266 1186 1401 1228 oportet
1419 1180 1572 1221 ‘’bediu”
1590 1194 1662 1215 '¹⁰⁷²
1681 1180 1800 1215 solum
1817 1188 1964 1231 propter
1981 1183 2150 1217 ‘'ramat‘’

120 1258 153 1284 et
171 1251 348 1294 punienda
370 1252 493 1287 delicta
511 1253 647 1296 gladio,
676 1254 711 1286 id
733 1259 801 1291 est,
838 1252 961 1297 poenis
980 1263 1106 1295 corpo·
1258 1253 1369 1285 Addit
1402 1259 1586 1296 praecepto
1617 1253 1659 1284 de
1691 1252 1891 1285 obedientia
1921 1253 2149 1286 necessariam

116 1302 261 1337 talibus.
1159 1303 1451 1341 declarationem,
1477 1310 1514 1336 ut
1531 1303 1616 1336 sciat
1633 1301 1809 1343 Ecclesia,
1835 1304 1947 1348 qualis
1965 1305 2149 1339 necessitas

219 1352 314 1386 Haec
331 1353 488 1388 definitio
506 1360 554 1388 est
573 1353 868 1398 integra,melior
885 1353 987 1387 etiam
1001 1364 1105 1398 quam
1159 1356 1202 1388 sit
1219 1355 1381 1395 obedire,
1417 1361 1448 1387 et
1469 1355 1570 1399 quale
1595 1361 1772 1397 peccatum
1799 1355 1842 1387 sit
1869 1367 1940 1388 non
1967 1356 2150 1400 obtempe-

119 1403 360 1445 Aristoteiica,
395 1417 486 1452 quae
502 1406 549 1438 sic
565 1413 683 1439 sonat:
719 1405 949 1448 Blagistratus
975 1411 1025 1437 est
1046 1416 1105 1437 cu·
1160 1419 1255 1445 rare,
1283 1406 1364 1451 quia
1382 1417 1481 1449 saepe
1499 1406 1719 1449 disputatur,
1754 1413 1873 1438 utrum
1899 1407 1943 1439 sit
1969 1415 2148 1450 peccatum

119 1462 188 1489 stos
208 1455 336 1498 legum.
391 1455 521 1489 Paulus
539 1457 632 1488 enim
651 1457 787 1489 addidit
805 1457 1010 1489 efficientem
1024 1467 1106 1487 cau-
1159 1457 1323 1497 mortale,
1353 1469 1423 1489 non
1441 1457 1584 1489 obedire
1608 1456 1838 1498 magistratui.
1894 1455 1938 1490 Et
1962 1458 2050 1491 ratio
2074 1458 2149 1501 agi-

118 1518 210 1545 sam,
239 1507 387 1546 scilicet,
425 1508 517 1551 quod
543 1508 585 1541 sit
611 1508 792 1541 institutus
819 1521 835 1540 a
855 1506 940 1542 Deo.
996 1505 1040 1539 Et
1069 1507 1103 1538 in
1132 1503 1133 1525 ¹
1160 1516 1270 1548 tatur,
1292 1520 1369 1540 eum
1388 1507 1615 1549 Magistratus
1632 1520 1703 1539 non
1726 1509 1831 1550 possit
1848 1508 2044 1552 intelligere
2063 1521 2148 1556 poe-

120 1569 219 1590 causa
243 1558 339 1590 finali
366 1559 463 1591 addit
488 1558 659 1591 illustrem
691 1559 917 1603 particulam:
954 1557 1036 1590 Tibi
1063 1558 1106 1589 ad
1131 1561 1133 1606 j
1160 1573 1240 1592 nam
1258 1566 1454 1598 aeternam,
1483 1559 1647 1592 videntur
1667 1570 1729 1591 nec
1746 1560 1856 1592 edicta
1880 1561 2147 1602 magistratuum

120 1608 271 1648 bonum,
288 1609 348 1641 nbi
368 1609 532 1642 discernit
549 1616 738 1653 tyrannum
758 1622 774 1642 a
792 1621 873 1642 vero
892 1609 1106 1651 magistratu.
1131 1609 1134 1641 l
1160 1611 1316 1653 obligare
1334 1610 1398 1641 sub
1417 1622 1527 1653 poena
1545 1618 1698 1644 aeterna,

119 1656 232 1692 Debet
250 1659 342 1691 enim
370 1660 592 1701 magistratus
615 1660 663 1692 sic
689 1661 837 1700 sentire,
876 1672 909 1691 se
935 1659 1106 1692 divinitus
1131 1660 1134 1706 j
1262 1660 1329 1694 Sed
1349 1661 1384 1692 in
1404 1658 1468 1693 hac
1488 1661 1620 1693 ratione
1641 1673 1711 1693 non
1733 1660 1852 1694 vident
1878 1661 1948 1702 illi,
1985 1662 2044 1706 qni
2071 1674 2146 1695 eam

120 1709 155 1741 in
177 1708 242 1743 hoc
260 1710 373 1742 officio
392 1711 599 1743 collocatum
619 1722 707 1752 esse,
740 1719 777 1744 nt
803 1711 936 1743 alienae
962 1709 1106 1742 utilitati
1131 1708 1133 1728 ἶ
1159 1719 1373 1757 sequuntur,
1411 1724 1446 1744 se
1473 1712 1545 1745 falli
1572 1712 1604 1744 iu
1631 1709 1714 1750 hoc,
1749 1714 1841 1756 quod
1870 1725 1978 1755 poena
2005 1720 2146 1746 aeterna

119 1761 297 1801 consulat,
325 1761 413 1794 sicut
430 1762 636 1794 Aristoteles
651 1761 1044 1799 monetAlexandz-nm,
1068 1767 1107 1793 ut
1130 1763 1134 1801 't
1159 1765 1352 1806 irrogatur,
1393 1771 1537 1807 propter
1571 1764 1798 1796 violationem
1829 1764 1943 1796 divini
1975 1765 2147 1804 mandati,

119 1813 243 1855 cogitet
261 1812 448 1855 imperium
466 1813 531 1845 sibi
554 1813 739 1855 contigisse
757 1815 798 1845 ad
817 1812 1105 1845 benefaciendum
1130 1806 1133 1847 i
1159 1816 1251 1860 quod
1273 1815 1441 1858 praecipit
1459 1814 1710 1849 obedientiam.
1764 1813 1858 1847 Deus
1877 1815 1970 1847 enim
1997 1809 2148 1848 subiecit

119 1865 182 1897 toti
202 1864 321 1908 generi
339 1862 510 1903 humano,
546 1876 618 1895 non
647 1871 683 1897 ut
711 1865 746 1896 in
774 1865 859 1896 alios
886 1863 1048 1907 petulans
1075 1869 1106 1894 et
1130 1848 1133 1903 i
1159 1877 1224 1899 nos
1245 1866 1479 1909 magistratui,
1516 1873 1548 1899 et
1567 1866 1661 1898 addit
1682 1866 1905 1906 mandatnm,
1940 1873 1979 1899 ut
2002 1866 2146 1899 obedia-

119 1915 394 1948 contnmeliosus
410 1915 454 1947 sit
470 1911 576 1959 (πρὸς
594 1912 806 1962 εὐεργεσίαν
824 1913 967 1960 οὐπρὸς
979 1912 1105 1958 ὓβριν)
1130 1906 1134 2080 ι
1160 1930 1235 1950 mus
1254 1917 1396 1950 illorum
1415 1917 1559 1960 legibus.
1615 1915 1660 1950 Et
1677 1916 1803 1949 adiecit
1821 1918 1862 1949 de
1881 1929 2010 1961 poena,
2029 1929 2062 1950 se
2080 1930 2145 1961 pu-

120 1964 165 2000 Et
189 1965 315 2000 Daniel
342 1966 456 2010 inquit
483 1967 523 1998 ad
545 1977 678 2008 regem:
717 1966 845 1999 Libera
869 1973 900 2000 te
924 1978 941 1998 a
967 1971 1105 2009 peccato
1159 1969 1317 2001 niturum
1338 1979 1410 2001 esse
1428 1981 1503 2008 eos,
1523 1968 1582 2013 qui
1602 1980 1672 2000 non
1693 1968 1875 2002 obediunt.
1918 1967 2146 2002 Constituen-

119 2029 181 2061 Ρθΐ
196 2017 388 2057 iusticiam>
419 2024 449 2050 θῑ
467 2017 646 2049 benefacta
666 2029 744 2060 erga
764 2018 918 2051 misero&
966 2015 1011 2049 Et
1028 2016 1106 2048 lau-
1159 2021 1243 2052 dum
1264 2026 1314 2053 est
1330 2020 1455 2062 igitur,
1478 2021 1570 2064 quod
1592 2032 1662 2052 nou
1678 2019 1822 2052 obedire
1845 2019 2061 2061 magistratui
2082 2032 2146 2063 po-

119 2069 222 2101 datur
247 2068 334 2100 illud
358 2065 623 2111 Xenophontis:
650 2067 772 2101 Bonus
794 2070 954 2112 princeps
973 2065 1063 2099 nihil
1087 2078 1105 2099 a
1130 2095 1132 2118 Α,
1159 2072 1255 2103 litico
1280 2083 1339 2104 seu
1364 2071 1498 2113 gerenti
1525 2070 1697 2111 gladium,
1733 2071 1775 2103 de
1800 2083 1869 2115 quo
1896 2069 1952 2103 hic
1977 2071 2145 2115 loquitur,

120 2119 213 2152 bono
249 2126 345 2162 patre
369 2118 497 2153 differt.
555 2119 606 2151 Ita
633 2120 758 2153 sentiet
784 2120 1005 2163 magistratus
1037 2118 1105 2150 sibi
1158 2123 1200 2155 sit
1224 2129 1402 2165 peccatum
1428 2123 1585 2155 mortale.
1640 2120 1731 2164 Quia
1755 2122 1882 2155 diserte
1916 2121 2031 2166 inquit
2052 2121 2146 2155 Pau-

120 2170 305 2213 contigisse
321 2169 508 2214 imperium
528 2176 560 2203 et
577 2181 676 2213 opes,
708 2183 780 2204 non
808 2178 845 2204 nt
870 2171 918 2203 eis
941 2171 1105 2203 abutatur
1130 2169 1132 2189 ³
1158 2174 1229 2206 lus:
1268 2172 1411 2206 Necesse
1429 2180 1477 2206 est
1497 2173 1659 2213 obedire,
1693 2180 1723 2205 et
1741 2173 1857 2205 addit:
1895 2172 2043 2214 Propter
2059 2185 2145 2206 con-

120 2222 160 2254 ad
179 2221 367 2264 explendas
385 2221 592 2263 cupiditates
611 2232 707 2261 suas,
735 2224 792 2255 sed
817 2229 853 2256 ut
876 2222 985 2266 possit
1008 2233 1105 2254 com-
1130 2216 1131 2230 ³
1158 2224 1350 2259 scientiam.
1407 2223 1500 2266 Ergo
1525 2225 1630 2257 sentit
1655 2224 1884 2256 conscientias
1909 2223 1982 2255 fieri
2007 2236 2082 2256 reas
2106 2224 2143 2257 in

120 2272 220 2305 muni
237 2272 380 2306 utilitati
398 2272 600 2311 consulere,
636 2284 674 2304 ac
699 2273 789 2306 tueri
815 2281 907 2306 recte
934 2274 1041 2312 facta,
1069 2273 1103 2304 id
1158 2273 1233 2315 his,
1259 2276 1318 2320 qui
1336 2276 1528 2308 detrectant
1556 2275 1753 2318 imperium.
1807 2274 1902 2307 Haec
1926 2282 2041 2308 autern
2064 2283 2147 2309 sunt

123 2329 183 2364 8⁵¹,
203 2335 301 2356 ve1¹0⁵
323 2324 435 2356 CUllUS
454 2322 785 2366 D?i‚‹155Cipllflss¹T¹‚
805 2324 951 2364 iudicia,
973 2336 1102 2367 pacem-
1129 2347 1130 2350 =
1158 2334 1294 2370 peccata
1314 2326 1493 2367 mortalia,
1519 2339 1607 2371 quae
1623 2327 1870 2359 conscientiam
1890 2337 1981 2358 ream
1999 2326 2145 2366 faciunt,

222 2373 288 2408 Sed
313 2375 349 2407 in
374 2372 437 2406 bac
461 2375 664 2407 definitione
691 2375 886 2419 quaeritur,
921 2377 1014 2408 unde
1038 2375 1104 2407 sci-
1158 2386 1189 2411 et
1209 2379 1388 2411 excutiunt
1409 2378 1525 2411 fidem.
1578 2377 1636 2411 Sic
1656 2377 1761 2418 igitur
1781 2377 1933 2410 declarat
1955 2377 2144 2410 necessita—

124 2435 216 2465 mus,
242 2437 329 2469 quae
354 2426 423 2458 sint
448 2433 539 2459 recte
562 2425 673 2459 facta?
707 2424 937 2470 Respondeo:
972 2425 1104 2458 Paulus
1157 2437 1247 2469 tem,
1283 2437 1322 2463 ut
1346 2428 1564 2471 intelligatur
1590 2431 1632 2460 de
1657 2428 1873 2471 obligatione
1898 2428 2143 2468 conscientiae,

124 2473 179 2508 hic
195 2476 325 2509 omittit
339 2477 534 2520 longiorem
552 2477 825 2520 disputationem
839 2504 847 2517 ,
883 2485 913 2510 et
941 2477 1019 2509 ideo
1045 2488 1103 2519 ge·
1156 2482 1246 2514 etde
1263 2480 1412 2514 aeternis
1429 2479 1562 2523 poenis,
1597 2478 1687 2521 Quis
1705 2487 1818 2512 autem
1837 2492 1909 2512 non
1928 2479 2021 2512 videt
2040 2480 2143 2524 quale

122 2526 287 2560 neraliter
304 2527 478 2572 loquitur,
503 2535 541 2561 ut
558 2528 648 2571 leges
670 2529 832 2562 omnium
857 2529 1014 2570 gentium
1040 2540 1102 2575 ap·
1121 2545 1128 2733 β
1155 2533 1293 2565 frenum
1315 2530 1371 2565 hic
1388 2531 1567 2563 inficiator
1584 2530 1750 2563 omnibus
1768 2528 1973 2564 hominibus
1989 2531 2031 2563 ad
2055 2542 2140 2563 con-

124 2577 248 2621 probet
265 2577 306 2609 de
323 2579 484 2612 civilibus
502 2579 667 2622 negotiis,
695 2580 722 2612 si
742 2587 858 2613 tamen
881 2579 1102 2613 consentiant
1153 2584 1360 2616 servandam
1378 2581 1613 2615 obedientiam
1632 2593 1710 2624 erga
1728 2581 1958 2626 potestatem?

124 2640 202 2661 cum
223 2628 296 2671 tege
313 2636 468 2665 naturae.
521 2630 610 2663 Nam
630 2628 714 2663 hinc
741 2631 887 2664 iudicari
914 2631 987 2664 vult
1010 2638 1102 2664 recte
1257 2634 1355 2667 Alibi
1373 2633 1522 2666 dicitur:
1550 2631 1741 2666 Credentes
1765 2644 1835 2666 esse
1860 2633 1989 2665 liberos
2012 2643 2030 2664 a
2053 2632 2137 2674 lege.

123 2680 211 2714 facta
237 2680 275 2713 in
302 2680 462 2715 civilibus
481 2682 641 2725 negotiis.
703 2681 829 2717 Tradit
851 2693 931 2727 ergo
951 2679 1007 2715 hic
1029 2688 1101 2716 ter·
1153 2684 1222 2719 Hic
1246 2696 1328 2719 vero
1355 2683 1595 2718 subiiciuntur
1626 2684 1764 2728 legibus
1789 2683 2072 2727 magistratuum,
2107 2690 2141 2716 et
