2415 2942
240 99 331 134 1511

243 190 386 230 propter
401 180 510 214 filium
528 176 605 213 Dei,
623 181 655 209 et
671 184 892 219 nequaquam
910 177 1053 217 propter
1069 177 1228 204 nostram

244 234 492 270 contritionem
518 229 572 261 vel
597 226 834 260 dilectionem.

347 285 417 317 Sed
451 279 716 326 perterrefactae
751 281 884 308 mentes
925 272 1072 306 audiant
1106 282 1228 305 vocem

246 334 451 377 Evangelii,
489 342 594 377 quam
618 326 675 361 hic
698 327 819 360 recitat
843 324 988 359 Paulus.
1028 322 1154 357 Certus
1180 328 1231 355 est

249 398 362 422 sermo
381 391 413 418 et
431 382 630 417 firmissime
647 376 926 422 amplectendus,
955 376 1050 420 quod
1067 373 1230 408 Christus

248 436 381 471 venerit
398 436 435 468 iu
451 432 547 467 hunc
566 430 737 464 mundum
757 428 870 461 salvos
889 427 1001 460 facere
1021 432 1230 470 peccatores-

247 489 335 522 Vult
361 487 453 519 enim
480 483 547 518 hoc
572 483 686 515 dicere
708 480 858 517 Paulus,
901 489 1021 511 vocem
1045 474 1230 518 Evangelii

248 542 291 574 de
307 538 457 582 gratuita
475 531 763 568 reconciliatione
784 541 1003 574 nequaquam
1022 534 1140 560 notam
1159 537 1232 558 esse

250 591 382 624 iudicio
407 586 580 622 naturali,
607 595 672 616 nec
696 594 768 616 esse
794 592 914 614 vocem
939 579 1044 621 legis,
1073 578 1131 610 sed
1158 577 1231 609 sin-

250 641 370 686 gulare
391 645 425 673 et
443 637 645 670 mirandum
671 634 849 666 decretum
874 641 946 663 esse
967 628 1163 662 divinitatis
1189 628 1232 660 de

251 691 470 726 redemtione
493 687 628 732 generis
652 682 801 718 humani
821 693 882 726 per
904 680 1030 714 filium.
1069 678 1153 712 Ideo
1177 678 1232 710 di-

252 750 341 777 serte
373 741 504 786 inquit:
547 735 708 771 Christus
736 734 832 767 Iesus
855 732 951 765 venit
982 731 1019 763 in
1045 731 1232 767 mundum,

252 794 351 840 quasi
370 793 477 825 dicat:
507 789 615 823 Iubeo
632 794 664 820 te
684 796 822 819 causam
842 782 1081 819 considerare,
1109 792 1171 814 cur
1195 779 1233 812 in

252 846 426 878 mundum
445 840 579 875 venerit
594 838 687 871 filius
706 836 782 870 Dei.
836 833 918 867 Non
937 839 987 866 est
1004 832 1129 864 missus
1146 831 1234 863 sicut

252 896 396 941 Moyses
413 900 472 926 aut
488 892 546 925 alii
565 886 781 932 Prophetae,
809 886 866 918 sed
892 884 959 917 fuit
982 881 1039 915 hic
1061 882 1236 915 mediator

253 954 366 983 antea,
385 952 416 978 et
433 955 528 977 nunc
544 941 623 974 ideo
643 939 684 972 ad
704 949 767 970 uos
784 935 891 973 venit,
910 942 948 968 ut
963 935 1059 967 fieret
1075 933 1236 966 victima:

254 1005 287 1032 et
313 997 392 1029 sciri
417 1000 557 1042 oportet
581 1001 669 1036 quae
696 986 861 1022 beneficia
885 985 1060 1023 attulerit,
1094 991 1127 1017 et
1149 995 1238 1028 quo-

252 1049 358 1081 modo
379 1046 482 1079 nobis
499 1043 730 1087 adplicentur.
784 1038 908 1071 Adfert
926 1043 1041 1069 autem
1059 1034 1238 1067 remissio-

253 1111 334 1132 nem
358 1103 597 1142 peccatorum,
627 1089 897 1134 imputationem
922 1086 1097 1125 iusticiae,
1127 1086 1240 1118 dona-

255 1151 387 1184 tionem
405 1147 558 1192 Spiritus
584 1142 694 1176 saucti
729 1148 762 1173 et
790 1140 882 1172 vitae
904 1145 1083 1175 aeternae,
1112 1143 1146 1169 et
1164 1142 1242 1179 post

254 1199 345 1234 hanc
379 1199 486 1231 vitam
518 1192 809 1229 resurrectionem
844 1196 875 1222 et
908 1189 1016 1221 vitam
1049 1194 1242 1221 aeternam.

255 1251 490 1295 Accipiuntur
504 1253 619 1280 autem
639 1244 675 1276 in
692 1240 756 1275 hac
772 1241 841 1274 vita
861 1246 1005 1284 propter
1022 1239 1136 1281 ipsum
1149 1236 1243 1271 Gra-

255 1303 318 1340 tis,
332 1313 404 1334 non
422 1305 566 1344 propter
583 1301 702 1329 nostra
718 1292 843 1325 merita
855 1316 864 1329 ,
893 1290 975 1324 Sola
993 1289 1100 1327 Fide,
1118 1288 1243 1322 remis-

256 1354 308 1387 sio
327 1358 569 1397 peccatorum,
597 1343 786 1388 imputatio
804 1341 979 1378 iusticiae,
998 1341 1143 1373 donatio
1161 1338 1245 1382 Spi-

257 1405 346 1437 ritus
366 1401 474 1435 sancti
494 1406 527 1433 et
544 1399 634 1430 vitae
654 1401 826 1428 aeternae.
859 1391 955 1425 Haec
973 1398 1021 1424 est
1040 1402 1106 1423 vox
1123 1388 1242 1423 Evan-

257 1455 337 1498 gelii
360 1451 500 1496 propria
513 1475 522 1488 ,
551 1448 649 1482 cuius
668 1445 885 1478 intellectum
903 1441 1082 1479 nativum,
1103 1447 1142 1474 ut
1159 1439 1244 1472 reti-

257 1515 421 1540 neamus,
450 1499 620 1533 vocabula
647 1502 738 1529 recte
765 1493 995 1535 intelligenda
1021 1498 1122 1525 sunt:
1160 1501 1244 1522 nam

257 1568 297 1590 ex
320 1551 570 1597 depravatione
595 1546 851 1580 vocabulorum
877 1543 966 1576 aliae
992 1542 1158 1575 tenebrae
1187 1551 1246 1573 or-

256 1613 310 1640 tae
334 1611 427 1639 sunt.

509 1684 569 1720 De
598 1677 772 1718 vocabulo
797 1676 988 1713 Iusiiciae.

359 1755 534 1792 Hebraica
553 1749 691 1795 phrasis
710 1754 761 1780 est
783 1746 823 1779 in
845 1746 952 1778 verbo
979 1741 1182 1780 Iustificari‚
1210 1747 1251 1774 ut
1273 1759 1275 1769 ι

259 1813 287 1846 si
313 1811 447 1845 dicam,
475 1804 594 1848 Scipio
614 1799 820 1834 iustificatus
843 1804 892 1830 est
911 1794 1158 1828 accusantibus
1184 1792 1250 1826 tri-

259 1862 367 1897 bunis
385 1857 516 1901 plebis,
546 1855 583 1887 id
606 1858 676 1889 est,
706 1849 887 1882 absolutus
914 1853 982 1884 est,
1011 1852 1061 1883 et,
1091 1855 1251 1888 pronun-

259 1915 388 1948 ciatum
416 1915 468 1941 est
495 1916 573 1939 eum
601 1913 676 1936 esse
697 1901 842 1933 iustum.
902 1896 952 1930 Ita
979 1894 1036 1929 hic
1068 1893 1250 1928 iustificari

258 1963 424 1999 homines
449 1962 593 2002 propter
628 1951 859 1987 mediatorem
879 1973 888 1987 ‚
930 1954 979 1980 est
1007 1946 1162 1989 accipere
1192 1955 1251 1977 eos

259 2012 503 2050 remissionem
530 2010 771 2050 peccatorum,
817 2006 850 2033 et
874 1997 1103 2043 pronunciari
1130 1997 1250 2034 iustos,

260 2067 296 2099 id
316 2071 385 2101 est,
414 2057 570 2103 reputari
587 2056 698 2089 iustos
714 2064 775 2085 seu
791 2057 950 2093 acceptos
967 2055 1111 2093 propter
1124 2047 1251 2091 ipsum,

260 2118 431 2160 imputata
455 2109 561 2143 nobis
585 2104 725 2139 iusticia
754 2102 875 2146 ipsius.
928 2098 976 2133 Et
999 2110 1078 2133 cum
1104 2095 1170 2131 hac
1195 2109 1252 2130 ac-

261 2166 458 2211 ceptatione
486 2158 677 2194 coniuncta
705 2160 756 2187 est
785 2151 930 2186 donatio
957 2149 1112 2194 Spiritus
1142 2148 1253 2182 sancti

263 2226 295 2252 et
320 2217 413 2249 vitae
439 2218 611 2245 aeternae.

361 2265 407 2299 Et
423 2264 461 2296 fit
477 2260 586 2303 magis
606 2256 830 2302 perspicuum
848 2251 1060 2286 vocabulum
1080 2249 1252 2288 Iustitiae,

263 2330 342 2352 cum
369 2312 576 2357 significatio
600 2307 751 2342 Paulina
769 2304 980 2339 discernitur
998 2314 1014 2334 a
1033 2301 1148 2334 modis
1172 2298 1253 2344 phi-

261 2364 465 2411 losophicis.
517 2361 606 2395 Nam
623 2358 740 2393 Iustus
757 2368 854 2390 more
877 2350 1125 2399 philosophico
1144 2351 1255 2394 signi-

266 2421 343 2453 ficat
361 2415 546 2450 habentem
567 2422 628 2444 seu
644 2408 821 2442 iusticiam
840 2404 1076 2439 universalem
1094 2414 1154 2435 seu
1174 2414 1255 2446 par-

267 2469 462 2504 ticularem.
516 2462 585 2496 Sed
605 2460 690 2505 quia
706 2471 779 2492 non
804 2467 924 2491 sumus
943 2454 1026 2488 iusti
1044 2465 1160 2486 coram
1179 2452 1254 2486 Deo

266 2518 475 2564 impletione
507 2512 610 2555 legis,
643 2511 722 2544 ideo
746 2510 782 2542 in
799 2505 994 2549 Evangelio
1019 2503 1256 2537 annunciatur

266 2572 332 2605 alia
358 2566 514 2603 iusticia,
556 2561 688 2595 scilicet
709 2559 868 2593 remissio
894 2562 1117 2602 peccatorum
1143 2561 1175 2588 et
1200 2566 1256 2587 re-

268 2617 468 2655 conciliatio
486 2619 629 2658 propter
646 2610 757 2644 filium
773 2609 853 2643 Dei.
907 2607 1054 2641 Necesse
1075 2612 1124 2638 est
1148 2604 1256 2648 igitur

268 2668 558 2715 significationem
586 2662 748 2697 vocabuli
773 2660 971 2694 discernere
990 2669 1008 2691 a
1031 2653 1256 2702 pbilosophi-

829 85 956 122 PfflL.
983 83 1099 120 MEL.
1126 81 1334 119 SCRIPTA
1361 79 1664 119 EXEGETICA.

2172 82 2267 120 1312

1279 170 1327 204 cis
1346 169 1470 206 modis.
1521 168 1612 203 Cum
1632 169 1680 203 ait
1700 168 1848 207 Paulus,
1867 167 2047 204 iustificati
2065 168 2132 204 fide
2151 181 2269 214 pacem

1279 219 1470 259 habemus,
1513 221 1548 254 id
1575 226 1644 259 est,
1686 219 1903 253 reconciliati
1940 232 1999 253 seu
2030 222 2159 265 accepti
2191 220 2267 255 Deo

1281 279 1425 316 propter
1445 268 1627 305 Christum
1654 271 1722 304 fide
1741 282 1859 314 pacem
1881 267 2063 305 habemus.
2116 270 2163 306 Et
2184 283 2270 305 con..

1280 323 1425 356 scientia
1454 322 1491 354 in
1516 322 1653 366 magnis
1684 321 2030 355 consternationibus
2059 323 2214 365 agnoscit
2238 330 2271 357 te

1282 374 1506 408 immundum
1534 385 1625 411 esse,
1652 384 1725 405 non
1743 373 2005 416 circumspectat
2026 383 2104 406 suas
2121 374 2271 417 qualita-

1281 432 1348 463 tes,
1383 424 1474 457 sicut
1498 424 1653 458 clamitat
1675 421 1870 466 Propheta,
1907 422 2035 457 Psalm.
2064 422 2164 457 143.:
2190 423 2272 458 Non

1283 475 1530 508 iustificabitur
1549 475 1585 507 in
1604 481 1792 518 conspectu
1811 480 1871 507 tuo
1891 474 2007 506 omnis
2031 474 2174 514 vivens,
2205 475 2275 508 sci-

1283 527 1364 559 licet
1389 526 1529 569 propria
1556 526 1732 559 munditie
1757 536 1815 558 seu
1844 525 1996 568 propriis
2028 525 2274 569 qualitatibUS.

1282 576 1350 611 Sed
1369 578 1412 610 de
1430 576 1663 621 imputatione
1681 582 1800 621 postea
1819 575 1919 619 plura
1937 575 2105 611 dicemus,

1576 674 1637 709 De
1667 673 1842 709 vocabulo
1871 671 1995 710 Fidei.

1378 759 1621 794 Certissimum
1640 767 1691 794 est
1708 760 1776 793 fide
1793 760 1830 793 in
1847 756 1911 794 hac
1930 759 2090 794 doctrina
2107 773 2180 795 non
2195 768 2276 797 tan-

1285 818 1359 845 tum
1385 812 1574 854 significari
1597 811 1782 850 noticiam,
1809 823 1915 855 quam
1934 818 1966 845 et
1987 811 2122 845 diaboli
2144 820 2275 854 tenent,

1286 863 1346 896 sed
1370 862 1559 905 significari
1582 862 1688 895 simul
1707 862 1873 896 noticiam
1892 859 2079 902 historiae,
2107 870 2141 897 et
2157 875 2277 898 assen-

1287 913 1442 951 sionem,
1470 925 1537 957 qua
1558 913 1826 956 promissionem
1845 913 1910 945 tibi
1934 913 2105 957 applicas,
2134 921 2167 948 et
2186 917 2277 950 fidu-

1289 964 1379 998 ciam
1397 964 1673 1008 acquiescentem
1694 964 1729 995 in
1748 964 1940 996 mediatore
1958 970 1990 996 et
2008 964 2045 996 in
2063 964 2156 1004 Deo,
2181 966 2276 1001 iuxta

1291 1015 1579 1059 promissionem:
1607 1021 1641 1047 et
1661 1014 1708 1047 sic
1724 1014 1822 1058 loqui
1840 1013 2019 1047 Hebraeos
2037 1026 2109 1048 non
2128 1017 2276 1051 dubium

1292 1073 1362 1105 est,
1396 1066 1490 1098 iuxta
1516 1065 1605 1098 illud
1631 1065 1782 1103 dictum,
1818 1061 1947 1099 Matth.
1970 1063 2044 1100 15.:
2084 1064 2119 1100 O
2142 1068 2280 1109 mulier,

1291 1128 1416 1160 magna
1443 1123 1492 1149 est
1521 1116 1606 1149 fides
1627 1122 1701 1150 tua.
1754 1114 1801 1149 Et
1818 1115 2065 1159 complectitur
2088 1115 2174 1151 haec
2195 1119 2280 1154 fides

1292 1175 1405 1202 totum
1429 1167 1648 1213 symbolum,
1678 1167 1715 1199 in
1731 1179 1800 1211 quo
1819 1174 1851 1200 et
1869 1166 1969 1199 illum
1987 1167 2174 1202 articulum
2199 1182 2281 1214 pro-

1292 1219 1421 1259 fitetur,
1440 1217 1554 1252 Credo
1571 1218 1814 1251 remissionem
1834 1224 2068 1261 peccatorum.
2104 1218 2171 1253 Hic
2188 1222 2282 1255 enim

1293 1270 1540 1313 exprimuntur
1559 1268 1727 1302 beneficia
1752 1267 1819 1301 Dei
1841 1274 1875 1301 et
1893 1268 2116 1312 mediatoris,
2142 1272 2185 1304 de
2209 1285 2280 1317 quo

1294 1320 1432 1355 articuli
1458 1321 1703 1364 praecedentes
1730 1319 1946 1364 loquuntur,
1975 1326 2008 1353 et
2034 1318 2130 1355 hunc
2151 1323 2284 1358 articu-

1294 1372 1367 1404 lum
1394 1371 1442 1404 sic
1462 1371 1505 1403 ad
1523 1382 1597 1404 sese
1614 1370 1792 1415 applicent
1809 1370 1958 1413 singuli,
1975 1368 2091 1405 Credo
2107 1373 2286 1408 remissio-

1295 1433 1375 1454 nem
1397 1428 1617 1465 peccatorum
1635 1433 1708 1453 non
1726 1427 1862 1453 tantum
1883 1420 1961 1453 aliis
1985 1422 2084 1463 dari,
2112 1425 2171 1456 sed
2195 1423 2285 1459 mihi

1295 1484 1446 1517 quoque.
1501 1470 1596 1505 Haec
1614 1472 1698 1504 fides
1720 1477 1812 1504 recte
1836 1470 2059 1514 amplectitur
2080 1475 2286 1516 promissio-

1296 1535 1376 1555 nem
1391 1550 1399 1563 ‚
1428 1535 1495 1567 qua
1518 1523 1584 1555 tibi
1602 1522 1668 1566 ipsi
1685 1522 1799 1555 credis
1816 1519 1973 1554 exhiberi
1992 1524 2234 1558 remissionem
2252 1535 2285 1560 et

1297 1573 1644 1613 reconciliationem,
1692 1579 1732 1605 ut
1754 1570 1882 1605 Roma.
1906 1570 1941 1607 4.
1976 1573 2136 1609 adfirmat
2158 1574 2291 1611 Paulus

1297 1635 1332 1656 se
1357 1624 1400 1656 de
1427 1635 1466 1656 ea
1494 1623 1560 1656 fide
1582 1623 1705 1668 loqui,
1733 1633 1822 1667 quae
1851 1621 2121 1665 promissionem
2146 1627 2286 1672 accipit,

1297 1674 1484 1713 videlicet,
1533 1686 1600 1718 qua
1628 1673 1694 1707 tibi
1721 1672 1788 1716 ipsi
1816 1673 2085 1716 promissionem
2114 1678 2288 1721 applicas,

1299 1724 1538 1781 cumjnquit:
1569 1723 1650 1758 ldeo
1666 1736 1706 1757 ex
1728 1723 1796 1756 fide
1814 1723 1939 1767 gratis,
1968 1731 2007 1759 ut
2024 1725 2123 1760 firma
2144 1729 2189 1762 sit
2204 1742 2288 1774 pro-

1299 1787 1433 1811 mlssto.

1402 1833 1478 1867 Etsi
1497 1840 1612 1867 autem
1630 1833 1818 1877 scriptores
1838 1840 1917 1876 post
1936 1831 2128 1879 Apostolos
2146 1837 2292 1874 fuerunt

1301 1885 1594 1928 negligentiores,
1641 1892 1758 1918 tamen
1787 1884 1966 1918 interdum
2004 1886 2090 1930 quid
2118 1889 2291 1924 senserint

1300 1937 1503 1970 ostendunt.
1554 1934 1687 1981 Estque
1717 1935 1850 1968 dictum
1879 1933 2054 1969 Bernardi
2085 1940 2291 1980 tenendum,

1301 1987 1383 2033 quia
1410 1987 1651 2020 testimonium
1678 1985 1902 2030 perspicuum
1929 1993 1999 2027 est,
2034 1994 2067 2021 et
2092 1990 2136 2023 ad
2162 1991 2292 2025 confir-

1301 2039 1450 2071 mandos
1469 2038 1607 2082 aliquos
1624 2038 1778 2080 prodest.
1832 2035 1978 2070 Necesse
2006 2045 2056 2072 est
2080 2041 2194 2084 primo
2215 2055 2293 2076 om-

1304 2090 1403 2123 nium
1425 2090 1585 2127 credere,
1604 2088 1700 2133 quod
1724 2087 1965 2120 remissionem
1982 2097 2205 2133 peccatorum
2229 2091 2293 2127 ha-

1301 2141 1384 2174 bere
1408 2151 1482 2173 non
1509 2139 1638 2184 possis,
1666 2138 1736 2171 nisi
1761 2150 1822 2182 per
1840 2138 2096 2182 indulgentiam
2120 2141 2205 2184 Dei,
2233 2146 2292 2178 sed

1302 2192 1410 2229 adde,
1437 2197 1475 2224 ut
1494 2192 1614 2223 credas
1633 2196 1666 2223 et
1682 2187 1769 2230 hoc,
1804 2191 1896 2234 quod
1922 2202 1985 2234 per
2007 2191 2122 2236 ipsum
2154 2202 2292 2238 peccata

1303 2242 1370 2275 tibi
1391 2242 1584 2276 donantur.
1637 2239 1715 2274 Hoc
1735 2247 1785 2273 est
1804 2241 2064 2284 testimonium,
2092 2246 2187 2289 quod
2212 2258 2293 2290 per.

1303 2290 1402 2326 hibet
1423 2291 1577 2336 Spiritus
1601 2298 1741 2325 sanctus
1764 2291 1802 2323 in
1823 2292 1928 2324 corde
1953 2299 2034 2331 tuo,
2062 2294 2199 2329 dicens:
2227 2295 2293 2330 Di-

1303 2344 1408 2377 missa
1427 2350 1508 2376 sunt
1526 2343 1589 2376 tibi
1615 2349 1755 2387 peccata
1777 2348 1848 2378 tua.
1899 2341 1958 2376 Sic
1983 2343 2077 2377 enim
2100 2346 2292 2382 arbitratur

1304 2392 1496 2438 Apostolus
1522 2393 1642 2427 Gratis
1666 2393 1847 2427 iustificari
1880 2390 2061 2427 hominem
2094 2408 2157 2439 per
2178 2398 2291 2435 fidem.

1303 2443 1398 2477 Haec
1423 2446 1530 2478 verba
1555 2451 1672 2478 extant
1697 2444 1734 2477 in
1754 2444 1864 2489 prima
1889 2444 2059 2478 concione
2079 2448 2123 2480 de
2147 2460 2291 2483 annun-

1304 2495 1468 2529 clatione.

1407 2552 1461 2587 Sit
1478 2552 1598 2596 ‘igitur
1625 2552 1782 2587 definitio
1801 2551 1893 2586 fidei.
1937 2551 2042 2588 Fides
2059 2562 2110 2589 est
2124 2567 2294 2598 assensus,

1304 2616 1374 2649 quo
1399 2603 1645 2647 amplectimur
1674 2610 1782 2637 totam
1813 2603 2009 2638 doctrinam
2043 2619 2060 2640 a
2085 2607 2164 2641 Deo
2189 2610 2292 2642 nobis

1304 2655 1487 2696 traditam,
1505 2661 1538 2688 et
1555 2654 1592 2687 in
1610 2651 1675 2688 hac
1691 2653 1961 2699 promissionem
1982 2654 2126 2692 Gratiae
2144 2671 2295 2705 quoque,
