2415 2942
251 97 323 133 571

257 181 470 227 vagabimini
504 186 578 214 toto
612 178 696 210 orbe
728 183 897 209 terrarum
934 175 1008 208 sine
1040 174 1238 219 praesidiis,

258 235 354 268 eritis
381 234 416 265 iu
443 230 523 264 odio
548 240 619 260 non
645 227 756 259 solum
780 226 958 271 tyrannis,
985 227 1043 259 sed
1063 226 1165 258 etiam
1183 236 1237 258 sa-

258 284 444 330 pientibus.
512 279 660 312 'l'alcsne
699 288 840 309 errones
875 283 1014 319 possent
1047 274 1239 309 Ecclesiam

259 332 445 375 colligere?
505 329 580 362 Iino
612 327 743 372 iuquit:
778 326 896 359 Labor
927 334 1038 360 vester
1069 338 1142 359 non
1174 326 1241 360 erit

260 384 384 422 inanis,
409 388 442 415 et
460 379 700 414 defensionem
721 375 910 410 habebitis:
942 377 1067 410 Petetis
1088 377 1183 410 enim
1203 377 1240 408 in

261 434 405 467 nomine
423 443 514 471 inea,
543 430 578 463 id
596 436 663 469 est,
691 427 815 461 fiducia
834 428 919 468 mei,
948 439 1055 472 quare
1071 435 1163 461 certo
1179 438 1241 461 vos

259 491 358 530 pater
375 482 553 521 exaudiet,
580 479 750 519 servabit,
775 478 938 512 desendet
955 486 987 512 et
1006 479 1150 513 iuvabit.

363 559 431 593 Sed
464 569 526 591 cur
550 556 664 589 addit:
701 554 781 587 Non
807 554 885 587 dico
910 554 1028 595 vobis,
1062 555 1156 599 quod
1181 565 1243 597 ego

261 617 445 653 rogaturus
467 608 531 641 sim
556 613 688 649 patrem
715 617 776 648 pro
802 605 918 645 vobis,
946 606 1018 648 ipse
1039 605 1130 638 enim
1148 611 1245 648 pater

263 661 379 703 diligit
405 671 476 693 vos.
530 657 606 690 Hoc
631 656 762 689 dictum
787 667 923 689 necesse
947 662 995 688 est
1014 655 1117 688 leniri
1138 655 1245 688 inter-

264 711 478 756 pretatione,
504 708 585 754 quia
612 706 837 751 praecipuum
859 713 891 739 et
916 706 1097 749 proprium
1115 703 1244 739 Christi

265 762 420 795 officium
443 766 509 799 est,
544 769 614 791 esse
637 757 869 795 sacerdotem,
896 763 929 789 et
952 768 1013 799 pro
1035 756 1138 788 nobis
1161 755 1246 788 assi·
1271 771 1273 797 χ

265 814 334 845 dne
357 809 555 854 deprecari,
583 808 671 841 sicut
694 818 793 850 saepe
815 807 981 850 scriptum
1006 812 1057 839 est
1080 807 1121 838 ad
1142 804 1245 839 Rom.
1272 833 1274 837 ,

265 863 319 897 9.;
351 862 422 905 Qui
448 867 497 893 est
521 860 563 891 ad
588 859 743 891 dextram
769 857 897 900 patris,
926 863 959 889 et
983 856 1167 889 intercedit
1183 868 1245 900 pro

266 912 379 946 nobis.
447 909 574 943 Facilis
606 914 654 940 est
686 913 800 939 autem
832 906 1032 950 explicatio,
1067 907 1186 939 dextre
1215 912 1247 938 et

265 975 337 996 nou
362 960 576 995 calumniose
598 956 779 990 iudicanti.
832 954 997 990 Occurrit
1014 954 1173 990 Christus
1192 957 1247 988 in-

266 1012 360 1056 genti
391 1009 623 1043 imbecillitati
654 1005 859 1045 hominum,
892 1008 951 1052 qui
985 1007 1186 1050 praesertim
1210 1007 1247 1038 in

267 1062 403 1106 maguis
427 1061 610 1094 doloribus
632 1059 807 1091 intuentes
827 1068 888 1090 sua
912 1064 1067 1101 peccata,
1096 1069 1168 1089 non
1186 1069 1248 1089 au-

268 1116 353 1148 dent
373 1113 415 1146 ad
436 1111 550 1144 Deum
577 1110 758 1149 accedere,
785 1120 857 1141 non
877 1109 1006 1141 audent
1027 1115 1161 1152 petere,
1190 1113 1249 1140 aut

269 1170 448 1208 expectare
481 1160 669 1199 auxilium,
709 1165 768 1192 aut
801 1159 1054 1201 mitigationem
1090 1158 1249 1190 miseria-

269 1227 361 1249 rum.
416 1212 516 1245 Hanc
540 1209 807 1254 trepidationem
835 1216 867 1242 et
890 1210 1005 1251 sugam
1024 1206 1250 1252 reprehendit

269 1263 449 1302 Christus,
477 1269 510 1296 et
524 1258 669 1295 retrahit
687 1272 750 1293 nos
766 1260 965 1293 dubitantes
980 1261 1021 1292 ad
1039 1271 1120 1294 sese.
1175 1258 1249 1291 Imo

269 1315 400 1361 inquit:
432 1313 512 1346 Non
537 1312 630 1345 solus
653 1311 779 1350 orabo,
805 1311 852 1343 sic
878 1311 1051 1343 intellecta
1075 1309 1251 1342 exclusiva

269 1378 351 1399 vera
370 1371 437 1402 est,
466 1364 500 1396 id
518 1369 588 1402 est,
615 1361 694 1394 volo
713 1372 773 1393 vos
790 1360 882 1403 ipsos
902 1372 1035 1392 mecum
1056 1361 1096 1392 ad
1120 1366 1250 1402 patrem

271 1417 452 1454 accedere,
479 1425 540 1456 ego
558 1419 670 1445 vester
688 1412 846 1444 sacerdos
865 1411 1006 1455 praeibo
1028 1410 1146 1449 vobis,
1172 1421 1252 1450 per-

271 1468 380 1500 feram
413 1471 525 1497 vestra
556 1469 635 1496 vota
661 1463 703 1494 ad
727 1469 876 1505 patrem,
911 1462 967 1493 sed
992 1467 1108 1494 tamen
1133 1467 1165 1492 et
1192 1471 1253 1492 vos

272 1516 405 1562 precari
431 1515 529 1554 volo,
556 1525 620 1546 nec
642 1513 812 1545 deterreat
835 1523 896 1544 vos
915 1520 1118 1555 conspectus
1140 1511 1254 1542 imbe-

272 1567 426 1601 cillitatis
453 1571 604 1602 vestrae,
638 1563 701 1596 etsi
727 1562 820 1595 enim
845 1562 974 1594 infirmi
1001 1562 1102 1602 estis,
1138 1568 1254 1593 tamen

271 1618 386 1660 diligit
418 1627 477 1648 vos
510 1621 606 1658 pater
631 1625 712 1646 vero
737 1619 769 1646 et
796 1619 942 1656 paterno
967 1624 1085 1645 amore
1112 1618 1255 1656 propter

270 1680 345 1710 me,
372 1674 410 1702 ut
427 1666 582 1699 membra
599 1675 687 1699 mea.

513 1764 614 1813 Quia
639 1776 692 1798 me
716 1761 922 1804 dilexistis,
950 1767 1010 1799 etc.

375 1842 530 1888 Exponit
559 1853 719 1880 causam,
753 1852 861 1885 quare
885 1840 1078 1881 diligantur
1100 1851 1118 1872 a
1147 1847 1256 1883 patre,

273 1896 354 1942 quia
385 1894 518 1940 inquit:
554 1891 615 1925 Me
645 1891 816 1925 dilexistis
842 1897 875 1924 et
906 1890 1122 1931 credidistis,
1159 1892 1253 1935 quod

273 1959 335 1990 ego
359 1958 377 1979 a
404 1953 500 1988 patre
526 1943 561 1975 in
586 1941 679 1975 hunc
701 1943 873 1974 mundum
897 1940 1022 1973 missus
1048 1941 1125 1973 sim,
1186 1940 1255 1973 Hic

274 1995 339 2030 hae
370 1997 459 2029 duae
482 1993 674 2028 sententiae
698 1993 946 2032 observentur,
974 2003 1121 2036 quarum
1147 1991 1253 2024 altera

275 2046 475 2092 saepissime
500 2044 643 2087 repetita
664 2050 711 2075 est
726 2069 733 2083 ,
761 2042 860 2084 diligi
880 2043 1005 2075 electos
1021 2054 1091 2074 non
1110 2049 1254 2085 propter

273 2097 453 2142 propriam
475 2095 699 2138 dignitatem,
722 2094 779 2125 sed
805 2093 886 2137 quia
915 2093 980 2124 fide
1001 2092 1152 2134 copulati
1172 2097 1253 2124 sunt

274 2147 432 2186 Christo,
466 2146 555 2179 sicut
581 2145 624 2177 ad
647 2141 777 2186 Ephes.
796 2145 828 2176 1.
856 2143 1000 2175 dicitur:
1030 2142 1165 2174 Dilexit
1190 2152 1253 2174 nos

272 2206 415 2243 propter
445 2197 624 2231 dilectum.
692 2193 854 2227 Secundo
889 2199 1066 2225 teneamus
1099 2189 1165 2224 hoc
1196 2191 1252 2223 di-

274 2256 385 2289 ctum,
417 2254 456 2282 ut
487 2243 742 2280 tentationibus
773 2244 816 2276 de
847 2243 1016 2276 electione
1042 2248 1251 2285 opponatur,

275 2300 311 2332 in
341 2299 468 2344 quibus
493 2297 673 2340 angimur,
709 2301 826 2328 utrum
852 2293 960 2326 simus
983 2292 1102 2332 electi,
1135 2299 1167 2326 et
1189 2304 1252 2325 cur

274 2350 448 2392 eligantur
476 2345 654 2380 homines:
695 2356 785 2385 una,
818 2344 964 2387 simplex
990 2350 1023 2376 et
1052 2343 1167 2376 brevis
1197 2355 1251 2375 re-

275 2400 415 2443 sponsio
438 2397 520 2431 haec
543 2397 607 2437 sit,
633 2407 721 2441 quae
745 2395 780 2427 in
806 2394 875 2427 illis
901 2393 1064 2427 fluctibus
1086 2393 1250 2427 tentatio-

273 2463 359 2485 num
378 2458 504 2482 ancora
522 2447 565 2480 sit
583 2445 811 2489 periclitantis
828 2445 984 2478 animae:
1012 2443 1105 2487 Quia
1123 2456 1178 2477 me
1195 2444 1251 2477 di-

273 2500 404 2534 lexistis
434 2506 466 2532 et
492 2497 708 2536 credidistis,
742 2496 836 2541 qnod
860 2507 878 2528 a
903 2502 999 2539 patre
1021 2495 1146 2527 missus
1172 2494 1250 2529 sim.

271 2548 433 2586 Retrahit
463 2559 527 2582 nos
559 2545 640 2580 haec
672 2558 735 2579 vox
754 2547 796 2579 ad
815 2544 994 2579 Christum
1019 2551 1052 2579 et
1069 2546 1113 2578 ad
1131 2543 1250 2578 Evan-

270 2602 419 2645 gelium,
446 2606 480 2634 et
503 2598 652 2631 affirmat
677 2596 722 2629 ita
747 2597 846 2639 diligi
871 2607 1010 2636 omnes,
1038 2596 1065 2628 si
1090 2595 1156 2640 ipsi
1175 2607 1250 2628 am-

269 2653 466 2697 plectantur
490 2659 570 2683 vera
595 2646 664 2682 fide
685 2646 939 2691 Evangelium,
965 2653 998 2680 et
1023 2644 1117 2681 hunc
1134 2645 1249 2680 Deum

824 90 948 125 PfflL.
976 89 1090 125 MEL.
1119 89 1326 126 SCRlPTA
1355 91 1650 130 EXEGETICA.

2188 96 2264 132 372

1290 177 1474 218 invocent,
1503 179 1616 224 quise
1640 179 1675 211 in
1692 178 1883 223 Evangelio
1908 183 2084 225 patefecit,
2117 188 2148 216 et
2173 181 2270 215 misit

1289 228 1400 263 filium
1418 241 1530 264 suum.
1582 229 1661 262 Non
1681 230 1755 263 vult
1774 242 1838 263 nos
1853 232 1937 265 alias
1952 244 2070 266 causas
2089 232 2270 265 electionis

1291 287 1383 313 extra
1404 281 1548 313 verbum
1566 280 1653 320 Dei,
1680 287 1711 313 et
1730 280 1859 313 omisso
1883 282 1975 322 filio,
1999 295 2187 327 quaerere,
2210 283 2269 314 scil

1292 330 1497 374 simpliciter
1511 330 1668 373 alligavit
1682 328 1874 363 Ecclesiam
1891 333 1933 364 ad
1951 330 2016 365 hoc
2032 346 2140 366 unum
2159 340 2272 374 capnt,

1293 381 1433 419 scilicet,
1461 381 1503 414 ad
1518 379 1714 414 Christum.
1765 379 1833 414 Hic
1848 384 2101 425 agnoscendus,
2123 383 2272 417 audien-

1268 466 1270 479 ι
1294 433 1376 471 dus,
1404 439 1435 464 ct
1453 432 1518 464 lide
1535 431 1797 475 amplectendus
1813 438 1872 465 est.
1915 431 1953 466 Si
1969 444 2071 475 agens
2090 434 2274 476 poeniten-

1295 482 1396 523 tiam,
1431 482 1542 515 crcdit
1564 493 1599 514 se
1624 488 1768 526 propter
1786 480 1881 515 hunc
1905 483 2129 516 mediatorem
2153 483 2272 526 recipi,

1269 549 1272 576 1
1297 539 1327 565 et
1348 533 1385 564 in
1404 530 1466 564 hac
1484 532 1550 565 fide
1567 533 1709 566 tandem
1727 539 1944 576 perseverat,
1970 533 2045 567 sine
2068 533 2140 566 ulla
2165 533 2271 566 dubi-

1270 578 1271 591 *
1297 583 1428 616 tatione
1454 583 1583 616 electus
1614 589 1675 616 est.
1736 582 1884 625 QuotIes
1907 583 2014 626 igitur
2037 584 2080 617 de
2105 583 2275 617 electione

1269 647 1273 663 ν
1297 634 1479 676 angimur,
1507 633 1642 666 reiectis
1665 633 1743 666 aliis
1767 634 2085 678 disputationibus,
2122 645 2210 679 quae
2234 645 2275 667 ex

1271 691 1273 725 ζ
1298 683 1450 717 humana
1469 684 1622 724 ratione,
1648 690 1709 718 aut
1723 696 1762 716 ex
1777 684 1850 726 lege
1868 693 2066 725 sumuntur,
2093 685 2276 717 redeamus

1272 744 1273 765 l
1298 736 1340 767 ad
1361 732 1425 767 hoc
1442 735 1590 767 dictum:
1621 733 1702 767 Ideo
1718 746 1838 767 sumus
1859 734 1959 767 electi
1978 742 2012 769 et
2027 735 2167 779 recepti,
2194 734 2276 779 quia

1735 784 1835 818 Hanc
1859 785 2132 818 consolationem
2157 792 2277 819 tenea-

1272 853 1274 894 *
1298 847 1396 874 mus,
1431 842 1462 868 et
1488 846 1706 879 opponamus
1733 835 1810 868 aliis
1834 836 1954 869 multis
1978 835 2278 869 inextricabilibus

1272 896 1274 914 i
1299 883 1527 930 labyrinthis,
1554 885 1614 930 qui
1633 885 1928 930 pavidas‘mentes
1947 898 2020 919 non
2046 893 2189 926 sanant,
2217 886 2278 919 sed

1300 937 1416 979 potius
1433 942 1603 972 evertunt.

1272 799 1273 814 i
1299 785 1474 818 credimus
1491 785 1526 817 in
1551 785 1673 818 filium.

1462 1024 1512 1059 In
1532 1023 1669 1059 mundo
1691 1036 1901 1073 pressuram
1925 1023 2121 1063 habebitis.

1399 1100 1439 1133 ln
1474 1101 1541 1133 tine
1572 1099 1876 1144 interpellantibus
1906 1100 2086 1145 discipulis
2113 1102 2283 1146 praedicit

1303 1162 1423 1184 eorum
1444 1151 1732 1193 trepidationem,
1758 1157 1791 1184 et
1817 1162 1938 1184 rursus
1961 1151 2060 1185 addit
2083 1153 2281 1194 generalem

1303 1202 1675 1235 commonefactionem
1698 1201 1742 1234 de
1771 1212 1891 1241 cruce,
1927 1208 1960 1236 et
1986 1202 2280 1237 consolationem:

1306 1252 1345 1285 In
1365 1253 1497 1285 mundo
1515 1252 1742 1285 afflictionem
1763 1248 1956 1292 habebitis,
1991 1249 2076 1285 haec
2100 1254 2204 1286 verba
2227 1265 2283 1286 re·-

1305 1304 1418 1336 sutant
1450 1302 1730 1347 persuasionem,
1769 1313 1858 1346 quae
1885 1303 1930 1335 de
1957 1313 2065 1344 regno
2100 1304 2282 1338 mundano

1305 1353 1453 1386 Messiae
1476 1354 1579 1385 infixa
1595 1359 1667 1385 erat
1692 1351 1824 1385 Iudaici
1847 1353 1968 1396 populi
1994 1353 2137 1386 animis:
2163 1352 2284 1399 Depo-

1307 1403 1400 1443 nite‚
1427 1403 1560 1447 inquit,
1583 1413 1758 1440 errorem,
1785 1403 1930 1436 servabo
1949 1415 2021 1443 vos,
2049 1403 2222 1446 colligam,
2250 1411 2285 1439 et

1306 1455 1450 1487 servabo
1468 1450 1554 1485 mihi
1573 1451 1764 1485 Ecclesiam
1782 1452 1818 1484 in
1836 1449 1902 1486 hoc
1916 1454 2048 1486 mundo
2061 1480 2070 1493 ‚
2097 1454 2284 1489 saevienti-

1306 1505 1372 1537 bus
1394 1505 1552 1545 regibus,
1585 1510 1618 1537 et
1642 1502 1769 1546 passim
1794 1503 2091 1537 tumultuantibus
2113 1503 2284 1548 imperiis,

1307 1555 1343 1587 in
1374 1555 1501 1599 quibus
1527 1553 1677 1586 ministri
1699 1551 1884 1596 Evangelii
1914 1560 1946 1587 et
1965 1553 2118 1587 Ecclesia
2141 1566 2286 1598 magnas

1307 1617 1491 1638 aerumnas
1508 1604 1667 1637 sentient.
1720 1603 1789 1637 Sed
1807 1615 1867 1637 vos
1890 1616 1961 1636 non
1979 1604 2189 1647 srangamini
2207 1605 2286 1638 ani-

1309 1656 1392 1695 mis,
1419 1667 1490 1688 non
1516 1660 1632 1697 putate
1647 1664 1709 1686 vos
1726 1665 1745 1685 a
1768 1665 1824 1686 me
1849 1654 2023 1697 neglectos
2047 1661 2107 1687 aut
2129 1655 2286 1689 desertos

1309 1718 1389 1739 esse.
1435 1705 1607 1738 promitto
1630 1703 1731 1737 vobis
1751 1703 1920 1736 auxilium
1935 1711 1969 1737 et
1984 1703 2176 1746 victoriam,
2201 1706 2284 1750 quia

1309 1769 1370 1799 ego
1392 1757 1456 1789 vici
1472 1755 1666 1795 mundum,
1693 1754 1727 1787 id
1745 1760 1813 1794 est,
1840 1765 1901 1797 ego
1918 1754 2019 1795 veni,
2045 1761 2084 1788 ut
2107 1756 2285 1789 destruam

1308 1819 1412 1850 opera
1430 1805 1576 1845 diaboli,
1604 1805 1717 1838 delevi
1737 1810 1913 1848 peccatum
1937 1812 1969 1838 et
1989 1811 2148 1841 mortem.
2184 1805 2284 1841 Dabo

1308 1858 1407 1891 vobis
1439 1856 1610 1901 Spiritum
1645 1862 1822 1895 sanctum,
1862 1861 1900 1888 ut
1931 1855 2084 1898 perferre
2117 1857 2287 1900 supplicia

1308 1908 1464 1952 possitis,
1488 1913 1520 1940 et
1537 1906 1665 1939 multos
1680 1906 1815 1938 furores
1841 1903 1996 1939 hostium
2014 1912 2210 1939 vestrorum
2230 1919 2285 1940 re-

1308 1959 1468 2001 primam.
1523 1957 1687 2001 Denique
1711 1956 1845 1988 ornabo
1863 1967 1924 1988 vos
1942 1961 2080 1988 aeterna
2098 1956 2186 1998 vita,
2213 1957 2286 1990 lae—

1307 2009 1380 2043 titia
1408 2015 1440 2041 et
1465 2007 1573 2049 gloria
1601 2007 1637 2038 in
1663 2005 1916 2039 consuetudine
1930 2004 2008 2040 Dei.
2060 2005 2161 2039 Hanc
2184 2019 2286 2051 prae-

1306 2060 1444 2100 cipuam
1471 2057 1749 2090 consolationem
1780 2056 1817 2088 in
1847 2056 1915 2088 fine
1939 2056 2118 2099 repetivit,
2149 2056 2187 2090 in
2216 2069 2286 2103 qua

1305 2121 1383 2142 cum
1422 2107 1646 2151 praedixisset
1675 2117 1880 2147 aerumnas,
1911 2106 2047 2140 addidit
2078 2107 2149 2140 duo
2182 2119 2286 2151 argu-

1306 2167 1442 2199 menta,
1476 2170 1565 2203 quae
1585 2152 1739 2190 maxime·
1754 2157 1964 2191 confirmant
1990 2157 2144 2196 animos,
2179 2159 2285 2203 polli-

1305 2217 1401 2242 cetur
1440 2209 1629 2250 auxilinm,
1673 2214 1706 2241 et
1736 2207 1911 2252 promittit
1948 2207 2192 2242 liberationem
2225 2220 2284 2243 ae-

1305 2267 1450 2295 ternam.

1638 2373 1773 2426 Caput
1817 2372 1960 2414 XVII.

1555 2464 1657 2499 Haec
1681 2462 1823 2497 locutus
1849 2466 1899 2496 est
1917 2459 2034 2497 Iesus.

1416 2542 1550 2576 Tribus
1579 2540 1819 2586 superioribus
1851 2538 2025 2583 capitibus
2058 2538 2286 2574 concionatus

1303 2599 1352 2627 est
1375 2594 1417 2626 ad
1441 2592 1647 2637 Apostolos,
1688 2592 1731 2623 de
1765 2589 1961 2624 ministerio
1994 2587 2197 2634 Evangelii,
2239 2592 2284 2623 de

1303 2656 1438 2678 summa
1455 2643 1634 2678 doctrinae
1650 2640 1853 2685 Evangelii,
1879 2641 1922 2675 de
1941 2640 2107 2675 missione
2123 2640 2277 2686 Spiritus
