2415 2942
153 90 252 129 1385
344 91 445 128 XIII.

152 180 366 214 seditionum
381 206 389 219 ,
414 191 459 212 ne
475 178 668 213 Ecclesiam
687 179 880 215 dilacerent
907 178 1148 228 zoyoaaxlmg

152 239 213 266 aut
229 231 307 264 aliis
324 242 398 264 non
417 231 622 264 necessariis
638 231 735 264 rixis.
789 230 840 265 Ita
858 240 979 266 contra
999 233 1145 266 stultum

152 284 286 322 zelum,
329 289 451 316 contra
487 282 707 326 superbiam,
753 290 874 317 contra
916 284 1143 328 cupiditatem

151 335 348 374 vindictae,
389 340 511 367 contra
539 331 927 382 πολυπραγμοσύνην,
966 341 1000 369 et
1022 342 1144 369 contra

151 385 383 430 petulantiam
401 386 563 419 nominat
580 385 744 430 spiritum
773 387 983 427 modestiae,
1019 387 1055 420 id
1083 394 1145 428 est,

151 436 315 481 spiritum
341 444 610 480 compescenten
636 444 667 471 et
688 437 931 472 moderantem
956 438 1144 471 inordina-

150 495 203 521 tos
222 487 386 531 impetus.

256 538 440 572 Caeterum
465 545 590 572 notum
616 545 668 573 est
689 539 727 572 in
753 551 916 573 sermone
948 541 1143 584 apostolico

151 590 324 623 vocabulo
357 587 605 637 σωφροσύνης
635 589 890 635 comprehendi
925 593 1144 632 modestiam,

150 643 419 686 temperantiam
439 649 472 675 et
489 643 695 676 castitatem.
731 641 818 675 Item
839 655 916 676 cum
942 644 1074 677 dictum
1101 644 1144 677 sit

149 694 193 726 de
219 693 429 734 virtutibus,
466 706 556 739 quae
587 694 625 726 in
651 694 830 727 conversis
858 696 1099 728 accenduntur
1124 706 1142 727 a

150 743 285 788 Spiritu
306 752 446 786 sancto,
475 746 664 789 repetenda
684 751 733 778 est
751 752 783 778 et
800 746 998 779 admonitio
1016 746 1059 779 de
1078 747 1142 778 do-

151 797 263 829 ctrina
301 796 570 830 iustificationis,
639 794 853 841 Quanquam
891 797 928 829 in
964 797 1142 830 conversis

150 847 385 881 certissimum
404 854 453 880 est
470 859 543 880 esse
559 847 734 891 Spiritum
752 855 930 888 sanctum,
959 860 1063 893 quem
1080 860 1142 892 pa-

149 906 202 932 ter
220 906 252 932 et
270 899 364 931 filius
383 899 419 931 in
437 899 543 932 corda
570 910 694 932 eorum
720 899 878 942 spirant,
913 906 945 933 et
971 899 1141 932 obedien-

147 951 197 984 tia
214 950 251 982 in
272 949 319 982 eis
337 951 475 983 incoata
501 957 566 983 est:
604 956 719 983 tamen
746 957 896 984 statuere
922 951 1070 989 debent,
1106 962 1140 984 se

148 1013 222 1035 non
243 1001 302 1034 illa
320 1001 479 1034 novitate
497 1001 607 1034 iustos
625 1012 717 1041 esse,
746 1001 782 1034 id
801 1009 868 1043 est,
890 999 1063 1035 habentes
1085 1014 1141 1034 re-

148 1052 353 1086 missionem
384 1060 626 1096 peccatorum,
662 1059 695 1086 et
729 1060 889 1097 acceptos
919 1065 992 1087 esse
1016 1054 1059 1086 ad
1088 1054 1140 1086 vi-

147 1111 219 1137 tam
253 1110 452 1143 aeternam,
498 1104 558 1137 sed
584 1111 727 1148 propter
763 1105 994 1138 mediatorem
1027 1105 1140 1137 filium

145 1155 234 1196 Dei,
262 1155 362 1188 cuius
378 1154 503 1189 merito
523 1156 653 1198 placata
681 1162 731 1189 est
753 1155 804 1188 ira
829 1154 912 1195 Dei,
947 1163 980 1190 et
1003 1157 1063 1201 qui
1090 1163 1140 1189 est

147 1213 339 1251 perpetuus
357 1206 586 1244 intercessor,
616 1207 716 1240 cuius
734 1207 857 1241 merita
877 1208 981 1241 nobis
999 1209 1140 1241 donan-

148 1266 225 1299 tur,
252 1265 291 1291 nt
309 1258 507 1301 imputetur
523 1259 627 1291 nobis
646 1259 794 1293 iusticia.
849 1257 955 1292 Hunc
967 1259 1138 1292 mediato-

145 1322 220 1343 rem
237 1310 305 1342 fide
322 1306 541 1353 apprehendi
559 1317 715 1354 oportet,
737 1316 769 1343 et
787 1310 930 1343 retineri
946 1307 1037 1343 hanc
1057 1323 1138 1354 per-

146 1368 288 1406 petuam
314 1361 612 1401 consolationem,
649 1362 744 1406 quod
770 1368 915 1405 propter
939 1359 1035 1395 hunc
1064 1374 1138 1394 me-

146 1413 318 1446 diatorem
335 1412 555 1456 placeamus,
591 1424 664 1445 non
685 1419 829 1455 propter
852 1419 1008 1445 nostram
1034 1413 1136 1445 novi-

144 1471 250 1498 tatem
263 1491 270 1505 ,
288 1475 367 1496 cum
389 1475 456 1508 qua
473 1464 624 1497 multum
646 1461 763 1496 adhuc
780 1464 940 1496 sordium
961 1470 1022 1502 est,
1040 1464 1136 1496 iuxta

144 1515 279 1549 dictum
305 1513 436 1547 Psalmi
465 1512 565 1549 143.;
608 1513 690 1548 Non
714 1515 964 1548 iustificabitur
988 1516 1024 1548 in
1052 1527 1136 1547 con-

145 1573 266 1611 spectu
282 1572 342 1599 tuo
365 1565 482 1598 omnis
507 1567 650 1604 vivens,
686 1565 819 1599 scilicet
846 1566 990 1609 propria
1018 1566 1135 1609 digni—

144 1625 214 1652 tate
245 1629 306 1650 seu
339 1616 588 1662 qualitatibus,
631 1617 690 1649 sed
720 1616 898 1650 iustificati
923 1617 990 1650 fide
1016 1629 1135 1662 pacem

146 1668 329 1703 habemus.

247 1719 354 1763 Quod
380 1725 497 1752 autem
524 1718 635 1763 aliqui
658 1718 800 1759 dicunt,
841 1730 906 1752 nos
929 1730 1001 1752 esse
1026 1718 1135 1752 iustos

142 1770 406 1806 inhabitatione
427 1770 645 1811 divinitatis,
679 1771 860 1803 sciendum
887 1778 954 1809 est,
991 1767 1134 1803 inhabi-

144 1825 314 1859 tationem
333 1834 405 1856 esse
422 1821 644 1855 effectionem
664 1821 844 1857 novitatis,
883 1821 981 1855 Haec
997 1821 1133 1855 effectio

144 1877 192 1910 ita
218 1876 274 1915 fit,
316 1887 395 1907 cum
422 1884 484 1906 cor
508 1874 606 1917 prius
629 1871 865 1917 apprehendit
890 1873 1134 1906 remissionem

143 1934 366 1976 peccatorum
385 1932 417 1959 et
434 1925 735 1965 consolationem,
769 1925 910 1958 intuens
936 1925 973 1957 in
999 1925 1134 1958 media-

143 1987 257 2013 torem
276 1977 409 2011 Filium
429 1973 525 2017 Dei,
559 1983 591 2009 et
617 1983 774 2009 statuens
800 1983 833 2009 te
859 1983 1004 2020 propter
1031 1976 1133 2009 illum

142 2031 375 2064 mediatorem
393 2026 524 2061 habere
542 2028 804 2068 remissionem,
839 2034 870 2060 et
896 2028 1027 2061 iustum
1052 2039 1135 2069 esse,

143 2083 178 2115 id
199 2088 268 2122 est,
297 2081 495 2124 placentem
513 2077 613 2119 Deo,
642 2091 715 2112 non
742 2086 884 2123 propter
912 2079 1133 2112 effectionem

142 2133 313 2167 novitatis
333 2138 392 2165 aut
409 2131 613 2165 novitatem.
668 2130 721 2165 Ita
737 2137 855 2164 manet
870 2142 951 2163 vera
970 2131 1133 2175 proposi-

143 2185 209 2219 tio:
244 2183 377 2217 Paulus
394 2194 585 2216 conversus
609 2180 716 2217 habet
739 2182 985 2215 remissionem
1011 2194 1133 2226 pecca-

142 2244 283 2277 torum,
310 2241 343 2268 et
361 2241 412 2268 est
430 2235 563 2274 iustus,
598 2234 634 2267 id
660 2241 730 2273 est,
764 2240 926 2278 acceptus
942 2231 1025 2266 Deo
1049 2246 1134 2278 pro-

141 2296 219 2334 pter
236 2287 399 2320 meritum
416 2283 570 2327 Christi,
605 2297 664 2319 seu
691 2291 835 2330 propter
858 2285 1132 2329 propiciatorem

143 2340 216 2374 sola
239 2339 327 2378 fide,
370 2338 465 2371 iuxta
494 2337 600 2370 illud:
637 2336 753 2380 Quem
778 2337 895 2381 posuit
919 2336 1132 2380 propiciato-

143 2403 217 2424 rem
237 2402 299 2435 per
315 2389 442 2429 fidem,
479 2401 541 2433 per
558 2389 764 2432 sanguinem
790 2388 876 2423 eius.
927 2386 1023 2421 Haec
1047 2400 1132 2421 con-

144 2442 269 2476 solatio
286 2453 425 2485 semper
441 2441 484 2474 sit
501 2441 539 2473 in
557 2447 765 2484 conspectu,
800 2451 868 2484 qua
897 2450 976 2472 cum
1002 2450 1132 2482 regun-

144 2502 202 2528 tur
220 2493 345 2530 corda,
371 2492 477 2525 simul
496 2492 534 2525 fit
551 2492 761 2529 vivificatio,
791 2497 823 2523 et
840 2491 929 2523 illud
955 2492 1050 2535 quod
1077 2491 1132 2523 di-

143 2546 234 2579 citur
252 2541 423 2577 Iohannis
440 2544 577 2576 decimo
593 2550 736 2588 quarto:
765 2541 959 2575 Veniemus
977 2543 1020 2574 ad
1040 2553 1131 2580 eum,

142 2604 176 2631 et
194 2595 413 2629 mansionem
434 2595 526 2639 apud
553 2607 632 2628 eum
655 2594 835 2628 faciemus.

143 2655 258 2681 tamen
292 2652 342 2679 est
372 2646 567 2680 consolatio
599 2658 616 2680 a
647 2645 826 2688 novitate,
862 2646 945 2692 quia
980 2645 1017 2677 in
1048 2656 1131 2678 vero

143 2711 254 2743 agone
271 2697 447 2732 cernimus
466 2704 585 2732 nostra
604 2704 742 2742 peccata
756 2724 763 2738 ,
791 2704 822 2729 et
848 2697 935 2730 iram
953 2694 1039 2736 Dei,
1068 2708 1132 2730 nec

502 91 537 127 7.
565 90 866 129 ENARRATIO
894 92 1051 131 EPIST.
1079 89 1340 129 SECUNDAE
1368 90 1436 128 AD
1463 91 1791 132 TIMOTHEUM.
1841 93 1944 131 CAP.
1973 96 2000 134 Ι.

2102 99 2199 134 1386

1203 185 1316 223 potest
1333 180 1399 213 niti
1422 180 1571 222 iusticia,
1597 188 1718 216 nostra
1737 181 1917 226 novitate,
1945 182 2039 218 iuxta
2059 184 2121 218 illa
2140 186 2195 218 di-

1201 238 1252 265 cta
1271 229 1385 265 Exodi
1405 231 1482 265 34:
1511 232 1638 267 Coram
1664 240 1697 267 te
1724 234 1894 268 innocens
1917 246 1989 268 non
2014 243 2064 269 est
2088 236 2194 269 inno-

1199 294 1290 316 cenS.
1346 282 1430 317 Item
1457 283 1532 318 Iob.
1561 297 1676 319 nono:
1714 285 1805 319 Vere
1821 286 1910 325 scio,
1948 289 2043 332 quod
2061 299 2134 320 non
2152 288 2195 321 sit

1199 333 1312 368 iustus
1331 331 1438 368 homo
1460 348 1577 369 coram
1595 336 1682 373 Deo.

1197 433 1256 471 Ne
1289 435 1407 482 igilur
1429 442 1460 471 te
1483 435 1622 485 pudeat
1649 437 1853 473 testimonii
1874 437 2038 474 Domini
2061 442 2191 478 nostri.

1300 504 1398 539 Dixit
1429 507 1550 540 datum
1588 518 1661 540 esse
1687 508 1853 551 spiritum
1880 521 1951 543 non
1976 510 2189 547 timiditatis,

1198 557 1256 590 sed
1290 557 1462 590 efficacem
1485 558 1523 590 in
1547 559 1809 597 consolatione,
1845 567 1877 593 et
1902 568 2121 595 constantem
2150 563 2189 595 in

1198 608 1428 642 confessione.
1476 608 1580 641 Nunc
1596 610 1697 643 addit
1714 608 1999 644 adhortationem
2018 619 2189 658 tanquam

1198 671 1427 704 consequens.
1482 658 1578 702 Ergo
1607 667 1678 693 esto
1704 668 1868 694 constans
1893 663 1929 695 in
1956 664 2187 705 confessione,

1198 722 1270 742 non
1304 711 1434 753 pudeat
1465 720 1497 745 te
1525 711 1739 750 testimonii,
1776 713 1813 745 id
1839 720 1907 752 est,
1944 715 2187 753 confessionis,

1198 773 1268 793 non
1287 761 1458 804 frangaris
1475 762 1588 806 specie
1613 763 1744 802 crucis,
1781 770 1814 796 et
1833 771 1976 798 econtra
2000 767 2189 800 autoritate

1196 819 1228 845 et
1245 812 1415 855 sapientia
1434 813 1698 846 adversantium
1711 839 1719 852 ,
1745 814 1835 847 sicut
1852 815 1937 848 alibi
1957 815 2073 860 inquit
2089 818 2104 850 1
2118 816 2188 850 Co—

1195 861 1305 898 rinth.
1325 862 1376 898 9.:
1415 864 1496 898 Non
1522 866 1630 908 pudet
1654 877 1709 898 me
1736 864 1934 908 Evangelii.
1989 866 2088 902 Sicut
2112 881 2188 901 ma-

1195 915 1362 948 nifestum
1384 922 1452 955 est,
1481 917 1684 949 moderatae
1709 924 1857 950 naturae
1882 918 2060 961 ingentem
2085 919 2188 952 dolo-

1195 979 1266 999 rem
1287 978 1377 1005 esse,
1407 975 1497 1001 stare
1515 968 1607 1001 inter
1625 979 1752 1010 paucos
1772 974 1803 1001 et
1827 976 1982 1012 spretos,
2016 977 2049 1003 et
2072 970 2187 1003 videri

1194 1018 1300 1051 stulte
1318 1026 1375 1051 aut
1395 1019 1594 1062 petulanter
1617 1019 1795 1052 adversari
1823 1032 2042 1054 summorum
2069 1019 2187 1054 homi-

1195 1082 1301 1108 num,
1329 1070 1389 1114 qui
1406 1071 1623 1103 antecellunt
1643 1071 1834 1113 sapientia,
1871 1072 2001 1105 virtute
2026 1080 2057 1106 et
2084 1080 2186 1106 auto-

1194 1121 1315 1159 ritate,
1334 1121 1492 1160 iudiciis,
1517 1129 1550 1155 et
1569 1123 1714 1155 turbare
1735 1122 1918 1166 publicum
1939 1130 2080 1162 statum,
2115 1125 2183 1157 dici

1193 1172 1301 1205 facem
1322 1173 1556 1212 seditionum,
1579 1174 1700 1206 tubam
1720 1173 1896 1206 bellorum
1915 1186 1998 1208 esse.
2044 1174 2183 1208 Adver-

1192 1234 1250 1256 sus
1268 1220 1357 1256 hanc
1375 1225 1606 1258 tentationem
1625 1224 1749 1258 Esaias
1763 1225 1881 1270 inquit
1896 1226 2008 1270 capite
2026 1225 2106 1260 59.;
2130 1225 2182 1259 Ne

1193 1275 1310 1308 timete
1329 1276 1458 1319 probra
1475 1273 1672 1309 hominum.

1191 1373 1389 1410 Sustineas
1407 1375 1513 1410 mala
1530 1389 1607 1411 cum
1626 1376 1830 1424 Evangelio
1846 1377 2042 1412 secundum
2058 1384 2184 1426 poten-

1335 1427 1427 1461 tiam
1444 1426 1537 1468 Dei,
1565 1429 1731 1478 quifecit
1749 1442 1816 1464 nos
1834 1428 1960 1464 salvos
1979 1436 2040 1466 etc.

1292 1495 1417 1530 Postea
1449 1497 1573 1530 inserit
1605 1509 1707 1542 saepe
1731 1499 1919 1542 repetitum
1945 1500 2096 1534 dictum:
2130 1499 2184 1534 Ex

1189 1547 1357 1590 operibus
1380 1547 1466 1591 legis
1496 1560 1569 1581 non
1606 1549 1854 1583 iustificabitur
1875 1551 1991 1584 omnis
2016 1563 2096 1585 caro
2124 1564 2184 1585 co-

1189 1610 1264 1631 ram
1280 1599 1368 1634 Deo.
1421 1599 1585 1633 Affirmat
1605 1608 1723 1634 nostra
1741 1614 1845 1645 opera
1868 1613 2092 1647 nequaquam
2109 1614 2184 1636 esse

1190 1661 1329 1683 causam
1362 1650 1417 1683 vel
1441 1651 1606 1684 meritum
1633 1653 1852 1686 remissionis
1875 1661 2097 1696 peccatorum
2123 1666 2184 1687 seu

1189 1702 1507 1742 reconciliationis,
1536 1704 1595 1735 sed
1616 1703 1701 1736 dicit
1719 1716 1783 1737 nos
1800 1705 1993 1738 secundum
2019 1707 2182 1748 proposi-

1189 1760 1263 1786 tum
1288 1752 1355 1786 Dei
1382 1760 1414 1787 et
1437 1754 1583 1796 gratiam
1608 1755 1737 1787 salvari
1764 1762 1797 1789 et
1827 1756 1958 1790 vocari.
2019 1754 2182 1799 Intellige

1189 1804 1336 1847 gratiam
1372 1805 1560 1848 gratuitam
1590 1806 1868 1840 misericordiam
1900 1805 1967 1840 Dei
2005 1818 2084 1850 erga
2116 1819 2181 1840 nos

1189 1856 1396 1900 promissam
1414 1865 1558 1900 propter
1575 1857 1685 1890 filium
1697 1882 1705 1896 ‚
1735 1858 1824 1892 sicut
1844 1858 2046 1902 saepissime
2062 1859 2181 1904 loqui-

1187 1914 1246 1940 tur
1262 1906 1377 1941 Roma
1396 1906 1446 1943 5.:
1475 1908 1593 1941 Multo
1610 1909 1721 1952 magis
1740 1910 1908 1943 exuberat
1925 1910 2035 1952 gratia
2058 1916 2090 1943 et
2114 1910 2181 1942 do-

1188 1971 1273 1991 num
1291 1971 1353 2002 per
1368 1960 1517 2001 gratiam
1535 1960 1591 1993 vel
1608 1960 1646 1993 in
1664 1961 1785 2003 gratia.
1831 1960 1902 1995 Ubi
1919 1961 2029 2004 gratia
2047 1961 2181 2004 signifi-

1188 2018 1241 2044 cat
1259 2011 1404 2043 relative
1420 2011 1606 2054 gratuitam
1624 2012 1900 2055 acceptationem
1913 2040 1921 2053 ‚
1945 2013 2077 2045 donum
2096 2024 2178 2045 vero

1187 2062 1360 2105 significat
1386 2063 1615 2096 donationem
1643 2062 1799 2107 Spiritus
1822 2063 1953 2106 sancti,
1994 2075 2124 2097 novam
2146 2070 2179 2097 et

1187 2120 1368 2147 aeternam
1388 2114 1564 2148 iusticiam
1581 2121 1614 2148 et
1631 2115 1750 2148 vitam.

1289 2163 1548 2209 Complectitur
1580 2167 1675 2199 enim
1709 2167 1846 2210 integra
1879 2166 2066 2206 beneficia,
2113 2178 2177 2199 nec

1186 2216 1281 2249 filius
1299 2216 1365 2250 Dei
1391 2217 1440 2250 sic
1464 2224 1601 2251 tantum
1620 2218 1735 2251 aufert
1760 2225 1917 2262 peccata,
1952 2224 1991 2251 nt
2013 2229 2084 2251 non
2109 2217 2176 2249 im-

1186 2274 1305 2311 putet,
1332 2275 1498 2302 ettamen
1519 2275 1643 2302 natura
1664 2276 1802 2304 maneat
1820 2270 1857 2303 in
1876 2269 1933 2302 his
1958 2269 2121 2301 sordibus
2145 2275 2176 2301 et

1186 2319 1223 2351 in
1241 2326 1373 2360 morte,
1401 2321 1461 2354 sed
1485 2321 1599 2365 reipsa
1623 2321 1754 2363 aufert,
1782 2333 1862 2355 cum
1887 2320 2041 2356 restituit
2067 2320 2175 2353 vitam

1186 2377 1378 2406 aeternam.

1480 2471 1565 2507 Scio
1584 2471 1642 2505 cui
1658 2470 1800 2506 credidi
1814 2476 1876 2507 etc.

1286 2540 1355 2575 Hic
1377 2549 1567 2576 moventur
1589 2542 1843 2586 disputationes
1869 2542 1912 2574 de
1938 2541 2171 2582 dubitatione,

887 2592 1132 2627 Discernenda
1156 2586 1159 2636 ἦ
1185 2593 1243 2626 An
1261 2604 1450 2626 conversus
1466 2594 1592 2627 debeat
1604 2594 1791 2627 manerein
1804 2592 2035 2633 dubitatione,
2051 2599 2129 2626 utri*
2160 2605 2171 2625 ι

1185 2642 1312 2678 habeat
1328 2644 1570 2677 remissionem
1590 2652 1830 2689 peccatorum,
1857 2651 1889 2678 et
1905 2655 1951 2676 an
1969 2643 2011 2677 sit
2032 2644 2066 2676 in
2093 2656 2125 2687 g..
2164 2668 2171 2670 ἡ

1184 2696 1256 2730 tia?
1293 2694 1361 2729 Hic
1388 2696 1491 2741 plane
1533 2698 1821 2741 respondendum
1850 2702 1916 2729 est:
1956 2693 2170 2740 Quanquam
