2415 2942
309 119 382 156 439

414 203 502 235 Cum
531 201 637 243 igitur
664 195 748 231 llaec
776 197 881 231 stulta
911 194 1058 230 ambitio
1086 196 1218 230 malum
1246 194 1290 229 sit

314 254 473 299 pluribus
490 254 678 288 usitatum,
705 254 737 281 et
757 259 774 281 a
795 247 915 281 multis
933 253 1076 291 putatur
1091 258 1164 280 esse
1182 246 1292 280 animi

311 320 341 337 ιι
349 303 534 346 :ignitndo
566 300 694 333 Paulus
711 298 919 332 contrariam
937 297 1164 331 ambitionem
1182 309 1293 341 oppo-

313 369 331 387 1
339 355 375 394 it
392 355 424 386 id
444 360 505 391 est
524 350 738 385 contrarium
756 351 901 383 modum
919 349 1137 394 quaerendae
1152 348 1319 392 gloriae,

315 413 347 438 «t
371 405 494 438 retimt
520 413 647 435 nomen
675 400 897 440 ambitionis,
932 396 1161 445 (stimuum,
1197 401 1291 444 qnod

315 463 362 489 est
382 455 522 512 quidem
540 463 724 486 commune
739 452 780 484 ad
803 451 926 483 vitium
944 457 975 483 et
994 451 1170 491 virtutem,
1188 451 1291 483 etiam

313 506 418 539 xeteri
444 516 540 537 more
559 502 745 548 loquendi,

314 557 483 590 illustrior
502 554 715 593 admonitio,
743 564 872 585 nomen
891 552 981 585 idern
1006 552 1168 592 retinuit,
1196 552 1289 597 quod

313 615 385 641 erat
402 607 492 651 apud
511 605 713 638 ambitiosos
729 603 950 647 plausibilius
966 610 999 636 et
1015 603 1164 645 gratius,
1192 602 1290 647 quasi

312 659 420 698 «licat,
454 657 496 691 sit
520 668 602 689 sane
630 655 845 699 praeclarum
872 654 1039 698 quiddam
1063 653 1207 686 ambitio
1231 664 1291 685 seu

312 709 441 750 gloriae
459 707 649 750 cupiditas,
676 717 739 738 nec
757 705 915 748 vitupero
942 704 1106 747 gloriam,
1134 710 1190 736 aut
1215 703 1290 746 glo-

311 760 383 792 riae
402 758 639 801 cupiditatem,
663 757 720 788 sed
741 756 888 788 sitrecte
906 754 1084 787 ordinata:
1103 752 1226 787 Gloria
1241 759 1290 786 est

310 809 515 853 approbatio
534 806 767 840 conscientiae
794 812 885 838 recte
909 804 1116 843 iudicantis,
1149 811 1182 837 et
1202 804 1289 837 alio·

312 873 388 893 ruin
413 866 503 892 recte
526 857 770 890 iudicantium.
837 854 932 888 Haec
951 855 1156 899 approbatio
1184 866 1289 898 appe-

313 912 415 944 tenda
436 917 502 947 est,
530 909 588 940 sed
607 907 816 940 conscientia
834 913 925 939 recte
946 906 1107 938 iudicans
1130 917 1202 938 non
1227 916 1288 949 ap-

311 962 436 1002 probat
470 960 620 1003 impetus
651 969 772 991 eorum
805 957 865 1003 qui
887 956 1081 1000 suscipiunt
1108 967 1162 989 res
1185 967 1289 1000 supra

312 1014 402 1045 vires
434 1018 493 1045 aut
519 1017 612 1042 extra
643 1008 884 1047 vocationem,
928 1007 1032 1041 stulta
1062 1007 1115 1040 sui
1150 1006 1289 1042 fiducia.

310 1062 420 1096 §emo
437 1068 528 1094 recte
542 1059 828 1093 iudicanslaudat
838 1058 1036 1092 Antonium
1053 1065 1112 1092 aut
1125 1056 1164 1092 C.
1177 1056 1289 1091 Grac-

311 1111 415 1147 chum
441 1119 499 1145 aut
519 1111 668 1150 similes,
695 1110 753 1143 sed
778 1109 989 1143 conscientia
1014 1115 1104 1142 recte
1128 1109 1289 1142 iudican-

311 1165 356 1198 tis
381 1163 549 1207 approbat
574 1161 790 1195 voluntatem
823 1161 1031 1194 servientem
1055 1159 1231 1194 vocationi
1256 1165 1289 1193 et

312 1212 482 1250 intrabas
509 1219 616 1247 metas
639 1223 674 1246 se
697 1212 935 1246 continentem
959 1217 1102 1257 propter
1125 1211 1289 1245 volunta-

893 109 1020 145 PHlL.
1046 107 1163 145 MEL.
1189 106 1398 145 SCRIPTA
1424 103 1724 143 EXEGETICA.

1318 369 1319 372 ,
1342 358 1448 389 gnum
1477 345 1619 378 Davidi.

784 502 843 535 sed
870 508 985 534 tamen
1010 501 1109 541 ideo,
1143 507 1181 534 ut
1205 507 1292 534 esset
1315 511 1319 548 Ι
1342 504 1530 541 erumpunt
1577 499 1681 531 etiarn
1726 504 1820 531 extra
1869 498 2100 532 vocationem.

2252 109 2328 146 440

1340 199 1410 227 tem
1437 190 1524 233 Dei,
1556 198 1590 226 et
1615 192 1697 238 quia
1720 192 1833 234 videt,
1867 192 2107 229 infirmitatem
2132 192 2324 230 humanam

1342 256 1414 278 non
1439 254 1538 287 posse
1561 243 1688 277 molem
1705 244 1970 287 gubernationis
1988 245 2171 280 sustinere.
2225 245 2325 289 Qua-

1341 295 1385 328 lis
1419 295 1485 328 suit
1512 295 1675 328 voluntas
1710 292 1894 335 Ionathae‚
1936 295 2030 329 ultro
2064 297 2236 330 credentis
2267 309 2324 330 re-

1697 345 1729 378 Τ
1732 346 1820 378 alem
1848 345 1923 379 vult
1952 358 2023 379 esse
2047 349 2260 393 φιλοτιμίαν
2285 348 2324 381 in

1343 396 1445 430 nobis
1466 396 1638 430 contrari:-
1634 408 1678 428 .m
1696 396 1771 437 illi,
1798 408 1866 442 qua
1890 399 2013 430 ardent
2035 398 2200 441 profanae
2223 410 2324 432 men·

1343 454 1409 488 tes,
1453 458 1542 492 quae
1573 447 1684 481 multa
1725 454 1868 481 movent
1897 459 1969 481 non
2007 449 2224 491 necessaria,
2264 455 2325 483 aut

2177 499 2226 533 At
2263 511 2324 534 vos

1342 548 1526 594 quiescite,
1564 548 1699 593 inquit,
1742 549 1776 581 id
1802 555 1869 590 est,
1907 561 1980 582 non
2004 556 2140 583 movete
2165 561 2237 583 non
2260 562 2322 584 ne·

1341 598 1505 639 cessaria,
1532 605 1566 633 et
1590 599 1691 632 facite
1716 599 1876 644 proprias
1902 611 2042 643 operas,
2065 600 2100 633 id
2119 606 2189 641 est,
2221 601 2325 635 facite

1341 650 1453 683 officia
1485 661 1545 684 sua
1576 650 1724 695 quisque
1762 650 1966 685 vocationis.
2033 650 2129 685 Haec
2155 657 2227 685 tota
2258 653 2325 686 do-

1342 701 1453 734 ctrina
1503 702 1547 734 de
1582 702 1752 734 1²zien¹nda
1797 701 1990 735 ambitione
2032 709 2065 735 et
2109 703 2325 750 πολυπραγ-

1339 748 1485 796 ιιοσύνῃ
1528 763 1632 796 quam
1674 752 1865 786 necessaria
1901 752 1946 786 sit
1987 751 2024 785 in
2067 752 2221 786 Ecclesia
2257 752 2325 787 Dei

1340 809 1374 836 et
1405 803 1443 835 in
1473 803 1570 836 omni
1601 803 1854 846 gubernatione
1888 814 2109 848 nequaquam
2134 804 2324 838 obscurum

1340 859 1401 886 est.
1451 852 1562 897 Saepe
1588 853 1680 886 enim
1697 851 1872 887 Ecclesiae
1893 860 1927 887 et
1948 854 2095 898 imperia
2119 855 2325 896 ambitione,

1339 915 1439 947 saepe
1472 900 1814 951 πολυπραγμοσύνῃ
1845 916 1962 938 eversa
1991 912 2086 939 sunt.
2154 904 2322 940 Praemo-

1339 955 1415 987 neri
1438 954 1545 998 igitur
1567 952 1727 988 homines
1750 956 1835 989 utile
1859 962 1927 996 est,
1960 963 1999 990 ut
2028 962 2183 990 errantes
2206 956 2322 1001 impe·

1338 1012 1393 1039 tus
1417 1009 1574 1039 coercere
1602 1005 1759 1047 discant,
1795 1013 1829 1040 et
1851 1013 1974 1049 regant
1998 1006 2145 1040 consilia
2175 1008 2323 1040 manda-

1338 1056 1382 1090 tis
1404 1055 1495 1100 Dei,
1539 1056 1665 1089 timore
1691 1055 1756 1090 Dei
1787 1063 1822 1090 et
1852 1057 1920 1090 fide
1936 1082 1946 1096 ‚
1990 1057 2213 1091 invocatione
2239 1058 2322 1100 Dei,

1337 1107 1427 1141 sicut
1458 1106 1626 1151 scriptum
1650 1113 1715 1141 est:
1743 1105 1958 1142 Commenda
1979 1107 2054 1143 Deo
2077 1107 2184 1142 vitam
2213 1114 2321 1151 tuam,

1339 1165 1373 1193 et
1390 1158 1464 1204 ipse
1482 1158 1592 1192 faciet.

1768 1207 1880 1244 finis.
