2415 2942
271 129 344 166 -255

379 212 535 245 'santum
563 209 622 240 illa
645 205 841 239 meminerit
869 205 994 242 lector,
1030 203 1172 247 quaein
1194 200 1264 235 Ec-
1292 216 1293 235 t

277 265 379 299 clesia
397 263 525 295 debent
544 270 615 291 esse
633 257 835 292 notissima,
864 255 948 299 quid
972 254 1143 296 significet
1169 254 1265 294 fides,

277 315 438 349 videlicet
458 309 615 343 assentiri
636 306 862 351 promissioni
879 307 922 338 de
940 303 1102 345 Christo,
1130 312 1162 338 et
1179 316 1264 338 con-

276 367 381 399 fidere
395 390 403 403 ‚
433 362 524 405 qnod
545 365 688 403 propter
707 356 888 390 Christum
908 368 988 389 vere
1015 356 1227 399 recipiamur
1248 368 1264 388 a

276 417 370 453 Deo,
398 411 646 450 exaudiamur,
685 415 717 441 et
744 410 917 441 donemur
941 405 1155 441 haereditate
1176 407 1267 440 vitae

277 473 446 499 aeternae.
483 461 555 504 Qui
574 460 683 493 credit
702 460 738 492 in
755 471 827 497 me,
855 459 889 491 id
908 466 974 498 est,
1002 459 1062 504 qni
1080 459 1268 491 assentitur

278 528 373 549 meae
406 512 651 558 promissioni,
695 518 727 545 et
753 510 897 544 confidit
922 522 984 554 per
1011 522 1066 542 me
1093 510 1266 553 placatum

278 579 349 601 esse
367 571 521 610 patrem,
548 562 656 606 recipi
679 573 713 595 se
731 568 874 606 propter
894 573 965 600 me,
1001 567 1032 593 ct
1053 560 1179 593 donari
1199 560 1267 592 vita

279 626 428 651 aeterna.
499 614 546 648 Et
576 613 747 657 repetitur
784 613 904 645 eadem
935 612 1105 645 sententia
1140 612 1183 643 de
1212 610 1269 643 vi-

279 676 398 702 vente:
427 664 557 700 Omnis
575 665 714 704 vivens,
742 670 774 697 et
789 664 933 696 credens
949 663 985 695 in
1004 674 1076 703 me,
1104 673 1177 694 non
1194 674 1269 693 mo-

280 721 402 753 rietur.
465 717 537 749 litsi
567 715 660 747 enim
687 726 765 747 vere
791 716 969 747 credentes
994 720 1025 746 et
1050 713 1161 746 renati
1192 713 1268 745 luce

280 769 483 811 Evangelii,
527 765 617 799 lianc
653 777 792 798 carnem
824 765 1096 798 contaminatam
1128 770 1270 812 peccato

281 825 482 865 deponunt,
509 825 623 850 tamen
645 828 717 849 non
736 816 955 855 moriuntur,
978 815 1012 847 id
1041 821 1109 857 est,
1143 814 1268 847 fiducia

281 871 413 906 Christi
440 869 593 903 retinent
617 879 754 911 pacem,
797 874 829 899 et
853 866 1022 898 laetitiam
1050 877 1129 908 erga
1146 865 1272 905 Deum,

284 937 346 957 nee
370 922 622 965 opprimuntur
647 930 751 950 sensu
780 918 852 950 irae
877 917 958 958 Dei,
996 923 1028 949 et
1053 928 1200 960 pavore,
1234 928 1272 948 ac

283 972 545 1017 desperatione,
573 970 662 1002 sicut
679 968 782 1007 Saul,
813 967 933 1005 ludas,
970 973 1002 1000 et
1028 967 1178 1005 similes,
1213 967 1271 999 sed

283 1025 386 1059 erecti
405 1023 470 1056 fide
488 1027 670 1054 transeunt
695 1031 733 1051 ex
752 1017 815 1052 liae
833 1019 901 1051 vita
925 1018 960 1050 in
986 1018 1150 1055 alteram,
1186 1017 1274 1050 sicut

283 1089 354 1119 cap.
375 1077 408 1109 8.
435 1073 580 1106 dicitur:
634 1070 705 1113 Qui
738 1081 934 1102 sermonem
963 1082 1077 1102 meum
1110 1069 1274 1107 servabit,

285 1140 355 1161 non
376 1124 527 1168 gustabit
550 1129 708 1155 mortem.

389 1176 577 1219 Postquam
610 1180 725 1206 antem
754 1169 917 1204 Christus
944 1183 1040 1203 suam
1067 1171 1272 1203 concionem

288 1382 392 1415 stulat
417 1381 460 1412 ab
485 1377 655 1410 auditrice
686 1376 808 1413 fidem,
849 1382 881 1408 et
905 1375 984 1407 fidei
1009 1374 1275 1415 confessionem,

290 1432 468 1477 inquiens:
499 1428 622 1462 Credis
643 1426 730 1459 hoc‘?

290 1485 477 1525 diligenter
510 1478 765 1512 consideranda
793 1483 863 1516 est,
902 1483 941 1510 ut
972 1477 1146 1509 discamus
1171 1488 1274 1520 quam

293 1650 370 1669 vera
408 1633 628 1666 invocatione
655 1638 686 1663 et
713 1642 794 1662 vero
832 1641 943 1672 agone
977 1629 1181 1662 discendum
1218 1635 1280 1666 est,

293 1688 409 1720 verbis
429 1683 596 1717 nonsatis
617 1681 785 1714 declarari
803 1688 924 1724 potest.
973 1679 1154 1723 Vagantur
1169 1679 1280 1711 animi

292 1740 364 1772 sine
384 1739 470 1773 lide,
499 1743 527 1766 et
548 1746 620 1766 non
638 1732 830 1765 admittunt
847 1739 972 1764 certam
991 1730 1280 1769 consolationem,

293 1791 351 1823 sed
371 1800 448 1821 cum
467 1788 532 1819 tide
550 1784 773 1829 acquiescunt
790 1784 826 1815 in
850 1783 1082 1826 promissione
1109 1781 1234 1815 tradita
1263 1793 1280 1813 a

294 1841 381 1879 Deo,
410 1837 524 1880 vagari
542 1836 717 1871 desinunt,
745 1841 776 1867 et
795 1834 977 1878 tranquilli
999 1840 1173 1875 expectant
1196 1844 1280 1864 con-

296 1891 521 1927 solationem,
557 1894 590 1919 et
609 1886 778 1919 auxilium
797 1898 812 1918 a
837 1884 928 1922 Deo,
964 1892 998 1917 ut
1026 1885 1132 1927 igitur
1156 1883 1282 1915 mulie-

296 1954 366 1976 rem
396 1942 586 1980 interrogat
606 1935 780 1970 Christus:
817 1935 939 1969 Credis
962 1934 1049 1968 hoc?
1105 1934 1151 1967 lta
1172 1946 1281 1966 unus-

295 1993 443 2039 quisque
461 2001 531 2022 sese
549 1987 756 2029 interrogari
774 1987 873 2019 sciat:
905 1985 1016 2019 Audis
1034 1983 1123 2018 lianc
1140 1985 1284 2017 vocem?
1308 1981 1310 1990 ¹

299 2044 425 2076 Venite
454 2042 493 2072 ad
519 2052 574 2072 me
607 2050 727 2071 omnes
757 2038 815 2082 qui
851 2038 1038 2075 laboratis,
1085 2043 1116 2069 et
1148 2036 1284 2069 onerati

298 2096 399 2131 estis,
429 2106 489 2134 ego
507 2091 655 2123 reficiam
683 2100 754 2122 vos.

627 2140 749 2174 Credis
778 2137 868 2171 hoc'?

298 2145 586 2185 [ei-rogationem,
928 2139 997 2181 Qui
1024 2151 1095 2169 non
1121 2139 1284 2176 credunt,

299 2198 478 2230 fastidiunt
502 2191 589 2225 lianc
607 2190 895 2226 consolationem,
925 2190 994 2222 imo
1012 2189 1113 2222 tacite
1132 2189 1282 2220 oderunt
1310 2196 1312 2219 ‘t

300 2256 331 2281 et
357 2252 531 2292 quaerunt
556 2244 658 2282 alias,
697 2242 755 2273 sed
780 2243 960 2273 credentes
986 2239 1062 2273 voci
1077 2237 1207 2272 Clu-isti
1228 2233 1284 2271 ἷΓς-
1311 2262 1313 2283 ;
1340 2239 1444 2272 hendi
1466 2239 1627 2271 maiestas
1645 2245 1739 2272 tanta
1759 2250 1831 2272 non
1849 2245 1977 2282 potest,
2006 2245 2120 2271 tamen
2141 2237 2234 2272 Deus
2248 2240 2322 2273 vult

301 2299 502 2343 quiescunt,
531 2303 561 2327 et
581 2293 717 2337 abipso
748 2291 1023 2324 consolationem
1054 2298 1084 2323 et
1116 2290 1284 2323 auxilium

302 2355 494 2393 expectant.

462 2429 547 2474 Ego
567 2426 686 2468 credo,
715 2430 811 2474 quod
829 2431 865 2460 lu
887 2439 919 2459 cs
939 2421 1123 2459 Cltrt'slus.

402 2499 583 2533 Confessio
609 2496 792 2541 perspicua
818 2502 867 2528 est
891 2497 932 2527 de
949 2494 1097 2533 Messia,
1133 2501 1162 2525 et
1190 2501 1224 2526 ut
1252 2494 1286 2526 in

302 2553 447 2587 caeteris
471 2550 555 2582 loris
576 2547 638 2580 liae
661 2548 770 2579 clarae,
792 2547 1026 2580 confessiones
1048 2546 1287 2577 observandae
1313 2562 1314 2567 =

303 2612 403 2644 sunt,
444 2608 483 2634 ut
511 2597 637 2632 Manli.
667 2598 722 2631 16.
757 2598 875 2629 loanu.
900 2600 927 2631 1.
951 2597 984 2631 3.
1009 2604 1040 2630 et
1060 2596 1093 2630 9.
1122 2597 1167 2628 ita
1193 2593 1287 2628 hunc

302 2658 417 2689 locum
449 2651 647 2684 :neminisse
674 2650 834 2691 prodest,
872 2649 929 2692 qui
952 2650 993 2680 (le
1019 2648 1155 2682 duabus
1179 2648 1286 2679 maxi-

302 2708 367 2739 mis
386 2705 488 2738 rebus
508 2702 670 2734 lecton—m
690 2700 808 2738 docet,
836 2707 866 2731 et
887 2701 978 2743 qum]
999 2699 1056 2731 ille
1077 2698 1168 2731 {esus
1186 2705 1288 2731 nums

860 119 983 153 PHlL.
1014 116 1129 152 MEL.
1159 115 1366 152 SCRIPTA
1398 113 1697 151 EXEGETICA.

2231 117 2303 154 256

1317 215 1356 236 ex
1382 201 1517 242 Maria,
1552 208 1636 234 tunc
1659 201 1884 245 praedicans,
1920 209 1951 235 et
1977 208 2134 235 mortuos
2159 205 2305 237 resusci-

1318 261 1395 287 tans
1419 253 1463 286 sit
1486 253 1678 296 promissus
1697 251 1878 293 Salvator,
1915 259 1946 286 et
1972 255 2064 298 quod
2090 252 2239 286 Messias
2263 255 2306 289 sit

1320 305 1411 337 iilius
1428 303 1507 337 Dei.
1563 303 1614 337 De
1639 310 1786 348 utraque
1808 304 1979 337 sententia
2003 305 2213 347 cogitemus,
2248 317 2308 338 cur

1318 355 1422 388 nobis
1455 355 1601 388 traditae
1626 354 1715 394 sint,
1759 361 1791 387 et
1818 355 1995 398 quomodo
2023 356 2057 387 in
2086 355 2308 389 invocatione

1320 408 1531 440 exercendae
1549 406 1636 446 sint,
1671 417 1709 438 ac
1735 406 1830 450 prius
1850 412 1882 438 et
1903 406 2042 438 brevius
2060 407 2101 438 de
2119 406 2310 450 posteriore

1323 458 1447 492 dicam.
1502 457 1574 490 Nos
1593 456 1721 489 scimus
1741 468 1779 489 ex
1796 457 1898 489 certis
1922 457 2132 489 testimoniis
2151 455 2311 500 Evange-

1320 508 1360 541 lii
1378 508 1519 552 multis,
1547 508 1584 540 in
1609 505 1751 541 Christo
1779 515 1938 541 naturam
1965 508 2122 541 divinam
2149 519 2242 549 esse,
2280 515 2312 542 et

1320 557 1500 593 Christum
1520 566 1641 591 natura
1659 559 1769 591 filium
1788 558 1853 592 Dei
1869 571 1950 592 csse.
2003 557 2108 592 Hunc
2126 559 2312 593 articulum

1323 608 1541 643 confitentur-¹
1561 608 1746 652 Apostoli,
1789 607 1917 645 Manli.
1946 609 2001 643 16.
2058 608 2104 643 Et
2138 617 2235 653 pater
2271 611 2314 643 de

1295 684 1297 705 ἑ
1324 662 1421 694 coelo
1440 661 1541 694 dicit:
1569 658 1637 692 Hic
1657 667 1706 693 est
1722 661 1816 693 filius
1831 672 1928 693 meus
1946 661 2112 701 dilectus,
2139 668 2173 694 et
2188 659 2313 705 Bapti-

1295 735 1297 742 ,
1323 720 1372 745 sta
1394 712 1498 752 dicit,
1527 710 1649 744 Ioann.
1667 711 1720 744 3.:
1757 710 1827 753 Qui
1850 711 1959 745 credit
1983 712 2020 744 in
2043 712 2177 750 filium,
2210 709 2314 745 habet

1324 764 1431 796 vitam
1449 770 1649 800 aeternam,
1683 769 1714 796 et
1735 761 1855 796 loann.
1877 761 1911 797 9.
1930 763 2001 806 ipse
2020 760 2183 796 Christus
2202 762 2316 795 inter-

1324 821 1437 857 rogat:
1484 813 1541 846 Tu
1566 813 1678 846 credis
1702 813 1739 845 in
1770 814 1880 846 filium
1907 812 1996 846 Dei?
2033 820 2063 846 et
2090 814 2126 846 in
2157 815 2187 848 1.
2206 814 2316 857 capite

1324 866 1416 898 clare
1434 865 1559 898 tradita
1576 871 1625 897 est
1644 865 1816 898 sententia
1830 892 1838 905 ‚
1866 866 1960 909 qnod
1980 864 2017 897 in
2033 862 2175 898 Christo
2193 865 2235 898 sit
2253 877 2316 897 na-

1325 923 1402 950 tura
1443 916 1582 955 divina,
1641 928 1702 958 per
1736 928 1840 960 quam
1878 916 1996 949 omnia
2039 916 2179 949 condita
2220 923 2314 951 sunt.

1327 967 1568 1010 Agnoscamus
1601 966 1709 1009 igitur
1740 967 1776 999 in
1806 967 2030 1000 invocatione
2065 966 2317 1008 Mediatorem,

1327 1030 1399 1050 nou
1435 1024 1572 1050 tantum
1601 1029 1672 1050 esse
1705 1014 1908 1058 hominem,
1962 1015 2162 1051 sedetiam
2193 1026 2317 1052 natura

1327 1069 1437 1101 filium
1456 1067 1542 1108 Dei,
1571 1080 1631 1110 per
1647 1081 1749 1113 quem
1767 1068 1885 1101 omnia
1906 1069 2045 1103 condita
2073 1076 2155 1102 sunt
2183 1076 2215 1102 et
2242 1081 2318 1103 sus-

1327 1126 1527 1159 tentantur,
1551 1118 1653 1152 ‘sicut
1678 1120 1720 1151 ad
1745 1117 1835 1153 Heb.
1860 1122 1888 1154 1.
1915 1120 2062 1160 dicitur,
2098 1120 2159 1165 qui
2184 1132 2318 1165 semper

1301 1189 1303 1199 ·
1328 1171 1440 1203 adfuit
1466 1168 1643 1202 Ecclesiae
1669 1182 1768 1207 suae,
1812 1177 1844 1203 et
1870 1171 2044 1204 affuturus
2071 1178 2137 1210 est,
2170 1172 2318 1217 ideoque

287 1228 466 1273 exposuit,
495 1233 528 1258 et
554 1224 656 1268 plane
682 1230 825 1256 testatus
857 1229 926 1260 est,
961 1234 995 1254 se
1022 1222 1165 1254 missum
1193 1232 1275 1258 esse,
1302 1237 1303 1259 t

286 1288 323 1314 ut
343 1278 475 1311 abolito
493 1282 650 1320 peccato,
677 1281 710 1307 et
726 1274 855 1306 abolita
872 1280 994 1312 morte,
1023 1273 1183 1306 restituat
1200 1284 1275 1304 cre-
1302 1265 1304 1287 ³

287 1331 454 1365 (lentibus
471 1326 643 1360 iusticiam
662 1332 693 1358 et
714 1326 818 1357 vitam
837 1331 1025 1364 aeternam,
1053 1325 1194 1357 tandem
1215 1335 1276 1366 po—
1302 1337 1304 1342 ¹

1330 1222 1461 1255 dicitnr
1476 1219 1662 1253 Emannel.

1430 1271 1518 1306 Cum
1539 1280 1653 1304 autem
1673 1273 1849 1304 invocatio
1868 1272 1940 1304 fieri
1961 1273 2083 1305 debeat
2102 1272 2227 1306 fiducia
2246 1273 2320 1314 filii,

1328 1336 1464 1366 semper
1481 1323 1704 1366 cogitandum
1726 1330 1775 1356 est
1795 1323 1884 1355 inter
1903 1325 2136 1366 precandum,
2174 1324 2252 1369 quis
2277 1325 2321 1358 sit

1302 1389 1304 1407 ε
1329 1376 1387 1407 ille
1404 1374 1598 1411 „Mediaton
1628 1375 1688 1418 qni
1708 1375 1742 1405 in
1761 1386 1794 1406 se
1812 1374 1945 1405 derivat
1965 1374 2050 1406 iram
2068 1374 2152 1417 Dei,
2183 1381 2213 1408 et
2232 1387 2316 1418 pro-

782 1424 877 1458 Haec
894 1432 1068 1469 postrema
1087 1437 1152 1458 vox
1171 1425 1274 1457 etiam
1304 1429 1305 1461 ξ
1330 1434 1406 1469 pter
1423 1438 1526 1470 quem
1546 1437 1665 1457 snmus
1683 1425 1829 1468 recepti,
1859 1432 1889 1457 et
1911 1425 1969 1468 qui
1990 1438 2125 1468 semper
2149 1426 2261 1459 adsuit
2289 1433 2321 1460 et

1304 1492 1305 1509 ὲ
1330 1478 1439 1509 aderit
1470 1475 1649 1509 Ecclesiae.

291 1546 408 1567 severe
425 1531 625 1576 requiratur
646 1528 747 1568 fides,
786 1535 817 1561 et
843 1534 972 1572 quanta
992 1539 1044 1560 res
1069 1528 1112 1560 sit
1138 1526 1278 1571 acquie-
1304 1531 1306 1542 *

292 1598 384 1619 scere
403 1585 485 1622 side,
514 1582 606 1626 quod
628 1592 730 1624 quam
750 1579 892 1612 difficile
910 1579 965 1619 sit,
995 1585 1028 1611 et
1047 1578 1129 1623 quid
1149 1578 1211 1615 sit,
1241 1577 1277 1609 in
1304 1578 1305 1585 ¹

1720 1474 1813 1507 Haec
1847 1476 1964 1507 omnia
2000 1477 2168 1510 omittunt
2192 1477 2228 1509 in
2257 1489 2316 1509 sua

1331 1528 1555 1560 invocatione
1580 1538 1701 1559 omnes
1729 1528 1929 1568 ignorantes
1952 1525 2205 1569 Evangeliuin,
2232 1526 2318 1561 Eth-

1333 1579 1421 1616 nici,
1452 1577 1585 1619 ludaei,
1616 1575 1898 1614 Maliomctistae,
1927 1584 1958 1610 et
1977 1578 2035 1609 alii
2055 1579 2177 1621 impii.²
2205 1578 2318 1611 Aber-

1332 1638 1408 1662 rant
1434 1629 1540 1669 igitur
1563 1640 1580 1660 a
1602 1627 1694 1667 Deo,
1731 1641 1808 1660 cum
1835 1635 1962 1670 negent
1988 1626 2082 1661 hunc
2105 1641 2178 1661 esse
2197 1628 2321 1667 Deum,

1332 1681 1391 1725 qni
1411 1679 1503 1711 misit
1522 1679 1652 1717 filium,
1682 1686 1711 1711 et
1733 1679 1892 1721 patefecit
1913 1691 1945 1710 se
1964 1676 2032 1711 hnc
2056 1680 2163 1711 verbo
2189 1681 2320 1712 tradito

1334 1743 1393 1774 prr
1417 1727 1626 1777 Prophetas,
1654 1727 1848 1767 Clu-istum,
1877 1739 1909 1762 et
1926 1727 2128 1773 Apostolos.
2183 1728 2240 1763 Sic
2259 1743 2320 1763 au-

1334 1790 1400 1814 tem
1442 1781 1556 1825 inquit
1593 1778 1771 1813 Christus:
1826 1779 1897 1823 Qui
1941 1792 2013 1813 non
2049 1780 2155 1813 afficit
2187 1778 2322 1814 honore

1335 1832 1464 1871 filium,
1492 1843 1563 1863 non
1583 1831 1686 1863 aflicit
1703 1829 1838 1863 honore
1859 1839 2002 1875 patrem.
2053 1831 2190 1864 Deinde
2216 1833 2319 1865 etiam

1336 1886 1535 1926 ignorantes
1569 1882 1820 1924 Evangelium,
1873 1882 2032 1915 nesciunt
2064 1894 2107 1914 an
2140 1883 2223 1915 velit
2260 1895 2322 1916 nos

1337 1936 1433 1968 Deus
1454 1935 1607 1976 recipere
1637 1940 1670 1966 et
1693 1933 1876 1972 exaudire,
1911 1939 1943 1965 et
1963 1945 2024 1966 cur
2052 1934 2134 1967 velit
2158 1935 2323 1981 recipere,

1335 1998 1413 2019 cum
1432 1996 1486 2017 res
1506 1985 1577 2027 ipsa
1596 1985 1755 2016 ostendat
1777 1995 1838 2015 nos
1862 1984 2025 2025 indignos
2050 1995 2132 2019 esse.
2188 1983 2323 2018 Omnes

1309 2076 1311 2082 Ι
1336 2037 1430 2069 enim
1450 2035 1699 2078 experiuntur,
1728 2046 1761 2066 se
1778 2034 1956 2078 aliquibus
1983 2035 2077 2067 vitiis
2102 2037 2322 2069 contamina-

815 2088 882 2121 Hic
906 2089 991 2121 scias
1018 2100 1097 2120 mox
1121 2087 1203 2119 addi
1228 2087 1283 2118 in-

1337 2095 1388 2120 tos
1405 2097 1486 2119 esse.
1537 2084 1582 2119 Ut
1601 2085 1709 2128 igitur
1726 2092 1878 2117 nostram
1898 2085 2158 2119 invocationem
2178 2088 2220 2119 ab
2238 2088 2323 2120 alia—

1338 2150 1414 2171 rum
1450 2137 1606 2180 gentium
1642 2137 1865 2169 invocatione
1894 2137 2132 2178 seiungamus,
2168 2138 2323 2180 cogitan-

1339 2191 1421 2221 dum
1445 2195 1493 2220 est
1518 2188 1596 2232 quis
1620 2188 1663 2220 sit
1688 2187 1781 2220 filius
1804 2187 1879 2220 Dei.
1941 2186 2017 2221 Etsi
2044 2188 2136 2220 enim
2164 2201 2324 2232 compre—

1339 2303 1401 2324 nos
1420 2292 1566 2322 verbum
1584 2301 1685 2322 sunm
1712 2297 1847 2329 tenere,
1897 2297 1927 2322 et
1955 2289 2105 2331 dirigere
2132 2290 2323 2324 invocatio-

1311 2358 1313 2379 ι
1339 2354 1417 2374 nem
1435 2342 1478 2373 ad
1498 2341 1598 2373 illum
1618 2341 1751 2380 Deum,
1779 2341 1838 2385 qni
1860 2338 1924 2373 boc
1941 2341 2084 2373 verbum
2106 2341 2262 2380 tradidit,
2291 2349 2322 2375 et

1340 2394 1386 2425 sic
1403 2404 1437 2424 se
1458 2392 1628 2434 patefecit.

1442 2442 1577 2476 Eodem
1604 2443 1752 2486 pertinet
1777 2443 1882 2476 altera
1909 2453 2006 2486 pars,
2042 2443 2136 2486 quod
2162 2441 2324 2476 videlicet

1341 2506 1478 2527 necesse
1505 2494 1549 2526 sit
1579 2494 1671 2526 credi
1710 2491 1802 2526 bunc
1836 2492 1947 2526 lesum
1980 2499 2101 2525 natum
2134 2505 2175 2526 ex
2200 2491 2326 2534 Maria,

1340 2546 1542 2590 crucifixum
1577 2544 1614 2576 in
1644 2543 1853 2588 lerosolyma
1885 2545 1920 2576 in
1952 2543 2013 2576 illo
2045 2550 2219 2587 tempore,
2254 2540 2346 2577 esse⁴

1342 2596 1520 2630 Messinm.
1583 2588 1740 2639 Tempus
1765 2602 1795 2628 et
1822 2595 1935 2627 locum
1961 2594 2119 2628 definivit
2144 2593 2254 2635 Dens,
2281 2606 2324 2627 ne

1342 2647 1569 2689 vagabundae
1600 2653 1731 2679 mentes
1762 2652 1931 2689 quaerant
1963 2645 2077 2677 varios
2108 2646 2327 2685 mediatores,
2370 2658 2371 2662 ¹

1342 2699 1428 2731 sicut
1447 2698 1621 2731 linxerunt
1640 2694 1785 2730 Ethnici
1805 2698 1896 2729 varia
1917 2697 2080 2734 numina,
2110 2697 2247 2738 frugum
2265 2698 2328 2730 da-
2374 2698 2376 2701 ’
