2415 2942
312 99 403 138 1151

312 187 392 232 qnia
417 183 627 229 priecipitnr
651 192 733 213 vnce.
759 180 889 213 divina.
943 178 1155 225 Quanquam
1179 187 1293 214 antem

315 243 509 282 praesentes
537 245 667 278 poemie
691 232 725 263 in
751 229 815 263 hac
836 231 906 263 vita
933 243 1032 274 saepe
1054 244 1126 263 non
1152 243 1294 276 prorsus

314 289 507 325 tolluntur,
549 284 629 328 qnia
648 282 741 315 Deus
766 288 909 325 propter
927 282 1054 314 multas
1078 294 1197 315 causas
1223 282 1297 315 vult

315 337 505 372 Ecclesiam
526 334 618 367 crnci
645 333 835 366 subiectam
860 343 950 372 esse,
977 339 1093 365 tamen
1109 339 1141 365 et
1159 333 1298 375 mitiga-

318 390 366 422 tio
394 387 562 430 promissa
587 391 655 420 est,
694 395 781 427 quae
807 383 842 415 tit
868 383 954 415 alias
976 384 1087 416 aliter.
1139 382 1300 428 Cumque

318 438 487 483 promissa
513 436 555 468 sit
581 434 770 473 divinitus,
805 431 889 466 haec
913 445 989 478 spes
1017 434 1121 467 etiam
1149 446 1219 466 non
1249 441 1300 467 est

317 490 428 522 irrita.
484 483 620 519 Nahum
648 485 780 527 primo:
814 483 936 518 Bonus
960 491 1010 518 est
1034 483 1233 524 Dominus,
1269 490 1302 516 et

318 539 520 572 confortans
536 537 573 569 in
592 535 842 576 tribulatione,
869 541 902 568 et
919 536 1106 579 respiciens
1123 541 1302 579 sperantes

319 591 355 623 in
383 590 507 633 ipsum.

424 638 525 673 loelis
541 639 591 672 2:
619 634 878 670 Convertimini
905 637 949 669 ad
969 635 1162 669 Dominum
1189 635 1301 669 Deum

321 698 494 729 vestrum,
519 689 601 733 qnia
619 688 733 721 bonus
751 694 818 727 est,
850 694 882 720 et
907 687 1121 726 misericors,
1152 694 1185 721 et
1207 687 1303 720 miti-

322 753 406 785 gans
429 751 589 784 poenam.

423 790 515 823 Osea
538 792 611 824 11.:
640 787 719 822 Non
737 788 859 820 faciam
877 788 1031 821 furorem
1052 788 1122 820 irae
1144 799 1252 821 meae.

902 93 1024 130 pun„
1053 93 1168 131 ΜΠ».
1197 95 1405 132 SCRIPTA
1445 94 1746 132 EXEGETICA.

2218 96 2331 133 ‘1152

1350 179 1468 225 phiam
1487 179 1572 215 haec
1589 181 1757 226 sapientia
1777 183 1885 225 posita
1903 190 1962 217 est.
2015 182 2084 218 Nec
2104 180 2330 229 philosophia

1350 233 1454 264 sidem
1482 240 1515 267 et
1540 244 1635 276 spem
1660 233 1750 265 inter
1774 233 1919 266 virtutes
1944 235 2060 278 ponit,
2088 247 2167 269 cum
2186 246 2258 269 non
2276 246 2330 267 re-

1324 306 1325 309 =
1351 282 1482 325 guntur
1501 291 1590 316 certa
1610 289 1643 316 et
1660 284 1757 316 firma
1776 284 1904 317 noticia
1924 284 2199 328 principiorum,
2227 297 2330 326 expe-

423 842 469 875 Et
495 840 608 873 Lucae
630 840 709 873 21.:
751 836 880 879 Orate,
923 846 961 872 ut
985 839 1122 882 possitis
1154 839 1305 882 effugere
1329 846 1332 867 ἑ

325 900 471 927 ventura
491 891 591 923 mala.

424 942 466 975 Et
486 940 632 974 illustria
651 940 805 982 exempla
826 946 907 974 sunt
927 940 1156 980 mitigationis
1175 951 1304 984 poena-

325 1006 421 1031 rum,
463 999 594 1025 servata
621 990 769 1030 Ninive,
814 991 988 1024 restitutio
1015 990 1160 1023 Davidis
1187 992 1222 1024 in
1250 1002 1306 1023 re-

326 1056 454 1088 gnum,
481 1042 615 1075 sanatio
635 1039 822 1081 Ezechiae,
854 1041 1011 1074 reductio
1036 1041 1239 1081 Manassae,
1274 1048 1306 1074 et

327 1107 398 1128 non
420 1094 565 1125 dubium
585 1099 655 1129 est,
680 1092 764 1124 tales
787 1092 1023 1134 mitigationes
1042 1092 1076 1124 in
1097 1100 1165 1125 tota
1184 1091 1306 1125 Eccle-

327 1147 376 1179 sia
394 1144 550 1189 quotidie
568 1143 661 1182 sieri,
688 1142 777 1176 sicut
793 1141 921 1175 Psalm.
941 1142 1001 1176 77.
1029 1143 1130 1176 dicit:
1169 1141 1214 1176 Et
1233 1155 1305 1175 non

327 1195 482 1230 accendit
506 1201 613 1226 totam
638 1195 723 1225 iram
753 1204 862 1226 snam.

425 1245 586 1278 leremias
604 1245 638 1276 in
658 1241 812 1276 'l'hrenis
829 1244 939 1288 capite
956 1244 1007 1278 3.:
1041 1243 1307 1278 Misericordiae

327 1296 473 1331 Domini
494 1296 587 1340 quod
612 1306 682 1326 non
702 1297 875 1328 consumti
897 1306 1029 1328 sumus.

427 1345 471 1379 lit
489 1346 572 1378 alibi
589 1345 698 1388 capite
715 1344 792 1379 46.;
820 1343 1032 1377 Consumam
1058 1352 1198 1378 cunctas
1225 1357 1309 1388 gen-

330 1405 400 1437 tes,
428 1398 468 1429 ad
490 1408 574 1440 quas
595 1395 675 1427 eivci
695 1401 744 1434 te,
763 1402 794 1427 te
811 1407 893 1428 vero
912 1407 984 1427 non
1003 1407 1227 1435 consumam,
1250 1397 1308 1427 sed

332 1448 505 1490 castigabo
525 1454 556 1479 te
577 1447 613 1478 in
639 1446 789 1485 iudicio,
817 1453 849 1478 et
867 1446 1048 1478 ostendam
1070 1453 1122 1486 te,
1150 1458 1237 1490 quae
1257 1446 1310 1478 vi-

332 1498 424 1531 deris
450 1498 633 1535 innocens,
669 1507 740 1528 nnn
767 1496 988 1528 innocentem
1013 1508 1094 1530 esse.

432 1546 478 1581 Et
494 1548 636 1580 Abacuc
652 1548 704 1581 3.:
733 1546 885 1578 Domine
912 1546 949 1578 iu
975 1547 1026 1579 ira
1052 1546 1311 1579 misericordiae

332 1599 534 1632 recorderis.

433 1649 527 1682 Haec
545 1655 577 1682 et
594 1647 719 1681 similia
743 1647 834 1679 dicta
860 1659 958 1690 saepe
982 1647 1191 1690 cogitemus,
1217 1655 1257 1681 ut
1280 1654 1312 1680 et

333 1701 512 1733 ardentius
540 1707 695 1743 petamus
712 1699 964 1741 mitigationem
983 1710 1172 1741 poenarum
1194 1698 1312 1742 publi-

333 1763 450 1784 carum
477 1757 509 1783 et
533 1750 768 1793 privatarum,
794 1755 827 1781 et
853 1760 1079 1791 agnoscamus
1106 1750 1312 1781 immensam
1338 1763 1339 1766 ¹

334 1801 400 1835 Dei
423 1801 718 1840 misericordiam,
745 1801 840 1844 quod
865 1800 1043 1832 verissime
1065 1800 1151 1833 lenit
1173 1811 1312 1844 poenas,
1338 1822 1340 1833 7

335 1860 369 1886 et
391 1863 455 1885 nos
478 1858 667 1889 sustentat,
718 1857 749 1883 et
781 1851 810 1883 ei
836 1852 961 1893 gratias
986 1862 1137 1892 agamus.

337 1954 459 1986 simam
482 1965 552 1985 esse
577 1952 801 1985 manifestum
825 1960 885 1986 est.

336 2004 530 2043 invocatio,
553 2015 652 2046 saepe
669 2002 849 2045 cogitanda
867 2009 928 2037 est.

438 2053 582 2088 Constat
600 2060 713 2086 autem
732 2065 771 2086 ex
786 2051 858 2093 his,
887 2065 974 2097 quae
991 2053 1083 2096 dixi,
1110 2061 1202 2087 recte
1220 2066 1312 2087 nun-

337 2105 456 2150 cupari
474 2105 575 2137 fidem
595 2110 626 2136 et
645 2115 737 2147 spem
758 2104 920 2142 virtutes,
945 2104 1026 2147 quia
1044 2111 1125 2137 sunt
1144 2105 1313 2137 obedien-

337 2158 402 2196 tia,
430 2167 517 2200 quae
535 2155 666 2197 regitur
682 2154 787 2186 verbo
808 2153 890 2193 Dei,
917 2161 947 2186 et
972 2162 1051 2187 sunt
1077 2156 1189 2188 cultus
1214 2168 1315 2198 prae-

336 2207 448 2250 cipui,
491 2213 529 2240 ut
552 2205 678 2238 Psalm.
708 2205 840 2249 inquit:
875 2204 1072 2237 Sacrificate
1104 2207 1311 2238 sacrificium

338 2257 512 2297 iusticiae,
538 2263 567 2288 et
595 2262 727 2299 sperate
754 2256 790 2287 in
815 2255 984 2289 Domino.
1036 2256 1108 2288 Nec
1129 2264 1209 2290 sunt
1228 2255 1313 2289 Phi-

338 2305 492 2351 losophis
517 2313 619 2339 notae
643 2304 707 2338 hae
733 2306 898 2348 virtutes,
943 2306 1024 2349 quia
1050 2314 1184 2340 tantum
1211 2320 1314 2340 mon-

338 2365 491 2390 strantur
516 2369 598 2390 voce
622 2356 705 2395 Dei,
742 2369 829 2401 quae
853 2358 952 2389 docet
981 2357 1102 2396 etiam,
1135 2359 1313 2401 quomodo

339 2409 506 2451 regendae
525 2409 605 2441 sint.
658 2407 745 2440 Fide
764 2407 951 2451 accipimus
969 2408 1208 2441 remissionem
1233 2421 1311 2452 pec-

338 2465 511 2497 catorum,
539 2458 607 2501 Spe
631 2464 850 2501 expectamus
873 2464 966 2491 certo
993 2458 1099 2490 vitam
1124 2467 1312 2498 aeternam,
1338 2470 1342 2487 ν

340 2521 413 2541 non
449 2515 589 2550 propter
621 2515 737 2541 nostra
762 2509 904 2549 merita,
944 2509 1002 2541 sed
1027 2516 1170 2552 propter
1201 2510 1312 2542 filium

338 2560 407 2592 Dei
426 2558 556 2592 Gratis.
602 2557 694 2591 Haec
711 2559 756 2592 ita
773 2559 845 2592 fieri
865 2566 1011 2603 oportet,
1039 2560 1119 2603 qnia
1137 2560 1172 2591 in
1193 2559 1312 2592 Evan-

338 2610 427 2652 gelio
448 2608 542 2642 Deus
559 2605 647 2640 hanc
671 2621 766 2641 suam
792 2610 1007 2642 voluntatem
1035 2610 1236 2643 certissimis
1261 2617 1312 2644 te-

339 2660 510 2694 stimoniis
543 2659 714 2704 patefecit.
781 2659 831 2692 Ac
866 2661 988 2704 procul
1028 2668 1122 2694 extra
1154 2647 1339 2705 philem-l

1353 334 1477 366 rientia
1494 341 1553 368 aut
1571 334 1886 374 demonstratione,
1913 336 1972 367 sed
1996 335 2126 368 indicat
2147 336 2330 369 stultitiam

1353 397 1425 417 esse
1451 385 1610 418 assentiri
1638 385 1789 418 incertis.
1848 384 1895 419 Ut
1920 397 1998 418 cum
2021 393 2137 428 sperat
2154 386 2332 420 Antonius

1355 435 1556 478 victoriam,
1585 435 1664 480 quia
1684 435 1887 468 instructior
1904 442 1952 469 est
1970 433 2142 478 Augusto.

1457 485 1525 519 Sed
1541 485 1695 519 Ecclesia
1718 493 1809 519 certa
1835 493 1885 519 est
1907 493 2048 530 propter
2066 487 2334 530 promissionem

1356 536 1531 575 divinam,
1559 544 1592 570 et
1617 536 1726 570 credit
1745 543 1879 580 praeter
1896 548 1990 580 spem
2017 537 2053 569 in
2075 549 2189 581 spem,
2217 539 2254 571 in
2272 545 2333 577 est,

1356 586 1465 620 credit
1480 594 1511 620 et
1528 595 1661 631 sperat,
1681 588 1741 620 ubi
1761 588 1863 619 etiam
1885 588 2060 620 diversum
2082 589 2213 622 iudicio
2230 596 2334 623 natu-

1357 638 1420 671 rali
1449 645 1601 682 apparet.
1660 636 1706 671 st
1735 637 1871 671 Psalmo
1890 637 1948 671 71.
1973 638 2118 673 dicitur:
2154 639 2336 673 Liberavit

1358 700 1563 731 pauperem,
1591 688 1645 721 cui
1665 701 1734 721 non
1753 697 1823 723 erat
1841 690 1992 722 adiutor.
2048 687 2092 722 Et
2109 689 2236 723 Psalm.
2253 689 2333 724 26.;

1358 739 1460 772 Pater
1477 746 1509 772 et
1528 746 1636 772 mater
1651 739 1915 784 dereliquerunt
1932 751 1998 780 me,
2026 738 2202 773 Dominus
2219 748 2334 774 autern

1358 790 1509 834 suscepit
1532 803 1596 825 me.

1461 840 1535 873 Etsi
1563 848 1677 873 autem
1702 847 1854 874 caeterae
1880 841 2045 881 virtutes,
2088 848 2127 874 ut
2152 841 2259 875 timor
2281 842 2335 874 vel

1360 891 1574 931 reverentia,
1615 892 1813 924 ohedientia
1840 892 1875 923 in
1899 891 2152 925 afflictionibus
2176 891 2252 925 Deo
2276 893 2338 925 de-

1360 942 1452 979 bita,
1479 954 1566 986 quae
1592 949 1640 975 est
1666 954 1744 985 pars
1770 942 1945 979 iusticiae,
1973 949 2005 975 et
2029 943 2232 976 nominatur
2251 944 2338 975 tole-

1332 1022 1333 1026 ,
1361 993 1473 1025 rantia
1500 993 1553 1024 vel
1578 993 1761 1036 patientia,
1803 999 1893 1025 recte
1924 991 2272 1035 comprehenduntur
2301 995 2338 1026 in

1361 1044 1568 1082 dilectione,
1601 1050 1637 1075 ut
1664 1055 1742 1075 mox
1766 1043 1895 1075 dicam:
1932 1050 2048 1076 tamen
2072 1044 2251 1086 sciendum
2277 1051 2339 1084 est,

1361 1102 1393 1127 et
1414 1091 1468 1126 his
1484 1102 1515 1127 ct
1534 1094 1676 1126 caeteris
1694 1094 1794 1125 fidem
1813 1100 1844 1126 et
1862 1105 1958 1137 spem
1976 1093 2185 1136 praelucere.
2229 1093 2335 1136 Quod

1362 1152 1396 1177 nt
1415 1145 1470 1177 fiat
1498 1145 1738 1188 perspicuum,
1767 1144 1824 1176 siat
1850 1144 1989 1177 collatio
2012 1144 2199 1186 patientiae
2221 1143 2338 1188 philo-

1361 1193 1523 1239 sophicae
1542 1202 1575 1228 et
1592 1193 1830 1235 Christianae,
1851 1202 1884 1228 et
1901 1194 2185 1228 consolationum
2207 1196 2339 1230 utrius-

1362 1258 1429 1291 que
1449 1246 1595 1288 generis,

1466 1293 1712 1339 Ph÷lusophica
1735 1295 1900 1339 patientia
1924 1304 1975 1330 est
1995 1304 2174 1340 utcunque
2196 1297 2339 1330 obedire

1363 1348 1489 1380 rationi
1514 1348 1550 1379 in
1576 1347 1729 1379 ferendis
1755 1347 1927 1388 adversis,
1963 1348 2009 1380 ita
2043 1354 2080 1380 ut
2106 1345 2195 1379 nihil
2218 1355 2337 1381 contra

1364 1398 1535 1430 iusticiam
1565 1405 1624 1430 ant
1655 1397 1740 1429 alias
1772 1397 1917 1429 virtutes
1949 1398 2064 1431 facias.
2127 1396 2173 1430 Ut
2197 1396 2281 1431 Cato
2305 1409 2340 1430 se

1365 1449 1477 1491 ipsum
1498 1448 1708 1480 interficiens
1726 1454 1845 1480 contra
1864 1448 2034 1481 iusticiam
2059 1448 2149 1480 facit.
2211 1448 2259 1481 At
2275 1447 2340 1482 So-

1365 1506 1472 1531 crates
1499 1511 1561 1530 nec
1585 1498 1757 1530 iusticiam
1783 1510 1845 1529 nec
1873 1499 2076 1530 modestiam
2104 1498 2229 1537 violat,
2261 1511 2340 1531 cum

1336 1575 1339 1594 :
1366 1549 1440 1581 sine
1459 1549 1630 1581 seditione
1647 1556 1677 1580 et
1703 1548 1776 1579 sine
1794 1549 2012 1581 deformitate
2027 1549 2098 1581 ulla
2115 1556 2262 1581 mortem
2279 1562 2340 1593 op-

1337 1633 1339 1637 ,
1366 1600 1460 1643 petit.

1336 2634 1339 2645 .
1367 2623 1440 2644 esse
1461 2612 1524 2644 iter
1549 2613 1590 2643 ad
1614 2612 1795 2643 coelestem
1817 2609 2018 2644 Ecclesiam.

1514 1598 1585 1631 Nec
1602 1599 1638 1630 in
1658 1595 1897 1641 philosophica
1919 1599 2083 1640 patientia
2107 1610 2183 1642 spes
2206 1600 2338 1632 inclusa

1366 1657 1432 1688 est,
1477 1650 1535 1681 sed
1571 1648 1773 1681 Palamedes
1804 1649 1932 1681 rationi
1964 1650 2199 1692 obtemperat,
2238 1651 2340 1683 etiam

1366 1712 1442 1733 cum
1462 1711 1538 1743 spes
1553 1711 1673 1732 omnes
1691 1699 1809 1731 salutis
1828 1700 1863 1731 in
1884 1697 1946 1732 hac
1972 1700 2058 1741 vita,
2086 1708 2118 1733 et
2145 1708 2260 1743 postea
2285 1713 2342 1733 ex-

1365 1751 1493 1784 tinctae
1515 1756 1607 1785 sunt.

1470 1802 1517 1834 At
1545 1799 1744 1834 Christiana
1770 1800 1937 1844 patientia
1964 1808 2034 1842 est,
2078 1802 2220 1834 obedire
2245 1814 2344 1835 man-

1337 1854 1340 1884 ἵ
1367 1853 1446 1885 dato
1475 1852 1597 1884 divino
1616 1852 1652 1884 in
1670 1852 1861 1885 tolerandis
1877 1853 2053 1892 adversis,
2081 1853 2148 1890 ita,
2175 1865 2218 1885 ne
2239 1853 2343 1886 facias

436 1902 534 1935 Hanc
548 1901 920 1934 commonefactionem
936 1902 978 1933 de
996 1903 1103 1934 fideet
1122 1913 1181 1945 spe
1197 1902 1312 1934 utilis·
1338 1919 1339 1923 =

938 1951 982 1985 Et
1006 1959 1043 1985 ut
1066 1952 1110 1985 sit
1133 1953 1314 1986 ardentior
1338 1963 1340 1976 ²

1367 1903 1500 1947 aliquid
1519 1910 1638 1935 contra
1656 1904 1817 1934 mandata
1835 1901 1910 1941 Dei,
1938 1915 1982 1934 ne
1996 1902 2069 1936 Deo
2086 1903 2254 1944 irascaris,
2282 1906 2342 1936 sed

1367 1955 1432 1986 fide
1457 1964 1622 1996 agnoscas
1650 1965 1727 1985 eum
1751 1953 1813 1986 tibi
1841 1953 2034 1996 propicium
2059 1965 2147 1993 esse,
2173 1962 2204 1986 et
2229 1967 2343 1998 speres

1367 2004 1556 2042 auxilinm,
1585 2004 1838 2045 mitigationem
1862 2011 1920 2037 ant
1938 2004 2200 2045 liberationem,
2228 2012 2261 2039 et
2278 2003 2341 2039 hac

1367 2055 1433 2087 fide
1461 2062 1493 2088 et
1517 2066 1575 2098 spe
1600 2055 1708 2086 lenias
1731 2055 1902 2087 dolorem.

1468 2105 1592 2138 Cernis
1611 2103 1666 2137 hic
1689 2105 1725 2136 in
1749 2105 1953 2138 definitione
1970 2106 2049 2138 addi
2067 2106 2170 2138 fidem
2189 2113 2220 2139 et
2235 2118 2342 2150 spem,

1367 2157 1456 2189 sicut
1481 2168 1585 2198 supra
1613 2156 1656 2187 de
1680 2163 1827 2200 utraque
1855 2157 1981 2189 virtute
2006 2158 2168 2190 mandata
2195 2159 2341 2191 severis-

1367 2207 1453 2240 sima
1480 2207 1618 2240 recitata
1644 2214 1744 2243 sunt,
1773 2209 1865 2240 iuxta
1890 2207 1995 2239 illud:
2021 2207 2104 2240 Sine
2127 2208 2193 2240 side
2211 2209 2342 2251 impos-

1367 2258 1467 2290 sibile
1492 2264 1540 2290 est
1567 2257 1701 2300 placere
1723 2257 1805 2290 Deo.
1872 2256 1975 2298 ltem,
2005 2257 2140 2290 Petrus:
2179 2257 2343 2294 Firmiter

1367 2315 1500 2351 sperate
1528 2308 1693 2350 gratiam,
1732 2320 1820 2352 quae
1851 2309 1950 2340 vobis
1982 2305 2224 2349 exhibebitur,
2265 2322 2343 2344 cum

1368 2357 1462 2392 lesus
1480 2356 1640 2392 Christus
1663 2359 1886 2393 revelabitur.
1941 2360 2021 2391 ldeo
2045 2366 2159 2391 antem
2183 2360 2219 2392 iu
2239 2359 2342 2395 Chri-

1367 2410 1478 2442 stiana
1507 2409 1672 2452 patientia
1700 2409 1831 2441 lenitur
1856 2409 1975 2448 dolor,
2002 2410 2082 2454 qnia
2109 2417 2191 2444 tunc
2209 2412 2343 2447 obiecta

1368 2460 1478 2497 bona,
1508 2461 1573 2491 fide
1590 2466 1622 2492 et
1640 2471 1698 2502 spe
1715 2467 1917 2492 cernuntur.

1467 2509 1622 2553 Baptista
1654 2511 1715 2542 scit
1741 2522 1775 2542 se
1798 2509 1871 2542 Deo
1897 2522 2015 2543 carum
2050 2524 2139 2553 esse,
2173 2519 2206 2546 et
2227 2512 2341 2547 Deum

1367 2561 1492 2593 adesse·
1509 2561 1546 2592 in
1571 2559 1636 2593 hoc
1660 2561 1733 2603 ipso
1757 2572 1884 2603 agone,
1915 2568 1946 2593 et
1972 2562 2062 2595 videt
2089 2563 2176 2596 hanc
2193 2572 2340 2598 mortem

2072 2613 2166 2648 Haec
2191 2626 2263 2647 non
2287 2616 2340 2647 vi-

1367 2663 1450 2695 dent
1472 2661 1693 2702 Palamedes,
1722 2661 1898 2702 Socrates,
1926 2661 2181 2705 Theramenes,
2215 2673 2273 2699 aut
2297 2666 2344 2699 si-
