2415 2942
116 110 190 147 505

117 196 223 232 ticula
243 194 381 237 Gratis,
407 195 450 228 de
467 207 535 241 qua
553 202 587 230 et
602 193 669 229 hoc
685 194 908 228 considerent
926 193 994 237 pii,
1028 205 1102 226 me-

116 248 182 282 rita
204 246 280 281 tolli
314 258 354 279 ac
381 246 498 290 reiici,
536 259 607 280 non
630 246 712 292 quia
737 256 800 279 nos
829 242 919 277 nihil
947 255 1100 286 agamus,

115 299 175 332 sed
205 304 242 331 ut
265 298 450 342 promissio
474 298 579 331 nobis
605 298 649 331 sit
672 303 783 340 certa,
811 306 900 340 quae
923 294 1020 328 fieret
1044 294 1098 326 in-

114 355 225 387 certa,
251 349 278 381 si
298 350 464 392 penderet
484 361 523 382 ex
540 348 743 381 conditione
759 345 982 379 meritorum:
1017 345 1099 377 item

114 407 152 434 ut
181 399 319 433 debitus
351 397 464 432 honos
487 397 628 433 Christo
663 398 861 432 tribuatur:
904 395 987 429 item
1018 395 1100 440 quia

114 450 250 485 etiamsi
277 451 360 495 quid
395 451 549 494 agimus,
590 455 706 482 tamen
736 447 859 492 procul
889 446 1056 479 absumus
1081 458 1099 479 a

114 501 328 545 perfectione
358 502 454 545 legis.
525 499 653 534 Oritur
681 505 797 533 autem
828 498 913 530 fides
943 509 962 530 a
992 497 1100 530 verbo

115 551 202 593 Dei,
238 552 400 585 videlicet
425 552 469 585 ab
492 550 705 594 Evangelio,
745 549 840 594 quod
871 548 1014 592 proprie
1038 555 1102 589 est,

116 604 153 636 in
172 615 241 648 quo
267 603 430 636 beneficia
449 600 581 636 Christi
604 601 706 634 nobis
729 607 803 634 tum
830 600 1102 643 promittuntur,

115 662 189 689 tum
215 652 439 687 adhibentur.
505 650 606 686 Nihil
639 651 733 685 enirn
769 657 884 695 posset
911 662 1010 684 mens
1033 648 1102 683 hu-

117 716 221 738 mana
237 713 386 738 statuere
405 706 448 737 de
465 702 671 737 remissione
697 709 937 746 peccatorum,
962 702 990 734 si
1006 700 1102 734 Deus

116 767 189 789 non
206 756 388 789 revelasset
407 752 496 788 banc
512 766 611 788 suam
628 753 847 788 voluntatem
864 759 957 786 certo
983 752 1102 792 verbo,

114 818 172 841 seu
193 813 283 840 certa
304 805 545 850 promissione.

216 856 407 891 Sciendum
424 864 474 890 est
498 863 615 890 autem
639 854 732 890 hanc
756 854 993 898 evangelicam
1019 866 1101 898 pro-

115 907 318 940 missionem
334 908 569 941 universalem
587 919 677 949 esse,
703 908 799 950 quod
824 919 864 940 eo
892 917 1028 939 necesse
1054 911 1104 939 est

114 958 298 991 admoneri
318 959 411 1002 pios,
440 958 522 1003 quia
543 959 690 1003 pavidae
714 965 848 992 mentes
872 958 914 989 (le
938 954 993 989 his
1017 957 1103 990 dua—

113 1009 179 1042 bus
201 1010 467 1054 quaestionibus
485 1010 636 1042 maxime
654 1010 853 1052 disputant,
881 1007 1043 1042 videlicet
1060 1008 1103 1040 de

113 1060 283 1103 dignitate
323 1067 355 1093 et
383 1062 427 1093 de
460 1060 644 1094 electione.
715 1059 874 1093 Primum
899 1058 1103 1106 quaerimus

113 1122 160 1144 an
187 1110 351 1154 indignos
374 1111 535 1155 recipiat:
564 1111 694 1144 deinde
718 1110 854 1143 etiamsi
873 1121 1023 1142 essemus
1047 1110 1103 1142 di-

113 1161 193 1205 gni,
228 1162 419 1204 cogitamus
447 1169 564 1194 tamen
581 1160 693 1195 Deum
717 1173 799 1194 suos
825 1161 995 1206 quosdam
1015 1160 1102 1193 ami-

114 1224 172 1246 cos
197 1213 358 1255 elegisse,
396 1213 526 1258 quibus
549 1210 634 1245 haec
664 1213 833 1246 beneficia
863 1211 948 1244 velit
973 1212 1103 1255 imper-

114 1262 199 1296 tire:
227 1263 429 1297 dubitamus
447 1276 490 1296 an
509 1264 553 1296 ad
580 1275 644 1296 nos
667 1275 808 1308 quoque
826 1262 1014 1306 pertineat:
1044 1274 1104 1294 ve-

113 1325 232 1347 remur
266 1325 330 1346 nos
364 1326 437 1347 non
473 1325 546 1347 esse
573 1314 609 1346 in
643 1326 792 1347 numero
828 1314 983 1346 illorum.
1051 1311 1103 1345 Ita

112 1364 259 1405 ambigit
289 1362 440 1397 humana
473 1364 562 1398 ratio
592 1365 636 1397 de
667 1365 847 1397 voluntate
874 1363 954 1397 Dei.
1013 1362 1102 1395 Nam

115 1420 149 1447 et
165 1412 370 1457 Philosophi
388 1415 656 1456 adsentiuntur,
684 1413 798 1447 Deum
817 1413 938 1460 paucis
955 1413 1103 1457 quibus-

116 1466 214 1504 dam,
250 1465 410 1498 videlicet
449 1463 599 1498 heroicis
632 1465 716 1498 viris
744 1465 879 1504 favere,
922 1470 955 1497 et
981 1475 1101 1496 eorum

115 1523 260 1549 eventus
284 1516 497 1558 gubernare,
525 1517 584 1548 sed
611 1516 766 1561 reliquos
789 1512 951 1548 homines
972 1513 1103 1558 negligi

114 1579 132 1600 a
153 1566 225 1600 Deo
244 1567 406 1609 cogitant.
462 1566 610 1600 Prorsus
627 1564 694 1600 hoc
715 1567 821 1601 modo
850 1566 978 1607 cogitat
1004 1576 1103 1598 mens

113 1617 158 1651 de
183 1618 517 1662 praedestinatione,
552 1624 591 1652 ut
616 1624 755 1651 vocant.
823 1616 892 1650 Sed
919 1614 1008 1650 banc
1035 1613 1103 1649 hu-

116 1680 254 1701 manam
281 1669 485 1712 opinionem
512 1675 606 1702 taxat
629 1681 695 1702 vox
712 1667 880 1702 coelestis.
933 1667 1010 1701 Hoc
1034 1667 1104 1700 dif-

117 1719 184 1753 fert
200 1718 431 1763 Evangelium
450 1731 468 1752 a
496 1717 749 1763 philosophicis
771 1719 1004 1763 opinionibus
1027 1725 1061 1752 et
1085 1730 1103 1751 a

117 1770 208 1814 lege,
232 1772 314 1816 quia
332 1771 433 1804 aliter
451 1777 622 1804 monstrat
637 1769 703 1804 Dei
723 1770 938 1804 voluntatem
951 1794 960 1807 ‚
985 1776 1104 1803 osten-

118 1822 167 1855 dit
185 1821 297 1855 Deum
317 1834 395 1854 vere
414 1829 446 1855 et
466 1821 632 1865 indignos
649 1822 738 1854 velle
755 1821 920 1865 recipere,
939 1827 969 1854 et
987 1820 1104 1853 omni·

118 1873 183 1906 bus
199 1873 324 1906 offerre
341 1873 500 1916 gratiam,
527 1874 634 1906 modo
648 1879 686 1906 ut
703 1873 848 1905 credant
868 1871 1107 1916 promissioni.

118 1923 236 1966 Quare
259 1925 394 1957 discant
423 1924 491 1968 pii,
527 1923 798 1968 promissionem
822 1935 894 1956 esse
921 1923 1106 1956 universa-

425 108 525 146 xm.

578 110 613 144 2.
647 106 1013 144 COMMENTARH
1038 106 1088 142 IN
1115 104 1268 141 EPIST.
1296 105 1443 142 PAULI
1471 105 1537 142 AD
1565 103 1828 142 ROMANOS.

2066 103 2140 139 506

1154 191 1234 225 Non
1256 191 1349 225 enim
1368 192 1597 226 iudicandum
1617 199 1666 226 est
1685 193 1727 225 de
1751 192 1932 225 voluntate
1951 189 2039 230 Dei,
2068 191 2142 222 sine

1154 242 1263 286 ipsius
1287 243 1404 276 verbo.
1478 243 1523 277 Et
1550 251 1588 277 ut
1614 243 1864 288 promissiones
1890 249 1971 275 sunt
1999 241 2143 274 unixcr-

1153 293 1259 332 sales,
1286 293 1334 325 sic
1352 294 1510 336 intelligo
1538 293 1603 327 hoc
1622 296 1771 328 dictum:
1804 292 1901 327 Deus
1919 293 1993 326 vult
2020 303 2142 324 omnes

1154 341 1314 376 homiues
1334 345 1448 377 salvos
1469 345 1561 382 fieri,
1590 345 1678 378 sicut
1706 345 1740 377 in
1768 343 2063 389 promissionibus
2087 343 2141 376 of-

1153 394 1220 427 fert
1243 394 1410 426 omnibus
1433 395 1591 427 salutem.
1644 395 1714 429 Sed
1736 393 1891 429 humana
1914 395 2078 428 voluntas
2103 393 2141 426 in

1154 442 1209 477 his
1233 443 1294 488 qui
1311 445 1440 478 nolunt
1457 446 1616 486 credere,
1641 453 1813 490 repugnat
1836 445 2142 489 promissionibus.

1155 495 1212 528 llli
1230 501 1345 528 autem
1363 495 1422 540 qui
1441 507 1475 529 se
1492 496 1725 538 promissione
1741 502 1950 536 sustentant,
1974 508 2054 529 vere
2071 494 2139 528 sibi

1155 546 1264 580 tribui
1284 546 1451 580 beneficia
1468 544 1602 580 Christi
1632 554 1806 588 statuant,
1833 559 1877 580 ne
1900 546 2014 580 Deum
2039 558 2142 580 accu—

1154 604 1231 631 sent
1255 597 1443 631 mendacii.
1502 597 1664 643 Cumque
1689 610 1810 632 vocem
1838 595 2023 640 Evangelii
2050 597 2141 630 acci—

1155 648 1276 693 piunt,
1304 655 1337 681 et
1357 659 1392 681 se
1412 655 1628 690 sustentant,
1656 649 1761 682 simul
1781 649 1900 682 efficax
1923 654 1974 681 est
1991 647 2144 691 Spiritus

1155 706 1294 732 sanctus
1321 711 1382 743 per
1395 696 1579 742 Evangelii
1607 712 1747 739 vocem,
1775 700 1869 734 iuxta
1894 698 2003 733 illud:
2038 697 2144 731 Fides

1156 762 1195 783 ex
1210 750 1334 783 auditu
1353 756 1414 783 est.
1473 749 1519 784 Et
1545 751 1588 783 ad
1608 749 1689 785 Gal.
1707 750 1759 786 3.:
1797 750 1846 785 Ut
1869 749 2142 795 promissionem

1155 800 1309 845 Spiritus
1323 801 1536 845 accipiamus
1552 813 1613 846 per
1626 802 1744 838 fidem.
1798 800 1848 836 lta
1868 813 1946 834 cum
1970 807 2142 845 perterre-

1155 852 1263 885 factae
1280 859 1415 886 mentes
1433 851 1502 886 fide
1519 853 1720 896 eriguntur,
1747 853 1952 897 concipiunt
1970 850 2144 896 Spiritum

1154 910 1324 936 sanctum.
1378 902 1474 937 Haec
1492 910 1543 938 est
1567 904 1751 937 conversio
1775 916 1863 950 quae
1891 904 1927 936 in
1947 902 2141 945 Evangelio

1157 961 1302 987 vocatur
1318 955 1556 997 regeneratio,
1583 967 1673 1000 quae
1697 952 1782 988 haec
1800 955 1865 989 tria
1889 954 2145 998 complectitur,

1156 1004 1401 1039 remissionem
1420 1013 1662 1050 peccatorum,
1689 1006 1974 1040 iustificationem
1997 1017 2057 1038 seu
2076 1004 2144 1036 im-

1156 1056 1375 1100 putationem
1396 1057 1571 1098 iusticiae‚
1596 1063 1630 1092 et
1645 1058 1875 1091 donationem
1893 1055 2046 1101 Spiritus
2062 1067 2143 1088 san-

1156 1107 1201 1141 cti
1238 1119 1277 1140 ac
1310 1107 1401 1141 vitae
1429 1116 1599 1142 aeternae.
1668 1107 1750 1142 Dixi
1778 1114 1895 1141 autem
1921 1108 1963 1140 de
1989 1107 2146 1140 motibus

1157 1158 1216 1203 qui
1236 1170 1253 1190 a
1273 1157 1338 1201 piis
1357 1159 1508 1202 intelligi
1526 1166 1691 1202 possunt,
1718 1160 1761 1192 de
1778 1158 1974 1192 terroribus
1997 1164 2030 1191 et
2056 1169 2142 1190 con-

1155 1209 1346 1252 solatione,
1373 1221 1462 1253 quae
1478 1209 1514 1243 fit
1529 1210 1607 1245 fide.
1660 1209 1780 1253 Quare
1798 1207 1884 1242 haec
1900 1208 2047 1242 Paulina
2067 1219 2146 1241 sen-

1156 1260 1265 1293 tentia
1283 1271 1347 1293 nec
1365 1260 1538 1302 absurda,
1566 1273 1630 1295 nec
1648 1261 1811 1294 intricata
1830 1267 1899 1302 est,
1925 1272 1990 1293 nec
2013 1260 2145 1293 otiosas

1156 1309 1310 1353 argutias
1329 1311 1503 1351 continet,
1530 1312 1589 1344 sed
1613 1318 1664 1345 est
1680 1311 1882 1356 perspicua,
1910 1317 2145 1344 consentanea

1157 1360 1304 1404 reliquis
1335 1358 1595 1404 Prophetarum
1625 1369 1657 1396 et
1681 1362 1866 1406 Evangelii
1899 1362 2145 1395 concionibus:

1156 1418 1188 1444 et
1213 1423 1267 1443 res
1292 1412 1461 1445 maximas
1485 1414 1673 1457 proponit,
1698 1425 1785 1457 quas
1812 1414 1862 1457 pii
1891 1413 1926 1445 in
1955 1413 2024 1446 vita
2042 1424 2146 1455 expe-

1156 1462 1309 1501 riuntur,
1324 1469 1356 1495 et
1366 1475 1514 1506 quarum
1526 1464 1680 1507 cognitio
1690 1462 1866 1498 Ecclesiae
1878 1464 2069 1497 necessaria
2086 1471 2147 1499 est.

1155 1511 1258 1546 Nunc
1276 1513 1439 1546 adiiciam
1457 1514 1598 1548 brevem
1616 1528 1742 1549 vocum
1761 1516 2033 1555 enarrationem,
2051 1514 2147 1556 legis,

1154 1562 1360 1606 Evangelii,
1386 1566 1536 1608 peccati,
1563 1566 1839 1605 iustificationis,
1863 1566 2009 1610 gratiae,
2029 1566 2121 1600 fidei.

1259 1614 1457 1648 Plurimum
1492 1624 1607 1650 autem
1637 1617 1806 1650 disserunt
1840 1619 1893 1650 lex
1925 1624 1957 1650 et
1982 1616 2144 1659 Evange-

1156 1665 1258 1701 lium.
1316 1664 1406 1699 Nam
1430 1666 1484 1700 lex
1510 1675 1560 1702 est
1583 1668 1763 1709 doctrina,
1797 1681 1865 1713 qua
1891 1668 1984 1701 Deus
2011 1667 2144 1710 praeci-

1157 1716 1208 1761 pit
1233 1717 1353 1761 quales
1384 1729 1447 1751 nos
1480 1729 1552 1752 esse
1582 1726 1759 1763 oporteat,
1803 1726 1835 1753 et
1859 1731 1948 1764 quae
1972 1719 2143 1759 facienda,

1157 1780 1245 1812 quae
1265 1768 1405 1802 vitanda
1421 1768 1502 1803 sint.
1553 1767 1601 1804 Et
1625 1782 1824 1816 quanquam
1850 1770 1971 1814 politia
1990 1768 2147 1802 Mosaica

1157 1819 1270 1852 deleta
1295 1819 1358 1860 sit,
1400 1827 1517 1854 tamen
1546 1828 1665 1855 manet
1690 1822 1745 1854 lex
1770 1821 1916 1855 moralis
1933 1849 1941 1861 ,
1981 1833 2070 1865 quae
2095 1829 2143 1854 est

1157 1882 1226 1902 una
1246 1877 1279 1903 et
1296 1872 1416 1904 eadem
1434 1872 1596 1906 omnium
1607 1880 1817 1917 temporum,
1834 1885 1911 1906 cum
1929 1872 2003 1905 eius
2014 1872 2144 1905 noticia

1158 1920 1341 1954 nobiscum
1368 1930 1542 1958 nascatur.
1598 1922 1722 1958 Voluit
1747 1925 1840 1956 enim
1870 1922 1965 1956 Deus
1987 1923 2142 1967 aliquam

118 1975 204 2014 lem,
233 1975 321 2008 sicut
347 1982 518 2009 testantur
541 1975 727 2008 innumera
749 1975 862 2015 dicta,
888 1980 942 2008 ut:
979 1972 1106 2007 Venite
1130 1966 1133 2028 ἰ
1158 1983 1231 2005 esse
1257 1973 1421 2006 noticiam
1446 1974 1483 2007 in
1508 1972 1674 2016 homine,
1709 1987 1798 2020 quae
1828 1974 1998 2008 iudicaret
2025 1986 2144 2018 pecca-

118 2027 161 2058 ad
195 2038 248 2057 me
280 2036 419 2065 omnes,
461 2026 523 2070 qui
556 2026 741 2066 laboratis,
785 2032 820 2058 et
847 2025 981 2058 onerati
1011 2024 1105 2059 estis,
1130 2031 1132 2053 ἱ
1159 2029 1245 2056 tum.

120 2074 225 2110 Rom.
243 2076 295 2108 3.:
334 2074 474 2108 Iusticia
500 2077 568 2109 Dei
594 2089 656 2120 per
678 2077 781 2110 fidem
810 2075 886 2109 lesu
910 2074 1043 2110 Christi
1068 2075 1106 2108 in

120 2138 242 2158 omnes
257 2132 289 2158 et
302 2137 407 2169 super
422 2138 542 2159 omnes
557 2128 748 2162 credentes.
780 2126 865 2160 ltem
878 2126 1017 2161 Roman
1030 2128 1106 2161 10.:

124 2176 219 2209 ldenn
244 2174 419 2209 Dominus
442 2177 601 2210 omnium
625 2178 721 2211 dives
744 2179 780 2211 in
807 2190 929 2211 omnes
948 2185 1012 2211 etc.
1066 2177 1106 2211 lu

122 2226 183 2261 has
209 2227 424 2260 universales
449 2227 670 2261 includamus
694 2240 759 2262 nos
789 2229 942 2272 singuli,
970 2235 1003 2262 et
1027 2241 1107 2262 vere

119 2280 162 2312 ad
195 2290 260 2311 nos
293 2278 466 2320 pertinere
500 2279 668 2312 beneficia
702 2280 869 2322 promissa
904 2287 1108 2314 statuamus.

121 2328 242 2374 ltaque
266 2329 302 2361 in
327 2329 549 2374 quaestione,
577 2331 620 2362 de
644 2330 906 2371 iustificatione,
932 2343 1108 2376 seponan-

121 2387 178 2414 tur
193 2380 712 2425 aliquantisperdisputationes
724 2382 766 2414 de
778 2382 1106 2425 praedestinatione.

121 2431 386 2465 Exordiendum
412 2439 463 2465 est
484 2432 528 2465 ab
553 2429 768 2475 Evangelio,
811 2433 905 2477 quod
936 2440 969 2466 et
992 2434 1108 2476 arguit

122 2494 263 2521 omnes,
300 2490 332 2516 et
365 2482 467 2516 offert
503 2483 669 2516 omnibus
703 2482 850 2526 gratiam
887 2483 1107 2524 promissam,

1297 2024 1350 2057 Ac
1366 2036 1504 2069 semper
1518 2026 1685 2060 omnibus
1708 2026 1928 2070 temporibus
1952 2037 2034 2058 voce
2060 2025 2144 2068 legis

1157 2074 1319 2117 arguitur
1346 2083 1523 2118 peccatum
1548 2077 1585 2110 in
1612 2078 1874 2121 praedicatione
1902 2076 2145 2119 poenitentiae.

1160 2124 1244 2159 Ideo
1278 2125 1411 2159 Paulus
1444 2128 1547 2162 dicit:
1590 2128 1657 2161 Per
1684 2129 1793 2172 legem
1823 2127 1976 2171 cognitio
2006 2127 2146 2171 peccati.

1159 2175 1231 2210 Nec
1258 2183 1395 2210 tantum
1420 2178 1579 2223 loquitur
1602 2180 1645 2212 de
1670 2180 1896 2219 ceremoniis,
1939 2185 1975 2211 ut
2000 2179 2143 2223 quidam

1160 2227 1316 2269 fingunt,
1342 2230 1401 2261 sed
1423 2230 1608 2278 praecipue
1634 2233 1676 2263 de
1701 2231 1868 2275 decalogo
1893 2241 1952 2262 seu
1972 2229 2043 2273 lege
2068 2241 2142 2262 mo-

1160 2279 1241 2312 rali:
1269 2278 1364 2313 Haec
1383 2280 1476 2313 enirn
1493 2293 1648 2325 semper,
1676 2289 1709 2315 et
1722 2293 1842 2314 omnes
1859 2288 2007 2316 accusat.
2055 2278 2146 2313 Nam

1159 2329 1264 2373 longe
1281 2330 1384 2364 aliter
1400 2332 1442 2364 de
1462 2332 1536 2375 lege
1553 2332 1673 2365 diviua
1691 2332 1914 2365 sentiendum
1933 2338 2002 2372 est,
2037 2343 2143 2376 quam

1160 2381 1203 2413 de
1221 2381 1379 2415 moribus
1398 2383 1487 2416 vitae
1505 2383 1630 2418 civilis.
1670 2382 1711 2416 ln
1731 2383 1800 2416 vita
1818 2383 1912 2416 civili
1930 2390 2065 2416 tantum
2083 2383 2146 2415 fla-

1160 2431 1291 2474 gitatur
1307 2439 1449 2466 externa
1467 2434 1668 2478 disciplina:
1697 2441 1731 2467 at
1748 2434 1802 2467 lex
1819 2432 1884 2467 Dei
1903 2433 2051 2478 requirit
2068 2445 2147 2478 per-

1132 2483 1284 2524 vsectam
1318 2484 1582 2526 obedientiam,
1623 2485 1827 2518 interiorem
1863 2492 1895 2519 et
1928 2485 2145 2524 exteriorem,

124 2540 267 2577 propter
281 2531 479 2575 Christum,
503 2541 538 2567 et
557 2534 699 2579 quidem
719 2533 825 2577 gratis
850 2533 973 2574 offert,
1000 2536 1106 2568 modo
1131 2525 1135 2557 Ι
1161 2541 1199 2568 ut
1218 2541 1364 2567 testatur
1387 2542 1626 2579 praeceptum:
1665 2536 1799 2578 Diligas
1816 2535 2011 2569 Dominum
2030 2534 2143 2568 Deuin

124 2591 161 2617 ut
186 2584 252 2616 fide
281 2585 463 2625 accipiant.
541 2583 745 2618 lntueamur
776 2596 857 2627 ergo
891 2585 927 2617 in
960 2586 1106 2619 verbum

123 2636 216 2679 quod
245 2641 291 2667 est
316 2635 531 2673 universale,
560 2648 622 2669 nec
648 2636 803 2668 sinamus
829 2647 892 2668 nos
913 2648 931 2668 a
957 2637 1106 2679 promis-

123 2687 222 2719 sione
244 2686 345 2718 avelli
377 2687 672 2730 speculationibus
707 2688 748 2720 de
779 2687 1135 2732 praedestiuatione.¹

1664 2584 1710 2620 Et
1727 2587 1774 2620 sic
1792 2584 1920 2620 Mauh.
1939 2584 1994 2620 5.;
2039 2584 2145 2619 Chri-

1685 2636 1772 2672 Cum
1790 2646 1904 2670 autern
1925 2636 2006 2670 haec
2023 2644 2145 2669 natura

1160 2592 1259 2618 tuum
1279 2598 1317 2618 ex
1336 2593 1407 2618 toto
1426 2587 1530 2619 corde
1549 2593 1612 2620 etc.

1160 2643 1232 2669 stus
1250 2636 1358 2678 legem
1379 2636 1639 2680 interpretatur,

1131 2676 1367 2725 'hominunh
1412 2688 1536 2722 morbo
1569 2688 1716 2733 originis
1753 2689 1894 2730 vitiata,
1937 2700 2006 2721 non
2043 2688 2147 2732 possit
