2415 2942
116 72 211 107 1301
346 68 448 106 XIII.

501 70 535 106 7.
565 70 863 108 ENARRATIO
890 70 1046 109 EPIST.
1075 71 1277 111 PRIORIS
1305 72 1373 109 AD
1403 73 1732 114 TIMOTHEUM.

1788 80 1849 114 CA
1857 80 1893 116 P.
1924 82 1950 119 I.
2062 89 2157 122 1302

112 159 224 194 ullam
251 164 409 191 nostram
435 158 643 203 dignitatem
667 160 774 195 simul
792 162 895 196 offert
912 160 998 196 haec
1019 173 1108 207 qua·
1131 164 1134 173 ¹
1162 162 1254 208 quit:
1290 161 1378 196 Fide
1394 162 1572 197 iustificati
1590 176 1707 207 pacem
1728 163 1910 203 hahemus.
1944 167 1988 204 Et
2009 168 2098 205 hanc
2116 173 2152 207 in

112 218 215 251 tuor,
258 209 503 243 remissionem
547 218 791 255 peccatorum,
834 214 1106 258 imputationem

113 261 292 302 iusticiae‚
320 259 494 304 Spiritum
519 270 678 296 sanctum
696 270 728 297 et
745 261 996 299 haereditatem
1015 265 1107 297 vitae

112 319 284 346 aeternae.
339 311 403 345 Est
425 320 541 346 autem
559 315 765 348 mandatum
786 315 851 349 Dei
869 323 1051 349 aeternum
1072 322 1106 348 et

113 364 302 397 immotum
321 364 364 396 de
380 360 538 397 Filio:
565 363 672 398 Hunc
699 366 830 402 audite.
883 366 1029 400 Necesse
1055 373 1105 399 est

111 415 221 458 igitur
238 414 399 448 assentiri
414 416 642 462 promissioni
660 416 824 450 offerenti
844 417 1104 451 reconciliatio-

111 475 214 506 nem,
253 465 417 500 videlicet
445 467 506 499 illa
538 468 652 508 bona,
688 480 777 513 quae
803 469 886 503 dixi,
938 468 1015 502 Hae
1038 469 1104 501 fide

111 515 219 550 homo
237 529 318 550 vere
341 518 468 561 accipit
494 519 737 551 remissionem
756 528 1000 563 peecatorum,
1036 520 1103 552 im-

110 568 331 610 putationem
356 568 514 602 iusticiae
541 576 574 602 et
600 569 772 613 Spiritum
804 578 981 611 sanctum,
1009 578 1041 605 et
1065 571 1103 604 fit

110 617 232 653 haeres
255 619 348 653 vitae
379 627 541 653 aeternae
568 628 711 663 propter
736 622 848 656 filium
875 621 941 655 Dei
968 621 1102 660 Gratis,

110 683 182 704 non
203 677 348 715 propter
364 671 541 715 propriam
561 672 768 715 dignitatem
780 681 839 707 aut
851 674 1027 706 meritum.
1055 671 1102 706 Et

109 723 148 755 in
176 719 268 755 hanc
289 723 500 755 sententiam
525 724 650 756 usitata
678 732 728 757 est
751 726 863 757 oratio
900 725 936 756 in
970 724 1101 757 nostris

108 772 284 813 Ecclesiis‚
312 772 394 806 Sola
412 773 480 805 fide
502 773 743 808 iustificamur.
799 776 983 818 Significat
1005 775 1098 807 enim

109 824 289 858 iustificari
309 824 466 867 accipere
480 825 724 858 remissionem
743 834 964 870 peccatorum
983 834 1015 859 et
1033 827 1100 859 im-
1126 856 1128 859 ,

107 876 327 920 putationem
354 875 530 916 iusticiae‚
553 888 632 909 cum
653 890 720 922 qua
747 879 935 911 coniuncta
961 885 1009 910 est
1035 879 1099 909 do-

107 927 204 960 natio
224 926 377 971 Spiritus
393 927 522 966 sancti,
551 936 582 961 et
602 925 799 963 baereditas
816 930 907 962 vitae
925 935 1096 961 aeternae.

207 977 254 1012 Et
278 978 604 1011 manifestissimum
625 987 673 1013 est
699 981 778 1013 ideo
803 982 845 1013 de
865 979 1099 1023 imputatione

105 1029 195 1069 dici,
221 1029 303 1074 quia
329 1029 489 1061 nondum
514 1027 683 1064 habemus
703 1031 800 1064 illam
826 1038 935 1064 totam
958 1031 1097 1063 novita-

104 1088 196 1121 tem,
226 1082 270 1113 de
293 1080 392 1113 cuius
409 1081 645 1114 transfusione
663 1080 828 1116 monachi
853 1083 995 1119 dicunt,
1037 1082 1096 1114 sed

104 1143 227 1165 sumus
262 1131 345 1164 iusti
375 1132 503 1164 donata
541 1133 749 1166 remissione
781 1140 1025 1177 peccatorum,
1064 1140 1096 1165 et

104 1184 274 1226 imputata
292 1183 395 1215 nobis
416 1183 551 1215 iusticia
572 1184 634 1216 filii
652 1183 735 1225 Dei,
755 1193 787 1218 et
807 1185 903 1228 quasi
923 1197 960 1217 ea
981 1184 1095 1217 vestiti

103 1246 166 1278 per
190 1234 484 1277 imputationem,
520 1242 552 1268 et
570 1242 686 1268 tamen
704 1237 924 1269 verissimum
945 1243 1013 1275 est,
1048 1235 1094 1267 si-

104 1285 179 1319 mul
205 1284 339 1318 incoari
365 1285 400 1317 iu
427 1285 530 1317 nobis
549 1286 762 1328 novitatem,
790 1300 879 1332 quae
903 1287 939 1318 fit
958 1286 1094 1330 Spiritu

103 1343 223 1370 sancto
254 1336 364 1369 effuso
391 1336 426 1368 in
454 1337 558 1368 corda
584 1345 723 1377 nostra,
761 1345 794 1371 et
818 1338 1031 1371 accendente
1058 1338 1093 1369 in

102 1388 208 1421 nobis
234 1389 358 1427 fide-m,
395 1393 427 1420 et
452 1388 537 1420 alias
561 1388 728 1430 virtutes,
759 1396 791 1422 et
813 1389 1002 1432 copulante
1030 1399 1094 1420 nos

100 1440 174 1473 filio
204 1438 290 1476 Dei,
334 1438 495 1480 regnanti
525 1439 568 1471 ad
596 1440 775 1472 dexteram
811 1440 944 1472 aeterni
974 1439 1094 1479 patris,

98 1491 188 1524 sicut
213 1490 343 1523 dicitur
369 1489 540 1522 Actorum
563 1492 616 1525 2:
653 1490 802 1524 Dextera
830 1491 894 1524 Dei
923 1491 1093 1524 exaltatus

98 1542 231 1585 accepit
256 1541 525 1584 promissionem
542 1541 698 1585 Spiritus
721 1543 852 1583 sancti,
881 1555 985 1587 quem
1004 1542 1092 1574 effu—

101 1593 153 1626 dit
179 1593 217 1624 in
240 1603 315 1626 n05.

201 1642 350 1676 Prorsus
366 1641 469 1673 etiam
488 1642 678 1675 reiicienda
696 1651 746 1677 est
761 1643 984 1685 imaginatio,
1003 1655 1092 1687 quae

98 1695 198 1739 fingit
217 1692 398 1727 hominem
417 1699 553 1725 tantum
571 1693 674 1726 initio
692 1693 893 1737 praeparari
912 1694 998 1734 fide,
1027 1705 1090 1736 po—

97 1754 168 1780 stea
184 1758 267 1778 vero
285 1745 414 1777 iustum
434 1755 504 1776 esse
525 1744 667 1787 propria
688 1744 898 1784 dilectione,
931 1756 990 1777 seu
1009 1756 1090 1786 pro-

97 1797 182 1843 priis
200 1796 413 1835 virtutibus⁷
434 1801 472 1827 ut
491 1807 568 1827 cum
587 1795 755 1829 dicimus:
785 1794 907 1828 Motus
924 1795 1089 1832 calefacit,

97 1849 219 1882 Motus
238 1846 456 1892 praeparatio
475 1852 543 1883 est,
572 1852 688 1890 postea
708 1847 822 1879 calore
838 1858 958 1879 sumus
974 1846 1090 1879 calidi.

98 1900 166 1935 Sed
190 1911 336 1943 persona
357 1898 423 1930 fide
440 1905 574 1940 recepta
596 1897 760 1941 deinceps
787 1897 890 1929 etiam
914 1904 963 1930 est
988 1898 1089 1936 iusta,

98 1953 134 1985 id
153 1959 222 1992 est,
253 1957 392 1996 accepta
410 1947 485 1981 Deo
504 1950 546 1981 ad
566 1948 675 1981 vitam
694 1955 890 1986 aeternam,
919 1961 992 1981 non
1008 1960 1087 1992 pro-
1115 1972 1116 1995 1

97 2010 174 2047 pter
191 2001 352 2046 proprias
372 2000 534 2038 virtutes,
562 2000 643 2044 quia
664 2000 814 2033 multum
833 1997 948 2032 adhuc
972 2006 1087 2032 manet
1114 2007 1116 2035 41

97 2055 134 2087 iu
157 2054 260 2086 nobis
285 2051 463 2091 sordium,
505 2051 562 2083 sed
588 2057 732 2095 propter
755 2051 983 2083 mediatorem
1014 2051 1087 2083 sola

96 2106 183 2146 fide,
212 2116 279 2150 qua
304 2111 336 2137 et
362 2102 527 2144 deinceps
550 2099 719 2135 habemus
743 2102 987 2135 remissionem
1007 2114 1087 2145 pec-

98 2164 275 2196 catorum,
320 2161 352 2187 et
377 2154 546 2196 imputata
572 2153 709 2186 iusticia
743 2153 946 2186 mediatoris
972 2153 1087 2186 vestiti

96 2220 229 2241 sumus.

98 2259 236 2299 ciliat0‚
277 2255 341 2290 hac
364 2257 438 2300 ipsa
465 2255 685 2288 consessione
711 2257 958 2299 praecedente,
991 2256 1084 2299 quod

284 2205 403 2239 Placet
427 2212 540 2237 autem
564 2216 655 2237 nova
676 2205 875 2237 obedientia
901 2204 937 2236 in
963 2216 1086 2237 recon-
1113 2237 1115 2245 ,

1159 214 1366 259 quotidiana
1385 214 1610 249 invocatione
1630 222 1662 249 et
1681 216 1717 249 in
1737 219 2039 255 consolationibus
2056 235 2153 256 exer-

1159 271 1271 300 ceant.

1328 346 1442 382 Bona
1471 355 1521 383 est
1553 348 1640 385 Lex
1665 350 1826 398 legitime
1851 357 1978 394 utenti.

1260 415 1421 451 Recitata
1445 430 1581 452 summa
1608 421 1805 463 ingreditur
1829 424 1866 458 in
1893 439 2150 462 commemora-

1158 467 1290 500 tionem
1317 469 1360 500 de
1385 481 1449 501 usu
1468 470 1564 513 legis.
1616 472 1704 505 Nam
1732 475 1834 508 multi
1857 489 1896 509 ex
1923 477 2061 511 Iudaeis
2085 482 2147 513 ad-

1157 515 1226 551 liue
1251 519 1466 553 somniantes
1490 534 1694 555 mansuram
1729 536 1800 558 esse
1825 528 1983 569 politiam
2013 530 2147 564 Mosai-

1157 581 1252 610 cam,
1296 572 1558 605 contendebant
1596 574 1684 606 ritus
1720 575 1895 610 Mosaicos
1935 583 2147 615 necessarios

1156 632 1247 658 esse,
1289 627 1326 654 ut
1352 634 1473 655 recens
1498 629 1582 656 tunc
1606 625 1718 657 fuerat
1741 628 1866 669 agitata
1892 627 1976 663 hacc
2002 641 2146 666 contro-

1155 672 1265 704 versia
1292 672 1328 704 iu
1351 672 1518 717 Synodo,
1553 687 1642 719 quae
1668 676 1834 711 recitatur
1859 680 1894 712 in
1914 679 2011 715 Actis
2035 685 2145 726 capite

1159 720 1217 756 15.
1251 721 1372 767 ltaque
1393 732 1431 758 ut
1455 736 1556 769 saepe
1580 726 1684 767 alibi,
1712 727 1758 760 ita
1785 727 1842 762 hic
1868 743 2007 776 quoque
2027 746 2145 775 repre-

1156 771 1280 806 heudit
1298 774 1378 807 illos
1397 788 1532 808 errores
1550 785 1815 821 propugnantes
1834 780 1945 824 legem
1965 782 2093 829 Moysi,
2111 793 2144 819 et

1156 837 1263 869 pauca
1292 825 1391 859 addit
1416 828 1459 859 de
1484 838 1549 860 usu
1575 828 1671 871 legis.

1255 873 1319 910 Est
1343 884 1458 910 autem
1477 878 1624 921 insignis
1643 881 1859 924 propositio,
1886 882 1986 917 Bona
2007 893 2055 919 est
2073 885 2143 921 Lex

1153 926 1309 969 legitime
1335 929 1466 969 utenti,
1511 930 1570 962 ubi
1598 938 1717 965 monet
1749 933 1792 965 de
1824 946 1891 967 usu
1921 935 2006 978 legis
2033 938 2143 971 multa

1153 978 1408 1012 consideranda
1426 992 1514 1020 esse,
1534 981 1693 1014 videlicet
1712 990 1744 1016 et
1761 984 1915 1026 ipsarum
1934 986 2050 1028 legum
2070 989 2142 1022 dis-

1152 1029 1322 1070 crimina,
1351 1038 1381 1064 et
1408 1031 1493 1063 fines
1520 1032 1614 1075 legis.
1667 1032 1798 1067 Notum
1826 1043 1874 1069 est
1898 1044 2013 1070 autem
2034 1051 2142 1072 unam

1151 1080 1237 1122 legis
1263 1088 1415 1123 partem,
1451 1083 1583 1116 scilicet
1608 1083 1799 1126 Moralem,
1843 1099 1948 1131 qnam
1975 1090 2140 1123 nomina-

1152 1142 1228 1163 mus
1254 1131 1489 1176 Decalogutn,
1527 1134 1733 1178 sapientiam
1759 1144 1936 1171 aeternam
1961 1141 1997 1172 iu
2024 1149 2141 1175 mente

1150 1182 1272 1215 divina
1297 1195 1387 1225 esse,
1427 1185 1526 1217 cuius
1555 1186 1683 1218 noticia
1708 1186 1744 1219 in
1770 1185 1933 1222 homines
1964 1192 2139 1226 transfusa

1150 1240 1218 1270 est,
1253 1240 1291 1268 ut
1320 1248 1399 1268 vere
1421 1244 1669 1278 agnosceretur
1692 1236 1808 1277 Deus,
1845 1247 1878 1273 et
1901 1253 2023 1275 omnes
2050 1244 2139 1277 vires

1150 1291 1290 1317 nostrae
1316 1295 1549 1329 congruerent
1570 1300 1649 1320 cum
1673 1296 1790 1323 mente
1807 1297 1838 1323 et
1856 1291 2038 1327 voluntate
2060 1294 2140 1328 Dei.

1148 1334 1225 1367 Etsi
1247 1344 1363 1370 autem
1391 1345 1509 1380 postea
1537 1346 1660 1371 natura
1690 1337 1875 1374 hominum
1902 1354 2022 1376 aversa
2046 1351 2094 1377 est
2119 1357 2138 1378 a

1149 1384 1246 1426 Deo,
1274 1392 1390 1420 tamen
1418 1389 1453 1420 in
1481 1396 1553 1421 toto
1576 1400 1702 1431 genere
1725 1388 1881 1424 humano
1904 1403 2049 1428 manent
2074 1394 2138 1429 hae

1148 1437 1299 1470 noticiae
1324 1440 1443 1484 aliquo
1467 1441 1593 1480 modo,
1627 1441 1711 1486 quia
1730 1441 1824 1475 Deus
1852 1444 1927 1477 vult
1951 1446 1995 1477 ab
2020 1448 2137 1479 omni-

1149 1488 1214 1520 bus
1239 1491 1377 1530 agnosci
1412 1503 1513 1523 suum
1548 1491 1717 1524 iudicium
1746 1494 1914 1527 adversus
1945 1504 2137 1538 peccatum,

1148 1539 1223 1570 vult
1247 1541 1349 1572 etiam
1380 1539 1540 1573 homines
1567 1554 1769 1587 quanquam
1800 1556 1873 1577 non
1899 1554 2040 1581 renatos
2064 1549 2135 1581 fre·

1139 1601 1232 1627 ,nare
1261 1599 1293 1624 et
1318 1595 1478 1625 coercere
1506 1592 1765 1626 locoiuotivain.

1251 1643 1352 1674 Aliae
1377 1644 1466 1675 duae
1491 1650 1622 1686 partes,
1651 1644 1811 1678 videlicet
1827 1645 1939 1689 Leges
1956 1648 2132 1691 forenses,

1147 1697 1177 1723 et
1191 1688 1438 1734 ceremoniae,
1474 1701 1573 1727 erant
1595 1695 1695 1727 nervi
1720 1693 1824 1729 huius
1846 1698 1989 1741 politiae
2014 1698 2133 1743 Israel,

1147 1741 1323 1776 interituri
1348 1756 1425 1776 cum
1450 1745 1522 1789 ipsa
1550 1745 1684 1788 politia.
1726 1746 1795 1781 Sed
1814 1749 1857 1781 de
1874 1750 2034 1783 omnium
2052 1763 2134 1795 par-

1146 1793 1233 1825 tium
1259 1807 1324 1828 usu
1351 1793 1435 1829 haec
1462 1796 1657 1839 propositio
1683 1809 1761 1831 vera
1789 1806 1856 1833 est:
1896 1799 2003 1834 Nulla
2025 1814 2131 1846 opera

1144 1843 1247 1888 legis,
1285 1859 1398 1891 neque
1430 1848 1597 1887 moralia,
1637 1860 1751 1893 neque
1777 1850 1864 1891 alia,
1904 1853 2132 1888 merebantur

1115 1910 1117 1932 ς
1145 1896 1384 1930 remissionem
1405 1905 1646 1942 peccatorum,
1674 1911 1738 1933 nec
1759 1908 1861 1935 erant
1884 1902 1943 1935 illa
1962 1915 2033 1944 res,
2061 1917 2130 1949 qua

1115 1937 1117 1952 Ι

1115 1953 1116 1966 l

1114 2038 1116 2071 ε

1112 2073 1116 2148 l

1145 1945 1276 1988 David,
1313 1947 1495 1990 Ieremias,
1529 1949 1675 1991 Daniel,
1710 1958 1741 1985 et
1766 1952 1899 1986 similes
1923 1963 2021 1989 erant
2046 1955 2129 1989 iusti

1144 2009 1261 2031 coram
1280 1998 1373 2038 Deo,
1396 2001 1455 2033 sed
1480 2008 1577 2034 erant
1596 2002 1802 2046 disciplina,
1831 2016 1899 2049 qua
1920 2017 1992 2038 non
2013 2007 2129 2041 renati

1142 2048 1392 2092 frembentur,
1418 2059 1449 2085 et
1467 2053 1650 2092 exercitia,
1678 2054 1714 2086 in
1730 2055 1859 2099 quibus
1877 2057 1990 2090 renati
2010 2058 2128 2091 decla-

1142 2101 1267 2134 rabant
1286 2114 1382 2135 suam
1401 2103 1637 2137 obedientiam
1664 2112 1695 2138 et
1714 2106 1979 2141 consessionem.
2019 2107 2125 2142 Prae-

1113 2154 1115 2164 ⁴
1143 2159 1233 2185 terea
1255 2153 1343 2187 ritus
1366 2162 1465 2188 erant
1485 2155 1582 2197 signa
1602 2156 1837 2190 discernentia
1860 2156 1949 2191 hanc
1965 2159 2124 2202 politiam

1113 2287 1115 2305 l

99 2310 213 2343 adhuc
246 2308 377 2342 multae
404 2318 548 2349 magnae
572 2307 692 2339 sordes
716 2307 752 2339 in
779 2307 882 2339 nobis
910 2304 1086 2343 haereant,
1113 2311 1114 2338 ἶ

97 2362 192 2394 iuxta
229 2361 336 2393 illud:
377 2358 458 2392 Non
496 2358 704 2391 iustificatur
736 2358 774 2390 in
810 2364 998 2399 conspectu
1025 2364 1086 2390 tuo

98 2413 213 2446 omnis
236 2413 369 2444 vivens.
413 2409 480 2443 Sed
509 2410 620 2453 placet
643 2416 759 2442 tamen
787 2414 818 2441 et
841 2407 925 2442 haec
949 2408 1085 2442 incoata

98 2463 300 2497 obedientia
328 2468 470 2505 propter
495 2460 722 2493 mediatorem
748 2460 825 2492 fide.

201 2513 296 2547 Haec
314 2524 414 2555 saepe
434 2512 518 2544 alibi
544 2512 720 2554 copiosius
743 2511 954 2550 recitantur,
993 2510 1088 2542 unde

102 2573 261 2599 sumatur
285 2564 471 2607 explicatio
498 2564 645 2606 longior.
680 2562 783 2595 Nunc
809 2568 946 2595 tantum
970 2561 1087 2593 brevi-

102 2625 154 2650 ter
180 2615 263 2649 liaec
288 2615 467 2653 recensui,
518 2622 553 2647 ut
582 2615 737 2647 iuniores
771 2612 943 2645 admoniti
977 2612 1088 2646 sciant

102 2668 252 2702 Paulum
279 2668 386 2712 loqui⁴
403 2664 531 2711 deltae
557 2667 628 2710 ipsa
656 2665 742 2706 fide,
770 2665 812 2698 de
831 2675 900 2709 qua
924 2663 1009 2697 alibi
1032 2663 1088 2695 in-

1142 2204 1185 2236 ab
1209 2204 1306 2245 aliis,
1333 2205 1412 2250 quia
1442 2206 1551 2238 voluit
1580 2205 1673 2240 Deus
1696 2216 1818 2241 notum
1843 2220 1916 2241 esse
1940 2211 2126 2254 populum,

1143 2268 1180 2287 ex
1207 2268 1276 2299 quo
1301 2264 1502 2289 nasceretur
1528 2259 1723 2301 redemtor,
1746 2271 1893 2304 eamque
1918 2262 1962 2292 oli
1986 2273 2123 2294 cansam

1142 2307 1253 2339 voluit
1288 2314 1371 2340 tunc
1406 2315 1534 2341 certam
1562 2321 1634 2341 esse
1668 2309 1847 2343 Iit-etesiae
1877 2323 1957 2343 suae
1996 2314 2124 2347 sedern·

1141 2356 1217 2389 Hoc
1243 2359 1391 2390 consilio
1415 2359 1573 2402 politiam
1605 2360 1700 2392 illam
1727 2361 1772 2394 ita
1795 2363 2018 2395 constitutam
2043 2374 2127 2403 esse,

1140 2416 1172 2440 et
1191 2410 1425 2450 peculiaribus
1443 2410 1568 2442 ritibus
1584 2411 1783 2445 distinctam
1799 2414 1842 2446 ab
1858 2413 1935 2446 aliis
1953 2414 2127 2457 gentibus,

1112 2469 1115 2502 ᾗ
1140 2460 1218 2492 sciri
1247 2472 1383 2492 necesse
1410 2468 1469 2494 est.

1243 2510 1310 2544 Sed
1339 2511 1407 2542 iam
1438 2512 1594 2544 dicamus
1620 2512 1662 2545 de
1685 2511 1831 2553 Decalof„
1913 2514 1948 2546 id
1974 2520 2040 2551 est,
2082 2514 2124 2545 de

1142 2562 1293 2594 naturali
1322 2569 1353 2594 et
1379 2570 1544 2605 perpetua
1575 2563 1666 2605 lege,
1712 2565 1851 2597 omissis
1874 2565 2017 2598 caeteris
2041 2564 2126 2606 legi-

1141 2614 1219 2646 tws.
1273 2612 1362 2645 Nam
1392 2613 1433 2645 de
1456 2611 1522 2646 hac
1549 2615 1619 2657 ipsa
1647 2622 1761 2658 parte,
1799 2616 1960 2648 videlicet
1981 2617 2023 2648 de
2054 2615 2128 2656 lege

1148 2677 1166 2695 t}
1185 2664 1291 2702 orali,
1308 2663 1424 2708 inquit
1442 2663 1588 2698 Paulus:
1616 2665 1688 2699 ch
1710 2673 1757 2700 est
1779 2667 1890 2711 posita
1910 2666 2071 2706 iniustis,
2095 2665 2132 2698 id

1411 2715 1459 2750 82
1478 2715 1493 2733 *
