2415 2942
502 106 586 148 XII.

310 190 413 241 Quia
442 192 549 227 salus
574 204 621 227 ex
647 191 803 227 Iudaeis
831 198 896 229 est.

209 253 312 289 Salus
340 254 513 297 significat
542 253 828 298 promissiones‚3
855 264 917 286 seu
949 252 1098 286 verbum

107 305 212 341 certis
228 305 439 339 testimoniis
456 304 644 344 traditum,
671 310 703 336 et
721 303 835 347 ipsum
852 302 1099 337 Mediatorem.

105 355 204 390 Haec
220 363 303 390 sunt
325 363 462 390 tantum
488 362 569 389 nota
595 353 752 394 Iudaeis,
793 352 829 385 id
860 360 929 396 est,
965 355 1097 397 populo

104 407 242 442 tenenti
260 408 407 440 verbum
424 405 506 446 Dei,
533 404 697 437 videlicet
714 415 816 436 verae
833 403 1010 438 Ecclesiae
1021 403 1098 446 Dei,

107 465 142 492 et
157 465 241 492 tunc
258 458 295 491 in
312 458 373 491 illa
389 455 543 490 Ecclesia
562 454 701 488 Iudaica
716 465 792 487 non
811 455 924 488 solum
942 464 1015 489 erat
1031 468 1098 488 no-

78 499 82 505 *
106 509 189 543 ticia
206 508 480 552 promissionum
499 512 532 539 et
556 504 778 546 mediatoris,
807 507 867 539 sed
893 506 997 540 etiam
1023 507 1096 550 ipse

105 559 279 593 mediator
295 560 334 591 in
358 570 398 591 eo
415 556 546 602 populo
564 562 667 590 natus
692 562 786 597 erat,
820 557 916 591 iuxta
942 558 1097 603 promis-

107 611 234 644 siones.

108 108 183 147 105

153 681 232 727 Sed
245 682 337 717 venit
352 679 468 723 hora,
496 686 527 716 et
543 694 640 716 nunc
657 686 719 726 est,
746 679 898 730 quando
915 681 990 716 veri
1003 679 1095 716 ado-

203 739 344 784 ratores
371 731 584 767 adorabunt
605 738 748 781 patrem
775 733 910 782 spiritu
941 738 972 767 et
1003 732 1095 767 veri-

203 790 289 822 iate.

178 852 294 898 Supra
314 851 475 887 distinxit
490 849 684 885 Ecclesiam
707 863 724 884 a
750 850 895 885 caeteris
919 851 1095 894 gentibus,

100 911 136 939 et
149 904 267 938 reiecit
284 903 564 943 invocationem,
599 914 689 947 quae
716 903 752 936 fit
778 909 872 935 extra
889 900 1094 939 Ecclesiam.

101 955 208 989 Nunc
224 954 324 987 addit
339 954 538 987 doctrinam
555 954 597 986 de
614 965 694 986 vera
713 953 946 993 invocatione,
974 961 1094 987 taxans

101 1006 208 1040 etiam
223 1004 435 1038 Iudaeorum
452 1005 567 1037 cultus
579 1029 588 1043 ‚
615 1004 716 1049 quasi
734 1005 844 1038 dicat:
879 1004 950 1037 Nee
972 1005 1008 1036 in
1024 1004 1093 1038 Ec-

103 1057 206 1090 clesia
223 1062 365 1089 externa
388 1054 555 1088 sacrificia
580 1063 662 1089 sunt
688 1055 761 1087 veri
788 1055 912 1088 cultus.
965 1052 1093 1087 Phari-

100 1107 173 1141 saei
196 1107 367 1150 putabant
389 1106 598 1139 antecellere
619 1117 681 1138 sua
704 1106 888 1146 sacrificia,
926 1106 1006 1151 quia
1032 1106 1092 1138 fie-

98 1159 188 1192 bant
219 1158 296 1190 loco
325 1158 517 1190 constituto
542 1168 561 1189 a
586 1155 679 1197 Deo,
721 1157 780 1189 sed
807 1157 904 1190 locus
934 1154 1025 1189 nihil
1048 1158 1091 1189 ad

100 1221 176 1242 rem
193 1208 288 1248 facit,
314 1206 409 1240 Deus
428 1207 540 1240 voluit
558 1213 651 1239 certo
669 1208 745 1239 loco
765 1208 896 1240 servari
917 1219 974 1240 eos
992 1208 1091 1247 ritus,

101 1266 142 1293 ut
160 1265 254 1292 certo
272 1258 434 1297 sciretur,
469 1258 526 1290 cui
548 1257 680 1301 populo
706 1258 876 1290 traditum
900 1264 986 1290 esset
1010 1270 1090 1290 ver—

100 1310 187 1343 bum
205 1308 289 1347 Dei,
315 1310 374 1341 sed
389 1309 476 1340 alios
493 1308 642 1340 maiores
660 1308 792 1348 cultus,
825 1320 929 1352 qnam
955 1309 1014 1340 illa
1032 1320 1091 1341 ex-

99 1367 200 1393 terna
218 1359 385 1391 sacrificia
401 1358 520 1390 doceri
536 1358 659 1393 voluit,
712 1357 922 1401 Quosnam‘?
956 1358 1001 1392 Ut
1029 1371 1091 1402 pa-

98 1417 152 1444 ter
167 1411 332 1443 adoretur
356 1409 392 1441 in
409 1409 535 1453 spiritu
553 1416 586 1442 et
601 1409 757 1442 veritate.
809 1409 962 1453 Spiritus
978 1421 1089 1453 oppo-

98 1461 199 1494 nitur
215 1466 356 1493 externo
375 1460 474 1504 operi
499 1471 559 1493 seu
586 1460 825 1499 ceremoniae,
861 1466 894 1493 et
919 1461 1090 1503 significat
1113 1466 1115 1476 ⁴

99 1511 317 1556 spiritualem
355 1517 491 1544 motum
526 1511 708 1543 incensum
743 1522 762 1544 a
789 1510 927 1554 Spiritu
960 1518 1090 1552 sancto,

99 1575 170 1607 quo
188 1573 247 1595 cor
263 1562 304 1594 ad
324 1562 442 1595 Deum
459 1562 693 1601 convertitur,
727 1568 760 1595 et
783 1560 897 1594 Deum
922 1562 1090 1602 intuetur,

98 1613 263 1646 videlicet
290 1612 451 1645 timorem
467 1611 533 1645 Dei
556 1618 589 1644 et
615 1613 731 1646 fidem.
786 1611 921 1646 Veritas
938 1614 1091 1656 opponi-

99 1670 160 1697 tur
182 1663 319 1696 duabus
341 1664 464 1703 rebus,
497 1663 729 1703 dubitationi,
762 1670 795 1696 et
818 1665 1010 1697 moriturae
1035 1665 1091 1697 iu-

101 1714 230 1747 sticiae.
284 1712 372 1745 Nam
392 1713 506 1745 cultus
522 1713 606 1745 novi
633 1713 849 1747 Testamenti
879 1726 950 1746 non
976 1715 1089 1747 solum

101 1771 152 1797 est
168 1770 284 1796 motus
300 1763 434 1803 cordis,
461 1763 520 1795 sed
538 1763 641 1796 etiam
660 1764 739 1795 talis
758 1770 894 1804 motus,
921 1777 1000 1797 cum
1020 1778 1089 1809 quo

103 1822 155 1848 est
183 1826 263 1847 vera
295 1814 439 1854 fiducia,
475 1820 569 1848 certo
603 1820 776 1854 statuenS,
802 1816 895 1858 quod
920 1814 1015 1848 Deus
1047 1816 1091 1849 sit

99 1865 165 1899 tibi
190 1864 386 1908 propicius,
425 1865 520 1908 quod
545 1864 707 1897 exaudiat
730 1870 783 1904 te,
822 1866 916 1908 quod
942 1865 1027 1898 velit
1057 1873 1089 1899 te

98 1916 248 1949 salvare.
300 1913 396 1948 Haec
417 1914 546 1947 fiducia
566 1921 616 1947 est
639 1915 791 1947 incoatio
815 1915 907 1948 vitae
930 1924 1090 1949 aeternae

99 1973 133 2001 et
156 1972 362 2010 perpetuae,
396 1977 469 1998 non
496 1965 687 1997 moriturae
712 1966 800 1998 lucis
821 1966 863 1998 de
882 1965 956 1999 Deo
985 1974 1017 2000 et
1035 1968 1090 2000 iu-

99 2017 230 2051 sticiae.
283 2015 437 2049 Econtra
462 2028 545 2048 vero
566 2013 760 2060 hypocrisis
785 2023 846 2049 aut
870 2025 1028 2051 versatur
1052 2018 1089 2050 111

98 2066 325 2107 ceremoniis,
353 2073 413 2099 aut
436 2067 472 2098 in
491 2064 745 2110 philosophicis
762 2068 940 2111 operibus,
995 2068 1090 2102 Inte-

100 2119 168 2151 rim
188 2130 268 2150 vero
288 2118 413 2150 retinet
433 2117 706 2158 dubitationem,
733 2125 771 2151 ut
789 2116 904 2151 Aclias
921 2126 1088 2163 perpetuo
1112 2144 1114 2147 v

99 2176 219 2202 manet
235 2168 272 2200 in
292 2166 354 2200 1130
371 2168 613 2207 dubitatione,
648 2180 693 2201 an
716 2166 843 2202 habeat
866 2168 979 2203 Deum
1005 2182 1088 2214 pro-
1110 2177 1114 2211 '5

98 2219 251 2264 picium,
287 2231 332 2251 an
357 2219 574 2253 exaudiatur.
627 2217 794 2252 Ezechias
817 2232 899 2252 vero
924 2233 997 2253 non
1021 2222 1088 2255 du-

98 2271 188 2304 bitat
206 2281 241 2302 se
257 2267 386 2303 habere
401 2268 515 2302 Deum
532 2270 741 2313 propicium,
770 2268 833 2303 hac
850 2271 917 2303 fide
935 2272 970 2304 in
991 2284 1087 2305 sum-

98 2334 157 2355 mo
173 2321 329 2365 periculo
348 2332 383 2353 se
400 2320 519 2363 erigit,
547 2321 652 2364 petit,
679 2318 721 2353 ef
737 2329 892 2364 expectat
916 2324 1086 2356 auxilium

98 2385 118 2407 a
134 2373 227 2412 Deo,
256 2378 289 2405 et
306 2371 465 2405 accendit
487 2369 572 2404 haec
597 2372 670 2415 ipsa
696 2371 780 2404 fides
805 2373 917 2405 lucem
941 2375 984 2406 de
1001 2373 1088 2414 Deo,

96 2431 128 2459 et
144 2423 328 2463 iusticiam,
353 2434 440 2467 quae
457 2429 506 2456 est
526 2422 677 2455 incoatio
694 2422 783 2455 vitae
799 2429 970 2465 aeternae,
997 2425 1087 2459 sicut

99 2475 223 2509 loann.
247 2474 305 2508 17.
323 2473 467 2506 dicitur:
500 2472 596 2506 Haec
614 2481 663 2507 est
687 2473 757 2506 vita
784 2480 944 2515 aeterna,
971 2482 1009 2509 ut
1027 2488 1085 2509 co-

98 2532 265 2570 gnoscant
283 2531 317 2558 te
334 2524 447 2557 solum
466 2536 538 2557 esse
555 2523 687 2563 Deum,
715 2531 748 2558 et
768 2537 870 2570 quem
889 2526 1013 2560 misisti
1031 2525 1086 2560 Ie-

99 2587 176 2612 sum
192 2587 263 2608 esse
279 2573 472 2611 Christum.

195 2624 454 2659 Describuntur
473 2633 507 2660 et
524 2623 589 2660 hoc
611 2627 705 2660 dicto
724 2627 838 2660 cultus
858 2628 941 2661 novi
960 2627 1085 2662 Testa-

95 2677 223 2720 menti,
256 2677 317 2724 qui
333 2677 486 2713 afferunt
509 2678 617 2712 vitam
642 2685 838 2721 aeternam,
871 2686 905 2714 et
927 2687 1008 2714 sunt
1031 2691 1085 2714 res

646 104 947 145 ENARRATIO
981 107 1033 145 IN
1058 105 1242 146 EVANG.
1269 106 1482 146 IOANNIS.
1542 108 1652 148 CAP.
1681 112 1750 161 IV.»

2070 114 2142 149 106

1150 201 1339 239 perpetuae
1360 195 1398 229 in
1421 196 1559 239 anima,
1591 209 1665 231 non
1694 205 1776 234 sunt
1800 204 1962 233 externae
1986 211 2143 234 ceremo-

1150 246 1251 286 niae,
1289 258 1353 280 nec
1378 259 1482 291 opera
1513 246 1782 293 philosophica,
1822 262 1902 284 cum
1934 251 2063 296 quibus
2090 259 2141 285 est

1150 296 1338 330 coniuncta
1358 299 1533 332 dubitatio
1558 300 1601 333 de
1626 301 1809 336 voluntate
1831 300 1919 343 Dei,
1959 303 2002 335 de
2027 302 2078 335 ira
2106 309 2141 336 et

1150 346 1192 378 de
1208 346 1460 389 misericordia,
1485 351 1543 383 sed
1564 357 1646 384 sunt
1662 351 1721 384 lux
1738 353 1774 386 in
1791 353 1916 394 corde,
1938 365 2006 398 qua
2030 365 2139 396 agno-

1149 396 1277 429 scimus
1293 395 1406 430 Deum
1423 411 1504 432 vere
1526 401 1627 433 irasci
1652 397 1817 445 peccato,
1843 415 1924 437 vere
1942 404 2141 448 expavesci-

1148 457 1243 487 mus,
1271 454 1305 480 et
1321 449 1491 482 sentimus
1509 448 1623 483 Deum
1640 464 1713 484 non
1729 466 1801 486 esse
1815 455 1966 488 otiosum
1978 482 1986 496 ,
2018 462 2056 489 ut
2080 467 2138 488 ra-

1148 497 1197 531 tio
1223 498 1364 540 cogitat.
1415 499 1553 533 Deinde
1578 513 1646 546 qua
1669 514 1791 536 rursus
1814 506 2017 547 statuimus,
2053 518 2138 539 con-

1146 548 1363 591 fugientibus
1381 551 1425 583 ad
1442 552 1669 584 mediatorem
1688 555 1819 588 remitti
1838 563 1995 598 peccata,
2023 563 2057 590 et
2072 568 2138 590 nos

1147 611 1227 632 vere
1247 600 1374 643 recipi,
1401 613 1475 634 non
1491 603 1621 645 negligi
1645 603 1683 635 in
1707 605 1863 638 adversis
1892 613 1925 639 et
1949 607 1987 639 in
2012 615 2138 646 morte,

1148 657 1182 683 et
1212 650 1420 684 subiicimus
1450 664 1514 685 1105
1538 652 1636 694 Deo,
1677 656 1829 689 fatemur
1859 668 1924 689 nos
1954 657 1985 690 ei
2011 658 2138 692 debere

1147 701 1385 736 obedientiam
1410 703 1447 735 in
1471 704 1638 738 omnibus
1659 706 1844 750 operibus,
1887 708 2138 743 certaminibus

1146 758 1179 785 et
1203 752 1476 795 afflictionibus,
1509 755 1554 787 ad
1581 768 1667 800 quas
1692 765 1792 792 vocat
1817 770 1900 799 nos,
1930 765 1960 792 et
1986 771 2059 792 non
2078 772 2138 793 su-

1147 803 1325 846 perbimus
1341 805 1575 839 admiratione
1600 815 1739 840 nostrae
1764 809 1975 856 sapientiae,
2000 817 2059 844 aut
2082 811 2139 843 iu-

1145 854 1285 894 suetae,
1314 867 1386 887 non
1408 856 1590 889 fremimus
1615 859 1781 892 adversus
1803 860 1917 893 Deum
1938 861 1976 893 111
2001 862 2136 905 poeniS,

1145 905 1204 937 sed
1222 905 1275 937 illi
1292 912 1453 939 aeternae
1470 907 1641 941 maiestati
1666 910 1970 954 obtemperamus,
1998 918 2032 945 et
2056 924 2136 945 sen-

1146 955 1253 988 timus
1271 963 1415 1001 propter
1443 957 1556 991 filium
1581 971 1647 992 1105
1669 960 1826 1004 placere,
1857 962 1993 995 etiamsi
2015 974 2135 997 sumus

1145 1006 1297 1049 indigni.

1246 1056 1321 1090 Hos
1360 1057 1476 1092 cultus
1518 1058 1703 1094 interiores
1736 1063 2019 1107 complectuntur
2049 1063 2136 1100 haec

1144 1107 1235 1140 dicta
1259 1106 1402 1140 Ioannis
1426 1108 1461 1145 4,
1483 1116 1516 1143 et
1546 1110 1603 1146 17.
1626 1123 1715 1155 quae
1739 1119 1907 1158 tanquam
1931 1128 2136 1150 communes

1143 1158 1283 1200 regulae
1301 1159 1414 1191 teneri
1438 1160 1586 1201 debent,
1619 1168 1659 1194 ut
1681 1174 1745 1195 nos
1770 1165 1813 1196 de
1834 1167 1987 1209 propriis
2010 1168 2134 1200 Eccle-

1143 1209 1213 1240 siae
1254 1209 1407 1241 cultibus
1445 1211 1676 1250 admoneant,
1728 1220 1761 1247 et
1791 1222 1828 1247 ut
1861 1213 2052 1251 habeamus
2096 1219 2133 1251 in

1144 1265 1284 1302 promtu
1301 1260 1482 1303 perspicua
1502 1262 1700 1296 testimonia
1715 1291 1724 1305 ‚
1749 1266 1790 1297 ad
1816 1267 2020 1300 refutandas
2044 1266 2135 1313 pha—

1142 1309 1283 1341 risaicas
1317 1317 1350 1343 et
1379 1308 1535 1344 ethnicas
1569 1313 1756 1356 opiniones
1787 1317 1830 1349 de
1862 1320 2069 1353 ceremoniis
2094 1333 2134 1354 ex

1143 1371 1248 1403 opere
1264 1368 1407 1404 operato
1433 1373 1569 1405 sparsas
1593 1364 1628 1396 in
1648 1364 1816 1401 Ecclesia.
1869 1367 1958 1401 Nam
1977 1377 2010 1403 et
2026 1368 2133 1404 Chri-

1142 1417 1215 1443 stus
1232 1423 1377 1454 prorsus
1394 1412 1445 1444 illi
1464 1413 1530 1456 ipsi
1546 1415 1671 1447 delirio
1687 1418 1835 1460 opponit
1854 1415 1916 1452 has
1933 1422 2133 1463 sententias,

1142 1461 1190 1494 sic
1208 1462 1382 1496 sentiebat
1407 1464 1554 1505 mulier,
1587 1467 1774 1508 sacrificia,
1810 1482 1898 1514 quae
1922 1471 2054 1506 fiebant
2077 1475 2133 1507 vel

1143 1510 1386 1557 lerosolymi8‚
1414 1515 1469 1547 vel
1488 1515 1525 1547 in
1543 1516 1603 1549 illo
1623 1525 1742 1551 monte
1762 1518 1938 1561 Garizim,
1966 1523 2026 1556 ubi
2044 1531 2132 1558 tem-

1143 1563 1241 1606 plum
1258 1562 1470 1598 Samaritani
1489 1568 1738 1611 condiderant,
1773 1572 1899 1604 mereri
1927 1570 2133 1610 hominibus

1142 1614 1383 1672 remissionem
1405 1623 1629 1659 peccatorum
1648 1631 1686 1652 ex
1706 1633 1811 1665 opere
1827 1630 1989 1665 operato,
2017 1625 2052 1658 id
2071 1634 2132 1669 est,

1143 1675 1215 1696 esse
1231 1672 1404 1698 iusticiam
1423 1673 1457 1699 et
1477 1669 1601 1701 merita
1615 1697 1623 1709 ‚
1658 1670 1791 1704 etiamsi
1817 1673 1852 1704 in
1875 1675 1980 1707 corde
2001 1676 2133 1711 facien·

1143 1715 1186 1747 tis
1205 1723 1345 1749 maneat
1368 1717 1542 1751 dubitatio
1560 1721 1602 1752 de
1620 1720 1669 1754 ira
1687 1730 1718 1755 et
1737 1723 1780 1755 de
1797 1723 2037 1760 misericordia
2054 1727 2131 1765 Dei.

1142 1763 1274 1798 Eadem
1295 1767 1418 1800 deliria
1435 1768 1644 1809 docuerunt,
1674 1779 1706 1805 et
1722 1771 1837 1807 adhuc
1853 1776 2046 1812 defendunt
2063 1779 2131 1813 Pa-

1142 1817 1269 1860 pistae‚
1298 1829 1376 1850 cum
1397 1820 1439 1851 de
1455 1821 1622 1854 sacrificio
1640 1821 1770 1856 Missae
1795 1831 1827 1858 et
1853 1826 1896 1859 de
1925 1831 2133 1866 ceremoniis

1142 1867 1220 1899 aliis
1237 1868 1357 1901 multis
1372 1869 1586 1914 loquuntur,
1613 1885 1698 1917 quas
1714 1875 1850 1917 fingunt
1865 1889 1937 1911 esse
1956 1879 2131 1916 iusticiam

1142 1924 1175 1950 et
1193 1918 1333 1958 merita,
1358 1920 1492 1953 etiamsi
1511 1922 1546 1954 in
1563 1925 1667 1956 corde
1684 1925 1841 1960 facientis
1866 1937 2004 1964 maneat
2025 1932 2131 1966 dubi—

1142 1969 1229 2002 tatio
1249 1969 1358 2002 deira
1377 1969 1461 2012 Dei,
1490 1979 1522 2006 et
1544 1974 1587 2006 de
1602 1975 1806 2010 remissione
1827 1987 2059 2021 peccatorum.

1243 2018 1427 2054 Caeterum
1446 2034 1567 2056 rursus
1591 2028 1790 2060 monendus
1814 2036 1863 2062 est
1887 2030 2012 2065 lector:
2041 2032 2129 2068 Cum

1141 2069 1272 2103 dicitur
1289 2072 1331 2103 de
1347 2073 1475 2106 noticia
1488 2073 1551 2107 Dei
1572 2075 1606 2107 111
1627 2074 1692 2110 1100
1708 2078 1801 2112 dicto
1813 2107 1822 2120 ,
1846 2081 1928 2114 item
1944 2083 1986 2116 de
2002 2085 2130 2128 spiritu

1142 2128 1175 2153 et
1190 2121 1353 2162 veritate,
1380 2124 1412 2155 id
1433 2131 1500 2162 est,
1529 2126 1619 2159 veris
1644 2129 1797 2162 motibus
1823 2132 1956 2171 cordis,
1991 2142 2023 2169 et
2047 2148 2129 2170 vera

1140 2172 1226 2212 fide,
1252 2184 1388 2216 semper
1405 2174 1674 2218 intelligendum
1692 2187 1759 2220 est,
1786 2178 1842 2214 hic
1860 2183 1992 2227 requiri
2009 2184 2131 2220 Evan-

1140 2223 1291 2265 gelium,
1320 2224 1355 2256 in
1375 2237 1443 2269 quo
1466 2238 1501 2258 se
1527 2229 1688 2270 patefecit
1711 2229 1818 2265 Deus.
1870 2232 1975 2267 Nulla
1995 2243 2045 2270 est
2064 2250 2128 2272 no-

1140 2274 1220 2306 ticia
1245 2274 1321 2307 sine
1344 2277 1451 2308 verbo
1474 2279 1708 2321 praelucente,
1737 2282 1833 2314 nulla
1850 2283 1935 2317 fides
1949 2285 2024 2319 sine
2043 2300 2128 2336 pro-

1140 2325 1317 2358 missione.
1386 2325 1461 2359 Imo
1493 2329 1642 2362 sciamus
1666 2329 1753 2364 hanc
1784 2332 1898 2367 lucem
1924 2340 2066 2372 accendi
2090 2341 2126 2374 111

1140 2376 1307 2409 cordibus
1327 2390 1344 2409 a
1364 2377 1500 2421 Spiritu
1518 2387 1635 2413 sancto
1657 2394 1718 2425 per
1732 2380 1977 2428 Evangefium,
2006 2395 2038 2423 et
2053 2403 2127 2425 non

1139 2426 1252 2461 aliter.
1313 2427 1432 2470 Quare
1458 2429 1518 2462 11111
1544 2431 1682 2464 nullum
1708 2440 1759 2467 est
1781 2435 1928 2469 verbum
1956 2437 2041 2484 Dei,
2078 2442 2128 2475 ihi

1139 2489 1212 2510 non
1240 2487 1386 2521 possunt
1416 2491 1486 2512 esse
1513 2481 1625 2536 cultjvs
1643 2481 1728 2524 Dei,
1770 2485 1858 2520 sicut
1891 2499 1995 2531 supra
2024 2492 2127 2526 dixit:

1139 2527 1211 2560 Vos
1226 2530 1379 2562 adoratis
1397 2532 1490 2574 quod
1509 2532 1667 2574 nescitis,
1696 2535 1771 2568 sine
1789 2539 1895 2571 verbo
1915 2537 1978 2572 Dei
1998 2541 2128 2586 fingitis

1139 2579 1355 2613 voluntatem
1374 2581 1438 2613 Dei
1458 2588 1490 2614 et
1504 2583 1636 2622 cultus,
1665 2597 1743 2619 cum
1762 2599 1834 2620 11011
1852 2590 1985 2632 sciatis,
2014 2605 2128 2638 neque

1139 2642 1227 2675 quae
1245 2631 1287 2663 sit
1307 2631 1469 2664 voluntas
1485 2630 1551 2665 Dei
1569 2645 1649 2677 erga
1667 2648 1746 2677 vos,
1774 2650 1887 2683 neque
1912 2643 2029 2685 quales
2052 2646 2127 2677 cul-

1138 2687 1194 2715 tus
1209 2682 1391 2726 approbet.
1436 2682 1539 2717 Tales
1556 2693 1639 2720 sunt
1657 2685 1790 2722 ethuici
1807 2691 1937 2731 cultus,
1958 2699 1990 2727 et
2007 2706 2129 2730 omnes
