2415 2942
74 105 148 142 969
332 101 434 138 XIII.
487 102 521 139 3.
556 97 856 137 ENARRATIO
883 99 1039 140 EPIST.
1066 99 1214 137 PAULI
1242 99 1309 136 AD
1337 99 1599 138 ROMANOS.
1654 102 1758 140 CAP.
1788 103 1868 141 vu.
2039 109 2114 144 970

126 190 359 234 Evangelium
385 194 436 223 est
457 188 612 233 potentia
637 187 704 222 Dei
726 188 769 221 ad
795 187 942 222 salutem
968 189 1066 222 omni
1091 186 1094 225 l
1120 194 1153 221 et
1178 194 1321 231 propter
1345 199 1423 221 eum
1443 199 1479 221 se
1497 188 1632 233 placere
1652 188 1746 231 Deo,
1773 202 1976 237 quanquam
1996 191 2112 229 adhuc

177 241 346 275 credenti.
1090 255 1094 291 5
1120 236 1268 272 haerent
1298 239 1334 271 in
1368 239 1472 272 nobis
1506 251 1578 272 non
1613 248 1752 284 peccata
1778 249 1900 276 contra
1928 246 2111 279 conscien-

74 293 119 328 Et
137 294 343 326 mandatum
362 289 429 325 Dei
454 296 522 332 est,
549 296 588 324 ut
609 289 739 333 singuli
757 300 793 321 se
810 289 854 322 ad
874 285 969 322 hunc
987 301 1065 323 coe-
1090 293 1094 318 t
1118 289 1222 326 tiam,
1273 290 1332 322 sed
1373 290 1527 323 defectus
1564 297 1596 324 et
1633 303 1761 335 pravae
1797 293 2046 329 inclinationes
2079 304 2112 331 et

73 352 148 379 tum
167 351 370 378 vocatorum
389 342 603 385 adiungunt,
631 341 726 374 iuxta
744 339 856 373 dicta:
1118 340 1279 372 flammae
1305 352 1496 383 pravorum
1521 341 1730 384 affectuum,
1758 344 1886 388 quibus
1910 352 2026 381 tamen
2055 359 2111 381 re-

126 393 199 438 Qui
230 406 293 428 vos
325 393 444 432 audit,
487 405 543 425 me
576 391 692 432 audit,
735 389 807 433 Qui
832 402 905 424 non
933 391 1066 434 colligit
1090 398 1091 424 1
1117 401 1326 435 pugnamus.

177 458 334 486 mecum,
361 444 518 488 dissipat.
1219 440 1313 473 Haec
1345 441 1505 474 doctrina
1537 442 1579 475 de
1604 443 1777 477 vincenda
1800 446 2040 489 dubitatione,
2077 456 2110 482 et

126 496 229 537 Item,
256 495 384 529 Psalm.
401 495 477 529 83.:
504 493 605 527 Beati
626 492 687 539 qui
709 489 872 526 habitant
895 492 932 524 in
959 492 1064 525 domo
1116 489 1201 525 baec
1228 491 1422 524 necessaria
1449 493 1643 527 consolatio
1674 506 1775 539 saepe
1802 498 1948 541 repetita
1976 506 2026 533 est
2052 510 2111 533 su-

176 555 234 581 ma
253 546 419 580 Domine,
1116 555 1197 586 pra,
1225 542 1287 575 ubi
1306 542 1506 575 consideres
1524 540 1608 577 haec
1628 545 1841 582 testimonia.

74 597 170 632 Haec
206 605 277 632 tota
319 597 478 631 doctrina
516 592 574 628 hic
612 593 768 627 breviter
809 592 1064 638 comprehensa

75 657 142 688 est,
177 661 265 694 quae
290 647 478 690 cogitanda
503 652 571 686 est,
598 645 735 690 quoties
764 645 951 678 recitamus
977 645 1063 678 arti-

1219 600 1324 636 Rom.
1344 600 1393 634 4.:
1424 600 1508 633 Ideo
1532 614 1571 635 ex
1599 603 1682 642 fide,
1711 611 1749 638 ut
1775 606 1817 639 sit
1841 607 1939 640 firma
1957 610 2107 651 promis-

1115 652 1186 691 sio,
1215 652 1312 696 quasi
1338 652 1448 685 dicat:
1478 651 1557 685 Non
1585 655 1740 689 credenti
1768 657 1955 698 promissio
1981 668 2029 692 est
2053 661 2109 692 in-

75 700 209 733 culum:
238 698 353 733 Credo
377 709 450 731 esse
467 694 660 730 Ecclesiam
687 692 919 735 catholicam,
948 696 983 728 id
1004 702 1064 736 est,
1088 740 1089 743 Ἴ
1116 703 1191 735 anis
1217 703 1371 743 sonitus,
1402 710 1435 736 et
1460 704 1666 737 mandatum
1694 713 1896 748 aeternum,
1925 715 1958 742 et
1982 709 2109 743 immo-

74 750 186 785 Credo
212 749 323 784 Deum
357 759 493 792 semper
524 754 814 780 conservaturum
847 757 918 779 esse
943 746 1063 779 Eccle-
1087 785 1088 800 χ
1115 761 1189 786 mm
1207 752 1273 786 Dei
1299 760 1368 793 951,
1395 760 1432 786 m
1459 754 1643 788 audiamus
1665 756 1797 798 filium,
1824 765 1862 792 ut
1884 759 2002 806 inquit
2030 773 2110 794 coe-

75 802 178 842 siam,
205 808 238 835 et
256 813 310 833 me
330 810 471 845 quoque
489 798 532 830 ad
551 810 626 830 eam
645 797 819 840 adiungo,
846 797 883 829 in
901 795 964 830 hac
982 803 1063 831 sunt
1087 829 1088 834 ,
1115 805 1210 838 lestis
1231 812 1342 847 pater:
1372 803 1479 837 Hunc
1497 806 1628 841 audite,

75 853 174 885 electi
206 862 328 885 omnes
360 851 421 895 qui
451 848 606 882 retinent
632 848 736 882 fidem
765 854 798 882 et
823 849 952 882 bonam
978 860 1063 882 con-

73 902 266 936 scientiam.

1219 862 1305 896 ltem
1333 864 1369 896 in
1390 863 1550 897 Psalmo:
1580 862 1805 899 Osculamini
1824 867 1947 903 filium.
2001 868 2108 904 Hunc

1115 915 1330 947 contumelia
1363 915 1540 956 afficiunt,
1576 916 1636 961 qui
1661 929 1734 950 non
1762 918 1927 953 tribuunt
1954 919 1984 953 ei
2013 919 2108 954 hunc

1115 963 1308 1006 honorem,
1343 972 1381 999 ut
1408 967 1552 1000 credant
1575 967 1641 1000 sibi
1668 976 1810 1013 propter
1836 970 1952 1014 ipsum
1975 972 2105 1006 remitti

185 998 232 1034 Si
249 997 355 1033 Deus
371 1010 439 1046 pro
457 997 580 1038 nobis,
609 997 693 1046 quis
711 1002 836 1033 contra
856 998 949 1032 nos?

1115 1023 1265 1060 peccata.

173 1074 375 1120 Amplificat
400 1075 438 1108 in
462 1075 530 1108 fine
556 1074 804 1108 certitudinem
824 1076 954 1119 gratiae
969 1083 1001 1110 et
1018 1077 1062 1110 li-
1165 1066 1243 1100 Huc
1262 1068 1351 1100 adde
1369 1067 1435 1100 ³153
1454 1067 1603 1102 illustria
1622 1069 1846 1105 tesslmeHissl

72 1127 282 1167 berationis,
317 1126 497 1159 mentione
528 1126 600 1159 dati
632 1126 812 1171 pignoris,
847 1127 979 1161 scilicet
1007 1140 1062 1160 re-
1215 1119 1316 1151 Acto-
1342 1118 1412 1152 10*
1449 1117 1543 1152 HUIC
1574 1132 1696 1154 omnes
1721 1120 1919 1166 Psophssffle
1945 1124 2105 1157 testimo·

72 1178 241 1212 demtoris
275 1184 307 1211 et
340 1176 599 1217 intercessoris,
634 1183 668 1210 et
700 1177 806 1210 simul
838 1178 965 1212 refutat
998 1180 1061 1211 ob-
1113 1169 1214 1202 flium
1249 1167 1458 1212 perhibent,
1493 1171 1735 1205 rem5⁵⁵5011⁰m
1765 1181 1986 1216 Pecffltorum
2013 1176 2104 1208 fleci-

72 1229 250 1264 iectiones.
304 1226 386 1262 Duo
411 1228 505 1260 enim
528 1227 702 1261 terribilia
719 1235 922 1271 argumenta
941 1229 1061 1262 incur-
1115 1232 1194 1264 pere
1214 1232 1276 1263 Pes
1293 1232 1424 1253 nomen
1444 1220 1520 1254 eius
1537 1234 1659 1255 omnes
1678 1223 1738 1267 qni
1758 1225 1904 1258 esedssm
1924 1226 1958 1257 5⁰
1978 1238 2067 1258 eum·

72 1287 155 1314 runt
179 1280 217 1312 in
237 1279 379 1320 oculos,
403 1290 492 1324 quae
509 1278 698 1323 impellunt
717 1276 878 1313 homines
896 1280 937 1313 ad
956 1281 1062 1314 dubi-
1216 1278 1321 1311 Rom.
1346 1279 1399 1314 5.:
1444 1279 1624 1314 Iustificati
1662 1281 1729 1314 fide
1769 1294 1887 1325 pacem
1924 1282 2104 1319 habemus.

72 1333 232 1366 tandum,
1115 1326 1289 1372 Opposita
1307 1335 1357 1362 est
1375 1337 1491 1363 autem
1511 1327 1596 1363 haec
1612 1343 1676 1375 pax
1693 1332 1920 1367 dubitationi.

172 1388 389 1433 Conspectus
412 1394 553 1422 nostrae
576 1388 842 1428 immunditiae,
870 1401 957 1434 quae
979 1387 1062 1422 hae-
1216 1386 1262 1420 Et
1279 1386 1392 1431 Ephe.
1411 1389 1460 1424 3.:
1490 1388 1557 1422 Per
1575 1403 1679 1436 quem
1698 1392 1869 1427 audemus
1886 1395 2049 1429 accedere
2069 1397 2104 1429 in

70 1448 122 1476 ret
137 1442 175 1474 in
190 1440 371 1480 omnibus,
394 1439 499 1472 etiam
516 1451 589 1471 non
606 1436 818 1473 habentibus
834 1440 960 1473 delicta
977 1453 1060 1473 con·
1115 1439 1241 1472 fiducia
1261 1451 1322 1482 per
1340 1439 1444 1472 fidem
1462 1440 1546 1476 eius.
1776 1469 1779 1472 ,

69 1500 122 1527 tta
161 1490 428 1525 conscientiam:
473 1501 611 1534 semper
649 1490 743 1523 enim
782 1491 937 1535 disputat
976 1503 1061 1525 con·
1220 1489 1323 1530 Item,
1350 1488 1477 1526 Ebrae.
1497 1491 1550 1526 4:
1578 1490 1796 1527 Accedamus
1818 1507 1896 1528 cum
1918 1496 2044 1530 fiducia
2061 1499 2103 1531 ad

72 1543 230 1578 scientia.
1113 1537 1282 1574 thronum
1305 1541 1448 1583 gratiae.
1811 1537 1813 1539 ¹

175 1593 271 1627 Deus
288 1598 485 1636 peccatores
502 1603 575 1624 non
592 1591 746 1632 exaudit,
1215 1590 1375 1624 Sciamus
1402 1592 1509 1634 igitur
1536 1595 1741 1628 mandatnm
1766 1596 1835 1629 Dei
1864 1604 1896 1630 et
1922 1599 2101 1642 propriam

172 1642 247 1686 Ego
265 1654 341 1676 sum
361 1648 537 1686 peccator:
1113 1641 1296 1683 Evangelii
1324 1654 1445 1674 vocem
1469 1654 1562 1684 esse,
1589 1652 1626 1678 ut
1645 1648 1829 1680 credamus
1851 1648 1953 1681 nobis
1972 1651 2102 1683 remitti

171 1693 253 1727 Non
271 1693 380 1736 igitur
399 1704 474 1725 sum
497 1692 534 1724 in
552 1691 673 1734 gratia.
1113 1698 1250 1736 peccata
1277 1692 1313 1725 in
1337 1694 1587 1734 conversione,
1615 1702 1647 1729 et
1669 1709 1856 1731 conversos
1875 1710 1946 1731 esse
1967 1700 2002 1732 in
2024 1712 2102 1742 gra-

68 1745 207 1780 Deinde
232 1750 437 1787 conspectus
461 1750 684 1776 externarum
714 1754 982 1783 aerumnarum,
1017 1744 1060 1776 de
1084 1744 1088 1788 fl
1112 1743 1160 1776 tia
1184 1750 1327 1786 propter
1350 1744 1481 1782 filium,
1517 1753 1549 1779 et
1575 1746 1784 1781 vincendam
1811 1760 1883 1782 esse
1907 1751 2103 1784 dubitatio-

69 1796 197 1842 quibus
215 1795 258 1829 sit
275 1794 538 1828 ratiocinamur.
1112 1805 1191 1826 nem
1219 1791 1283 1826 hac
1306 1795 1385 1830 fide.
1447 1793 1491 1829 Et
1515 1809 1717 1842 quanquam
1744 1797 1828 1833 haec
1852 1800 1998 1834 victoria
2024 1803 2100 1835 lan-

171 1845 275 1880 Iustis
292 1845 442 1878 debebat
460 1845 550 1877 bene
567 1855 651 1878 esse.
1111 1844 1216 1885 guida
1250 1851 1316 1885 est,
1351 1852 1467 1878 tamen
1498 1848 1644 1881 adsidue
1676 1862 1828 1883 crescere
1859 1858 1891 1884 et
1916 1853 2101 1895 poeniten-

68 1904 226 1940 Ecclesia
264 1910 313 1937 est
332 1902 580 1936 -3sffic11551m3
617 1908 650 1935 et
679 1913 751 1935 non
781 1902 894 1935 solum
925 1903 1058 1946 effigua,
1110 1896 1194 1928 tiam
1222 1902 1253 1929 et
1274 1893 1366 1929 hanc
1386 1897 1572 1930 victoriam
1595 1907 1750 1942 oportet,
1779 1901 1867 1934 sicut
1888 1902 2003 1947 inquit
2024 1904 2098 1937 ille:

69 1957 127 1991 sed
153 1955 256 1990 etiam
282 1954 450 1987 deformis
473 1952 674 1986 domesticis
697 1953 914 1987 vulneribus.
970 1954 1059 1997 Quis
1111 1946 1226 1980 Credo
1244 1945 1417 1988 Domine,
1445 1950 1502 1981 sed
1522 1962 1623 1993 Opem
1645 1951 1697 1984 fer
1713 1952 1947 1987 imbecillitati
1967 1966 2072 1988 meae.

69 2007 281 2041 existimaret
301 2012 458 2049 tempore
474 2003 629 2037 Herodis
648 2004 683 2036 in
705 2004 777 2037 sola
797 2004 941 2045 Iudaea,
970 2018 1058 2050 quae
1211 2004 1321 2049 Saepe
1346 2013 1461 2039 autem
1488 2008 1572 2040 alibi
1597 2009 1763 2053 explicata
1782 2018 1861 2044 sunt
1880 2022 2098 2054 argumenta,

69 2065 142 2091 erat
160 2057 263 2100 plena
280 2056 520 2089 calamitatum
536 2062 568 2088 et
585 2054 742 2088 civilium
761 2055 936 2089 bellorum
952 2057 1057 2089 fuisse
1109 2068 1197 2101 quae
1215 2064 1447 2100 opponuntur
1465 2066 1586 2093 contra
1606 2057 1695 2093 hanc
1716 2062 1977 2099 certitudinem.

68 2107 281 2145 Ecclesiam,
316 2112 349 2139 et
375 2118 448 2138 non
474 2106 583 2149 magis
606 2106 685 2139 Deo
708 2118 811 2139 curae
836 2118 908 2140 8558
934 2106 1056 2150 Augu·
1211 2114 1414 2148 Peccatores
1441 2117 1538 2150 Deus
1569 2130 1641 2151 non
1674 2121 1834 2160 exaudit,
1862 2122 2010 2163 scilicet,
2038 2124 2097 2168 qui

69 2167 160 2194 stum
187 2165 221 2191 et
247 2163 424 2190 senatores
442 2154 625 2190 Romanos
649 2158 896 2191 antecellentes
917 2159 1058 2203 sapien-
1108 2178 1181 2199 non
1210 2174 1467 2201 convertuntur
1491 2169 1533 2201 ad
1560 2167 1690 2209 Deum,
1725 2172 1784 2203 sed
1811 2181 2032 2214 perseverant
2060 2176 2095 2207 in

68 2210 134 2250 tia,
162 2208 311 2251 virtute,
340 2207 509 2251 imperio,
532 2213 565 2240 et
584 2207 662 2240 aliis
678 2209 907 2242 ornamentis·
1108 2217 1297 2250 sceleribus
1336 2225 1458 2251 contra
1491 2220 1762 2260 conscientiam,
1806 2229 1865 2256 aut
1902 2224 2098 2259 defendunt

167 2267 264 2302 Haec
288 2267 358 2300 duo
382 2272 588 2309 argumenta
613 2278 685 2299 non
704 2267 829 2300 leviter
847 2269 1056 2303 concutiunt
1107 2280 1242 2301 errores
1265 2275 1385 2302 contra
1404 2270 1699 2313 fundamentum,
1726 2272 1761 2304 id
1778 2279 1845 2314 est,
1873 2281 1992 2308 contra
2011 2277 2096 2310 arti-

69 2319 228 2354 omnium
246 2316 432 2351 hominum
450 2317 597 2350 animos.
651 2316 704 2350 Ac
722 2318 828 2360 priori
847 2327 1054 2362 argumento
1107 2319 1204 2352 culos
1221 2319 1311 2352 fidei.

70 2371 119 2404 sic
142 2370 230 2403 moti
255 2375 337 2402 sunt
355 2365 538 2408 monachi,
565 2375 603 2402 ut
628 2368 812 2401 docuerint
839 2369 876 2402 in
902 2368 966 2403 hac
984 2371 1053 2404 vita
1157 2369 1295 2404 Citatur
1312 2377 1343 2403 et
1364 2367 1430 2404 hoc
1448 2371 1580 2404 dictum
1599 2371 1815 2407 Salomonis:

70 2432 205 2464 semper
227 2420 465 2453 dubitandum
490 2430 581 2458 esse,
610 2430 655 2451 an
680 2419 789 2452 simus
808 2421 845 2452 in
862 2421 992 2463 gratia,
1022 2429 1055 2456 et
1208 2420 1318 2453 Nemo
1337 2421 1400 2455 scit
1417 2433 1460 2454 an
1482 2423 1584 2466 odio,
1615 2430 1674 2456 aut
1693 2435 1810 2458 amore
1828 2425 1956 2468 dignus
1973 2428 2030 2461 sit:

69 2471 160 2505 banc
183 2470 440 2504 dubitationem
465 2470 682 2514 approbent,
710 2476 742 2504 et
765 2471 884 2504 dicant
900 2483 970 2504 esse
985 2469 1051 2505 hu-
1207 2470 1267 2505 Est
1285 2479 1398 2504 autem
1418 2473 1535 2505 brevis
1554 2474 1752 2518 responsio,
1782 2482 1813 2509 et
1831 2477 2042 2512 firmissima.

70 2523 264 2556 militatem.
316 2519 495 2554 Adversus
520 2519 615 2554 hunc
640 2527 769 2554 tetrum
795 2533 950 2555 errorem
967 2535 1051 2556 con-
1103 2519 1278 2565 Loquitur
1312 2522 1481 2556 Salomon
1521 2524 1563 2556 de
1598 2524 1730 2558 iudicio
1763 2525 1968 2567 hominum,
1997 2531 2091 2573 quod

69 2572 280 2607 stantissime
304 2571 403 2605 docet
427 2584 492 2605 vox
511 2570 720 2614 Evangelii,
749 2573 958 2606 vincendam
980 2586 1051 2607 esse
1103 2585 1142 2605 ex
1174 2574 1358 2606 eventibus
1390 2574 1542 2607 sumitur
1580 2575 1616 2608 in
1646 2573 1709 2609 hac
1735 2577 1825 2621 vita,
1867 2578 2027 2612 videlicet
2053 2592 2092 2612 ex

68 2624 136 2657 fide
168 2621 443 2660 dubitationem,
485 2623 553 2664 sic,
598 2629 636 2656 ut
666 2624 826 2656 conversi
858 2625 900 2656 ad
935 2622 1048 2657 Deum
1103 2624 1207 2657 rebus
1246 2624 1410 2657 secundis
1449 2632 1508 2658 aut
1539 2626 1705 2661 adversis.
1780 2627 1825 2663 Ut
1859 2627 1983 2662 Achab
2019 2642 2092 2662 non

67 2681 242 2718 statuant,
270 2684 349 2707 vere
373 2674 440 2708 sibi
457 2672 588 2709 remitti
607 2681 746 2719 peccata
764 2682 908 2720 propter
926 2675 1049 2717 filium,
1102 2674 1275 2709 existimet
1295 2686 1330 2708 se
1352 2675 1488 2719 placere
1505 2674 1581 2710 Deo
1597 2685 1741 2723 propter
1761 2680 1943 2720 victorias,
1975 2678 2090 2714 David
