2415 2942
75 96 148 134 513
375 94 476 132 Xlll.

77 181 319 226 interpretatio
339 178 599 215 Monachorum
623 190 766 224 prorsus
790 177 952 217 invertit,
985 189 1064 211 eum
1089 196 1091 223 .'

77 235 199 267 iubent
217 232 365 274 sentire,
392 233 503 276 gratia
523 243 607 276 nOS,
635 231 670 265 id
687 237 755 271 est,
783 235 929 273 propter
951 228 1064 262 virtu·

76 292 126 319 tes
150 290 287 317 nostras
304 283 497 319 iustificari.
1088 276 1092 328 ξ

191 359 287 393 lnest
319 367 435 394 autem
478 359 515 392 in
548 357 719 392 vocabulo
759 352 967 390 Gratiae
1004 367 1064 388 ex·
1089 355 1091 391 !

74 410 227 452 clusiva‚
263 423 372 455 quae,
406 417 572 453 utsupra
595 408 688 447 dixi,
722 407 912 449 diligenter
942 407 1064 439 obser-

74 462 189 494 vanda
223 468 281 495 est.
334 461 424 495 Nam
454 460 642 494 discrimen
674 457 777 501 Legis
811 464 843 490 et
875 456 1061 500 Evangelii

77 512 260 556 praecipue
278 512 359 545 facit
379 511 547 556 particula
569 509 763 549 exclusiva,
789 508 896 550 gratis
920 515 1064 552 propter
1090 530 1091 534 ,

76 560 270 596 Christum.

78 613 227 646 nitentia
245 625 304 647 seu
322 621 474 647 caeterae
492 611 658 650 virtutes,
691 611 750 643 sed
769 610 925 643 conditio
945 609 1063 653 digni-

75 664 155 697 tatis
171 676 230 697 seu
245 664 380 701 meriti,
408 670 446 696 ut
468 669 602 695 mentes
621 661 887 704 perterrefactae
908 660 1063 693 habeant

73 714 211 748 firmam
239 714 527 748 consolationem.
600 711 672 745 Nec
695 712 902 745 dulcescunt
935 710 1063 744 animis

76 765 344 809 promissiones,
372 764 439 797 nisi
464 764 534 797 illis
558 774 695 807 semper
712 762 934 795 includamus
952 761 1061 806 parti-

73 817 186 849 culam
235 812 416 849 Gratis.
494 812 625 848 Omnis
661 813 725 861 qui
752 813 967 846 invocaverit
995 825 1060 845 no-
1087 816 1090 845 t

72 878 152 899 men
171 866 332 906 Domini,
360 866 475 899 salvus
492 865 569 901 erit.
621 864 661 898 Si
679 864 862 905 adiiciam,
889 864 916 896 si
933 865 1062 907 dignus

33 913 36 914 ⁷
72 918 156 955 erit,
184 917 418 950 deterrebitur
433 917 582 949 animus.
636 914 720 948 Ideo
737 913 972 958 Evangelium
991 914 1061 947 cla-

71 967 171 1001 mitat
199 968 242 1000 de
265 967 434 1011 particula
457 967 583 1010 gratis:
619 966 748 1000 lnvoca
768 966 871 999 etiam
893 965 920 998 si
946 977 981 998 es
1005 966 1061 998 in-
1087 994 1089 996 ,

73 1018 219 1061 dignus,
244 1019 326 1064 quia
347 1025 490 1061 propter
507 1015 686 1052 Christum
706 1016 811 1060 gratis
829 1017 1063 1049 salvabuntur
1087 1024 1088 1045 ἒ

72 1069 275 1102 invocantes
290 1067 497 1102 Dominum.
541 1067 599 1101 Sic
618 1068 655 1100 in
673 1067 829 1100 Psalmo:
858 1066 951 1109 Quia
968 1067 1060 1110 apud

70 1119 264 1153 Dominum
282 1119 536 1153 misericordia.
575 1118 614 1153 Si
629 1118 803 1159 adiiciam,
827 1129 904 1160 erga
924 1117 1062 1160 dignos,

70 1170 198 1214 refugit
215 1170 441 1205 conscientia.
496 1169 566 1203 Sed
582 1168 812 1212 Evangelium
833 1169 929 1203 iubet
953 1169 1060 1202 intel-

70 1221 129 1264 ligi
147 1220 334 1263 gratuitam
351 1220 627 1253 misericordiam
645 1226 738 1253 certo
755 1220 961 1263 promissam
979 1231 1061 1262 pro-

69 1279 146 1315 pter
164 1269 366 1312 Christum,
393 1271 491 1314 quasi
509 1271 618 1304 dicat:
652 1269 704 1303 Ne
722 1270 889 1312 refugite,
919 1271 976 1303 sed
1004 1282 1060 1302 ac-

70 1323 180 1355 cedite
203 1323 244 1354 ad
265 1321 396 1362 Deum,
424 1322 570 1365 accipite
586 1321 653 1353 fide
671 1321 891 1363 propositum
912 1331 1059 1352 munus:

69 1384 150 1405 nam
181 1379 324 1415 propter
354 1370 534 1405 Christum
573 1371 679 1413 gratis
720 1371 794 1404 vult
827 1369 923 1402 Deus
958 1370 1060 1402 vobis

70 1423 260 1465 ignoscere.
329 1421 438 1467 quue
466 1423 645 1455 decretum
669 1428 801 1453 certum
836 1427 868 1454 et
894 1421 1060 1453 immuta·
1084 1445 1086 1450 ,

68 1474 139 1506 hile
156 1480 217 1507 est.
271 1471 309 1506 Si
325 1473 404 1517 quis
419 1472 548 1515 cogitat
565 1472 737 1504 incertum
755 1482 845 1512 esse,
874 1478 1058 1504 contume-

67 1524 112 1557 lia
128 1524 240 1556 filium
260 1522 325 1556 Dei
344 1523 466 1562 afficit,
494 1522 554 1567 qui
572 1529 622 1555 est
639 1522 766 1565 pignus
784 1519 888 1555 huius
908 1522 1058 1566 promis-

66 1575 186 1610 sionis.
239 1573 306 1608 Sed
325 1575 391 1607 fide
409 1574 517 1618 accipi
536 1585 665 1607 munus
683 1580 833 1617 oportet.

323 561 533 596 Excluditur
547 567 684 600 autem,
712 565 749 592 ut
767 559 860 597 dixi,
888 571 959 591 non
981 571 1063 602 poe—
1089 571 1090 585 ἢ

168 1650 264 1685 Haec
289 1651 367 1684 ideo
393 1649 562 1694 repetivi,
607 1649 688 1694 quia
721 1649 914 1692 plurimum
940 1649 1058 1692 refert,

69 1701 159 1736 hanc
184 1702 394 1735 exclusivam
425 1701 613 1743 diligenter
637 1700 826 1739 illustrari,
870 1707 905 1732 ut
933 1700 1058 1733 discri-

69 1766 148 1787 men
171 1752 273 1796 Legis
297 1760 329 1786 et
355 1750 540 1795 Evangelii
567 1758 659 1784 recte
682 1751 837 1795 conspici
862 1751 989 1793 possit,
1025 1758 1057 1784 et

68 1811 106 1838 ut
124 1804 199 1848 piae
217 1810 349 1837 mentes
369 1803 523 1847 cogitent
540 1802 606 1836 sibi
624 1801 761 1834 firmam
779 1802 1056 1834 consolationem
1083 1793 1085 1802 ’

69 1855 282 1900 propositam
308 1866 398 1895 esse,
425 1860 459 1887 et
482 1865 517 1886 se
541 1853 735 1886 exuscitent
759 1853 799 1885 ad
828 1853 931 1884 fidem
950 1860 981 1886 et
999 1853 1054 1884 in-

67 1907 284 1940 vocationem
303 1906 339 1938 in
358 1904 524 1938 omnibus
541 1903 692 1947 negotiis
709 1909 741 1936 et
758 1903 933 1947 periculis.
964 1903 1054 1937 Nam

67 1957 104 1990 in
120 1957 336 2003 quotidianis
352 1955 533 1990 aerumnis
558 1953 643 1988 haec
665 1954 750 1987 fides
776 1957 966 1987 exercenda
994 1962 1053 1989 est.

69 2005 138 2041 Nec
154 2008 301 2050 intelligi
319 2006 551 2050 Evangelium
568 2006 643 2038 sine
657 2002 712 2038 his
730 2005 902 2038 exercitiis
928 2012 1052 2049 potest,

69 2070 133 2091 nec
155 2058 269 2091 existit
293 2070 373 2090 vera
400 2057 574 2090 invocatio
607 2056 682 2089 sine
705 2053 771 2089 hac
797 2056 882 2097 fide,
918 2058 960 2089 de
986 2069 1052 2100 qua

70 2108 139 2141 iam
155 2107 257 2142 toties
275 2108 444 2150 dicimus,
476 2107 564 2141 sicut
580 2105 742 2141 Christus
760 2107 892 2152 inquit:
936 2106 1052 2149 Quid-

69 2158 154 2204 quid
189 2159 358 2203 petieritis
393 2165 525 2202 patrem
558 2157 595 2190 in
626 2158 772 2191 nomine
797 2171 894 2198 meo,
931 2158 966 2191 id
993 2165 1053 2196 est,

67 2210 193 2243 fiducia
216 2209 372 2242 nominis
394 2208 489 2249 mei,
530 2206 597 2241 hoc
618 2208 753 2242 faciam.
813 2209 891 2243 Hoc
915 2221 1053 2242 necesse

67 2268 116 2295 est
133 2260 323 2294 discrimen
339 2271 411 2293 esse
429 2259 521 2293 inter
536 2256 724 2292 Ethnicam
742 2260 1002 2293 invocationem
1022 2266 1053 2293 et

67 2309 317 2346 Christianam,
383 2308 529 2344 Ethniei
555 2310 721 2343 invocant
744 2311 946 2345 dubitantes
964 2336 973 2349 ,
1009 2324 1052 2343 an

68 2360 162 2396 Deus
181 2370 277 2398 curet
300 2360 473 2396 humanas
497 2373 636 2405 preces,
662 2373 705 2393 an
729 2361 900 2395 afficiatur
924 2363 1054 2395 nostris

70 2414 256 2447 aerumnis.
325 2412 384 2447 Sic
418 2413 582 2446 invocare
616 2419 665 2445 est
698 2413 909 2446 contumelia
939 2413 1050 2446 Deum

69 2464 224 2500 adficere.
270 2462 316 2498 Et
333 2471 448 2497 tamen
465 2464 550 2496 tales
568 2470 650 2496 sunt
669 2463 722 2495 illi
740 2463 910 2496 clamores
927 2464 1053 2505 impio-

69 2525 148 2547 rum
167 2514 204 2547 in
221 2516 370 2560 templis,
397 2523 430 2549 et
446 2511 617 2548 Monachi
633 2514 756 2548 iubent
774 2515 809 2546 in
830 2514 1054 2548 invocatione

68 2565 240 2600 dubitare.
314 2566 383 2600 Sed
415 2564 471 2599 his
502 2565 682 2599 erroribus
712 2566 944 2610 opponendae
973 2573 1056 2599 sunt

66 2616 277 2654 sententiae,
318 2615 424 2653 Rom.
442 2615 495 2651 5.:
531 2615 599 2650 Per
620 2614 716 2650 hunc
739 2614 911 2651 habemus
942 2628 1054 2650 acces·

66 2678 143 2700 sum
170 2667 208 2700 in
233 2667 300 2700 fide

120 2720 299 2753 ΜειΛΝ-Γιι.
329 2719 431 2753 Orsa.

472 2720 555 2751 Vox..
580 2720 659 2753 XV.

529 95 562 129 2.
591 90 952 129 COMMENTARu
980 90 1032 127 IN
1058 91 1214 127 EPIST.
1242 90 1389 126 PAULI
1421 91 1487 125 AD
1517 89 1791 127 ROMANOS.

1089 333 1091 350 ἕ
1118 329 1318 372 interpellet
1334 342 1396 372 pro
1414 329 1529 364 nobis.

1089 613 1090 618 ,
1116 589 1206 618 tans.

1087 954 1089 974 ;
1115 938 1217 971 multi
1243 938 1426 971 nobiscum
1452 936 1601 979 litigant.

2028 93 2103 130 514

1220 175 1312 222 Eph.
1331 177 1381 212 3.:
1421 176 1487 210 Per
1503 189 1604 221 quem
1623 177 1793 211 audemus
1817 178 1981 211 accedere
2002 180 2111 212 confi-

1118 229 1259 269 denter,
1286 241 1348 271 per
1361 229 1465 261 fidem
1486 228 1522 260 in
1540 229 1665 271 ipsum.

1219 279 1262 314 Et
1277 278 1430 312 Roman.
1451 279 1501 314 8.:
1542 279 1612 321 Qui
1644 279 1738 312 sedet
1764 279 1800 312 in
1820 280 1940 312 dextra
1958 279 2043 318 Dei,
2070 287 2109 314 ut

1585 329 1666 361 Ideo
1683 342 1785 362 nemo
1803 337 1915 373 potest
1933 333 1976 364 ad
1995 331 2108 364 Deum

1089 393 1091 416 ι
1121 381 1305 419 accedere,
1329 380 1396 411 nisi
1421 377 1488 412 hoc
1511 378 1707 412 Mediator-e
1743 387 1774 412 et
1801 380 1970 414 Pontifice
1995 383 2110 425 perfe-

1117 437 1215 463 rente
1240 436 1376 462 nostras
1403 441 1529 473 precr-S.
1583 430 1681 463 Sicut
1704 437 1736 462 et
1760 429 1913 464 Roman.
1937 432 1992 465 10.
2019 433 2110 464 dici-

1117 488 1189 514 tur:
1227 480 1416 523 Quomodo
1445 480 1658 513 invocabunt
1686 492 1786 520 eum,
1832 481 1868 513 in
1899 494 2003 527 quem
2034 495 2108 515 nou

1089 544 1090 558 ³
1117 532 1289 565 creduut?
1316 530 1463 564 Iacobus
1481 530 1613 574 inquit:
1650 529 1748 564 Petat
1768 530 1804 564 iu
1822 532 1888 563 fide
1906 545 1977 565 non
1995 531 2109 566 haesi-

1273 580 1403 617 Matth.
1421 583 1502 616 21.:
1547 580 1731 626 Quidquid
1766 582 1935 625 petieritis
1967 583 2002 615 in
2028 596 2109 617 ora-

1115 634 1212 667 tione
1229 634 1429 673 credentes,
1457 632 1645 675 accipietis.
1699 632 1795 675 Ergo
1820 640 1859 665 ut
1877 631 1951 665 Deo
1975 635 2110 676 praeci-

1119 695 1246 728 puum,
1281 696 1401 716 verum
1432 691 1461 716 et
1483 691 1620 725 gratum
1648 684 1802 722 cultum,
1835 683 2014 724 videlicet,
2055 685 2108 716 iu-

1116 734 1334 768 vocationem
1354 741 1528 777 praestare
1545 733 1738 776 possimus,
1767 745 1902 766 necesse
1920 741 1969 766 est
1990 735 2102 767 teneri

1087 796 1089 813 ἴ
1116 793 1152 819 et
1167 785 1328 829 cognosci
1347 782 1437 818 hanc
1457 784 1653 817 doctrinam
1681 785 1725 816 (le
1750 784 1817 817 fide
1842 791 1874 818 et
1898 785 1942 817 de
1960 787 2110 828 gratuita

1117 835 1372 871 misericordia.

1218 886 1333 920 Venio
1350 887 1392 919 ad
1412 885 1622 919 vocabulum
1642 884 1754 926 Fidei,
1782 885 1824 918 dc
1843 897 1912 930 quo
1930 884 1966 918 in
1985 885 2109 930 primis

1656 935 1792 969 Mirum
1819 944 1868 969 est
1895 943 2011 969 autem
2032 943 2111 969 tan-

1115 997 1186 1022 tam
1204 990 1241 1022 in
1259 987 1415 1022 Ecclesia
1434 987 1616 1028 caliginem
1636 987 1753 1028 fuisse,
1772 994 1811 1020 ut
1829 987 1981 1030 genuina
1997 987 2110 1030 signi-

1087 1055 1088 1072 ι
1114 1040 1228 1073 ficatio
1247 1038 1352 1072 huius
1368 1038 1549 1076 vocabuli,
1579 1039 1672 1082 quod
1693 1038 1860 1070 omnibus
1879 1038 1915 1070 in
1934 1049 1993 1071 ore
2017 1049 2110 1070 sein-

1115 1103 1177 1135 per
1210 1090 1301 1130 fuit,
1335 1102 1406 1135 quo
1438 1089 1598 1122 omnium
1624 1100 1725 1121 aures
1754 1095 1971 1132 personant,
2019 1101 2107 1131 pene.

1114 1142 1240 1175 amissa
1258 1141 1313 1175 sit.
1369 1140 1422 1173 Ad
1443 1140 1475 1171 id
1498 1140 1628 1171 malum
1647 1139 1780 1172 accedit
1797 1139 1866 1172 iam
1886 1140 1983 1171 aliud
2009 1140 2106 1172 dete-

1113 1193 1199 1227 rius.
1253 1191 1420 1224 Errorcm
1440 1191 1676 1222 inveteratum
1694 1190 1837 1222 difficile
1855 1198 1903 1223 est
1923 1202 1961 1222 ex
1978 1190 2108 1223 animis

1086 1248 1088 1266 ⁵
1115 1241 1302 1276 hominum
1335 1241 1501 1280 evellere,
1544 1247 1576 1273 et
1602 1240 1745 1285 quidam
1772 1238 2030 1286 sycophantae,
2071 1248 2110 1274 ut

1113 1292 1308 1327 Cochlaeus
1333 1299 1365 1325 ct
1396 1292 1457 1324 alii
1487 1291 1577 1324 tueri
1606 1299 1788 1324 conantur.
1860 1291 1990 1324 Verum
2019 1304 2108 1336 quo-

1085 1370 1087 1376 .
1113 1345 1208 1376 niam
1238 1340 1474 1388 sycophantae
1506 1353 1577 1374 uon
1606 1348 1779 1386 quaerunt
1812 1342 2012 1382 veritatem,
2047 1345 2106 1375 sed

1085 1397 1087 1425 Ξ
1113 1407 1176 1427 suo
1196 1394 1321 1426 morbo
1341 1393 1518 1433 serviunt,
1546 1405 1617 1424 non
1636 1392 1718 1425 (luxi
1740 1392 1807 1424 iam
1828 1405 1906 1426 cum
1925 1393 1972 1425 eis
1989 1394 2108 1426 rixan-

1112 1446 1196 1477 dum
1215 1455 1298 1478 esse.
1352 1443 1424 1476 Nec
1443 1455 1525 1476 vero
1543 1443 1684 1485 defugio
1711 1443 1881 1476 iudicium
1908 1444 2047 1487 piorum
2073 1452 2107 1478 et

1113 1495 1346 1529 eruditorum.
1414 1493 1503 1527 Nam
1530 1496 1617 1526 adeo
1643 1494 1824 1538 perspicue
1845 1492 2048 1538 prophetica
2075 1502 2108 1528 et

1111 1546 1300 1590 apostolica
1335 1546 1425 1577 dicta
1458 1546 1668 1585 ostendunt,
1704 1545 1788 1590 quid
1816 1546 1987 1588 significet
2012 1546 2107 1587 fides,

1112 1605 1149 1630 ut
1169 1596 1334 1639 refragari
1355 1608 1458 1628 nemo
1483 1607 1588 1628 sanus
1617 1596 1734 1638 possit.
1788 1595 1968 1639 Significat
1996 1596 2105 1638 igitur

1084 1655 1085 1660 ¹
1112 1649 1212 1688 fides,
1247 1659 1318 1679 nou
1344 1653 1478 1679 tantum
1509 1646 1674 1679 noticiam
1704 1644 1887 1684 historiae,
1923 1648 1980 1679 sed
2008 1648 2102 1680 fidu-

1112 1700 1199 1732 ciam
1232 1697 1494 1730 misericordiae
1529 1698 1719 1741 promissae
1742 1706 1884 1741 propter
1906 1696 2102 1739 Christum,

1083 1757 1085 1762 ⁸
1112 1762 1172 1783 seu
1190 1749 1348 1782 assentiri
1368 1748 1593 1793 promissioni
1610 1748 1751 1790 gratiae.

1213 1799 1275 1833 Est
1304 1801 1412 1843 igitur
1444 1811 1604 1832 assensus
1635 1799 1671 1831 in
1707 1799 1906 1838 intellectu,
1951 1806 1983 1833 et
2012 1800 2100 1833 velle

1111 1849 1203 1884 hanc
1220 1851 1376 1884 divinam
1395 1851 1684 1888 consolationem,
1708 1850 1793 1883 etin
1813 1863 1849 1883 ea
1867 1851 2100 1895 acquiescere,

1108 1915 1187 1935 cum
1211 1902 1374 1935 audimus
1393 1902 1495 1934 nobis
1512 1900 1624 1934 Deum
1646 1902 1841 1945 propicium
1859 1914 1930 1934 esse
1955 1909 2099 1948 propter

1108 1954 1218 1986 filium
1238 1953 1353 1986 Iesum
1371 1950 1566 1987 Christum.
1600 1951 1719 1994 Quare
1735 1964 1814 1984 curn
1834 1953 1978 1985 dicitur:
2010 1952 2097 1985 Fide

1108 2005 1354 2044 iustificamur,
1382 2016 1454 2036 non
1473 2010 1522 2036 est
1546 2003 1832 2045 imaginandum,
1860 2016 1923 2035 nos
1949 2002 2014 2036 fide
2040 2003 2095 2036 iu-

1107 2063 1176 2088 stos
1202 2067 1274 2088 esse
1294 2062 1437 2099 propter
1462 2054 1571 2097 ipsius
1591 2054 1729 2086 virtutis
1755 2054 1973 2097 dignitatem.
2026 2053 2097 2087 Sed

1107 2107 1314 2140 correlative
1332 2106 1479 2148 intelligi
1499 2103 1582 2137 haec
1599 2105 1710 2137 oratio
1734 2105 1851 2138 debet:
1881 2105 1967 2138 Fide
1994 2104 2095 2138 iusti-

1107 2159 1271 2195 ficamur,
1301 2157 1335 2190 id
1356 2164 1422 2195 est,
1448 2168 1508 2200 per
1527 2156 1802 2188 misericordiam
1831 2164 1972 2199 propter
1990 2153 2095 2190 Chri-

1108 2217 1197 2242 stum
1218 2209 1395 2251 placemus
1412 2206 1498 2240 Deo.
1540 2206 1607 2240 Sed
1628 2204 1718 2239 hauc
1735 2207 2009 2239 misericordiam
2026 2206 2093 2239 fide

1107 2258 1405 2303 apprehendimus
1423 2270 1481 2291 seu
1507 2257 1749 2300 agnoscimus,
1778 2264 1809 2290 et
1831 2258 1933 2290 nobis
1956 2269 2093 2290 accom-

1107 2312 1302 2344 modamus.
1358 2309 1446 2342 Nam
1464 2309 1547 2341 fides
1566 2320 1625 2341 seu
1643 2308 1787 2348 fiducia,
1814 2309 1950 2342 etiamsi
1975 2320 2094 2341 assen-

1109 2362 1177 2395 tior
1200 2373 1272 2393 esse
1297 2361 1501 2405 qualitates,
1535 2366 1651 2392 tamen
1675 2365 1713 2391 ut
1736 2366 1868 2392 caetera
1891 2360 2091 2392 adfectuum

1107 2413 1250 2445 nomina
1277 2412 1366 2445 fiunt
1393 2411 1556 2452 relativa,
1585 2416 1623 2442 ut
1641 2408 1753 2442 Amor
1768 2410 1912 2443 relative
1933 2421 1968 2443 se
1988 2407 2093 2443 habet

1107 2465 1147 2496 ad
1175 2464 1207 2495 id
1237 2464 1331 2508 quod
1361 2472 1536 2500 amamus,
1580 2468 1692 2493 metus
1715 2461 1758 2493 ad
1784 2461 1960 2495 obiectum
1998 2461 2093 2506 quod

1106 2514 1336 2552 formidatur,
1365 2514 1409 2545 ita
1430 2511 1555 2544 fiducia
1573 2512 1615 2543 ad
1632 2523 1733 2544 suum
1757 2512 1934 2545 obiectum
1951 2524 2020 2556 quo
2039 2511 2095 2543 ni-

1107 2566 1203 2599 titur.
1273 2564 1367 2597 Haec
1392 2562 1582 2596 Dialectica
1611 2569 1692 2594 nota
1722 2570 1804 2596 sunt
1834 2563 1937 2596 etiam
1963 2562 2095 2606 pueris,

1107 2628 1196 2661 quae
1229 2614 1479 2658 RIensingerus
1512 2624 1631 2646 scurra
1667 2613 1830 2647 indoctus
1864 2621 1896 2647 et
1924 2613 2096 2656 impurus,

1108 2665 1307 2700 Thersitica
1329 2664 1548 2710 impudentia
1566 2664 1799 2699 calumniatus
1815 2672 1876 2701 est.
1929 2663 1997 2698 Sed
2015 2675 2097 2708 pro-

1419 2715 1468 2749 33
