2415 2942
126 115 174 150 29
551 112 633 149 ΧΠ.

130 199 274 233 dicitur:
309 197 502 242 Accepistis
533 197 695 241 spiritum
725 196 927 240 adoptionis
950 195 1117 231 filiorum,

129 263 199 294 quo
230 250 421 283 clamamus
450 247 553 282 Abba
585 255 695 296 pater.
751 246 858 287 Item,
892 246 1015 280 lerem‚
1040 245 1117 280 31.:

128 300 230 335 Dabo
255 301 367 342 legem
392 311 505 333 meam
530 300 565 332 in
592 300 696 332 corda
716 309 852 332 eorum.
907 296 994 330 Item
1012 292 1119 329 Zach-

131 353 205 387 12:
231 351 425 384 Effundam
442 363 548 394 super
566 351 710 382 domum
727 347 843 381 David
861 348 1024 392 spiritum
1041 358 1120 389 gra-

129 403 198 436 tiae
222 409 254 435 et
281 414 434 446 precum.
495 400 606 434 Vocat
632 398 806 443 Spiritum
830 407 988 432 sanctum
1016 398 1120 442 spiri-

129 461 204 488 tum
228 454 378 497 gratiae,
405 453 441 485 id
465 458 536 490 est,
564 462 634 495 quo
660 450 916 484 confirmantur
932 451 1056 489 corda,
1083 455 1121 481 ut

129 515 378 548 agnoscamus,
405 514 468 534 nos
492 513 563 534 esse
585 501 621 533 in
641 501 773 543 gratia,
799 500 913 534 Deum
930 513 1001 533 esse
1017 499 1122 533 nobis

129 556 336 599 propicium.
394 552 502 585 Vocat
520 559 552 586 et
566 552 730 596 spiritum
745 564 901 596 precum,
929 564 999 596 quo
1016 551 1121 584 corda

129 605 361 649 impelluntur
390 604 435 636 ad
471 615 587 636 veram
621 603 903 640 invocationem,
949 614 1038 647 quae
1072 609 1122 634 est

127 656 337 700 praecipuus
356 654 490 695 cultus,
515 661 546 687 et
565 654 708 688 initium
725 653 957 687 obedientiae.

229 722 362 768 Estque
387 719 576 756 antitheeis
601 722 858 755 consideranda
877 722 913 754 in
932 719 999 754 hoc
1015 721 1121 753 dicto.

128 774 260 808 Totum
282 774 459 819 reliquum
476 785 586 816 genus
604 771 800 807 humanum
819 773 895 806 sine
911 770 1054 806 Christo
1073 779 1122 805 est

128 826 194 859 snb
218 832 376 870 peccato,
404 831 437 858 et
459 836 557 857 reum
578 825 648 857 irae
666 823 754 865 Dei,
781 836 854 857 non
875 831 925 857 est
941 830 1120 865 acceptum

127 876 221 916 Deo,
262 877 320 908 sed
352 875 572 919 recipiuntur
601 876 783 909 credentes
818 882 964 919 propter
996 875 1120 907 filium.

127 926 193 961 Est
217 934 250 960 et
275 927 422 970 plenum
448 926 604 960 tenebris
627 933 659 959 et
687 927 891 966 mendacio,
919 926 953 958 id
974 932 1043 968 est,
1073 932 1123 958 est

128 978 204 1011 sine
231 978 308 1011 luce
331 984 362 1010 et
388 977 518 1010 noticia
543 977 641 1010 firma
664 975 749 1016 Dei,
777 985 894 1010 manet
918 977 955 1009 in
980 976 1122 1009 dubita—

127 1029 243 1069 tione,
272 1041 310 1061 ac
334 1028 422 1071 sugit
441 1026 556 1061 Deum
582 1035 643 1061 aut
668 1029 697 1061 ei
715 1028 897 1068 irascitur,
926 1028 1037 1060 multo
1054 1027 1122 1059 mi-

129 1092 196 1112 nus
227 1079 344 1122 diligit
370 1078 485 1112 Deum
516 1079 731 1112 iudicantem
766 1087 798 1112 et
824 1080 1051 1123 punientem,
1089 1077 1148 1110 eti

128 1138 336 1164 onerantem
369 1127 436 1162 hoc
465 1130 642 1163 imbecille
667 1141 777 1172 genus
801 1130 909 1163 tantis
934 1129 1122 1162 aerumnis.

127 1182 270 1215 Deinde
294 1181 430 1213 etiamsi
455 1192 544 1225 quae
568 1188 617 1214 est
638 1187 779 1214 externa
798 1181 985 1225 disciplina
1003 1180 1038 1212 in
1057 1180 1119 1212 ali-

130 1233 276 1277 quibus,
305 1230 390 1264 haec
408 1232 568 1264 nondum
585 1239 636 1266 est
652 1244 731 1264 vera
747 1231 883 1264 iusticia
895 1258 903 1271 ,
932 1232 990 1264 sed
1009 1228 1122 1275 hypo-

129 1283 228 1316 crisis
254 1283 330 1315 sine
353 1283 482 1315 noticia
507 1289 538 1315 et
564 1282 795 1315 conversione
821 1283 865 1314 ad
889 1280 1015 1315 Deum.
1076 1279 1123 1313 Ut

129 1334 291 1378 quamvis
309 1332 448 1366 Atticus
472 1339 523 1366 est
546 1331 715 1366 honestus
739 1333 811 1373 vir,
836 1339 953 1366 tamen
979 1332 1022 1365 de
1041 1343 1123 1375 pro-

128 1384 286 1418 videntia
308 1384 466 1424 dubitat,
494 1390 527 1416 et
550 1384 766 1417 voluntatem
792 1381 899 1417 habet
922 1395 1078 1416 aversam
1104 1394 1122 1414 a

128 1435 224 1473 Deo,
253 1447 316 1467 nec
341 1446 422 1467 vere
440 1435 558 1475 timet,
586 1447 650 1468 nec
667 1435 783 1478 diligit
800 1433 932 1468 Deum:
960 1436 1019 1467 sed
1039 1446 1122 1467 con-

128 1486 205 1519 fidit
228 1483 396 1518 humanis
419 1486 621 1529 praesidiis,
649 1484 804 1519 humana
827 1486 1020 1530 sapientia,
1049 1497 1121 1517 non

129 1537 273 1570 confidit
299 1537 364 1570 Dei
398 1537 542 1572 auxilio.
602 1536 698 1570 Haec
726 1535 912 1571 antithesis
936 1537 1124 1580 diligenter

128 1588 368 1627 considerata,
404 1586 572 1621 nonnihil
606 1589 760 1622 illustrat
791 1589 1003 1622 vocabulum
1032 1587 1124 1621 veri-

130 1639 228 1678 tatis,
255 1651 294 1672 ac
312 1639 416 1684 paulo
434 1646 512 1683 post
530 1641 720 1684 repetenda
739 1640 816 1673 erit.

181 1739 345 1774 Ioannes
369 1746 525 1774 testatur
548 1739 589 1774 de
613 1742 692 1788 ipso
716 1747 746 1775 el
766 1741 956 1786 clamitat,
986 1740 1124 1775 dicens.-

233 1792 308 1825 Hic
325 1796 403 1824 erat
422 1790 464 1824 de
478 1804 550 1838 qno
566 1790 662 1825 dixi.

233 1866 433 1911 Aliquoties
458 1867 541 1900 citat
562 1867 706 1900 Ioannis
724 1867 912 1911 Baptistae.
927 1870 1126 1909 conciones,

130 1926 165 1952 ut
193 1925 227 1951 et
250 1918 453 1951 testimonia
479 1919 554 1951 eius
574 1930 638 1951 nos
656 1919 885 1958 confirment,
914 1927 945 1953 et
963 1921 1125 1954 doctrina

129 1969 278 2004 erudiat.
348 1968 548 2002 Plurimum
573 1969 666 2002 enim
695 1970 811 2002 valere
837 1971 939 2004 debet
966 1972 1124 2005 testimo-

130 2022 228 2053 nium
249 2021 323 2053 eius
341 2020 428 2060 viri,
457 2021 518 2066 qui
538 2022 580 2053 de
601 2021 700 2054 coelo
721 2033 841 2054 vocem
863 2024 995 2055 aeterni
1017 2023 1125 2066 patris

128 2072 285 2110 audivit,
312 2071 463 2105 dicentis
489 2073 531 2104 de
553 2070 714 2106 Christo:
743 2071 811 2105 Hic
835 2080 884 2106 est
910 2074 1002 2106 filius
1028 2086 1125 2107 meus
1150 2082 1152 2085 “

128 2124 286 2157 dilectus,
342 2121 441 2156 Vidit
466 2130 498 2156 et
523 2122 695 2166 Spiritum
721 2131 879 2157 sanctum
907 2126 1124 2158 descenden-

128 2182 198 2207 tem
223 2175 263 2207 ad
283 2171 478 2208 Christum.
532 2173 610 2208 Hoc
628 2175 837 2208 miraculum
858 2176 1018 2208 omnium
1036 2176 1124 2209 Pro-

128 2223 315 2269 phetarum
347 2226 509 2258 miranda
540 2226 628 2259 facta
661 2233 821 2269 superat,
857 2227 938 2271 qnia
970 2225 1026 2260 hic
1056 2235 1125 2260 tres

129 2289 298 2321 personae
322 2277 520 2310 divinitatis
544 2277 674 2310 illustri
700 2277 905 2311 discrimine
933 2290 968 2312 se
993 2279 1124 2322 patefe-

128 2335 262 2361 cerunt.
318 2327 401 2362 Fuit
429 2328 537 2371 igitur
563 2328 767 2371 gravissima
793 2341 913 2369 causa,
942 2342 1004 2362 cur
1027 2331 1124 2364 testi-

128 2380 286 2412 monium
310 2378 453 2412 loannis
473 2381 729 2413 recensendum
747 2381 903 2420 duxerit,
933 2388 1037 2426 atque
1054 2382 1123 2414 nti-

129 2442 209 2463 nam
236 2430 353 2474 pinres
375 2438 408 2464 et
435 2431 612 2474 longiores
633 2432 708 2464 eins
727 2431 914 2464 conciones
933 2433 1124 2467 recitasset.

128 2480 385 2525 Complectitur
412 2489 527 2516 autem
555 2483 687 2516 dictum
714 2482 893 2526 Baptistae
919 2484 1125 2527 praecipuos

129 2532 313 2573 articulos,
348 2534 390 2566 de
417 2546 564 2577 persona
592 2533 761 2573 Messias»,
791 2535 833 2567 de
859 2534 1055 2576 beneficiis,
1082 2536 1124 2569 de
1150 2557 1151 2564 κ

130 2583 332 2617 discrimine
352 2583 445 2617 Most
467 2591 499 2618 ct
518 2584 680 2618 Messiae.

231 2641 347 2675 Prima
367 2655 446 2687 pars
464 2644 624 2689 loquitur
640 2645 682 2677 de
701 2656 860 2687 persona.

117 2705 182 2726 .me
218 2700 385 2727 venturus
418 2702 485 2736 est,
521 2696 555 2728 id
588 2702 657 2739 est,
691 2696 878 2730 functurus
906 2695 1021 2730 officio
1051 2709 1123 2730 suo.

687 107 986 147 ENARRATIO
1016 107 1065 143 IN
1092 105 1276 143 EVANG.
1306 103 1521 141 IOANNIS.
1574 103 1678 139 CAP.
1710 103 1735 139 1.

918 2644 950 2678 Is
968 2645 1026 2690 qni
1048 2652 1125 2689 post
1150 2652 1151 2665 ¹

2116 101 2163 134 50

1171 193 1264 226 Ante
1289 204 1344 225 me
1370 199 1439 232 est,
1476 192 1510 223 id
1534 198 1601 231 est,
1638 189 1872 235 praestantior
1899 187 2100 227 vocatione,
2128 192 2162 219 et

1171 244 1281 286 gloria
1306 255 1367 276 seu
1391 242 1567 286 potentia,
1595 248 1629 275 et
1652 242 1796 275 additur
1816 240 1921 274 ratio:
1951 238 2045 282 Quia
2064 237 2161 282 prior

1171 306 1225 326 me
1249 301 1317 334 est,
1344 294 1377 326 id
1404 301 1472 332 est,
1501 294 1653 337 primns,
1681 299 1826 337 propter
1850 303 1953 336 quem
1978 289 2073 323 Deus
2092 286 2161 321 Ec—

1171 344 1310 377 clesiam
1335 351 1367 376 et
1395 344 1515 386 elegit,
1549 351 1580 376 et
1605 345 1739 376 salvare
1765 344 1858 383 vult,
1886 349 1918 376 et
1940 341 2000 386 qui
2026 340 2160 385 primus

1171 396 1236 428 suit
1254 394 1395 427 adiutor
1411 401 1442 426 et
1460 395 1628 427 liberator
1645 395 1803 427 omnium
1823 394 2026 432 electorum,
2052 392 2163 430 Adae,

1171 444 1269 485 Noe,
1303 442 1489 485 Abrahae,
1522 452 1555 479 et
1585 445 1749 480 aliorum.
1802 443 1903 477 Hanc
1932 444 2051 477 iudico
2078 441 2162 475 sim-

1173 496 1400 539 plicissimam
1440 507 1512 528 esse
1550 495 1770 528 sententiam.
1838 495 1912 528 Alii
1953 492 2161 539 particulam

1172 546 1387 593 «ἔμπροσθεν
1420 547 1687 586 intellexerunt,
1721 558 1837 578 coram
1869 557 1925 578 me
1953 552 2021 584 est,
2057 555 2162 589 quam

1173 598 1499 642 interpretationem
1527 609 1600 630 non
1627 595 1869 641 reprehendo,
1896 597 1955 629 sed
1977 596 2064 628 serie
2084 606 2163 627 ora-

1173 650 1281 683 tionis
1319 661 1482 686 moveor,
1526 655 1565 682 ut
1602 648 1748 681 alteram
1787 647 1995 681 sententiam
2027 657 2163 690 sequar.

1174 700 1339 734 Testatur
1363 711 1443 742 ergo
1462 699 1619 744 Baptista
1639 698 1804 732 Messiam
1833 698 2041 732 antecellere
2062 708 2165 728 voca-

1172 752 1269 785 tione
1302 758 1337 785 et
1361 751 1529 794 potentia.
1594 750 1688 793 Quia
1713 757 1855 783 vocatus
1880 756 1930 782 est
1951 760 2023 782 non
2050 747 2163 781 solum

1174 810 1211 836 ut
1235 803 1279 836 sit
1306 804 1447 843 doctor,
1476 809 1514 835 ut
1530 801 1656 835 caeteri
1674 801 1846 841 ministri,
1873 801 1932 834 sed
1950 807 1989 833 ut
2005 799 2063 832 slat
2083 810 2165 845 pro-

1173 854 1320 898 piciator
1347 865 1409 897 pro
1437 865 1564 895 genere
1585 851 1764 893 humano,
1793 860 1825 887 et
1842 850 2022 885 antecellit
2040 857 2166 894 poten-

1173 906 1219 938 tia
1233 933 1241 946 ‚
1269 905 1351 950 quia
1369 904 1612 948 datSpiritum
1630 911 1788 937 sanctum
1806 910 1839 937 et
1854 903 1960 937 vitam
1978 908 2167 935 aeternam.

1276 973 1433 1008 Additur
1451 981 1584 1007 autem:
1613 972 1707 1016 Quia
1725 973 1821 1017 prior
1837 984 1892 1005 me
1911 979 1972 1007 est.
2020 970 2059 1004 ld
2076 977 2167 1003 recte

1174 1027 1215 1058 ad
1246 1025 1487 1059 aeternitatem
1513 1025 1683 1063 refertur,
1717 1036 1777 1057 seu
1802 1023 1945 1057 initium
1971 1022 2165 1056 Ecclesiae:

1175 1078 1253 1110 ideo
1278 1076 1426 1109 Blessias
1448 1076 1645 1112 antecellit,
1678 1076 1760 1118 quia
1787 1075 1922 1117 primus
1946 1080 1996 1106 est
2024 1079 2167 1116 propter

1174 1141 1276 1173 quem
1297 1127 1391 1161 Deus
1411 1127 1513 1168 elegit
1529 1125 1722 1157 Ecclesiam
1736 1149 1745 1163 ‚
1773 1131 1811 1157 ut
1829 1135 1934 1168 supra
1954 1124 2088 1156 dictum
2106 1129 2168 1162 est,

1174 1186 1207 1211 et
1236 1178 1303 1210 fuit
1338 1177 1458 1209 efficax
1490 1176 1572 1208 inde
1603 1187 1713 1220 usque
1737 1175 1780 1208 ab
1806 1175 1910 1208 initio
1933 1175 1969 1207 in
1999 1172 2168 1209 Ecclesia.

1174 1227 1399 1262 Admirando
1428 1227 1576 1260 consilio
1605 1233 1748 1270 propter
1776 1239 1856 1259 eum
1882 1232 2045 1259 aeternus
2070 1233 2168 1268 pater

1174 1279 1303 1322 recepit
1330 1278 1446 1322 lapsos
1471 1278 1603 1322 primos
1630 1285 1810 1322 parentes,
1846 1284 1880 1311 et
1904 1289 2024 1310 vocem
2050 1275 2168 1309 Evan-

1174 1331 1254 1374 gelii
1277 1330 1429 1378 primam
1452 1329 1581 1369 edidit,
1610 1341 1688 1362 cum
1708 1329 1813 1373 primi
1834 1335 1993 1372 parentes
2010 1329 2168 1372 oppressi

1174 1389 1288 1415 essent
1320 1387 1453 1421 morte,
1496 1392 1560 1413 nec
1592 1387 1734 1424 possent
1764 1380 1860 1414 aliud
1890 1380 2058 1423 cogitare,
2100 1378 2167 1411 nisi

1175 1434 1244 1466 iam
1271 1445 1305 1466 se
1331 1433 1369 1464 in
1394 1439 1534 1465 aeterna
1558 1431 1611 1465 ira
1635 1443 1821 1465 mansuros
1846 1443 1929 1466 esse.
1983 1429 2052 1464 Hic
2074 1430 2169 1471 cogi-

1176 1491 1288 1518 temus
1309 1483 1423 1528 qualis
1443 1483 1564 1521 dolor,
1591 1495 1680 1526 qnae
1698 1483 1927 1526 cogitationes
1944 1481 2078 1515 fuerint
2095 1481 2169 1525 pri-

1177 1547 1316 1568 morum
1343 1541 1539 1579 parentum.
1596 1533 1671 1567 llos
1690 1534 1726 1566 in
1747 1541 1841 1568 tanta
1859 1533 2057 1574 moesticia,
2085 1544 2169 1576 pro-

1176 1593 1255 1630 pter
1286 1587 1417 1624 filium,
1453 1593 1616 1619 aeternus
1650 1592 1748 1629 pater
1771 1597 1892 1618 rursus
1913 1584 2041 1624 erexit,
2078 1581 2168 1617 hanc

1178 1637 1423 1670 liberationem
1451 1644 1482 1670 et
1507 1637 1660 1681 reliquas
1683 1637 1863 1669 mirandas
1879 1636 2106 1668 liberationes
2122 1636 2170 1668 si-

1177 1689 1318 1729 gnificat
1349 1687 1530 1731 Baptista,
1566 1699 1643 1720 cnm
1677 1688 1739 1721 ait:
1775 1687 1936 1720 Primum
1969 1698 2041 1719 esse
2074 1684 2170 1719 hunc

1151 1762 1152 1770 1
1177 1739 1382 1782 dominum,
1412 1738 1560 1777 scilicet,
1589 1746 1732 1782 propter
1754 1751 1858 1784 quem
1880 1737 2034 1771 Ecclesia
2061 1738 2168 1770 electa

1150 1792 1153 1815 ἶ
1177 1798 1246 1831 cst,
1275 1798 1307 1824 et
1323 1791 1488 1824 salvatur.

1544 1789 1581 1822 ld
1597 1790 1751 1823 declarat
1771 1789 1998 1835 sequentihus
2018 1789 2144 1823 verbis.

1228 1903 1286 1935 Ex
1303 1898 1533 1947 plenitudine
1554 1900 1629 1934 eius
1647 1912 1769 1934 omnes
1785 1900 1987 1946 accepimus
2004 1899 2168 1945 gratiam

1278 1964 1346 1998 pro
1359 1951 1501 1997 gralia.

1280 2029 1360 2062 Non
1392 2036 1528 2062 tantum
1561 2029 1735 2062 antecedit
1761 2028 1906 2062 caeteris
1930 2027 2097 2068 Messias,
2133 2035 2170 2061 ut

1178 2080 1296 2114 Moses
1322 2081 1524 2114 antecelluit
1546 2079 1720 2120 Samueli,
1749 2087 1808 2113 aut
1834 2080 1928 2117 aliis,
1957 2091 2071 2124 neque
2091 2086 2170 2112 tan-

1180 2140 1253 2166 tum
1274 2133 1375 2165 ‹locet
1395 2131 1542 2164 Messias
1560 2139 1732 2170 caeteros,
1761 2133 1818 2163 sed
1840 2138 1887 2163 est
1906 2131 2120 2174 propiciator
2139 2138 2171 2163 et

1177 2183 1395 2221 vivificator,
1424 2183 1550 2216 missus
1569 2190 1618 2216 est
1636 2190 1674 2217 ut
1692 2183 1736 2216 sit
1754 2182 1894 2214 victima
1908 2209 1917 2221 ,
1945 2189 1979 2214 et
1998 2189 2172 2214 mereatur

1177 2235 1281 2267 nobis
1308 2234 1646 2268 reconciliationem.
1704 2233 1789 2266 Item
1812 2239 1852 2265 nt
1878 2233 1921 2265 sit
1947 2233 2085 2271 efficax,
2113 2234 2171 2266 det

1177 2285 1351 2330 Spiritum
1381 2292 1540 2319 sanctum
1566 2286 1765 2318 incoantem
1793 2283 1829 2316 in
1854 2284 2081 2317 credentibus
2106 2297 2170 2316 no-

1176 2350 1254 2370 vam
1273 2337 1405 2377 lucem,
1434 2343 1466 2370 et
1482 2337 1588 2370 vitam
1605 2342 1802 2376 aeternam,
1827 2341 1860 2368 et
1876 2336 2057 2368 resuscitet
2073 2347 2171 2368 rnor—

1177 2395 1275 2426 tuos,
1302 2401 1340 2422 ac
1358 2389 1466 2422 donet
1486 2388 1593 2421 vitam
1613 2394 1803 2422 aeternam.
1857 2385 1959 2419 Hanc
1977 2394 2077 2419 vocat
2095 2387 2169 2431 ple-

1176 2440 1398 2479 nitudinem,
1434 2440 1468 2472 id
1495 2446 1560 2478 est,
1594 2438 1759 2471 meritum
1785 2437 2104 2479 reconciliationis,
2139 2446 2170 2471 et

1177 2491 1371 2535 potentiam
1397 2503 1455 2523 sen
1482 2489 1683 2524 efficaciam.
1736 2488 1789 2522 Ex
1818 2486 1884 2522 hoc
1904 2489 2030 2521 merito
2048 2496 2080 2522 et
2097 2489 2171 2522 effi-

1176 2543 1268 2575 cacia
1296 2553 1418 2575 omnes
1443 2540 1651 2584 accepimns.
1706 2540 1797 2574 Nota
1824 2548 1873 2574 est
1899 2540 1950 2572 vis
1978 2541 2172 2584 particulae

1176 2593 1387 2626 universalis
1426 2593 1462 2624 in
1503 2592 1723 2626 excludendo
1757 2592 1793 2624 in
1825 2589 1917 2624 hanc
1950 2592 2173 2627 sententiam.

1177 2642 1314 2678 Omnes
1332 2644 1393 2689 qui
1413 2643 1586 2676 iusticiam
1607 2651 1639 2677 et
1657 2644 1764 2676 vitam
1785 2649 1960 2676 aeternam
1980 2642 2172 2686 accipimus

1176 2696 1220 2729 ab
1244 2693 1312 2729 hoc
1335 2707 1407 2729 uno
1433 2695 1639 2739 accipimus,
1667 2707 1740 2728 non
1762 2695 1806 2728 ab
1822 2694 1903 2730 alio.
1956 2692 2173 2738 Complecti-
