2415 2942
322 125 394 160 287

325 224 342 245 a
363 212 440 245 Deo
459 210 600 242 missum
620 218 700 239 esse.
757 204 830 237 liae
847 205 1119 238 asseverationes
1136 206 1236 239 toties
1254 218 1308 239 re—

325 268 510 305 petuntur,
536 265 570 290 ut
589 258 634 300 pii
652 256 921 295 confirmentur,
949 262 982 288 et
1000 256 1127 289 certius
1143 263 1307 297 statuant,

325 323 403 343 vere
431 321 501 341 esse
527 306 616 340 banc
643 307 859 340 voluntatem
885 306 972 345 Dei,
1000 318 1105 350 quam
1131 308 1308 350 praedicat

323 359 502 399 Christus,
530 370 609 390 xere
632 358 758 400 recipi,
787 363 819 390 et
843 357 1000 389 exaudiri
1026 369 1043 388 a
1061 355 1156 398 Deo,
1183 370 1221 391 ac
1239 358 1306 391 sal-

323 422 384 443 νος
402 410 473 443 fieri
495 420 616 442 omnes
636 407 876 450 confugientes
892 408 933 440 ad
953 405 1146 443 Christum.

425 484 566 527 Quanto
585 483 692 515 animi
711 483 841 526 impetu
860 479 924 515 hae
943 494 1042 515 voces
1053 481 1308 515 effunduntur?
1332 488 1333 496 ¹

323 536 417 578 Quid
439 534 576 567 dicam?
610 534 693 578 qnid
713 533 860 578 loquar'.>
913 532 993 566 Scio
1012 534 1216 566 mandatum
1233 533 1307 565 eius

323 599 395 619 esse
421 586 527 619 vitam
555 593 741 617 aeternam.
806 582 880 616 llae
904 584 1130 630 repetitiones
1151 595 1305 616 amorem

323 649 401 680 erga
422 648 502 674 nos,
531 643 563 668 et
582 635 793 668 desiderium
812 642 950 667 nostrae
971 634 1103 674 salutis,
1130 641 1163 667 et
1179 635 1307 667 arden-

323 695 392 721 tem
423 688 508 719 iram
537 687 701 718 adversus
728 685 927 717 incredulos
951 684 1158 726 significant.
1225 684 1306 717 Non

322 739 421 777 veni,
446 744 484 770 ut
503 737 651 770 iudicem
672 736 860 773 mundum,
888 735 945 767 sed
964 742 1001 767 nt
1018 735 1152 767 salvum
1171 735 1307 775 faciam,

321 787 397 821 lloe
415 788 547 820 dictum
562 789 678 820 dextre
698 786 911 817 intellectum
930 797 1002 817 non
1017 785 1179 818 dissentit
1194 798 1211 817 a
1229 797 1306 818 cae-

321 840 404 871 teris
429 839 550 877 dictis,
583 849 671 880 quae
695 837 819 868 dicunt
842 833 1020 869 Christum
1046 835 1197 868 iudicem
1223 847 1304 868 esse.

321 889 388 922 llic
413 889 504 920 euim
531 895 561 920 et
588 888 623 919 in
651 886 825 918 similibus
851 886 937 918 locIs
964 886 1122 929 loquitur
1144 887 1186 918 de
1205 898 1305 919 causa

320 939 507 983 principali
533 938 703 971 adventus
730 937 858 980 ipsius,
888 944 920 969 et
943 937 985 968 de
1006 936 1118 979 primo
1139 937 1305 979 adventu,

320 1003 388 1034 quo
406 988 565 1022 (Thi-istus
585 988 621 1021 fit
639 987 789 1020 victima.
844 985 1055 1030 Principalis
1074 998 1194 1026 causa,
1221 999 1304 1030 pro-

321 1049 396 1083 pter
423 1052 526 1083 quam
551 1038 675 1070 missus
698 1044 748 1070 est
766 1035 949 1079 Christus,
978 1035 1062 1069 haec
1082 1044 1149 1075 est,
1178 1044 1215 1070 nt
1231 1037 1306 1081 pla-

319 1098 391 1123 cata
417 1090 466 1122 ira
492 1089 580 1127 Dei,
614 1100 674 1132 per
700 1088 812 1131 ipsum
838 1085 994 1120 Ecclesia
1021 1087 1095 1120 Deo
1119 1088 1156 1120 in
1181 1099 1305 1131 genere

320 1140 476 1174 humano
517 1139 718 1181 colligatur,
758 1138 813 1170 cni
858 1139 960 1170 detur
1003 1138 1142 1171 iusticia
1170 1145 1201 1172 et
1233 1139 1304 1171 vita

319 1199 469 1224 aeterna.
537 1189 581 1222 Et
615 1190 755 1234 quidem
784 1188 819 1220 in
849 1189 961 1231 primo
986 1189 1140 1220 adventu
1166 1195 1303 1221 tantum

318 1242 477 1283 fungitur
503 1241 618 1273 officio
645 1239 853 1279 sacerdotis,
891 1240 990 1272 docet
1016 1245 1045 1271 et
1073 1238 1176 1271 offert
1202 1250 1304 1271 suum

319 1292 545 1331 sacrificium,
574 1291 630 1323 sed
659 1290 693 1321 in
718 1291 872 1322 secundo
896 1291 1050 1322 adventu
1069 1290 1228 1322 ostendet
1246 1302 1304 1322 co-

319 1355 392 1375 ram
420 1349 491 1375 toto
520 1342 670 1380 mundo,
699 1352 733 1372 se
757 1340 857 1381 fungi
882 1340 985 1372 etiam
1003 1351 1148 1372 munere
1167 1339 1304 1374 iudicis.

319 1393 502 1426 Praeterea
528 1399 639 1425 totum
666 1401 775 1430 genus
801 1387 994 1422 humanum
1016 1391 1084 1422 iam
1102 1397 1202 1422 antea
1221 1402 1305 1422 con·
1328 1408 1330 1435 ³.
1356 1421 1414 1447 mr
1429 1410 1591 1446 Christus
1613 1410 1680 1446 hoc
1706 1419 1789 1458 typo
1807 1411 1999 1446 Ecclesiam
2019 1414 2062 1445 de
2080 1413 2266 1457 praecipua
2281 1413 2342 1445 ab·

319 1447 523 1476 ‹lemnatum
550 1449 618 1482 est,
653 1448 796 1485 propter
822 1440 955 1483 lapsum
984 1439 1100 1480 Adae,
1128 1448 1160 1473 et
1185 1453 1305 1484 pecca-

320 1502 412 1533 tum,
441 1495 533 1539 quod
560 1499 734 1535 grassatur
753 1491 788 1522 in
808 1497 878 1523 tota
897 1498 1020 1524 natura
1039 1488 1245 1530 hominum,
1274 1498 1305 1524 et
1329 1503 1330 1513 ¹

320 1554 466 1591 propter
499 1550 713 1576 contemtum
744 1541 806 1573 filii
838 1541 923 1579 Dei,
956 1547 994 1573 ut
1025 1553 1130 1585 supra
1160 1541 1304 1574 dicitur:

321 1597 392 1637 Qui
419 1607 490 1628 non
517 1594 646 1631 credit,
675 1593 743 1625 iam
762 1592 935 1624 iudicatus
955 1598 1015 1625 est.
1078 1591 1233 1624 Tantum
1253 1591 1306 1623 illi

321 1647 562 1689 excipiuntur,
601 1644 659 1688 qui
689 1644 838 1677 credunt
864 1641 1079 1685 Evangelio,
1122 1649 1156 1676 et
1182 1642 1307 1675 confu-

321 1697 420 1739 giunt
439 1698 479 1729 ad
497 1693 689 1729 Christum.

675 1835 812 1889 Caput
849 1835 966 1875 xm.

586 1925 678 1960 Anle
698 1925 838 1973 seslum
866 1921 1044 1959 Paschae.

428 2019 546 2053 Moses
564 2019 679 2050 incoat
694 2017 786 2049 diem
804 2028 821 2048 a
839 2028 992 2058 vespera,
1019 2022 1102 2049 tunc
1120 2015 1226 2057 igitur
1241 2015 1310 2047 ini-

324 2073 413 2106 tium
451 2071 517 2104 suit
557 2069 626 2101 diei
659 2067 924 2111 quartidecimi,
969 2079 1038 2111 quo
1074 2066 1168 2099 iuxta
1200 2066 1309 2108 legem

325 2135 453 2163 agnum
481 2117 678 2164 paschalem
703 2118 908 2150 manducari
933 2117 1109 2160 oportuit,
1137 2128 1245 2160 qnare
1268 2116 1310 2148 de

326 2174 430 2206 initio
448 2173 522 2205 eius
540 2171 609 2203 diei
628 2168 760 2212 inquit:
789 2168 882 2200 Ante
899 2168 1022 2201 festum
1033 2165 1224 2206 paschatis,
1251 2167 1310 2199 sed

328 2232 444 2257 tamen
465 2224 507 2254 ‹le
526 2235 564 2253 eo
583 2222 658 2263 ipso
677 2219 733 2251 die
752 2219 920 2262 loquitur.
973 2218 1060 2251 Nam
1077 2217 1310 2250 consideratio

329 2273 541 2307 narrationis
574 2272 610 2304 in
632 2270 727 2304 Luca
758 2269 912 2301 ostendit
941 2266 1121 2301 Christum
1151 2268 1226 2311 ipso
1256 2268 1311 2301 die

330 2324 614 2369 quartodecimo,
653 2321 742 2354 sicut
769 2319 885 2352 ludaei
925 2319 1016 2351 diem
1058 2320 1312 2356 describebant,

330 2383 363 2408 et
393 2378 620 2407 manducasse
647 2383 796 2418 agnum,
829 2377 861 2403 et
894 2370 1096 2402 crucifixum
1131 2381 1212 2404 esse.
1266 2369 1313 2403 Ut

330 2434 444 2458 autem
466 2424 610 2456 Ioannes
634 2423 669 2454 in
692 2429 762 2455 tota
788 2433 846 2454 sua
873 2418 1016 2453 historia
1035 2421 1195 2454 consulto
1214 2432 1312 2464 prae·

333 2477 413 2509 terit
439 2475 676 2513 narrationes,
707 2484 795 2516 quae
820 2478 937 2504 extant
963 2471 998 2503 in
1025 2471 1176 2503 aliorum
1193 2470 1313 2504 Evan-

333 2527 533 2569 gelistarum
567 2524 720 2569 scriptis,
758 2523 802 2555 ita
834 2520 891 2555 hic
916 2522 1045 2555 omittit
1072 2522 1314 2555 manducatio-

334 2589 414 2609 nem
446 2576 546 2617 agni,
581 2582 612 2607 et
644 2574 899 2606 institutionem
933 2584 1061 2605 coenae
1091 2573 1125 2604 in
1160 2572 1313 2606 Ecclesia

334 2628 542 2662 servandae,
570 2637 608 2657 ac
633 2631 769 2658 tantum
794 2624 913 2656 recitat
936 2623 1152 2656 ablutionem
1174 2625 1314 2668 pedum,

335 2686 366 2710 et
385 2677 603 2711 dulcissimas
623 2675 808 2708 conciones
827 2681 943 2718 postea
962 2671 1110 2709 hibitas.

905 120 1030 154 PlllL.
1058 119 1174 155 MEL.
1204 118 1411 156 SCRIPTA
1437 117 1735 154 EXEGETICA.

2246 114 2333 156 '288

1330 209 1336 237 l
1460 203 1598 248 Duplex
1629 210 1679 238 est
1712 210 1829 237 autem
1859 204 2064 248 significatio
2088 204 2124 238 in
2147 201 2212 238 hac
2239 204 2338 239 ablu-

1359 255 1455 289 tione
1487 256 1628 299 pedum.
1690 254 1869 296 Primum,
1903 262 2006 300 typus
2038 255 2211 298 significat
2242 255 2338 289 ablui

1359 313 1495 350 peccata
1526 313 1559 339 et
1589 311 1754 343 mortem,
1789 312 1822 339 et
1851 306 1951 338 reddi
1980 307 2082 339 nobis
2109 305 2281 339 iusticiam
2305 312 2338 340 et

1359 358 1464 390 vitam
1489 363 1663 389 aeternam
1682 368 1743 400 per
1758 353 1949 389 Christum.
2004 356 2044 389 lu
2061 354 2150 389 hanc
2166 355 2338 399 significa-

1358 408 1491 440 tionem
1524 407 1692 447 incurrit,
1726 419 1805 439 cum
1835 407 1901 440 ait:
1931 405 2006 440 Nisi
2037 407 2154 440 lavero
2181 413 2232 447 te,
2265 417 2338 439 non

1358 456 1504 490 habebis
1519 463 1652 501 partem
1670 469 1818 492 mecum.
1873 456 1974 490 Item:
2003 456 2074 499 Qui
2092 457 2183 490 lotus
2200 463 2249 490 est
2266 467 2338 489 non

1359 508 1510 550 indiget,
1538 507 1605 541 nisi
1627 515 1665 541 ut
1691 509 1796 550 pedes
1820 507 2000 546 laventur,
2028 509 2086 540 sed
2110 514 2160 540 est
2184 508 2338 540 mundus

1357 565 1460 591 totus.
1526 556 1623 590 Haec
1661 558 1752 591 dicta
1785 564 1872 592 tecte
1904 558 2101 600 significant
2132 557 2339 591 beneficium

1359 607 1492 642 Christi
1516 608 1718 651 proprium,
1746 609 1815 641 nisi
1838 609 1914 652 ipso
1933 609 2098 642 abluente
2113 620 2196 649 nos,
2222 608 2259 641 id
2277 614 2338 648 est,

1357 659 1424 691 nisi
1447 659 1519 702 ipse
1535 670 1597 691 suo
1615 659 1785 701 sanguine
1802 671 1865 692 nos
1883 660 2053 699 redimat,
2080 666 2112 692 et
2129 659 2198 692 nisi
2217 660 2340 691 creda-

1356 721 1434 742 mus
1460 721 1523 742 nos
1546 710 1719 742 redemtos
1743 709 1913 752 sanguine
1936 707 2088 749 Christi,
2115 721 2187 742 non
2210 709 2340 741 erimus

1357 757 1524 793 haeredes
1549 760 1640 793 vitae
1661 766 1835 792 aeternae.
1890 759 1985 793 Haec
2003 760 2175 792 sententia
2195 757 2250 792 hic
2267 770 2340 792 non

1357 810 1490 853 indiget
1515 810 1673 853 longiore
1698 810 1946 844 declaratione.
2009 808 2147 843 Deinde
2170 810 2245 842 sine
2269 809 2340 842 ulla

1356 861 1578 894 dubitatione
1607 862 1650 894 de
1682 860 1928 894 iustificatione
1960 860 2136 905 loquitur,
2172 872 2250 893 cum
2275 860 2339 893 ait:

1357 910 1427 953 Qui
1454 912 1546 944 lotus
1571 918 1638 952 est,
1668 923 1741 944 non
1766 911 1916 954 indiget,
1944 911 2013 944 nisi
2037 917 2075 944 ut
2094 911 2198 955 pedes
2221 911 2343 944 laven-¹

1356 968 1431 1002 tur,
1459 962 1494 994 id
1521 968 1588 1002 est,
1616 962 1675 1006 qui
1701 962 1812 996 iustus
1835 969 1884 996 est
1901 962 1967 994 fide
1985 968 2017 995 et
2032 961 2264 995 sanctificatus
2280 967 2342 1002 est,

1356 1018 1406 1044 est
1430 1012 1603 1051 munduS,
1631 1012 1666 1044 id
1694 1019 1762 1055 est,
1787 1012 1898 1056 placet
1915 1012 1987 1046 Deo
2006 1018 2119 1050 totus,
2147 1012 2205 1045 sed
2225 1018 2340 1045 tamen

1356 1062 1392 1094 in
1430 1059 1494 1094 hac
1526 1062 1596 1094 vita
1629 1062 1731 1104 pedes
1762 1063 1899 1096 assidue
1922 1062 2063 1095 lavandi
2087 1069 2188 1103 sunt,
2222 1061 2258 1094 id
2281 1068 2342 1102 est,

1357 1112 1519 1145 affectus:
1548 1118 1672 1145 natura
1696 1112 1833 1145 infirma
1859 1113 1896 1145 in
1914 1110 1979 1146 hac
1997 1113 2065 1146 vita
2085 1113 2196 1156 gignit
2214 1112 2342 1146 multos

1357 1169 1512 1194 errantes
1538 1162 1704 1203 affectus,
1731 1160 1794 1195 has
1816 1164 1935 1195 sordes
1958 1164 2095 1196 assidue
2121 1162 2217 1196 ablui
2236 1174 2342 1207 opor—

1356 1219 1415 1246 tet.
1481 1210 1528 1245 Et
1566 1219 1669 1244 notae
1705 1219 1787 1244 sunt
1818 1214 2143 1254 interpretationes,
2187 1215 2342 1253 credens,

1327 1296 1329 1299 r
1354 1263 1510 1295 mundus
1526 1269 1576 1294 est
1595 1268 1705 1301 totus,
1732 1261 1862 1295 scilicet
1879 1262 2125 1309 imputatione,
2149 1264 2207 1294 sed
2226 1263 2262 1294 in
2279 1260 2341 1296 hac

1357 1313 1428 1346 vita
1460 1313 1597 1345 incoata
1623 1319 1672 1345 est
1698 1312 1854 1353 novitas,
1889 1313 2048 1345 nondum
2077 1323 2221 1356 prorsus
2246 1323 2342 1344 com·

1354 1364 1458 1407 pleta.
1511 1362 1606 1395 Haec
1634 1363 1718 1395 alias
1739 1363 1878 1406 copiose
1901 1363 2077 1397 dicuntur.
2133 1361 2259 1395 Monet
2277 1361 2343 1403 igi-

1355 1464 1511 1501 lutione,
1539 1463 1573 1495 id
1594 1470 1660 1502 est,
1687 1464 1731 1496 de
1747 1464 1981 1503 redemtione,
2010 1475 2078 1508 qua
2095 1463 2265 1507 sanguine
2280 1473 2342 1496 suo

1357 1514 1555 1558 purificavit
1573 1512 1777 1549 Ecclesiam.

1461 1614 1529 1648 Sed
1557 1615 1664 1647 altera
1688 1614 1893 1657 significatio
1915 1622 1963 1649 est
1983 1614 2153 1658 exempli,
2179 1620 2217 1647 nt
2233 1614 2345 1646 disce-

1360 1666 1445 1698 dens
1475 1671 1591 1708 postea
1623 1665 1891 1708 diligentissime
1916 1665 2147 1698 concionatur
2171 1664 2214 1696 de
2238 1662 2345 1696 mini-

1361 1716 1466 1749 sterio
1500 1713 1684 1757 Evangelii
1722 1722 1754 1748 et
1793 1716 1835 1748 de
1871 1715 2115 1748 ministrorum
2152 1714 2245 1747 inter
2274 1725 2344 1747 sese.

1361 1766 1567 1804 concordia,
1596 1773 1627 1798 et
1652 1766 1793 1809 quidem
1823 1773 1898 1799 orat
1923 1766 2103 1799 aeternnm
2128 1772 2282 1810 patrem,
2309 1771 2346 1798 ut

1362 1814 1452 1850 hanc
1471 1817 1636 1849 concedat
1654 1813 1846 1855 Ecclesiae,
1874 1817 1920 1848 ita
1938 1814 1994 1847 hic
2010 1816 2214 1848 doctoribus
2230 1827 2345 1847 exem-

1362 1868 1459 1911 plum
1489 1866 1673 1910 proponit,
1709 1873 1746 1898 nt
1777 1866 1907 1908 singuli
1933 1877 2005 1897 sese
2029 1865 2120 1897 infra
2147 1863 2234 1898 alios
2257 1864 2347 1897 abii-

1363 1919 1473 1957 ciant,
1516 1924 1548 1950 et
1577 1917 1725 1950 aliorum
1758 1923 1868 1948 errata
1899 1927 2020 1948 sanare
2051 1916 2231 1955 studeant,
2272 1926 2346 1947 non

1364 1969 1581 2007 exulcerent,
1608 1979 1680 1999 non
1705 1967 1956 2000 obtrectatione
1976 1965 2126 1999 aliorum
2145 1977 2270 2008 augere
2283 1977 2346 2009 po-

1364 2069 1580 2101 occasionem
1629 2068 1716 2100 alios
1763 2066 2009 2100 deformandi*
2029 2074 2061 2100 et
2112 2066 2346 2111 opprimendi.

1364 2118 1433 2152 Sed
1460 2130 1538 2150 vera
1562 2118 1750 2151 dilectione
1775 2130 1809 2150 se
1831 2125 1952 2151 mutuo
1977 2128 2098 2150 omnes
2122 2119 2347 2157 admoneant,

1364 2171 1530 2207 doceant,
1565 2175 1687 2211 regant
1712 2168 1878 2209 consilio,
1912 2176 2028 2211 tegant
2053 2175 2177 2201 errata.
2237 2166 2348 2200 Deni-

1365 2232 1432 2265 que
1456 2219 1572 2252 absint
1594 2231 1738 2266 prorsus
1763 2219 1917 2263 privatae
1935 2220 2161 2262 cupiditates,
2190 2218 2348 2258 ambitio,

1364 2270 1633 2310 malevolentia,
1667 2270 1777 2307 livor,
1811 2270 1984 2313 cupiditas
2008 2269 2200 2309 vindictae,
2226 2277 2289 2303 etc.
2315 2276 2347 2302 et

1365 2333 1446 2354 vero
1480 2328 1618 2364 pectore
1652 2318 1717 2353 hoc
1750 2327 1885 2353 tantum
1915 2332 2077 2362 agamus,
2113 2327 2150 2354 ut
2181 2331 2347 2354 ornemus
2389 2348 2391 2356 s

1364 2372 1510 2415 gloriam
1527 2369 1659 2405 Christi
1678 2378 1710 2404 et
1730 2371 1904 2415 prosimus
1921 2369 2109 2406 Ecclesiae.
2204 2365 2208 2368 ⁵
2388 2367 2390 2370 ’

1467 2472 1608 2515 Quanta
1632 2472 1739 2505 suerit
1765 2472 1802 2505 in
1825 2470 1966 2506 Christo
1989 2472 2138 2505 abiectio
2160 2472 2233 2511 sui,
2267 2471 2350 2505 inde

1366 2523 1520 2558 aestima.
1570 2522 1642 2556 Nos
1660 2521 1880 2556 horribiliter
1893 2523 2164 2567 expavescimus,
2189 2522 2350 2566 cumipsi

1366 2579 1502 2607 nostras
1526 2575 1645 2607 sordes
1669 2574 1760 2606 serio
1785 2574 1992 2617 cogitamus,
2028 2585 2160 2618 nosque
2185 2573 2349 2617 indignos

1339 2657 1341 2661 .
1366 2626 1436 2658 vita
1465 2632 1496 2658 et
1519 2625 1595 2658 lnce
1617 2624 1788 2657 ducimus.
1840 2623 1899 2658 Sic
1923 2631 2037 2657 antem
2052 2622 2212 2657 Christus
2233 2636 2349 2657 coram

1336 2665 1342 2717 l
1368 2683 1508 2710 aeterno
1532 2682 1628 2721 patre
1649 2681 1842 2719 prostratus
1861 2674 2026 2708 sustinuit
2040 2686 2178 2708 sensum
2198 2675 2269 2708 irae
2285 2673 2349 2707 Dei

2273 2769 2285 2785 9

1364 2019 1506 2051 tentiam
1523 2024 1712 2057 conentur,
1740 2029 1810 2049 non
1829 2016 2053 2049 traducendis
2070 2016 2192 2049 erratis
2209 2021 2348 2060 captent
2397 2039 2399 2042 ι
