2415 2942
311 113 383 148 845

315 200 404 232 nint,
429 209 469 227 :vn
496 192 652 226 exaudi-it
680 188 858 227 homines,
886 186 994 222 habes
1018 195 1049 222 et
1068 189 1153 221 alias
1171 200 1291 221 erran-

666 240 758 274 Ilaec
785 247 834 273 cst
858 239 1029 273 sententia
1059 237 1163 273 huius
1189 239 1291 272 dicti:

316 298 346 332 E
371 299 446 328 dein
467 295 567 333 saris,
595 293 724 326 scilicet
742 290 970 324 interioribus
994 290 1103 323 animi
1129 290 1293 323 motibus.

316 348 407 390 Quia
427 346 646 378 molissimum
668 349 713 375 cst
742 341 949 385 principales
972 352 1091 374 causas
1116 341 1292 373 actionum

317 411 387 431 csse
413 403 582 433 uwntem,
611 394 825 426 voluntatem
844 400 873 425 et
890 390 971 427 Cor.
1022 391 1167 425 Accedit
1190 392 1295 434 igitur

318 448 516 480 conclusio:
547 444 654 487 Erga»,
683 455 759 476 cuin
787 443 904 474 eadem
924 442 1048 479 facias,
1077 442 1294 474 inexcusabi-

318 501 359 531 lis
377 511 409 530 cs
427 497 585 540 quisquis
605 496 754 531 iudicas,
785 494 817 526 id
839 500 906 532 est,
933 493 1020 525 alios
1045 494 1208 532 damnaS,
1236 504 1291 524 ex-

319 551 426 581 ternis
449 547 582 579 delictis
603 544 869 583 contaminatos,
898 542 949 576 Te
969 556 1039 576 uon
1061 545 1216 583 damnas,
1236 541 1293 587 qni

319 599 466 632 siinilein
487 595 590 629 hebes
609 595 809 627 interiorem
828 594 1044 636 praxitatem.

421 648 547 692 listque
567 646 648 678 baec
665 644 841 677 conclusio
859 644 1029 676 accusatio
1045 642 1201 675 omnium
1213 668 1222 681 ‚
1238 640 1296 684 qni

320 713 354 733 se
382 706 521 742 propter
557 697 674 729 cixiles
702 706 815 727 niort-s
845 694 1061 726 arbitrantur
1095 693 1203 724 iustos
1228 702 1298 723 esse

322 763 435 783 curaui
459 749 547 787 Deo,
577 759 651 778 cum
679 746 808 787 sciant,
836 751 967 776 mentes
993 744 1112 787 plenas
1137 753 1207 775 esse
1233 742 1298 773 du·

323 801 531 833 minimuum
560 804 587 828 et
618 807 794 834 errorum,
831 801 864 827 et
887 794 992 826 corda
1020 792 1141 826 multis
1166 791 1300 825 vitiosis

323 849 572 893 cupiditatibus
588 847 719 878 ardere.

425 898 530 931 Addit
558 903 670 929 antem
696 895 824 928 Paulus
849 894 1165 927 confirmationem:
1203 891 1301 925 Indi-

324 952 414 982 cium
435 948 496 981 Dei
515 948 705 979 secundnm
726 946 905 977 veritatem
924 951 990 984 est,
1019 945 1052 976 id
1076 951 1144 984 est,
1174 943 1303 976 iudicat

324 1014 394 1033 uon
413 1000 523 1032 solum
542 1005 717 1029 externam
735 997 893 1028 umbram
911 996 1101 1034 actionum,
1127 995 1183 1027 sed
1205 1005 1304 1026 men-

324 1060 373 1084 tvs
393 1059 421 1083 vt
445 1051 574 1082 fontem
595 1048 783 1080 aitionuui.
821 1046 856 1079 Si
875 1046 909 1077 in
930 1045 1105 1078 mentibus
1123 1057 1195 1077 non
1214 1044 1306 1077 lucet

327 1114 404 1133 vera
423 1102 462 1131 de
483 1099 556 1132 Deo
581 1097 771 1135 sententia,
799 1097 825 1128 si
855 1096 1050 1128 voluntates
1071 1107 1209 1128 aversae
1225 1100 1306 1127 sunt

326 1166 342 1184 μ
369 1152 461 1183 Deo.
499 1157 527 1181 et
555 1160 626 1181 sese
652 1148 728 1190 plns
753 1154 888 1186 amant,
923 1159 1025 1191 quani
1049 1145 1180 1185 Deum,
1215 1151 1306 1177 certe

327 1216 400 1234 nnn
432 1202 671 1242 obtemperant
693 1198 756 1240 legi
778 1197 867 1237 Dei,
894 1209 982 1241 qnae
1005 1197 1137 1240 inquit:
1175 1195 1307 1238 Diliges

329 1253 521 1286 Dominum
541 1250 653 1283 Deum
677 1255 775 1282 tunm
794 1260 832 1280 ex
850 1254 922 1280 toto
939 1248 1042 1280 corde
1059 1253 1122 1282 etc.

316 259 363 281 te>
391 245 604 288 cupiditates.

556 1328 769 1363 E.1·islimas
786 1333 904 1362 autem
923 1340 942 1361 ο
957 1325 1075 1361 homo.

433 1391 615 1431 Interte'xit
641 1398 778 1429 brevem
805 1393 1104 1436 adhortationem,
1140 1407 1207 1439 qua
1233 1407 1308 1428 orn—

331 1463 392 1485 nes
411 1456 508 1482 vocat
527 1450 566 1481 ad
589 1447 858 1491 poenitentiam,
884 1458 922 1478 ac
949 1447 1066 1485 docet,
1093 1458 1199 1490 quare
1216 1445 1310 1479 Deus

331 1502 467 1535 disserat
489 1510 635 1542 poenas,
663 1497 842 1536 videlicet,
870 1503 907 1528 ut
927 1497 1075 1538 spatium
1098 1497 1200 1529 nobis
1226 1509 1310 1529 con-

332 1554 429 1585 cedat
456 1552 496 1582 ad
524 1548 797 1581 conversionem.
850 1545 1009 1588 Singuli,
1037 1546 1072 1577 in
1101 1558 1310 1591 quocunque

334 1604 452 1646 lapsu,
480 1600 528 1632 rei
551 1600 639 1631 fiunt
658 1598 780 1630 mortis
801 1605 977 1636 aeternae,
1006 1602 1036 1629 ct
1063 1597 1150 1628 inste
1173 1603 1311 1639 possent

333 1666 349 1685 a
376 1651 450 1685 Deo
475 1649 637 1683 interfici:
672 1649 729 1680 sed
757 1648 925 1679 immensa
950 1647 1087 1679 bonitas
1111 1645 1209 1693 Dei,¹
1231 1647 1311 1692 quia

334 1715 405 1736 nnn
422 1702 492 1733 vult
511 1707 621 1732 totum
648 1709 754 1741 genus
773 1696 966 1730 humanum
993 1697 1125 1740 perire,
1153 1697 1312 1730 concedit

334 1754 483 1796 spatium
510 1751 661 1788 miseris,
687 1755 725 1781 ut
741 1749 777 1780 in
796 1748 886 1780 viam
906 1748 1068 1784 redeant,
1096 1747 1190 1780 iuxta
1207 1748 1311 1780 illud:

337 1804 426 1835 &ivo
448 1814 528 1845 ego,
557 1801 640 1833 dicit
658 1799 849 1838 Dominus,
877 1798 960 1830 nolo
986 1806 1131 1830 mortem
1157 1805 1311 1841 peccato-

335 1855 383 1887 ris
401 1860 462 1886 ete.
516 1850 594 1884 Huc
611 1850 761 1894 pertinet
777 1848 941 1892 parabola
960 1849 1001 1880 de
1017 1848 1095 1887 ficu,
1123 1847 1237 1881 Lucae
1260 1848 1312 1882 13.

336 1904 537 1938 Dolendum
559 1908 607 1934 est
625 1907 758 1938 autem,
781 1906 850 1932 tam
875 1905 996 1932 tetram
1019 1898 1223 1942 pravitatem
1244 1910 1313 1931 esse

337 1953 511 1988 humanae
534 1959 699 1989 naturae,
739 1957 777 1983 ut
799 1947 882 1982 haec
909 1949 981 1991 ipsa
1008 1961 1126 1989 mora,
1162 1961 1224 1993 pro
1248 1961 1314 1994 qua

338 2005 466 2047 gratias
483 2014 581 2045 agere
602 2002 765 2038 debebat,
793 2000 971 2032 confirmet
997 2000 1226 2043 multiplicem
1249 2000 1315 2032 im-

340 2057 511 2099 pietatem.
565 2051 693 2085 Levius
711 2051 803 2082 euim
825 2057 947 2082 curant
967 2048 1126 2082 homines
1145 2050 1314 2083 indicium

338 2106 423 2146 Dei,
451 2109 631 2147 propterea
652 2103 742 2145 quod
763 2112 893 2143 poenae
909 2100 1128 2139 differentur,
1157 2101 1216 2132 etsi
1235 2098 1316 2132 baec

341 2158 413 2200 ipsa
440 2166 536 2187 mora
567 2153 666 2185 valde
692 2151 807 2183 brevis
833 2160 891 2185 est.
946 2149 1091 2192 Insuper
1113 2151 1219 2193 igitur
1245 2162 1316 2183 sce-

342 2208 409 2240 lera
430 2204 618 2238 sceleribus
643 2203 832 2235 adduntur.
886 2200 986 2233 Hanc
1013 2201 1241 2244 perniciosam
1267 2212 1316 2233 se-

342 2257 521 2290 curitatem
540 2253 669 2286 Paulus
695 2252 791 2285 brevi
813 2251 953 2296 quidem
981 2251 1090 2289 dicto,
1119 2253 1177 2283 sed
1203 2258 1318 2284 tamen

343 2307 518 2340 atrocibus
543 2304 658 2337 verbis
681 2309 836 2342 accusat,
862 2301 947 2334 dicit
978 2298 1138 2334 homines
1163 2308 1318 2335 contem-

344 2369 424 2389 nere
440 2356 631 2388 honitatem
647 2360 680 2387 et
697 2352 918 2387 tolerantiam
935 2350 1014 2387 Dei.
1050 2351 1149 2394 Item,
1175 2352 1242 2386 sibi
1260 2364 1319 2385 cu-

344 2408 478 2440 mulare
503 2406 603 2438 iram.

482 2484 623 2521 Reddet
641 2484 832 2532 unicuique
851 2485 959 2518 iuxta
977 2496 1084 2532 opera
1109 2497 1189 2520 sua.

444 2553 702 2598 Relinquamus
733 2564 854 2585 omnes
892 2552 1090 2596 praestigias
1128 2550 1322 2597 sophisma-

347 2616 438 2645 tum,
467 2612 500 2638 et
518 2614 743 2647 agnoscamus
759 2600 900 2646 phrasin
921 2603 1018 2646 legiS.
1079 2602 1217 2637 Reddet
1241 2603 1322 2636 uni-

348 2659 472 2702 cuique
488 2656 580 2688 iuxta
599 2665 702 2698 opera
718 2664 790 2693 sua,
809 2653 843 2686 id
860 2660 919 2696 est,
940 2654 1088 2688 iniustos
1105 2654 1229 2688 afficiet
1241 2666 1321 2699 poe-

892 102 1017 138 PlllL.
1045 101 1160 138 MEL.
1191 101 1399 137 SCRIPTA
1423 98 1720 139 EXEGETICA.

1315 188 1318 206 l

2245 105 2317 140 844

1345 199 1408 227 na,
1445 187 1545 221 iustis
1571 187 1668 220 dabit
1690 188 1792 223 bona.
1856 187 1908 222 De
1932 190 2071 224 iniustis
2097 190 2319 224 manifestum

1345 245 1411 278 est,
1446 238 1565 271 deberi
1591 250 1717 282 poenas
1747 251 1809 283 pro
1837 238 1992 282 ipsorum
2022 241 2139 282 factis,
2180 248 2212 275 et
2239 253 2321 285 pro—

1345 296 1420 333 pter
1437 289 1591 332 ipsorum
1610 289 1707 324 sacta.
1760 288 1812 323 De
1831 289 1930 323 iustis
1947 302 1985 323 ex
2001 289 2192 334 Evangelio
2210 293 2324 325 scieu-

1347 341 1430 372 dnm
1462 347 1532 380 est,
1567 341 1746 384 quomodo
1779 340 1849 372 sint
1882 340 1973 372 insti.
2048 340 2092 375 Et
2114 354 2191 375 cum
2218 343 2322 375 fidem

1351 396 1534 434 opporteat
1555 402 1626 423 esse
1650 391 1686 422 in
1713 391 1834 431 nobis,
1861 390 1948 423 sicut
1964 387 2192 433 Evangelium
2214 395 2326 434 docet,

1355 438 1437 473 baec
1463 441 1534 484 ipsa
1559 441 1690 474 mentio
1716 441 1815 481 fidei,
1849 453 1936 485 quae
1962 441 2088 474 nititur
2110 453 2181 473 nnn
2206 450 2324 475 nostra

1349 491 1517 533 dignitate
1534 516 1542 529 ,
1591 493 1651 524 sed
1690 492 1930 524 misericordia
1972 491 2140 534 promissa
2182 498 2325 536 propter

1350 542 1596 581 mediatorem,
1624 542 1797 580 ostendit,
1826 542 1900 574 dari
1920 541 2024 574 vitam
2046 549 2220 574 aeternam
2245 554 2330 586 pro-

1350 599 1425 634 pter
1450 592 1561 625 filium
1588 592 1668 627 Dei.
1722 591 1765 625 Et
1790 599 1904 624 tamen
1931 591 2011 636 quia
2034 592 2117 624 fides
2141 592 2251 625 virtus
2279 598 2329 625 est

1351 642 1387 674 in
1414 643 1534 682 nobis,
1569 643 1622 675 lex
1647 654 1710 676 suo
1737 655 1832 675 more
1856 649 2022 687 tanquam
2046 645 2087 675 de
2113 649 2230 676 nostra
2257 642 2329 675 vir-

1351 699 1423 725 tute
1447 692 1614 737 loquitur.

1362 773 1450 810 Non
1466 781 1514 809 est
1532 775 1624 808 enim
1644 775 1799 820 acceptio
1814 787 2052 822 personarum
2070 773 2175 822 apud
2185 774 2320 812 Deum.

1456 843 1501 877 Ut
1518 841 1583 875 hoc
1602 844 1677 875 loco
1696 844 1736 875 ad
1750 842 1931 876 Romanos
1948 843 2222 888 inquitPaulus:
2252 843 2330 877 Non

1354 901 1401 927 est
1427 894 1580 937 acceptio
1614 905 1841 937 personarum
1868 896 1958 937 apud
1989 893 2123 928 Deum:
2164 894 2210 927 ita
2240 901 2272 927 et
2297 894 2332 926 in

1355 944 1453 978 Actis
1480 944 1588 986 capite
1611 944 1666 978 10.
1694 944 1861 987 scriptum
1888 951 1956 977 est:
1987 943 2065 976 Non
2089 951 2138 977 est
2165 956 2334 988 personae

1356 1000 1516 1037 acceptor
1533 993 1638 1028 Deus.
1691 992 1738 1026 Et
1764 994 1847 1026 alibi
1872 1004 1972 1037 saepe
1997 995 2165 1038 repetitur
2188 992 2255 1027 hoc
2280 995 2334 1027 di-

1357 1053 1471 1082 ctum,
1506 1051 1544 1077 ut
1569 1043 1692 1077 Esaiae
1718 1043 1777 1077 42.
1815 1044 1857 1076 de
1886 1043 2033 1078 Messia:
2078 1044 2158 1077 Non
2188 1045 2334 1088 accipite

1358 1106 1540 1139 personam
1563 1101 1626 1127 etc.
1681 1094 1861 1137 Significat
1880 1101 1993 1127 autern
2011 1095 2237 1138 generaliter,
2263 1107 2336 1127 nou

1358 1146 1512 1189 accipere
1539 1156 1741 1188 personam,
1777 1146 1890 1177 facere
1918 1144 2087 1178 iudicium
2112 1146 2154 1177 de
2179 1157 2233 1186 re,
2260 1146 2336 1178 sine

1358 1196 1563 1229 discrimine
1587 1195 1841 1234 accidentium,
1877 1207 1964 1239 quae
1990 1206 2008 1227 a
2032 1207 2068 1227 re
2097 1195 2208 1228 aliena
2242 1203 2336 1230 sunt.

1362 1246 1407 1280 Ut
1419 1246 1620 1290 Torquatus
1631 1247 1672 1279 de
1687 1246 1759 1278 sola
1777 1257 1813 1278 re
1828 1245 1956 1278 iudicat
1968 1247 2206 1278 condemnans
2215 1246 2338 1287 filium,

1362 1309 1423 1329 nec
1440 1297 1560 1329 obruit
1578 1309 1648 1329 rem
1670 1302 1811 1340 propter
1833 1295 2087 1339 cognationem.

1457 1345 1589 1379 Usitate
1607 1346 1816 1379 describitur
1833 1346 1985 1389 acceptio
2004 1357 2250 1389 personarum:
2277 1344 2342 1380 Est

1365 1398 1447 1430 dare
1464 1397 1619 1440 aequalia
1638 1396 1897 1440 inaequalibus,
1927 1396 1981 1427 vel
1998 1396 2193 1440 inaequalia
2213 1408 2339 1441 aequa-

1363 1448 1466 1481 libus,
1519 1445 1646 1479 Oritur
1670 1454 1784 1479 autem
1811 1446 2000 1486 sententia,
2036 1445 2226 1489 prohibens
2252 1458 2340 1490 προ-

1364 1495 1623 1542 σωποληψίαν,
1650 1509 1689 1529 ex
1714 1497 1870 1530 fontibus
1896 1496 2064 1530 iusticiae.
2131 1496 2267 1529 lusticia
2291 1503 2340 1530 est

1363 1547 1571 1592 aequalitas,
1594 1548 1651 1579 sed
1673 1547 1832 1579 ordinata
1849 1547 2039 1579 secundum
2056 1558 2254 1579 mensuram
2276 1547 2342 1579 ali-

1365 1609 1480 1642 quam.
1535 1596 1581 1630 Ut
1601 1597 1706 1629 Index
1724 1604 1805 1629 tunc
1823 1603 1873 1629 est
1897 1597 2022 1636 iustus,
2049 1608 2127 1628 cum
2152 1597 2343 1640 aequaliter

1365 1659 1562 1680 mensuram
1580 1653 1710 1686 servat,
1738 1647 1840 1689 punit
1858 1653 1985 1686 sontes,
2013 1653 2045 1679 et
2062 1646 2220 1680 defendit
2237 1646 2342 1680 inno-

1365 1705 1500 1737 centes,
1529 1709 1590 1729 nec
1613 1697 1761 1730 discedit
1785 1710 1803 1730 a
1830 1708 1993 1730 mensura
2012 1704 2155 1741 propter
2171 1697 2236 1729 alia
2254 1697 2345 1730 acci-

1366 1747 1483 1780 dentia
1500 1748 1534 1779 in
1554 1745 1770 1781 hominibus.
1822 1746 1869 1780 Et
1888 1755 2007 1780 contra
2027 1745 2117 1780 hanc
2140 1759 2341 1781 mensuram

1366 1800 1498 1838 facere,
1534 1798 1761 1843 inaequalitas
1784 1805 1851 1839 est,
1886 1809 1975 1842 quae
2003 1804 2052 1831 est
2083 1797 2211 1831 iniusta
2232 1804 2347 1844 et,ty-

1367 1861 1497 1882 raonis.

1470 1898 1552 1932 Ideo
1577 1911 1655 1931 cum
1680 1899 1826 1931 dicitnr:
1856 1897 1959 1941 Apud
1985 1896 2098 1931 Deum
2124 1910 2196 1931 non
2221 1904 2269 1931 est
2291 1910 2347 1931 ac-

1368 1949 1481 1993 ceptio
1507 1960 1756 1992 personarum,
1791 1949 1960 1982 tribuitur
1982 1949 2012 1981 ei
2036 1949 2111 1981 laus
2135 1948 2291 1983 iusticiae
2316 1957 2351 1982 et

1368 1999 1605 2045 aequalitatis,
1634 1999 1732 2032 cuins
1750 1997 1831 2032 baec
1851 2010 2012 2032 mensura
2031 2005 2093 2032 est.
2158 1998 2350 2033 Universa-

1372 2051 1452 2083 liter
1470 2049 1630 2083 israeitnr
1646 2048 1740 2082 Deus
1755 2057 1893 2093 peccato
1912 2050 1946 2081 in
1965 2047 2125 2090 bomine,
2152 2056 2185 2083 et
2207 2049 2351 2083 univer-

1369 2101 1488 2134 saliter
1504 2100 1626 2143 accipit
1645 2112 1766 2133 omnes
1783 2101 1825 2132 ad
1844 2100 2069 2132 mediatorem
2094 2100 2347 2143 confugientes.

1370 2150 1471 2184 Hanc
1501 2162 1700 2183 mensuram
1727 2162 1789 2183 suo
1823 2150 2079 2193 sapientissimo
2103 2157 2137 2184 et
2158 2149 2346 2183 iustissimo

1372 2201 1518 2234 consilio
1542 2202 1673 2240 sanxit,
1700 2207 1732 2234 et
1757 2201 1831 2234 vult
1856 2201 2035 2234 immotam
2060 2212 2142 2235 esse.
2207 2199 2259 2232 Ac
2281 2199 2347 2231 fin-

1372 2263 1470 2294 gere,
1495 2252 1588 2296 quod
1607 2263 1678 2284 non
1695 2258 1804 2284 servet
1820 2249 1910 2284 hanc
1929 2251 2190 2295 aequalitatem,
2217 2254 2267 2282 est
2282 2248 2348 2281 tri-

1373 2304 1479 2336 buere
1497 2302 1526 2335 ei
1544 2299 1870 2348 προσωποληψίαν.
1924 2300 2005 2334 Ideo
2022 2307 2054 2333 et
2070 2299 2199 2333 Paulus
2216 2299 2348 2344 inquit:

1374 2351 1466 2386 Dens
1497 2353 1573 2386 vult
1605 2365 1725 2386 omnes
1760 2351 1919 2385 homines
1950 2351 2062 2384 salvos
2093 2349 2187 2390 fieri,
2221 2349 2257 2382 id
2288 2355 2349 2390 est,

1376 2403 1530 2447 aequalis
1554 2410 1603 2437 est
1627 2403 1808 2442 omnibus,
1836 2403 1929 2435 iuxta
1951 2412 2148 2434 mensuram
2168 2411 2271 2445 quarn
2295 2399 2350 2432 in-

1374 2454 1500 2488 stituit.
1566 2451 1611 2487 Et
1638 2454 1731 2498 quod
1765 2453 1806 2484 ad
1834 2451 1942 2496 ipsius
1967 2451 2183 2484 voluntatem
2215 2450 2350 2488 attinet,

1375 2504 1451 2537 vult
1474 2499 1640 2537 Omnes
1673 2501 1834 2536 homines
1858 2501 1970 2534 salvos
1994 2501 2125 2541 facere,
2165 2502 2223 2534 sed
2247 2501 2350 2535 multi

1376 2566 1436 2588 sua
1461 2554 1562 2598 culpa
1581 2554 1737 2587 oblatum
1757 2552 1961 2585 beneficium
1977 2564 2049 2584 non
2068 2551 2244 2595 accipiunt
2261 2557 2324 2586 etc.

1478 2604 1573 2638 Haec
1593 2611 1640 2637 est
1656 2614 1780 2645 magna
1798 2609 1830 2636 et
1846 2603 2035 2635 necessaria
2052 2602 2254 2640 consolatio,
2272 2602 2352 2646 qnia

1347 2685 1349 2689 .
1379 2656 1414 2689 in
1434 2656 1592 2689 omnium
1612 2652 1796 2687 hominum
1820 2653 1999 2686 mentibus
2025 2664 2148 2697 magna
2174 2659 2223 2685 est
2246 2651 2352 2696 trepi-
