2415 2942
64 122 138 161 177

438 122 521 161 XIL
575 120 876 160 ENARRATIO
911 122 962 158 IN
998 121 1181 160 EVANG.
1219 121 1433 161 IOANNIS.
1486 124 1589 163 CAP.
1621 127 1720 164 Vlll.

2030 132 2101 168 178

63 210 282 246 Accenditur
302 221 396 244 nova
422 210 504 251 lux,
530 217 564 245 et
591 217 738 254 augetur
759 209 892 252 agnitio
919 209 1056 242 miseri·
1082 206 1085 239 l
1111 210 1221 244 sciant
1241 211 1439 244 doctrinam
1460 213 1640 245 coelestem
1659 215 1822 248 traditam
1842 227 1859 249 a
1880 213 2023 251 Christo
2041 218 2098 251 in-

84 263 208 296 ordiae
232 268 265 295 et
294 261 543 295 beneficiorum
561 261 648 302 Dei,
675 260 797 294 crescit
821 266 854 293 et
877 267 1057 293 exercetur
1081 249 1083 267 ⁴
1109 266 1162 292 ter
1192 259 1276 294 haec
1303 263 1493 296 certamina
1518 265 1626 307 magis
1653 266 1863 309 elucescere,
1899 275 1931 302 et
1956 281 2097 302 manere

64 315 149 347 fides
165 313 203 346 in
221 313 455 352 invocatione,
482 313 518 345 in
537 311 774 350 confessione,
801 317 834 344 et
851 311 1052 343 obedientia

63 365 100 398 in
118 376 219 398 cruce
237 371 269 397 et
288 363 561 403 afflictionibus,
589 370 719 396 etcum
737 362 805 394 fide
823 361 928 394 simul
947 361 1052 393 etiam

64 415 223 456 dilectio,
251 422 283 448 et
301 421 455 448 caeterae
475 414 620 447 virtutes
639 413 803 446 existunt.
859 410 909 444 lta
928 411 996 444 iam
1015 412 1052 443 in

63 463 119 499 his
144 466 306 502 incoatur
328 465 402 504 Iex,
428 465 487 497 sed
512 464 652 497 interim
676 463 744 495 fide
767 468 926 495 statuunt
943 474 978 494 se
997 462 1052 494 iu-

65 525 134 551 stos
158 515 406 560 pronunciari,
434 521 466 548 et
490 521 583 547 certo
606 525 678 546 esse
700 510 867 546 haeredes
887 513 977 545 vitae
995 525 1051 545 ae-

65 575 206 607 ternae,
240 578 313 598 non
346 572 488 609 propter
516 562 576 597 has
605 564 760 597 incoatas
792 564 957 604 virtutes,
992 565 1050 596 sed

65 625 206 663 propter
222 611 432 654 Christum,
460 615 542 662 quia
568 612 633 647 hae
658 615 805 648 virtutes
828 612 944 647 adhuc
967 626 1049 658 pro-

64 669 120 701 cul
138 668 266 700 absunt
284 667 327 699 ab
346 663 409 699 hac
427 666 661 709 perfectione,
687 677 793 710 quam
814 665 867 697 lex
883 665 1049 709 requirit:

63 717 148 752 haec
179 724 315 751 tantum
348 717 435 750 fiunt
460 716 657 749 ministerio
680 715 886 759 Evangelii,
920 723 953 748 et
977 716 1050 748 effi-

63 769 155 802 cacia
179 780 238 801 seu
254 769 409 812 potentia
428 765 534 800 huius
552 767 702 800 Messiae
720 767 781 799 filii
800 766 877 801 Dei.
931 765 1051 809 Quare

62 818 120 853 hic
141 819 236 852 solus
258 825 305 852 est
327 819 386 851 lux
405 818 549 856 mundi,
577 830 657 852 vere
675 818 827 850 efficiens
846 818 881 850 in
901 818 1049 849 creden-

62 871 156 903 tibus
179 881 305 902 novam
333 869 464 909 lucem,
491 881 579 913 quae
602 869 727 901 liberat
753 876 886 901 mentes
908 880 925 899 a
944 868 1048 900 dubi-

63 921 195 955 tatione
224 927 257 954 et
287 920 501 957 terroribus,
537 927 570 953 et
602 919 804 952 consolatur
832 931 870 952 ac
898 919 1050 952 viviticat

62 972 187 1012 corda,
213 978 252 1003 ut
275 983 355 1003 vere
380 971 540 1004 incoetur
564 970 600 1002 iu
626 971 711 1014 ipsis
729 977 893 1013 perpetua
912 969 1048 1002 iusticia

62 1029 96 1056 et
119 1022 200 1054 vita.
255 1020 400 1055 Refutat
423 1032 504 1064 ergo
522 1018 682 1055 Christus
708 1018 773 1053 hoc
795 1021 888 1053 dicto
907 1020 1047 1064 opinio-

61 1085 141 1106 nem
170 1070 401 1116 pharisaicam
427 1073 469 1104 de
494 1072 568 1114 lege
591 1078 625 1104 et
649 1071 784 1105 iusticia
810 1071 913 1112 legis,
948 1072 1049 1104 docet

61 1124 147 1157 citra
162 1123 378 1166 agnitionem
395 1121 580 1165 Evangelii
597 1128 708 1155 totum
726 1133 835 1163 genus
854 1119 1046 1154 humanum

62 1175 173 1208 iacere
213 1185 418 1217 oppressum
456 1173 606 1206 aeternis
641 1173 814 1211 tenebris,
859 1172 935 1205 sine
966 1184 1048 1205 vera

61 1224 241 1268 agnitione
271 1223 357 1263 Dei,
401 1224 476 1256 sine
509 1223 768 1261 consolatione,
811 1235 873 1255 nec
905 1223 1046 1255 liberari

64 1275 133 1308 nisi
156 1274 334 1317 agnitione
350 1271 457 1306 huius
475 1273 645 1314 messiae,
672 1274 715 1305 de
733 1285 802 1318 quo
820 1274 932 1306 editae
950 1281 1048 1306 erant

64 1325 333 1370 promissiones,
367 1325 462 1369 quod
494 1331 582 1357 esset
610 1324 780 1357 allaturus
811 1336 943 1356 novum
970 1336 1048 1356 ver-

61 1378 166 1420 bum,
194 1382 227 1408 et
251 1387 313 1418 per
336 1374 423 1407 illud
449 1375 588 1407 futurus
607 1375 744 1413 efficax,
772 1375 919 1407 daturus
933 1374 1050 1418 Spiri-

61 1435 135 1461 tum
154 1431 311 1459 sanctum
324 1451 333 1465 ,
360 1437 488 1458 novam
504 1425 617 1457 lucem
635 1437 673 1458 ac
688 1425 814 1465 vitam,
842 1426 930 1458 sicut
948 1437 1048 1468 saepe

61 1474 259 1521 Prophetae
289 1473 354 1509 hac
381 1476 454 1519 ipsa
479 1487 563 1508 voce
586 1476 674 1509 lucis
699 1477 741 1508 de
764 1487 871 1519 regno
899 1475 1048 1508 Messiae

62 1535 232 1568 utuntur,
259 1533 291 1560 et
314 1526 511 1570 significant
528 1524 708 1560 Christum
736 1539 829 1560 novo
851 1526 1047 1560 ministerio

62 1579 158 1612 vocis
180 1578 336 1611 coelestis
359 1578 434 1610 fore
457 1578 649 1617 efficacem,
676 1583 713 1610 ut
737 1578 933 1610 liberentur
948 1590 1048 1610 men-

64 1637 114 1664 tes
138 1642 156 1662 a
181 1628 329 1671 caligine
356 1635 388 1662 et
410 1628 581 1668 tenebris,
609 1626 675 1660 hoc
694 1635 761 1668 est,
789 1641 806 1660 a
828 1629 1049 1662 dubitatione

64 1688 97 1714 et
112 1679 373 1722 desperatione,
401 1691 418 1711 a
435 1691 502 1723 qua
520 1690 593 1711 non
613 1686 757 1722 possunt
777 1680 919 1712 liberari
938 1680 1022 1721 lege.

168 1729 264 1761 Haec
288 1729 454 1761 beneficia
471 1726 631 1762 Christus
655 1729 824 1771 significat
851 1742 923 1762 sese
948 1731 1051 1762 nobis

66 1780 258 1825 applicare,
291 1786 323 1811 et
347 1778 456 1821 accipi
479 1779 565 1818 fide,
599 1790 678 1811 cum
704 1780 766 1812 ait:
796 1778 867 1821 Qui
895 1781 1052 1824 sequitur

67 1844 133 1866 me,
184 1829 274 1863 Nam
298 1830 384 1862 sicut
407 1829 467 1862 lux
492 1829 638 1865 dicitur,
666 1841 738 1861 non
758 1830 839 1874 quia
858 1837 992 1862 tantum
1009 1832 1052 1863 sit

66 1883 204 1921 doctor,
232 1881 291 1913 sed
316 1880 397 1924 quia
421 1881 522 1913 dator
545 1885 577 1912 et
602 1879 744 1912 effector
768 1886 815 1913 est
835 1892 947 1913 novae
965 1881 1052 1914 lucis

67 1940 98 1965 et
131 1932 233 1966 vitae.
297 1929 347 1963 Ita
381 1942 459 1963 cum
484 1941 519 1962 se
542 1930 640 1974 sequi
663 1930 780 1968 iubet,
816 1942 888 1963 non
916 1938 1052 1964 tantum

66 1982 224 2028 loquitur
246 1982 289 2014 de
312 1981 526 2020 imitatione,
553 1980 668 2025 qualis
691 1987 740 2014 est
766 1982 945 2014 doctrinae
970 1983 1054 2025 legis

67 2046 127 2067 seu
151 2033 341 2071 virtutum,
369 2043 517 2076 quarum
537 2031 691 2075 exempla
709 2031 827 2065 lucent
847 2032 882 2064 in
902 2034 1055 2073 doctore,

67 2085 126 2117 sed
149 2083 307 2128 loquitur
331 2084 373 2115 de
391 2082 476 2122 fide,
504 2094 593 2127 quae
610 2079 845 2126 apprehendit
865 2081 931 2116 hoc
948 2085 1054 2116 bene-

67 2135 204 2174 ficium,
231 2134 325 2177 quod
346 2133 445 2165 affert
461 2130 642 2171 Christus,
670 2131 737 2166 hoc
755 2140 823 2173 est,
851 2135 971 2167 statuit
987 2135 1054 2168 sibi

68 2185 221 2229 potentia
241 2182 395 2222 Christi,
423 2190 456 2217 et
478 2190 622 2227 propter
647 2184 761 2228 ipsum
784 2185 910 2218 donari
928 2186 1054 2225 lucem,

66 2235 240 2270 iusticiam
259 2241 291 2268 et
309 2235 415 2268 vitam
432 2240 620 2270 aeternam.

125 2318 311 2354 Dicebant
330 2318 444 2364 igilur
460 2315 614 2352 Iudaei.-
642 2316 702 2352 Tu
720 2316 761 2352 de
779 2320 910 2365 teipso,
937 2323 998 2355 etc.

168 2387 308 2422 Rursus
318 2387 568 2421 describuntur
579 2387 769 2420 certamina
782 2385 1055 2421 Pharisaeorum

69 2451 147 2473 cum
169 2437 333 2479 Christo,
368 2450 456 2484 quae
479 2438 622 2483 quidem
645 2438 774 2481 magis,
806 2450 845 2471 ac
867 2439 978 2481 magis
1000 2439 1056 2471 in-

69 2492 264 2524 tenduntur
287 2502 399 2534 usque
423 2490 465 2523 ad
490 2490 595 2522 finem
620 2486 728 2522 huius
755 2489 894 2533 capitis,
922 2496 956 2523 et
976 2490 1056 2533 pin-

70 2548 157 2585 gunt
178 2541 326 2574 formam
345 2539 541 2581 Ecclesiae,
569 2552 674 2585 quam
700 2552 839 2573 necesse
857 2547 907 2574 est
923 2551 1058 2585 semper

70 2592 263 2626 conflictari
288 2592 379 2625 odiis
403 2598 436 2625 et
458 2591 645 2625 calumniis
668 2590 880 2635 impiorum,
914 2597 947 2625 et
973 2604 1058 2625 con—

70 2643 230 2683 firmant,
265 2654 303 2676 ac
335 2643 563 2676 consolantur
594 2642 689 2685 pios,
725 2653 769 2674 ne
801 2648 944 2685 propter
974 2643 1059 2676 talia

72 2693 221 2734 iudicia,
266 2702 298 2726 et
333 2693 525 2726 calumnias
564 2693 773 2736 frangantur
808 2692 954 2734 animis,
998 2694 1059 2727 sed

125 2746 302 2777 llIuAuru.
333 2745 436 2777 Orza.
465 2745 548 2776 Vm„
569 2745 649 2777 XV.

1079 296 1082 330 l

1076 600 1080 608 .
1106 580 1196 614 valet
1231 582 1267 614 in
1299 581 1440 614 iudiciis
1471 580 1653 617 humanis:

1109 310 1289 344 invictam.

1208 378 1367 412 Primum
1394 387 1509 413 autem
1529 380 1708 416 Pharisaei
1728 385 1851 419 offensi
1871 393 1941 421 tam
1957 388 2095 431 magni-

1106 429 1185 479 fica,
1215 436 1248 462 et
1265 436 1303 463 ut
1322 430 1526 471 videbatur,
1552 436 1729 476 arroganti
1748 437 1933 479 concione,
1960 451 2093 472 conan-

1106 486 1163 512 tur
1186 478 1337 513 refutare
1356 478 1532 514 Christum
1546 507 1556 522 ,
1587 486 1747 526 opposito
1772 489 1866 528 gravi
1886 498 2091 532 argumento

1107 530 1142 562 in
1168 531 1336 574 speciem,
1364 532 1407 563 de
1432 533 1618 566 autoritate
1644 536 1855 580 testimonii,
1883 541 1978 583 quod
2000 548 2092 574 certe

1695 585 1838 620 Nemini
1867 591 2020 623 creditur
2049 593 2092 624 de

1106 632 1219 679 seipso
1250 633 1487 676 praedicanti,
1522 635 1597 667 sine
1622 636 1770 668 aliorum
1797 639 2023 681 testimoniis,
2057 649 2092 676 et

1106 682 1216 716 elevat
1247 684 1469 717 autoritatem
1504 685 1682 726 docentis,
1727 689 1842 721 omnis
1871 692 2091 733 arrogantiae

1105 734 1253 776 species,
1289 747 1397 779 quare
1420 735 1534 777 graxis
1559 744 1608 769 est
1631 738 1784 771 obiectio
1810 737 2092 783 Pharisaeorum,

1105 796 1183 817 cum
1207 785 1321 818 aiunt:
1351 785 1408 818 Tu
1433 786 1476 818 de
1498 787 1608 830 teipso
1634 789 1873 823 testimonium
1892 791 1997 833 dicis,
2025 793 2091 836 igi-

1105 842 1161 868 tur
1185 835 1426 868 testimonium
1451 837 1558 875 dicis,
1593 838 1700 880 igitur
1725 841 1964 875 testimonium
1988 850 2090 876 tuum

1105 898 1175 918 non
1202 893 1251 919 est
1275 898 1415 919 verum:
1445 899 1483 919 ac
1507 895 1598 922 certe
1621 889 1667 922 ita
1683 901 1718 922 se
1735 902 1788 923 res
1805 888 1930 934 habet,
1958 894 2091 927 doctri-

1103 949 1146 969 na
1172 934 1354 977 Evangelii
1386 949 1459 970 non
1483 939 1646 981 congruit
1671 953 1748 973 cum
1775 942 1907 976 iudicio
1932 945 2090 987 rationis,

1103 999 1174 1019 non
1192 984 1295 1020 babet
1312 988 1510 1021 testimonia
1528 996 1586 1023 aut
1600 990 1866 1034 suffragationes
1880 995 2089 1039 sapientum,

1103 1045 1306 1081 potentum,
1341 1039 1592 1075 multitudinis.
1641 1040 1784 1084 ›Quare
1815 1056 1941 1088 magna
1974 1047 2089 1090 specie

1104 1087 1302 1122 detrahitur
1319 1089 1349 1122 ci
1369 1091 1537 1123 autoritas
1555 1099 1587 1125 et
1606 1091 1711 1135 fides,
1738 1093 1887 1128 clamant
1906 1096 2090 1140 sapientes,

1104 1151 1176 1172 non
1201 1152 1273 1172 esse
1297 1140 1508 1173 audiendam
1534 1142 1731 1174 doctrinam
1755 1155 1873 1178 recens
1897 1147 1940 1179 ab
1961 1159 2032 1179 uuo
2056 1155 2090 1182 et

1103 1190 1213 1222 altero
1232 1191 1424 1233 prolatam,
1452 1192 1526 1223 sine
1548 1192 1704 1235 probatis
1722 1195 1926 1235 autoribus,
1954 1198 2089 1230 dissen-

1105 1241 1245 1273 tientem
1279 1253 1297 1273 a
1329 1248 1486 1284 recepto,
1521 1249 1554 1275 et
1585 1243 1706 1277 multis
1736 1246 1861 1279 seculis
1894 1250 2088 1291 approbato

1103 1303 1287 1325 consensu.
1342 1291 1400 1325 Sic
1424 1289 1603 1325 Pharisaei
1627 1303 1813 1338 opponunt
1836 1298 2030 1332 doctrinam
2057 1307 2091 1334 et

1104 1341 1192 1374 ritus
1212 1342 1359 1375 traditos
1377 1354 1395 1374 a
1415 1341 1516 1376 Mose
1535 1343 1737 1386 ingentibus
1754 1347 1931 1381 miraculiS
1949 1351 2090 1392 divinis,

1104 1399 1134 1425 et
1151 1392 1354 1425 testimonio
1371 1393 1479 1426 totius
1494 1395 1628 1438 populi,
1651 1396 1711 1440 qui
1730 1397 1989 1442 fuitspectator,
2010 1414 2090 1434 cum

1103 1443 1156 1475 lex
1178 1444 1480 1487 promulgaretur,
1506 1457 1595 1490 quae
1613 1458 1691 1479 cum
1708 1445 1835 1483 babeat
1852 1457 1921 1483 tam
1939 1451 2090 1486 illustria

1103 1494 1323 1535 testimonia,
1349 1506 1421 1527 non
1443 1507 1514 1528 esse
1534 1497 1750 1531 audiendum
1770 1500 1878 1533 alium
1899 1502 2092 1544 doctorem,

1104 1545 1163 1590 qui
1195 1545 1260 1578 sibi
1289 1552 1425 1588 arroget
1459 1547 1681 1580 autoritatem
1713 1562 1830 1593 parem
1863 1551 1977 1595 Mosi,
2012 1566 2091 1588 cum

1104 1596 1202 1629 nulla
1220 1603 1410 1640 appareant
1427 1597 1555 1631 similia
1574 1599 1786 1636 testimonia.

1206 1662 1300 1696 Huic
1323 1663 1516 1697 obiectioni
1541 1677 1680 1698 necesse
1704 1674 1777 1700 erat
1802 1670 2032 1712 respondere,
2058 1678 2092 1706 et

1104 1711 1266 1747 Christus
1289 1726 1362 1747 eam
1389 1716 1577 1759 dupliciter
1600 1718 1736 1752 refutat.
1790 1718 1950 1755 Primum
1972 1722 2015 1754 de
2031 1733 2093 1756 sua

1105 1766 1289 1798 vocatione
1313 1765 1420 1809 dicit,
1457 1768 1551 1811 quod
1578 1764 1662 1801 haec
1687 1768 1730 1802 sit
1756 1782 1836 1802 vere
1862 1772 2002 1815 divina,
2030 1774 2093 1806 de-

1106 1815 1188 1847 inde
1223 1816 1322 1849 addit
1354 1817 1397 1849 de
1428 1818 1658 1858 testimoniis,
1701 1820 1862 1854 videlicet
1894 1823 1995 1856 verbi
2025 1823 2091 1857 Dei

1106 1872 1139 1898 et
1162 1866 1425 1901 miraculorum.
1479 1867 1583 1901 Prius
1609 1869 1703 1902 enim
1728 1874 1915 1915 respondet
1940 1875 1982 1906 ad
2006 1886 2092 1907 con-

1106 1917 1322 1961 sequentiam
1363 1918 1535 1961 propositi
1570 1922 1780 1962 argumenti.
1860 1923 1971 1966 Negat
2011 1925 2091 1958 ideo

1106 1978 1208 2024 suum
1233 1968 1491 2025 ’testimo-nium
1532 1981 1593 2002 seu
1626 1972 1823 2005 doctrinam
1856 1974 1977 2007 falsam
2010 1987 2093 2017 esse,

1107 2023 1241 2050 etiamsi
1266 2030 1337 2051 non
1356 2026 1490 2053 nitatur
1506 2021 1716 2055 testimoniis
1735 2031 1795 2056 aut
1811 2024 1951 2057 iudiciis
1967 2023 2092 2059 huma-

1108 2068 1181 2111 nis,
1211 2069 1339 2101 deinde
1355 2071 1396 2101 ad
1415 2072 1622 2104 antecedens
1639 2076 1883 2116 respondebat,
1903 2087 1946 2108 *se
1965 2073 2093 2110 habere

1107 2119 1308 2152 testimonia
1331 2120 1464 2156 divina.
1527 2121 1568 2154 ln
1594 2124 1704 2166 priori
1728 2127 1886 2158 membro
1911 2127 2093 2160 refutatio-

1107 2170 1162 2202 nis
1180 2170 1306 2214 allegat
1325 2172 1561 2212 vocationem,
1589 2176 1682 2218 quod
1701 2177 1743 2209 sit
1761 2177 1885 2209 missus
1901 2189 1919 2209 a
1938 2176 2032 2218 Deo,
2060 2186 2094 2212 et

1107 2219 1233 2255 habeat
1261 2223 1465 2255 mandatum
1492 2226 1623 2258 aeterni
1646 2227 1771 2269 patris,
1799 2228 1891 2272 quod
1910 2229 2036 2271 passim
2054 2229 2094 2262 in

1108 2269 1164 2304 his
1186 2273 1417 2306 concionibus
1435 2274 1603 2313 inculcat,
1630 2282 1787 2320 utsupra
1806 2278 1917 2321 capite
1933 2278 1982 2312 7.:
2010 2279 2093 2313 Elea

1109 2323 1268 2356 doctrina
1293 2335 1367 2356 non
1392 2331 1442 2357 est
1466 2337 1560 2363 mea,
1588 2328 1646 2359 sed
1670 2327 1743 2359 eius
1768 2328 1828 2372 qui
1850 2329 1943 2362 misit
1960 2342 2031 2371 me3
2061 2338 2094 2365 et

1109 2373 1199 2407 infra
1216 2374 1324 2407 dicet:
1353 2373 1385 2407 A
1405 2375 1536 2418 meipso
1553 2377 1641 2410 facio
1659 2375 1762 2417 nihil,
1790 2381 1850 2413 sed
1867 2380 1955 2414 sicut
1972 2382 2094 2416 docuit

1109 2436 1165 2458 me
1181 2431 1296 2468 pater,
1324 2425 1372 2458 sic
1390 2425 1528 2470 loquor,

1212 2491 1264 2526 Ita
1289 2499 1322 2526 et
1338 2490 1395 2525 hic
1413 2492 1476 2525 ait:
1505 2490 1582 2526 Etsi
1601 2494 1842 2531 testimonium
1860 2497 2032 2542 perhibeo
2050 2503 2094 2536 de

1109 2542 1263 2586 meipso,
1289 2543 1529 2576 testimonium
1548 2557 1664 2578 meum
1684 2559 1805 2580 verum
1826 2556 1895 2590 est,
1922 2552 2002 2595 quia
2022 2553 2094 2587 scio

1110 2594 1206 2627 unde
1229 2594 1329 2636 veni,
1367 2599 1400 2626 et
1423 2605 1493 2638 quo
1518 2596 1626 2635 vado,
1661 2599 1761 2642 quasi
1783 2600 1892 2634 dicat:
1926 2600 2006 2635 Non
2030 2615 2094 2647 ago

1111 2656 1230 2677 meum
1258 2644 1457 2686 negotium,
1494 2646 1550 2677 sed
1577 2646 1684 2680 affero
1708 2651 1910 2684 mandatum
1936 2654 2096 2698 coeleste,

1113 2701 1146 2728 et
1172 2706 1253 2738 gero
1272 2706 1400 2728 munus
1418 2693 1505 2728 mihi
1523 2698 1746 2732 commissum
1764 2712 1781 2733 a
1799 2701 1876 2735 Deo
1889 2729 1897 2743 ‚
1926 2703 2097 2749 videlicet,

1361 2747 1408 2779 12
