2415 2942
81 107 180 145 1157
231 107 332 142 XIII.

77 195 217 230 Deinde
232 192 370 228 omissis
384 193 540 234 caeteris,
564 193 724 238 loquitur
739 193 782 226 de
800 204 839 226 eo
856 193 945 236 loco,
964 195 1063 228 cuius

78 246 287 291 praecipuus
304 256 388 279 usus
404 251 455 278 est
473 245 510 277 in
528 245 698 277 docendo.

267 332 427 365 ΠΙᾶλλον
453 325 492 364 δὲ
515 328 577 363 ἵνα
602 325 867 375 προφητεύητε.

175 397 319 432 Certum
337 404 387 431 cst
403 394 650 441 phrophetiam
674 395 712 428 in
736 394 800 429 hoc
825 395 936 439 capite
954 395 1064 438 signi-

78 450 179 484 ficare
193 448 385 483 sententiae
403 448 551 481 alicuius
567 447 674 480 lectae
696 458 756 479 seu
774 447 935 480 recitatae
959 458 1062 480 enar-

78 501 250 534 rationem
265 526 274 540 ,
300 507 339 533 ut
362 497 540 532 Lutherus
563 509 730 530 enarrans
749 496 899 530 Paulum
925 498 968 529 ad
987 496 1061 531 Ro-

77 563 201 584 manos
217 557 276 583 aut
294 551 336 583 ad
360 548 522 589 Galatas,
549 546 752 591 prophetiae
771 549 865 580 dono
883 548 1004 581 utitur.

176 601 314 643 Lingua
335 600 452 644 loqui,
482 606 532 632 est
548 599 702 631 diversas
721 598 859 641 linguas
884 610 983 642 posse
1005 610 1062 631 so-

78 663 174 686 nare.
242 651 282 684 ld
307 651 515 683 miraculum
547 661 625 682 cum
649 656 864 682 ostentarent
889 650 998 693 aliqui
1025 650 1061 681 in

78 702 220 746 publica
253 700 541 744 congregatione,
583 699 664 743 quia
694 707 733 732 ut
766 700 898 744 alioqui
933 699 1060 732 Graeci

78 751 242 787 homiues
259 758 420 785 amarunt
438 750 691 794 eloquentiam,
720 751 765 783 ita
782 751 890 793 magis
911 750 1061 783 delecta-

78 805 210 838 bantur
238 803 438 845 cognitione
469 801 659 834 multarum
688 801 888 843 linguarum
907 828 916 841 ,
955 812 1059 845 quam

80 861 233 888 caeterae
256 860 374 896 gentes
402 859 435 884 et
451 849 517 884 hoc
535 851 692 884 studium
713 852 896 889 amabant,
925 858 958 884 et
983 859 1059 884 tan-

80 916 184 949 quam
201 904 321 937 laudes
336 915 393 936 seu
412 901 627 945 precationes
645 901 793 947 diversi-s
820 902 948 945 linguis
972 903 1060 935 reci-

78 956 216 989 tabant:
245 953 375 986 Paulus
392 950 539 986 retrahit
557 963 614 984 eos
633 953 676 984 ad
694 954 849 985 studium
868 953 1062 986 enarratio-

78 1005 144 1038 nis.
195 1003 241 1037 Et
258 1004 461 1047 praesertim
479 1003 515 1035 in
532 1003 672 1045 publica
690 1004 960 1046 congregatione
985 1011 1062 1037 tan-

79 1063 155 1089 tum
184 1066 309 1088 sonare
336 1055 488 1087 diversas
522 1054 678 1096 linguas,
720 1055 795 1087 sine
829 1055 1062 1094 enarratione,

78 1106 178 1139 nulla
202 1106 334 1139 utilitas
360 1113 444 1139 erat.
502 1103 589 1138 Vult
613 1111 728 1137 autem
754 1104 885 1139 Paulus
910 1105 1063 1138 dicentes

80 1157 118 1190 in
141 1157 282 1200 publico
315 1163 415 1189 coetu
448 1167 520 1187 non
553 1153 760 1187 theatricam
793 1156 1062 1188 ostentationem

80 1208 286 1247 instituere,
313 1214 352 1240 ut
377 1206 467 1250 apud
496 1203 667 1238 Ethnicos
692 1206 758 1239 suit
781 1206 948 1238 usitatum
975 1206 1063 1239 reci-

79 1265 153 1293 tare
170 1257 336 1292 poemata
362 1265 419 1290 aut
437 1256 669 1301 Panegyricos
693 1257 729 1288 in
749 1257 972 1300 spectaculis:
1006 1257 1064 1289 sed

80 1308 211 1342 servire
227 1308 371 1341 utilitati
396 1307 626 1345 discentium,
655 1314 688 1339 et
714 1307 857 1340 accendi
881 1307 956 1350 pios
981 1307 1064 1339 asfe-

82 1367 157 1394 ctus
179 1365 212 1392 et
230 1359 503 1392 invocationem.

183 1408 229 1444 Et
246 1407 304 1442 hic
322 1416 418 1442 vetus
438 1419 513 1441 mos
536 1407 812 1440 considerandus
837 1415 897 1442 est.
960 1408 1064 1441 Lecta

81 1461 199 1505 aliqua
223 1460 394 1494 sententia
419 1459 455 1491 in
480 1458 581 1491 libris
605 1457 863 1502 Prophetarum
890 1459 926 1490 in
951 1457 1063 1503 Syna-

82 1513 196 1556 gogis,
220 1512 339 1554 plures
357 1511 482 1543 ordine
501 1510 542 1541 de
559 1521 596 1542 ea
624 1510 807 1548 dicebant,
838 1516 875 1542 ut
901 1509 1014 1542 Lucae
1032 1508 1065 1542 4.

80 1562 258 1596 Dominus
275 1562 396 1594 recitat
420 1559 626 1593 sententiam
654 1572 693 1592 ex
710 1558 832 1600 Esaia,
861 1566 890 1592 et
915 1560 950 1591 in
969 1560 1067 1593 Actis

83 1625 156 1657 cap.
178 1613 234 1647 13.
262 1611 371 1644 Paulo
394 1612 498 1643 datur
522 1610 617 1642 locus
639 1610 790 1642 dicendi.
855 1609 926 1642 Nec
950 1617 1066 1642 tamen

84 1669 184 1697 erant
208 1661 399 1706 promiscui
424 1660 611 1699 clamores,
647 1667 686 1692 ut
712 1660 749 1692 in
774 1660 871 1702 vulgi
898 1660 1066 1703 suffraga-

84 1714 262 1753 tionibus,
294 1713 353 1744 sed
385 1712 535 1744 dabatur
559 1710 656 1743 locus
682 1711 822 1742 dicendi
849 1711 892 1742 ab
913 1723 974 1751 eo,
1008 1711 1066 1755 qui

83 1771 241 1809 praeerat
266 1762 488 1808 Synagogae,
517 1767 557 1793 ut
578 1760 615 1792 in
644 1759 740 1794 Actis
764 1761 904 1794 dicitur.
949 1760 994 1794 Et
1012 1759 1068 1794 hic

84 1816 274 1849 discrimen
300 1821 349 1846 est
374 1814 465 1845 inter
488 1812 645 1844 sedentes
667 1820 698 1845 et
716 1812 887 1856 reliquam
909 1812 1068 1845 multitu-

85 1867 222 1905 dinem,
251 1871 288 1896 ut
307 1865 349 1896 de
371 1862 512 1896 iudiciis
531 1862 664 1894 dictum
686 1869 749 1895 est:

233 1913 395 1943 considere
420 1913 528 1947 ducos,
551 1916 583 1940 ut
606 1910 690 1949 vulgi
715 1916 813 1940 stante
837 1920 974 1941 corrona.

184 1966 234 2000 Ita
264 1966 394 1999 Paulus
422 1961 480 1996 hic
512 1964 629 2006 plures
663 1963 788 1996 ordine
813 1964 887 1996 sine
916 1964 1069 1997 tumultu

84 2020 182 2052 iubet
198 2019 332 2057 dicere,
360 2023 393 2048 et
410 2025 574 2048 enarrare
593 2014 699 2047 lectas
715 2014 915 2048 sententias¹

126 2104 243 2137 clam
267 2097 466 2145 oizod‘ossuffi‘
491 2097 553 2133 καὶ
576 2095 806 2144 παράκλησιν
829 2097 890 2133 καὶ
915 2111 1034 2145 παρα-

494 2162 518 2193 μ
528 2147 653 2184 υθίαν.

187 2222 437 2255 Commoratur
455 2218 491 2250 in
509 2217 670 2250 instituta
697 2216 951 2249 admonitione.
1002 2216 1073 2250 Lo-

85 2284 195 2319 quens
221 2273 360 2314 lingua,
395 2270 432 2302 id
457 2275 530 2309 est,
562 2268 681 2300 dicens
706 2268 845 2307 laudes,
881 2267 1071 2310 gratiarum

87 2325 258 2358 actionem
286 2334 345 2355 seu
366 2319 602 2368 precationem
626 2318 733 2351 variis
756 2318 904 2360 linguis,
932 2325 992 2351 aut
1014 2331 1073 2362 pe-

87 2376 225 2418 regrina
253 2374 391 2416 lingua,
418 2382 491 2404 non
515 2367 722 2402 hominibus
746 2369 922 2413 loquitur,
950 2369 984 2401 id
1012 2377 1074 2409 est,

87 2438 161 2459 non
187 2427 285 2458 docet
313 2422 495 2466 populum.
546 2419 614 2453 Sed
643 2419 788 2461 spiritu,
816 2419 852 2451 id
879 2427 945 2459 est,
980 2421 1073 2453 dono

89 2475 283 2521 spirituali,
310 2486 379 2518 quo
397 2472 513 2505 cordis
539 2470 721 2503 affectibus
745 2481 909 2503 accensus
924 2477 993 2511 est,
1020 2471 1075 2504 lo-

89 2528 210 2568 quitur
225 2528 315 2558 bona
333 2524 486 2569 quidem,
509 2522 569 2555 sed
586 2529 701 2555 tamen
716 2532 788 2554 non
806 2520 981 2554 intellecta
998 2534 1074 2554 cae-

88 2578 182 2612 teris.
235 2576 304 2610 Sed
327 2571 556 2618 prophetans,
583 2572 617 2605 id
645 2579 714 2611 est,
741 2583 929 2616 enarrans,
957 2572 1074 2617 loqui-

90 2635 150 2663 tur
166 2640 225 2668 ea,
253 2637 341 2671 quae
362 2630 527 2669 praesunt
553 2624 597 2656 ad
623 2622 919 2663 aedificationem,
943 2621 1075 2656 adhor-

93 2679 259 2713 tationem
277 2684 309 2710 et
330 2675 618 2709 consolationem.

384 107 418 143 4.
445 104 783 143 COMMENTAR.
810 105 861 142 IN
886 103 1037 145 EPIST.
1064 106 1211 145 PAULI
1239 108 1305 145 AD
1333 108 1653 147 CORINTHIOS.
1708 111 1810 148 CAP.
1842 113 1943 149 xlv.

1087 195 1092 218 ι

1087 220 1091 251 Ι

2005 114 2101 151 1158

1218 196 1394 231 Usitatum
1411 205 1460 232 est
1479 197 1609 238 Panlo,
1637 210 1762 241 genera
1782 199 1990 233 concionum
2019 212 2100 244 par-

1116 247 1174 279 tiri
1201 248 1237 280 in
1272 246 1333 281 has
1361 256 1428 281 tres
1460 250 1607 293 species,
1644 262 1730 293 quae
1764 258 1846 284 sunt
1878 252 2098 295 praecipuae.

1116 296 1231 330 Prima
1263 299 1391 341 species
1423 307 1472 332 est
1504 297 1754 344 διδασκαλικὴ.
1824 304 1971 345 Oportet
2004 303 2098 334 enim

1115 348 1216 381 initio
1242 350 1437 381 doctrinam
1472 351 1513 381 de
1544 351 1700 383 articulis
1727 352 1806 383 fidei
1839 360 1871 386 et
1897 354 1939 385 de
1970 353 2099 386 distin-

1114 399 1228 431 ctione
1253 398 1356 442 Legis
1382 407 1414 432 et
1441 399 1644 444 Evangelii,
1686 408 1719 434 et
1742 402 1820 434 aliis
1842 403 2009 436 membris
2033 406 2098 437 do-

1113 450 1229 482 crinae
1245 450 1498 493 principalibus
1519 453 1666 486 tradere.

1215 498 1293 533 Alia
1315 501 1445 543 species
1471 509 1519 534 est
1547 500 1747 535 adhortatio
1775 503 1815 535 ad
1843 504 2096 546 poenitentiam

1115 557 1145 583 et
1165 551 1206 583 ad
1226 551 1317 583 bona
1336 564 1439 594 opera
1454 577 1462 589 ,
1491 564 1578 595 quae
1595 560 1623 584 et
1645 553 1924 595 obiurgationem
1945 556 2099 598 comple-

1113 602 1236 639 ctitur,
1282 609 1316 635 et
1339 602 1462 634 similis
1487 610 1535 636 est
1561 603 1726 635 suasoriis
1755 605 1909 636 materiis
1938 605 1973 638 in
1998 604 2096 639 Rhe-

1112 652 1242 686 toricis.

1213 702 1333 735 Tertia
1350 702 1478 746 species
1497 709 1545 735 est
1563 703 1756 736 consolatio
1769 731 1776 743 ,
1802 716 1890 748 quae
1913 707 2097 750 praecipue

1112 753 1263 787 sumitur
1279 765 1318 785 ex
1334 752 1539 796 Evangelio,
1558 755 1639 798 quia
1658 755 1926 788 fundamentum
1945 756 1980 788 in
2000 759 2096 790 omni

1112 817 1191 836 vera
1210 810 1241 836 et
1260 804 1389 837 efficaci
1410 805 1650 837 consolatione
1669 812 1738 844 est,
1766 806 1899 848 agnitio
1922 807 2099 841 remissio-

1111 856 1166 887 nis
1182 861 1400 898 peccatorum
1415 882 1422 895 ,
1450 863 1481 888 et
1509 856 1804 889 reconciliationis
1826 868 1903 888 curn
1924 855 1998 890 Deo
2016 870 2099 902 pro-

1112 913 1189 950 pter
1223 906 1336 938 filium
1356 933 1365 946 ,
1407 913 1445 939 ut
1488 918 1590 949 supra
1628 908 1670 939 dc
1708 907 2009 941 consolationibus
2044 909 2100 942 di-

1112 964 1204 990 ctum
1228 962 1289 990 est.

1214 1005 1348 1040 Eodem
1367 1007 1470 1039 modo
1484 1006 1612 1040 Paulus
1630 1008 1809 1042 distribuit
1825 1020 1950 1051 genera
1967 1010 2099 1043 doctri-

1113 1069 1238 1090 narum
1264 1058 1300 1089 in
1329 1059 1446 1101 priore
1487 1056 1645 1101 Epistola
1669 1061 1710 1091 ad
1732 1057 1889 1092 Timoth.
1912 1058 1962 1092 4.;
1998 1060 2098 1094 Assi-

1113 1110 1204 1142 duus
1229 1115 1300 1141 esto
1327 1109 1363 1141 in
1388 1109 1554 1147 lectione,
1597 1110 1838 1143 consolatione
1865 1118 1895 1143 et
1924 1111 2096 1146 doctrina.

1114 1159 1191 1197 Hoc
1210 1160 1342 1192 dictum
1361 1172 1502 1203 prorsus
1521 1161 1680 1201 congruit
1696 1173 1773 1193 cum
1792 1159 1846 1192 his
1866 1161 1993 1204 verbis,
2012 1175 2100 1206 quae

1115 1211 1308 1243 recitantur
1331 1211 1367 1242 in
1396 1209 1458 1242 hac
1482 1208 1639 1254 Epistola
1666 1212 1707 1243 ad
1735 1209 1960 1251 Corinthios,
1988 1219 2021 1245 et
2046 1225 2100 1246 sa-

1116 1261 1254 1305 pienter
1279 1261 1401 1299 docet,
1441 1273 1528 1304 quae
1561 1261 1629 1294 sint
1656 1263 1840 1305 praecipua
1866 1273 1988 1302 genera
2015 1275 2101 1296 con-

1117 1311 1259 1344 cionum
1286 1311 1321 1343 in
1348 1309 1524 1352 Ecclesia,
1555 1313 1650 1356 quod
1676 1324 1748 1344 esse
1773 1313 1958 1345 consilinm
1980 1313 2017 1345 in
2036 1318 2098 1347 do«

1117 1362 1227 1394 cendo
1260 1367 1438 1404 oporteat,
1474 1368 1506 1394 et
1535 1364 1577 1395 ad
1612 1374 1699 1406 quos
1729 1363 1814 1395 fines
1847 1364 2029 1397 reserenda
2057 1365 2102 1398 sit

1117 1412 1233 1445 omnis
1262 1412 1385 1444 oratio.

1219 1462 1377 1495 Primum
1403 1460 1441 1494 fit
1467 1463 1598 1495 mentio
1634 1463 1815 1504 lectionis,
1850 1465 1911 1497 ubi
1939 1466 2101 1499 conside-

1117 1513 1269 1546 randum
1294 1520 1343 1545 est
1369 1513 1556 1545 discrimen
1590 1515 1769 1547 doctrinae
1797 1515 1832 1547 in
1859 1514 2032 1554 Ecclesia,
2071 1525 2103 1552 et

1118 1565 1245 1597 artium
1265 1570 1489 1596 caeterarum.
1544 1563 1622 1596 Non
1651 1566 1812 1598 ordimur
1831 1564 2101 1600 Arithmeticam

1119 1621 1179 1647 aut
1202 1614 1286 1646 alias
1308 1611 1554 1657 philosophiae
1572 1622 1686 1658 partes
1703 1628 1720 1648 a
1738 1616 1906 1655 lectione,
1933 1617 1991 1650 sed
2018 1618 2104 1652 affe-

1119 1665 1230 1698 rimus
1260 1666 1301 1696 ad
1338 1664 1466 1696 artium
1491 1665 1760 1709 descriptionem
1786 1667 1886 1700 initia
1914 1668 2100 1702 nobiscum

1120 1722 1220 1754 nata,
1249 1721 1286 1747 ut
1304 1716 1584 1748 numerationem
1603 1724 1635 1749 et
1660 1717 1749 1760 alia,
1776 1718 1833 1750 sed
1858 1719 2016 1751 doctrina
2034 1718 2104 1753 Ec-

1122 1766 1245 1799 clesiae
1263 1766 1366 1808 longe
1385 1766 1486 1798 aliter
1510 1766 1675 1800 discenda
1701 1775 1761 1801 est.
1816 1766 1942 1801 Ordiri
1965 1781 2104 1804 necesse

1122 1825 1172 1850 est
1191 1829 1207 1848 a
1228 1816 1389 1850 lectione.
1444 1816 1537 1858 Quia
1556 1830 1633 1850 cum
1658 1818 1797 1851 articuli
1817 1819 1897 1851 fidei
1922 1820 1964 1851 de
1990 1820 2103 1854 trihus

1123 1868 1281 1911 personis
1303 1867 1500 1900 divinitatis
1530 1875 1561 1901 et
1590 1869 1632 1901 de
1657 1869 1793 1902 duabus
1818 1870 1954 1902 naturis
1980 1871 2018 1903 in
2045 1883 2104 1904 re-

1123 1920 1280 1951 demtore
1303 1925 1385 1951 nato
1412 1930 1451 1950 ex
1476 1917 1592 1952 Maria
1618 1919 1772 1962 virgine,
1800 1921 1842 1952 de
1859 1919 2033 1962 Ecclesia,
2061 1923 2105 1955 de

1124 1969 1274 2011 gratuita
1292 1969 1497 2001 remissione
1516 1977 1756 2012 peccatorum,
1784 1971 1827 2003 de
1845 1972 2104 2006 resurrectione

1124 2026 1363 2056 mortuorum,
1393 2026 1424 2052 et
1442 2019 1500 2052 alii
1519 2021 1656 2054 articuli
1674 2020 1860 2064 Evangelii
1882 2033 2105 2067 nequaquam

1125 2077 1248 2103 natura
1276 2070 1352 2103 noti
1369 2070 1454 2103 sint:
1484 2082 1622 2104 necesse
1638 2078 1687 2104 est
1713 2084 1771 2105 eos
1788 2073 1949 2114 cognosci
1967 2079 2104 2107 tantum

1125 2133 1163 2154 ex
1182 2120 1412 2164 patefactione
1438 2121 1576 2160 divina,
1603 2134 1707 2167 quam
1726 2121 1820 2155 Deus
1846 2122 2016 2156 immensa
2040 2124 2106 2157 bo-

1125 2172 1233 2204 nitate
1251 2178 1327 2214 post
1344 2172 1477 2215 primos
1501 2180 1658 2215 parentes
1675 2173 1785 2206 literis
1806 2174 1969 2206 mandari
1993 2175 2105 2209 voluit

1126 2234 1186 2266 per
1209 2220 1426 2265 Prophetas,
1461 2235 1498 2255 ac
1522 2223 1650 2256 deinde
1675 2236 1736 2267 per
1761 2222 1960 2266 Apostolos.
2021 2225 2103 2259 ldeo

1127 2285 1190 2305 nos
1214 2273 1366 2316 primum
1392 2274 1434 2306 ad
1460 2273 1645 2307 lectionem
1672 2275 1833 2315 deducit,
1860 2274 1895 2306 id
1925 2282 1990 2313 est,
2028 2277 2105 2310 vult

1127 2324 1164 2355 in
1183 2321 1337 2356 Ecclesia
1358 2324 1424 2366 legi
1444 2325 1553 2357 libros
1578 2322 1801 2368 propheticos
1827 2331 1859 2357 et
1884 2327 2107 2368 apostolicos,

1127 2385 1214 2418 quos
1240 2375 1313 2407 vult
1339 2386 1410 2407 esse
1434 2375 1548 2407 fontes
1571 2376 1768 2415 doctrinae,
1797 2382 1829 2409 et
1852 2387 2033 2415 normam,
2061 2390 2106 2411 ne

1128 2425 1342 2469 recipiantur
1361 2425 1453 2458 ullae
1471 2425 1655 2469 opiniones
1674 2426 1716 2458 ab
1732 2423 1796 2458 hac
1822 2438 1945 2460 norma
1969 2428 2105 2461 dissen-

1127 2476 1270 2516 tientes,
1308 2476 1396 2509 sicut
1421 2477 1494 2520 ipse
1517 2476 1619 2510 dicit:
1661 2476 1699 2510 Si
1725 2476 1803 2521 quis
1825 2476 1920 2509 aliud
1945 2477 2107 2522 Evange-

1127 2527 1215 2559 lium
1239 2527 1358 2567 docet,
1391 2523 1575 2559 anathema
1601 2527 1656 2560 sit.
1720 2525 1842 2571 Itaque
1867 2527 1911 2561 sit
1938 2526 2005 2562 hoc
2030 2530 2104 2572 pri-

1127 2589 1223 2609 mum
1241 2577 1498 2611 concionatoris
1517 2589 1665 2618 munus,
1690 2583 1729 2610 ut
1746 2577 1856 2611 libros
1879 2577 2106 2622 propheticos

1129 2634 1161 2660 et
1182 2628 1391 2670 apostolicos
1416 2628 1538 2671 populi
1559 2629 1669 2672 legat,
1702 2635 1736 2662 et
1752 2628 1820 2671 legi
1838 2634 1953 2672 curet,
1980 2636 2013 2665 et
2030 2642 2107 2664 mo-

1128 2684 1207 2710 neat
1223 2679 1379 2723 regulam
1397 2679 1577 2713 doctrinae
1592 2679 1630 2712 in
1645 2676 1702 2712 his
1719 2678 1907 2714 contineri.

1171 2725 1251 2762 73*
