<?xml version="1.0" encoding="UTF-8"?>
<!DOCTYPE html PUBLIC "-//W3C//DTD XHTML 1.0 Transitional//EN"
    "http://www.w3.org/TR/xhtml1/DTD/xhtml1-transitional.dtd">
<html xmlns="http://www.w3.org/1999/xhtml" xml:lang="en" lang="en">
 <head>
  <title>
</title>
<meta http-equiv="Content-Type" content="text/html;charset=utf-8" />
  <meta name='ocr-system' content='tesseract 3.04.00' />
  <meta name='ocr-capabilities' content='ocr_page ocr_carea ocr_par ocr_line ocrx_word'/>
</head>
<body>
  <div class='ocr_page' id='page_1' title='image "./operaquaesupersu15melauoft/operaquaesupersu15melauoft_0170.png"; bbox 0 0 2415 2942; ppageno 0'>
   <div class='ocr_carea' id='block_1_1' title="bbox 206 58 280 91">
    <p class='ocr_par' dir='ltr' id='par_1_1' title="bbox 206 58 280 91">
     <span class='ocr_line' id='line_1_1' title="bbox 206 58 280 91; baseline 0 0"><span class='ocrx_word' id='word_1_1' title='bbox 206 58 280 91; x_wconf 74' lang='lat'>52³</span> 
     </span>
    </p>
   </div>
   <div class='ocr_carea' id='block_1_2' title="bbox 210 138 1193 326">
    <p class='ocr_par' dir='ltr' id='par_1_2' title="bbox 210 138 1193 326">
     <span class='ocr_line' id='line_1_2' title="bbox 210 138 1190 184; baseline 0 -10"><span class='ocrx_word' id='word_1_2' title='bbox 210 149 267 175; x_wconf 80' lang='lat' dir='ltr'>net</span> <span class='ocrx_word' id='word_1_3' title='bbox 294 139 350 174; x_wconf 75' lang='lat' dir='ltr'>hic</span> <span class='ocrx_word' id='word_1_4' title='bbox 372 138 549 184; x_wconf 77' lang='lat' dir='ltr'>Propheta</span> <span class='ocrx_word' id='word_1_5' title='bbox 576 150 715 182; x_wconf 85' lang='lat' dir='ltr'>pacem,</span> <span class='ocrx_word' id='word_1_6' title='bbox 752 139 786 171; x_wconf 88' lang='lat' dir='ltr'>id</span> <span class='ocrx_word' id='word_1_7' title='bbox 811 146 883 181; x_wconf 84' lang='lat' dir='ltr'>est,</span> <span class='ocrx_word' id='word_1_8' title='bbox 914 141 1190 175; x_wconf 74' lang='lat' dir='ltr'>consolationem</span> 
     </span>
     <span class='ocr_line' id='line_1_3' title="bbox 210 188 1193 232; baseline 0.001 -8"><span class='ocrx_word' id='word_1_9' title='bbox 210 201 240 226; x_wconf 75' lang='lat' dir='ltr'>ct</span> <span class='ocrx_word' id='word_1_10' title='bbox 262 193 426 225; x_wconf 74' lang='lat' dir='ltr'>laetitiam</span> <span class='ocrx_word' id='word_1_11' title='bbox 448 192 623 225; x_wconf 71' lang='lat' dir='ltr'>divinam,</span> <span class='ocrx_word' id='word_1_12' title='bbox 657 189 720 221; x_wconf 88' lang='lat' dir='ltr'>scit</span> <span class='ocrx_word' id='word_1_13' title='bbox 743 200 776 221; x_wconf 88' lang='lat' dir='ltr'>se</span> <span class='ocrx_word' id='word_1_14' title='bbox 795 188 859 223; x_wconf 89' lang='lat' dir='ltr'>Dei</span> <span class='ocrx_word' id='word_1_15' title='bbox 885 192 1084 224; x_wconf 84' lang='lat' dir='ltr'>ministrum</span> <span class='ocrx_word' id='word_1_16' title='bbox 1110 204 1193 232; x_wconf 81' lang='lat' dir='ltr'>esse,</span> 
     </span>
     <span class='ocr_line' id='line_1_4' title="bbox 210 238 1188 283; baseline -0.001 -7"><span class='ocrx_word' id='word_1_17' title='bbox 210 251 240 276; x_wconf 75' lang='lat' dir='ltr'>ct</span> <span class='ocrx_word' id='word_1_18' title='bbox 267 249 432 275; x_wconf 70' lang='lat' dir='ltr'>sustentat</span> <span class='ocrx_word' id='word_1_19' title='bbox 460 253 494 272; x_wconf 84' lang='lat' dir='ltr'>sc</span> <span class='ocrx_word' id='word_1_20' title='bbox 518 239 746 283; x_wconf 74' lang='lat' dir='ltr'>promissione</span> <span class='ocrx_word' id='word_1_21' title='bbox 770 238 855 281; x_wconf 90' lang='lat' dir='ltr'>Dei,</span> <span class='ocrx_word' id='word_1_22' title='bbox 892 254 930 274; x_wconf 87' lang='lat' dir='ltr'>ac</span> <span class='ocrx_word' id='word_1_23' title='bbox 957 243 1063 276; x_wconf 86' lang='lat' dir='ltr'>sentit</span> <span class='ocrx_word' id='word_1_24' title='bbox 1091 243 1188 277; x_wconf 78' lang='lat' dir='ltr'>laeti-</span> 
     </span>
     <span class='ocr_line' id='line_1_5' title="bbox 211 290 936 326; baseline 0 -1"><span class='ocrx_word' id='word_1_25' title='bbox 211 294 294 326; x_wconf 78' lang='lat' dir='ltr'>tiam</span> <span class='ocrx_word' id='word_1_26' title='bbox 312 300 342 325; x_wconf 78' lang='lat' dir='ltr'>ct</span> <span class='ocrx_word' id='word_1_27' title='bbox 361 292 457 324; x_wconf 86' lang='lat' dir='ltr'>initia</span> <span class='ocrx_word' id='word_1_28' title='bbox 478 291 567 323; x_wconf 72' lang='lat' dir='ltr'>vitae</span> <span class='ocrx_word' id='word_1_29' title='bbox 584 297 744 323; x_wconf 73' lang='lat' dir='ltr'>aeternae</span> <span class='ocrx_word' id='word_1_30' title='bbox 762 290 798 322; x_wconf 91' lang='lat' dir='ltr'>in</span> <span class='ocrx_word' id='word_1_31' title='bbox 821 293 936 326; x_wconf 85' lang='lat' dir='ltr'>corde.</span> 
     </span>
    </p>
   </div>
   <div class='ocr_carea' id='block_1_3' title="bbox 211 363 1205 1771">
    <p class='ocr_par' dir='ltr' id='par_1_3' title="bbox 211 363 1205 1771">
     <span class='ocr_line' id='line_1_6' title="bbox 312 363 1193 404; baseline 0.007 -6"><span class='ocrx_word' id='word_1_32' title='bbox 312 367 408 399; x_wconf 72' lang='lat' dir='ltr'>llaec</span> <span class='ocrx_word' id='word_1_33' title='bbox 426 365 567 398; x_wconf 86' lang='lat' dir='ltr'>collatio</span> <span class='ocrx_word' id='word_1_34' title='bbox 585 365 717 398; x_wconf 87' lang='lat' dir='ltr'>dictum</span> <span class='ocrx_word' id='word_1_35' title='bbox 727 363 858 400; x_wconf 79' lang='lat' dir='ltr'>Christi</span> <span class='ocrx_word' id='word_1_36' title='bbox 879 367 993 403; x_wconf 78' lang='lat' dir='ltr'>reddit</span> <span class='ocrx_word' id='word_1_37' title='bbox 1011 368 1193 404; x_wconf 74' lang='lat' dir='ltr'>illustrius,</span> 
     </span>
     <span class='ocr_line' id='line_1_7' title="bbox 214 417 1193 464; baseline 0.003 -14"><span class='ocrx_word' id='word_1_38' title='bbox 214 417 314 450; x_wconf 69' lang='lat' dir='ltr'>Nunc</span> <span class='ocrx_word' id='word_1_39' title='bbox 333 417 634 449; x_wconf 68' lang='lat' dir='ltr'>accommodemus</span> <span class='ocrx_word' id='word_1_40' title='bbox 653 417 693 448; x_wconf 89' lang='lat' dir='ltr'>ad</span> <span class='ocrx_word' id='word_1_41' title='bbox 713 427 775 449; x_wconf 87' lang='lat' dir='ltr'>uos</span> <span class='ocrx_word' id='word_1_42' title='bbox 799 417 965 460; x_wconf 81' lang='lat' dir='ltr'>privatim</span> <span class='ocrx_word' id='word_1_43' title='bbox 990 427 1020 454; x_wconf 88' lang='lat' dir='ltr'>et</span> <span class='ocrx_word' id='word_1_44' title='bbox 1044 421 1193 464; x_wconf 81' lang='lat' dir='ltr'>publice.</span> 
     </span>
     <span class='ocr_line' id='line_1_8' title="bbox 214 467 1194 515; baseline 0.005 -16"><span class='ocrx_word' id='word_1_45' title='bbox 214 468 380 500; x_wconf 65' lang='lat' dir='ltr'>Privatim</span> <span class='ocrx_word' id='word_1_46' title='bbox 407 467 569 510; x_wconf 72' lang='lat' dir='ltr'>angimur</span> <span class='ocrx_word' id='word_1_47' title='bbox 594 474 736 510; x_wconf 83' lang='lat' dir='ltr'>propter</span> <span class='ocrx_word' id='word_1_48' title='bbox 761 475 896 511; x_wconf 85' lang='lat' dir='ltr'>peccata</span> <span class='ocrx_word' id='word_1_49' title='bbox 921 477 1056 509; x_wconf 85' lang='lat' dir='ltr'>nostra,</span> <span class='ocrx_word' id='word_1_50' title='bbox 1095 482 1194 515; x_wconf 86' lang='lat' dir='ltr'>saepe</span> 
     </span>
     <span class='ocr_line' id='line_1_9' title="bbox 211 517 1193 560; baseline 0.007 -13"><span class='ocrx_word' id='word_1_51' title='bbox 211 519 313 550; x_wconf 63' lang='lat' dir='ltr'>etiam</span> <span class='ocrx_word' id='word_1_52' title='bbox 333 530 533 550; x_wconf 74' lang='lat' dir='ltr'>exercemur</span> <span class='ocrx_word' id='word_1_53' title='bbox 550 517 669 550; x_wconf 89' lang='lat' dir='ltr'>multis</span> <span class='ocrx_word' id='word_1_54' title='bbox 687 518 832 560; x_wconf 79' lang='lat' dir='ltr'>privatis</span> <span class='ocrx_word' id='word_1_55' title='bbox 854 520 1021 560; x_wconf 87' lang='lat' dir='ltr'>miseriis,</span> <span class='ocrx_word' id='word_1_56' title='bbox 1050 520 1104 554; x_wconf 80' lang='lat' dir='ltr'>liis</span> <span class='ocrx_word' id='word_1_57' title='bbox 1128 523 1193 555; x_wconf 86' lang='lat' dir='ltr'>do-</span> 
     </span>
     <span class='ocr_line' id='line_1_10' title="bbox 213 567 1193 611; baseline 0.009 -14"><span class='ocrx_word' id='word_1_58' title='bbox 213 570 344 601; x_wconf 54' lang='lat' dir='ltr'>loribus</span> <span class='ocrx_word' id='word_1_59' title='bbox 370 569 534 601; x_wconf 86' lang='lat' dir='ltr'>omnibus</span> <span class='ocrx_word' id='word_1_60' title='bbox 558 580 777 611; x_wconf 87' lang='lat' dir='ltr'>opponamus</span> <span class='ocrx_word' id='word_1_61' title='bbox 801 567 866 602; x_wconf 85' lang='lat' dir='ltr'>hoc</span> <span class='ocrx_word' id='word_1_62' title='bbox 892 570 1023 603; x_wconf 87' lang='lat' dir='ltr'>dictum</span> <span class='ocrx_word' id='word_1_63' title='bbox 1042 571 1193 607; x_wconf 79' lang='lat' dir='ltr'>Christi:</span> 
     </span>
     <span class='ocr_line' id='line_1_11' title="bbox 213 619 1195 661; baseline 0.005 -10"><span class='ocrx_word' id='word_1_64' title='bbox 213 619 335 651; x_wconf 71' lang='lat' dir='ltr'>l&#39;acetn</span> <span class='ocrx_word' id='word_1_65' title='bbox 369 630 480 651; x_wconf 84' lang='lat' dir='ltr'>meam</span> <span class='ocrx_word' id='word_1_66' title='bbox 511 619 555 651; x_wconf 91' lang='lat' dir='ltr'>do</span> <span class='ocrx_word' id='word_1_67' title='bbox 589 619 699 651; x_wconf 75' lang='lat' dir='ltr'>vobis.</span> <span class='ocrx_word' id='word_1_68' title='bbox 762 619 920 653; x_wconf 87' lang='lat' dir='ltr'>Primum</span> <span class='ocrx_word' id='word_1_69' title='bbox 943 622 1093 656; x_wconf 89' lang='lat' dir='ltr'>sciamus</span> <span class='ocrx_word' id='word_1_70' title='bbox 1119 635 1195 661; x_wconf 89' lang='lat' dir='ltr'>nos,</span> 
     </span>
     <span class='ocr_line' id='line_1_12' title="bbox 213 669 1194 714; baseline 0.006 -14"><span class='ocrx_word' id='word_1_71' title='bbox 213 681 413 714; x_wconf 75' lang='lat' dir='ltr'>quanquam</span> <span class='ocrx_word' id='word_1_72' title='bbox 432 669 517 713; x_wconf 89' lang='lat' dir='ltr'>lapsi</span> <span class='ocrx_word' id='word_1_73' title='bbox 537 680 676 709; x_wconf 85' lang='lat' dir='ltr'>sumus,</span> <span class='ocrx_word' id='word_1_74' title='bbox 702 676 733 702; x_wconf 86' lang='lat' dir='ltr'>et</span> <span class='ocrx_word' id='word_1_75' title='bbox 754 681 872 703; x_wconf 87' lang='lat' dir='ltr'>snmus</span> <span class='ocrx_word' id='word_1_76' title='bbox 896 672 1050 713; x_wconf 70' lang='lat' dir='ltr'>indigni,</span> <span class='ocrx_word' id='word_1_77' title='bbox 1079 681 1194 706; x_wconf 84' lang='lat' dir='ltr'>tamen</span> 
     </span>
     <span class='ocr_line' id='line_1_13' title="bbox 212 719 1196 767; baseline 0.006 -16"><span class='ocrx_word' id='word_1_78' title='bbox 212 733 293 752; x_wconf 69' lang='lat' dir='ltr'>vere</span> <span class='ocrx_word' id='word_1_79' title='bbox 313 720 418 763; x_wconf 80' lang='lat' dir='ltr'>recipi</span> <span class='ocrx_word' id='word_1_80' title='bbox 438 726 582 767; x_wconf 83' lang='lat' dir='ltr'>propter</span> <span class='ocrx_word' id='word_1_81' title='bbox 599 720 708 752; x_wconf 82' lang='lat' dir='ltr'>lilium</span> <span class='ocrx_word' id='word_1_82' title='bbox 727 719 802 754; x_wconf 58' lang='lat' dir='ltr'>Dei.</span> <span class='ocrx_word' id='word_1_83' title='bbox 857 722 993 754; x_wconf 82' lang='lat' dir='ltr'>Deinde</span> <span class='ocrx_word' id='word_1_84' title='bbox 1017 724 1058 756; x_wconf 74' lang='lat' dir='ltr'>de</span> <span class='ocrx_word' id='word_1_85' title='bbox 1085 726 1196 757; x_wconf 88' lang='lat' dir='ltr'>causis</span> 
     </span>
     <span class='ocr_line' id='line_1_14' title="bbox 213 770 1195 818; baseline 0.004 -15"><span class='ocrx_word' id='word_1_86' title='bbox 213 771 444 803; x_wconf 73' lang='lat' dir='ltr'>afflictionum</span> <span class='ocrx_word' id='word_1_87' title='bbox 461 782 523 803; x_wconf 89' lang='lat' dir='ltr'>nos</span> <span class='ocrx_word' id='word_1_88' title='bbox 540 770 759 810; x_wconf 79' lang='lat' dir='ltr'>erudiamus,</span> <span class='ocrx_word' id='word_1_89' title='bbox 788 779 819 804; x_wconf 87' lang='lat' dir='ltr'>et</span> <span class='ocrx_word' id='word_1_90' title='bbox 841 772 989 805; x_wconf 85' lang='lat' dir='ltr'>sciamus</span> <span class='ocrx_word' id='word_1_91' title='bbox 1003 774 1080 806; x_wconf 87' lang='lat' dir='ltr'>Deo</span> <span class='ocrx_word' id='word_1_92' title='bbox 1099 787 1195 818; x_wconf 82' lang='lat' dir='ltr'>prae-</span> 
     </span>
     <span class='ocr_line' id='line_1_15' title="bbox 214 821 1196 865; baseline 0.006 -13"><span class='ocrx_word' id='word_1_93' title='bbox 214 823 373 854; x_wconf 83' lang='lat' dir='ltr'>standam</span> <span class='ocrx_word' id='word_1_94' title='bbox 408 832 480 853; x_wconf 85' lang='lat' dir='ltr'>csse</span> <span class='ocrx_word' id='word_1_95' title='bbox 502 821 757 858; x_wconf 71' lang='lat' dir='ltr'>obedientiam,</span> <span class='ocrx_word' id='word_1_96' title='bbox 801 828 831 854; x_wconf 90' lang='lat' dir='ltr'>et</span> <span class='ocrx_word' id='word_1_97' title='bbox 854 825 1043 865; x_wconf 88' lang='lat' dir='ltr'>petendum</span> <span class='ocrx_word' id='word_1_98' title='bbox 1077 832 1107 857; x_wconf 85' lang='lat' dir='ltr'>ct</span> <span class='ocrx_word' id='word_1_99' title='bbox 1140 838 1196 858; x_wconf 76' lang='lat' dir='ltr'>ex-</span> 
     </span>
     <span class='ocr_line' id='line_1_16' title="bbox 214 871 1197 915; baseline 0.007 -14"><span class='ocrx_word' id='word_1_100' title='bbox 214 871 423 915; x_wconf 69' lang='lat' dir='ltr'>pectandum</span> <span class='ocrx_word' id='word_1_101' title='bbox 451 871 620 903; x_wconf 72' lang='lat' dir='ltr'>auxilium</span> <span class='ocrx_word' id='word_1_102' title='bbox 646 877 678 903; x_wconf 80' lang='lat' dir='ltr'>ct</span> <span class='ocrx_word' id='word_1_103' title='bbox 709 872 975 914; x_wconf 73' lang='lat' dir='ltr'>mitigationem.</span> <span class='ocrx_word' id='word_1_104' title='bbox 1037 874 1197 908; x_wconf 86' lang='lat' dir='ltr'>Plerum-</span> 
     </span>
     <span class='ocr_line' id='line_1_17' title="bbox 215 921 1198 966; baseline 0.006 -13"><span class='ocrx_word' id='word_1_105' title='bbox 215 935 282 966; x_wconf 92' lang='lat' dir='ltr'>que</span> <span class='ocrx_word' id='word_1_106' title='bbox 314 928 427 954; x_wconf 80' lang='lat' dir='ltr'>autem</span> <span class='ocrx_word' id='word_1_107' title='bbox 461 922 600 964; x_wconf 85' lang='lat' dir='ltr'>publica</span> <span class='ocrx_word' id='word_1_108' title='bbox 630 921 783 963; x_wconf 86' lang='lat' dir='ltr'>pericula</span> <span class='ocrx_word' id='word_1_109' title='bbox 818 921 1042 958; x_wconf 76' lang='lat' dir='ltr'>vehementer</span> <span class='ocrx_word' id='word_1_110' title='bbox 1067 932 1198 960; x_wconf 83' lang='lat' dir='ltr'>terrent</span> 
     </span>
     <span class='ocr_line' id='line_1_18' title="bbox 215 971 1198 1015; baseline 0.005 -11"><span class='ocrx_word' id='word_1_111' title='bbox 215 973 368 1011; x_wconf 82' lang='lat' dir='ltr'>animos,</span> <span class='ocrx_word' id='word_1_112' title='bbox 397 982 492 1014; x_wconf 74' lang='lat' dir='ltr'>rcgcs</span> <span class='ocrx_word' id='word_1_113' title='bbox 507 971 641 1004; x_wconf 80' lang='lat' dir='ltr'>incensi</span> <span class='ocrx_word' id='word_1_114' title='bbox 660 972 770 1015; x_wconf 89' lang='lat' dir='ltr'>odiis,</span> <span class='ocrx_word' id='word_1_115' title='bbox 798 973 913 1005; x_wconf 81' lang='lat' dir='ltr'>delere</span> <span class='ocrx_word' id='word_1_116' title='bbox 931 973 1121 1009; x_wconf 73' lang='lat' dir='ltr'>Ecclesiam</span> <span class='ocrx_word' id='word_1_117' title='bbox 1140 990 1198 1009; x_wconf 90' lang='lat' dir='ltr'>co-</span> 
     </span>
     <span class='ocr_line' id='line_1_19' title="bbox 217 1022 1198 1066; baseline 0.006 -12"><span class='ocrx_word' id='word_1_118' title='bbox 217 1030 364 1061; x_wconf 84' lang='lat' dir='ltr'>nantur,</span> <span class='ocrx_word' id='word_1_119' title='bbox 400 1029 429 1054; x_wconf 88' lang='lat' dir='ltr'>et</span> <span class='ocrx_word' id='word_1_120' title='bbox 449 1022 574 1065; x_wconf 85' lang='lat' dir='ltr'>passim</span> <span class='ocrx_word' id='word_1_121' title='bbox 597 1023 726 1054; x_wconf 84' lang='lat' dir='ltr'>multos</span> <span class='ocrx_word' id='word_1_122' title='bbox 752 1023 985 1066; x_wconf 82' lang='lat' dir='ltr'>interficiunt,</span> <span class='ocrx_word' id='word_1_123' title='bbox 1022 1027 1117 1059; x_wconf 84' lang='lat' dir='ltr'>nulla</span> <span class='ocrx_word' id='word_1_124' title='bbox 1145 1039 1198 1060; x_wconf 85' lang='lat' dir='ltr'>se·-</span> 
     </span>
     <span class='ocr_line' id='line_1_20' title="bbox 214 1073 1199 1120; baseline 0.005 -15"><span class='ocrx_word' id='word_1_125' title='bbox 214 1075 274 1105; x_wconf 68' lang='lat' dir='ltr'>dcs</span> <span class='ocrx_word' id='word_1_126' title='bbox 295 1073 492 1105; x_wconf 82' lang='lat' dir='ltr'>studiorum</span> <span class='ocrx_word' id='word_1_127' title='bbox 515 1084 677 1105; x_wconf 87' lang='lat' dir='ltr'>mansura</span> <span class='ocrx_word' id='word_1_128' title='bbox 696 1074 851 1112; x_wconf 79' lang='lat' dir='ltr'>videtur,</span> <span class='ocrx_word' id='word_1_129' title='bbox 879 1087 943 1108; x_wconf 87' lang='lat' dir='ltr'>nos</span> <span class='ocrx_word' id='word_1_130' title='bbox 969 1077 1043 1109; x_wconf 85' lang='lat' dir='ltr'>sine</span> <span class='ocrx_word' id='word_1_131' title='bbox 1070 1078 1199 1120; x_wconf 82' lang='lat' dir='ltr'>praesi-</span> 
     </span>
     <span class='ocr_line' id='line_1_21' title="bbox 217 1123 1198 1161; baseline 0.006 -6"><span class='ocrx_word' id='word_1_132' title='bbox 217 1125 304 1161; x_wconf 83' lang='lat' dir='ltr'>diis,</span> <span class='ocrx_word' id='word_1_133' title='bbox 332 1123 405 1155; x_wconf 75' lang='lat' dir='ltr'>sine</span> <span class='ocrx_word' id='word_1_134' title='bbox 422 1123 624 1155; x_wconf 69' lang='lat' dir='ltr'>defensione</span> <span class='ocrx_word' id='word_1_135' title='bbox 645 1123 714 1155; x_wconf 85' lang='lat' dir='ltr'>ulla</span> <span class='ocrx_word' id='word_1_136' title='bbox 738 1125 925 1158; x_wconf 76' lang='lat' dir='ltr'>obiicimur</span> <span class='ocrx_word' id='word_1_137' title='bbox 942 1124 1100 1160; x_wconf 73' lang='lat' dir='ltr'>hostibus</span> <span class='ocrx_word' id='word_1_138' title='bbox 1125 1136 1198 1161; x_wconf 90' lang='lat' dir='ltr'>tru-</span> 
     </span>
     <span class='ocr_line' id='line_1_22' title="bbox 217 1173 1198 1217; baseline 0.005 -11"><span class='ocrx_word' id='word_1_139' title='bbox 217 1174 369 1208; x_wconf 75' lang='lat' dir='ltr'>cidandi.</span> <span class='ocrx_word' id='word_1_140' title='bbox 424 1173 490 1205; x_wconf 81' lang='lat' dir='ltr'>llic</span> <span class='ocrx_word' id='word_1_141' title='bbox 507 1173 647 1205; x_wconf 80' lang='lat' dir='ltr'>difficile</span> <span class='ocrx_word' id='word_1_142' title='bbox 671 1181 719 1206; x_wconf 81' lang='lat' dir='ltr'>est</span> <span class='ocrx_word' id='word_1_143' title='bbox 746 1175 1054 1217; x_wconf 74' lang='lat' dir='ltr'>iutelligerehanc</span> <span class='ocrx_word' id='word_1_144' title='bbox 1080 1191 1198 1211; x_wconf 71' lang='lat' dir='ltr'>vocem</span> 
     </span>
     <span class='ocr_line' id='line_1_23' title="bbox 216 1223 1201 1274; baseline 0.007 -19"><span class='ocrx_word' id='word_1_145' title='bbox 216 1223 363 1257; x_wconf 71' lang='lat' dir='ltr'>(Iliristiz</span> <span class='ocrx_word' id='word_1_146' title='bbox 402 1223 524 1256; x_wconf 84' lang='lat' dir='ltr'>Pacem</span> <span class='ocrx_word' id='word_1_147' title='bbox 551 1236 661 1255; x_wconf 85' lang='lat' dir='ltr'>meam</span> <span class='ocrx_word' id='word_1_148' title='bbox 684 1225 728 1257; x_wconf 89' lang='lat' dir='ltr'>do</span> <span class='ocrx_word' id='word_1_149' title='bbox 751 1226 863 1259; x_wconf 80' lang='lat' dir='ltr'>vobis.</span> <span class='ocrx_word' id='word_1_150' title='bbox 917 1226 983 1260; x_wconf 79' lang='lat' dir='ltr'>Sed</span> <span class='ocrx_word' id='word_1_151' title='bbox 1011 1235 1125 1261; x_wconf 81' lang='lat' dir='ltr'>tamen</span> <span class='ocrx_word' id='word_1_152' title='bbox 1151 1230 1201 1274; x_wconf 84' lang='lat' dir='ltr'>pii</span> 
     </span>
     <span class='ocr_line' id='line_1_24' title="bbox 220 1272 1200 1316; baseline 0.005 -8"><span class='ocrx_word' id='word_1_153' title='bbox 220 1274 351 1308; x_wconf 68' lang='lat' dir='ltr'>l1alzeut</span> <span class='ocrx_word' id='word_1_154' title='bbox 386 1272 445 1306; x_wconf 82' lang='lat' dir='ltr'>lias</span> <span class='ocrx_word' id='word_1_155' title='bbox 483 1275 759 1316; x_wconf 67' lang='lat' dir='ltr'>consolationes,</span> <span class='ocrx_word' id='word_1_156' title='bbox 800 1277 915 1310; x_wconf 86' lang='lat' dir='ltr'>sciunt</span> <span class='ocrx_word' id='word_1_157' title='bbox 950 1290 1012 1311; x_wconf 88' lang='lat' dir='ltr'>cur</span> <span class='ocrx_word' id='word_1_158' title='bbox 1045 1278 1200 1313; x_wconf 79' lang='lat' dir='ltr'>Ecclesia</span> 
     </span>
     <span class='ocr_line' id='line_1_25' title="bbox 220 1324 1203 1372; baseline 0.007 -15"><span class='ocrx_word' id='word_1_159' title='bbox 220 1326 314 1358; x_wconf 67' lang='lat' dir='ltr'>cruci</span> <span class='ocrx_word' id='word_1_160' title='bbox 332 1325 484 1357; x_wconf 76' lang='lat' dir='ltr'>subiecta</span> <span class='ocrx_word' id='word_1_161' title='bbox 513 1325 575 1364; x_wconf 88' lang='lat' dir='ltr'>sit,</span> <span class='ocrx_word' id='word_1_162' title='bbox 609 1332 639 1357; x_wconf 89' lang='lat' dir='ltr'>et</span> <span class='ocrx_word' id='word_1_163' title='bbox 658 1324 732 1358; x_wconf 61' lang='lat' dir='ltr'>Deo</span> <span class='ocrx_word' id='word_1_164' title='bbox 757 1327 996 1361; x_wconf 73' lang='lat' dir='ltr'>obedientiam</span> <span class='ocrx_word' id='word_1_165' title='bbox 1024 1337 1203 1372; x_wconf 86' lang='lat' dir='ltr'>praestan-</span> 
     </span>
     <span class='ocr_line' id='line_1_26' title="bbox 219 1373 1201 1416; baseline 0.006 -8"><span class='ocrx_word' id='word_1_166' title='bbox 219 1378 299 1408; x_wconf 83' lang='lat' dir='ltr'>dam</span> <span class='ocrx_word' id='word_1_167' title='bbox 327 1387 417 1416; x_wconf 82' lang='lat' dir='ltr'>esse,</span> <span class='ocrx_word' id='word_1_168' title='bbox 453 1383 585 1409; x_wconf 81' lang='lat' dir='ltr'>norunt</span> <span class='ocrx_word' id='word_1_169' title='bbox 609 1383 640 1409; x_wconf 88' lang='lat' dir='ltr'>et</span> <span class='ocrx_word' id='word_1_170' title='bbox 666 1373 748 1416; x_wconf 84' lang='lat' dir='ltr'>hoc,</span> <span class='ocrx_word' id='word_1_171' title='bbox 783 1376 974 1410; x_wconf 80' lang='lat' dir='ltr'>Ecclesiam</span> <span class='ocrx_word' id='word_1_172' title='bbox 1001 1392 1201 1414; x_wconf 89' lang='lat' dir='ltr'>mansuram</span> 
     </span>
     <span class='ocr_line' id='line_1_27' title="bbox 220 1425 1202 1474; baseline 0.006 -17"><span class='ocrx_word' id='word_1_173' title='bbox 220 1438 311 1465; x_wconf 70' lang='lat' dir='ltr'>esse,</span> <span class='ocrx_word' id='word_1_174' title='bbox 356 1438 418 1458; x_wconf 86' lang='lat' dir='ltr'>nec</span> <span class='ocrx_word' id='word_1_175' title='bbox 447 1425 564 1458; x_wconf 89' lang='lat' dir='ltr'>irritos</span> <span class='ocrx_word' id='word_1_176' title='bbox 590 1437 662 1458; x_wconf 82' lang='lat' dir='ltr'>esse</span> <span class='ocrx_word' id='word_1_177' title='bbox 686 1427 842 1465; x_wconf 83' lang='lat' dir='ltr'>labores,</span> <span class='ocrx_word' id='word_1_178' title='bbox 884 1441 971 1474; x_wconf 89' lang='lat' dir='ltr'>quos</span> <span class='ocrx_word' id='word_1_179' title='bbox 995 1431 1202 1474; x_wconf 85' lang='lat' dir='ltr'>suscipiunt,</span> 
     </span>
     <span class='ocr_line' id='line_1_28' title="bbox 219 1476 1203 1522; baseline 0.004 -12"><span class='ocrx_word' id='word_1_180' title='bbox 219 1476 333 1510; x_wconf 80' lang='lat' dir='ltr'>Deum</span> <span class='ocrx_word' id='word_1_181' title='bbox 355 1477 456 1508; x_wconf 83' lang='lat' dir='ltr'>etiam</span> <span class='ocrx_word' id='word_1_182' title='bbox 472 1478 610 1516; x_wconf 82' lang='lat' dir='ltr'>adesse,</span> <span class='ocrx_word' id='word_1_183' title='bbox 639 1484 670 1510; x_wconf 86' lang='lat' dir='ltr'>et</span> <span class='ocrx_word' id='word_1_184' title='bbox 687 1478 852 1521; x_wconf 83' lang='lat' dir='ltr'>opitulari</span> <span class='ocrx_word' id='word_1_185' title='bbox 872 1479 966 1522; x_wconf 90' lang='lat' dir='ltr'>ipsis.</span> <span class='ocrx_word' id='word_1_186' title='bbox 1021 1479 1096 1513; x_wconf 88' lang='lat' dir='ltr'>IIae</span> <span class='ocrx_word' id='word_1_187' title='bbox 1119 1495 1203 1515; x_wconf 90' lang='lat' dir='ltr'>con-</span> 
     </span>
     <span class='ocr_line' id='line_1_29' title="bbox 222 1524 1205 1571; baseline 0.005 -11"><span class='ocrx_word' id='word_1_188' title='bbox 222 1527 409 1560; x_wconf 84' lang='lat' dir='ltr'>solationes</span> <span class='ocrx_word' id='word_1_189' title='bbox 426 1527 528 1559; x_wconf 82' lang='lat' dir='ltr'>nobis</span> <span class='ocrx_word' id='word_1_190' title='bbox 544 1524 598 1559; x_wconf 91' lang='lat' dir='ltr'>his</span> <span class='ocrx_word' id='word_1_191' title='bbox 621 1528 721 1561; x_wconf 88' lang='lat' dir='ltr'>dictis</span> <span class='ocrx_word' id='word_1_192' title='bbox 745 1529 1016 1571; x_wconf 85' lang='lat' dir='ltr'>promittuntur:</span> <span class='ocrx_word' id='word_1_193' title='bbox 1044 1531 1123 1564; x_wconf 85' lang='lat' dir='ltr'>Non</span> <span class='ocrx_word' id='word_1_194' title='bbox 1153 1545 1205 1565; x_wconf 79' lang='lat' dir='ltr'>re-</span> 
     </span>
     <span class='ocr_line' id='line_1_30' title="bbox 223 1575 1204 1622; baseline 0.005 -12"><span class='ocrx_word' id='word_1_195' title='bbox 223 1579 379 1622; x_wconf 75' lang='lat' dir='ltr'>linquam</span> <span class='ocrx_word' id='word_1_196' title='bbox 405 1589 466 1609; x_wconf 76' lang='lat' dir='ltr'>vos</span> <span class='ocrx_word' id='word_1_197' title='bbox 490 1575 679 1620; x_wconf 78' lang='lat' dir='ltr'>orphanos,</span> <span class='ocrx_word' id='word_1_198' title='bbox 741 1580 844 1612; x_wconf 83' lang='lat' dir='ltr'>Item:</span> <span class='ocrx_word' id='word_1_199' title='bbox 875 1579 997 1613; x_wconf 84' lang='lat' dir='ltr'>Pacem</span> <span class='ocrx_word' id='word_1_200' title='bbox 1025 1593 1135 1614; x_wconf 84' lang='lat' dir='ltr'>meam</span> <span class='ocrx_word' id='word_1_201' title='bbox 1160 1584 1204 1616; x_wconf 86' lang='lat' dir='ltr'>do</span> 
     </span>
     <span class='ocr_line' id='line_1_31' title="bbox 221 1626 1203 1672; baseline 0.007 -13"><span class='ocrx_word' id='word_1_202' title='bbox 221 1629 341 1666; x_wconf 54' lang='lat' dir='ltr'>vobis,</span> <span class='ocrx_word' id='word_1_203' title='bbox 385 1634 415 1660; x_wconf 84' lang='lat' dir='ltr'>et</span> <span class='ocrx_word' id='word_1_204' title='bbox 438 1626 561 1660; x_wconf 78' lang='lat' dir='ltr'>Esaiae</span> <span class='ocrx_word' id='word_1_205' title='bbox 586 1627 646 1663; x_wconf 84' lang='grc'>46.</span> <span class='ocrx_word' id='word_1_206' title='bbox 671 1629 817 1663; x_wconf 89' lang='lat' dir='ltr'>dicitur:</span> <span class='ocrx_word' id='word_1_207' title='bbox 860 1628 935 1672; x_wconf 74' lang='lat' dir='ltr'>Ego</span> <span class='ocrx_word' id='word_1_208' title='bbox 969 1641 1203 1666; x_wconf 83' lang='lat' dir='ltr'>senescentem</span> 
     </span>
     <span class='ocr_line' id='line_1_32' title="bbox 223 1678 1205 1728; baseline 0.006 -17"><span class='ocrx_word' id='word_1_209' title='bbox 223 1678 413 1711; x_wconf 70' lang='lat' dir='ltr'>Ecclesiam</span> <span class='ocrx_word' id='word_1_210' title='bbox 438 1679 599 1720; x_wconf 83' lang='lat' dir='ltr'>gestabo,</span> <span class='ocrx_word' id='word_1_211' title='bbox 642 1690 706 1723; x_wconf 84' lang='lat' dir='ltr'>ego</span> <span class='ocrx_word' id='word_1_212' title='bbox 728 1691 803 1714; x_wconf 80' lang='lat' dir='ltr'>eam</span> <span class='ocrx_word' id='word_1_213' title='bbox 828 1682 991 1723; x_wconf 87' lang='lat' dir='ltr'>condidi,</span> <span class='ocrx_word' id='word_1_214' title='bbox 1033 1695 1095 1726; x_wconf 83' lang='lat' dir='ltr'>ego</span> <span class='ocrx_word' id='word_1_215' title='bbox 1126 1696 1205 1728; x_wconf 86' lang='lat' dir='ltr'>por-</span> 
     </span>
     <span class='ocr_line' id='line_1_33' title="bbox 226 1729 587 1771; baseline 0.008 -10"><span class='ocrx_word' id='word_1_216' title='bbox 226 1731 324 1766; x_wconf 82' lang='lat' dir='ltr'>tabo,</span> <span class='ocrx_word' id='word_1_217' title='bbox 353 1741 414 1771; x_wconf 79' lang='lat' dir='ltr'>ego</span> <span class='ocrx_word' id='word_1_218' title='bbox 432 1729 587 1764; x_wconf 75' lang='lat' dir='ltr'>salvabo-</span> 
     </span>
    </p>
   </div>
   <div class='ocr_carea' id='block_1_4' title="bbox 228 1801 1216 2658">
    <p class='ocr_par' dir='ltr' id='par_1_4' title="bbox 228 1801 1216 2658">
     <span class='ocr_line' id='line_1_34' title="bbox 327 1801 1207 1851; baseline 0.007 -17"><span class='ocrx_word' id='word_1_219' title='bbox 327 1801 392 1834; x_wconf 86' lang='lat' dir='ltr'>His</span> <span class='ocrx_word' id='word_1_220' title='bbox 407 1802 708 1836; x_wconf 83' lang='lat' dir='ltr'>consolationibus</span> <span class='ocrx_word' id='word_1_221' title='bbox 727 1815 790 1837; x_wconf 90' lang='lat' dir='ltr'>nos</span> <span class='ocrx_word' id='word_1_222' title='bbox 808 1811 1042 1839; x_wconf 86' lang='lat' dir='ltr'>sustentemus</span> <span class='ocrx_word' id='word_1_223' title='bbox 1060 1807 1095 1839; x_wconf 89' lang='grc'>111</span> <span class='ocrx_word' id='word_1_224' title='bbox 1114 1808 1207 1851; x_wconf 87' lang='lat' dir='ltr'>peri-</span> 
     </span>
     <span class='ocr_line' id='line_1_35' title="bbox 228 1851 1209 1900; baseline 0.005 -14"><span class='ocrx_word' id='word_1_225' title='bbox 228 1853 315 1886; x_wconf 82' lang='lat' dir='ltr'>culis</span> <span class='ocrx_word' id='word_1_226' title='bbox 351 1851 477 1885; x_wconf 78' lang='lat' dir='ltr'>liornm</span> <span class='ocrx_word' id='word_1_227' title='bbox 509 1859 726 1896; x_wconf 86' lang='lat' dir='ltr'>temporum,</span> <span class='ocrx_word' id='word_1_228' title='bbox 762 1862 794 1889; x_wconf 87' lang='lat' dir='ltr'>et</span> <span class='ocrx_word' id='word_1_229' title='bbox 823 1856 890 1888; x_wconf 79' lang='lat' dir='ltr'>side</span> <span class='ocrx_word' id='word_1_230' title='bbox 916 1863 1071 1900; x_wconf 86' lang='lat' dir='ltr'>petamus</span> <span class='ocrx_word' id='word_1_231' title='bbox 1096 1867 1128 1892; x_wconf 88' lang='lat' dir='ltr'>et</span> <span class='ocrx_word' id='word_1_232' title='bbox 1152 1871 1209 1891; x_wconf 87' lang='lat' dir='ltr'>ex-</span> 
     </span>
     <span class='ocr_line' id='line_1_36' title="bbox 228 1903 1209 1947; baseline 0.009 -14"><span class='ocrx_word' id='word_1_233' title='bbox 228 1911 404 1947; x_wconf 77' lang='lat' dir='ltr'>pectemus</span> <span class='ocrx_word' id='word_1_234' title='bbox 421 1903 612 1944; x_wconf 87' lang='lat' dir='ltr'>auxilium,</span> <span class='ocrx_word' id='word_1_235' title='bbox 639 1911 671 1937; x_wconf 83' lang='lat' dir='ltr'>et</span> <span class='ocrx_word' id='word_1_236' title='bbox 689 1905 801 1938; x_wconf 82' lang='lat' dir='ltr'>honos</span> <span class='ocrx_word' id='word_1_237' title='bbox 817 1906 946 1947; x_wconf 73' lang='lat' dir='ltr'>exitus,</span> <span class='ocrx_word' id='word_1_238' title='bbox 974 1915 1006 1941; x_wconf 85' lang='lat' dir='ltr'>et</span> <span class='ocrx_word' id='word_1_239' title='bbox 1025 1920 1096 1941; x_wconf 87' lang='lat' dir='ltr'>non</span> <span class='ocrx_word' id='word_1_240' title='bbox 1120 1910 1209 1941; x_wconf 83' lang='lat' dir='ltr'>abii-</span> 
     </span>
     <span class='ocr_line' id='line_1_37' title="bbox 229 1953 1211 2000; baseline 0.008 -15"><span class='ocrx_word' id='word_1_241' title='bbox 229 1955 360 1986; x_wconf 75' lang='lat' dir='ltr'>ciamus</span> <span class='ocrx_word' id='word_1_242' title='bbox 377 1953 490 1985; x_wconf 85' lang='lat' dir='ltr'>studia</span> <span class='ocrx_word' id='word_1_243' title='bbox 516 1954 693 1988; x_wconf 84' lang='lat' dir='ltr'>doctrinae</span> <span class='ocrx_word' id='word_1_244' title='bbox 718 1963 860 2000; x_wconf 85' lang='lat' dir='ltr'>propter</span> <span class='ocrx_word' id='word_1_245' title='bbox 885 1954 1037 1991; x_wconf 80' lang='lat' dir='ltr'>hostium</span> <span class='ocrx_word' id='word_1_246' title='bbox 1062 1959 1211 2000; x_wconf 78' lang='lat' dir='ltr'>sorores,</span> 
     </span>
     <span class='ocr_line' id='line_1_38' title="bbox 228 2004 1211 2042; baseline 0.006 -6"><span class='ocrx_word' id='word_1_247' title='bbox 228 2017 291 2036; x_wconf 68' lang='lat' dir='ltr'>nec</span> <span class='ocrx_word' id='word_1_248' title='bbox 310 2004 522 2036; x_wconf 74' lang='lat' dir='ltr'>arbitremur</span> <span class='ocrx_word' id='word_1_249' title='bbox 539 2013 676 2038; x_wconf 86' lang='lat' dir='ltr'>nostros</span> <span class='ocrx_word' id='word_1_250' title='bbox 692 2006 827 2039; x_wconf 84' lang='lat' dir='ltr'>labores</span> <span class='ocrx_word' id='word_1_251' title='bbox 847 2007 963 2041; x_wconf 86' lang='lat' dir='ltr'>irritos</span> <span class='ocrx_word' id='word_1_252' title='bbox 980 2009 1065 2042; x_wconf 78' lang='lat' dir='ltr'>fore.</span> <span class='ocrx_word' id='word_1_253' title='bbox 1101 2010 1211 2042; x_wconf 91' lang='lat' dir='ltr'>Cum-</span> 
     </span>
     <span class='ocr_line' id='line_1_39' title="bbox 230 2055 1210 2099; baseline 0.006 -13"><span class='ocrx_word' id='word_1_254' title='bbox 230 2067 296 2099; x_wconf 86' lang='lat' dir='ltr'>que</span> <span class='ocrx_word' id='word_1_255' title='bbox 322 2055 386 2086; x_wconf 78' lang='lat' dir='ltr'>lide</span> <span class='ocrx_word' id='word_1_256' title='bbox 413 2066 475 2086; x_wconf 88' lang='lat' dir='ltr'>nos</span> <span class='ocrx_word' id='word_1_257' title='bbox 500 2055 690 2097; x_wconf 85' lang='lat' dir='ltr'>erigemus,</span> <span class='ocrx_word' id='word_1_258' title='bbox 723 2057 911 2089; x_wconf 80' lang='lat' dir='ltr'>sentiemus</span> <span class='ocrx_word' id='word_1_259' title='bbox 936 2059 1210 2092; x_wconf 84' lang='lat' dir='ltr'>consolationem</span> 
     </span>
     <span class='ocr_line' id='line_1_40' title="bbox 232 2105 1211 2152; baseline 0.007 -16"><span class='ocrx_word' id='word_1_260' title='bbox 232 2113 262 2137; x_wconf 70' lang='lat' dir='ltr'>et</span> <span class='ocrx_word' id='word_1_261' title='bbox 281 2106 446 2145; x_wconf 70' lang='lat' dir='ltr'>gaudium</span> <span class='ocrx_word' id='word_1_262' title='bbox 459 2131 468 2145; x_wconf 90' lang='lat'>,</span> <span class='ocrx_word' id='word_1_263' title='bbox 495 2106 538 2138; x_wconf 88' lang='lat' dir='ltr'>de</span> <span class='ocrx_word' id='word_1_264' title='bbox 557 2118 626 2150; x_wconf 91' lang='lat' dir='ltr'>quo</span> <span class='ocrx_word' id='word_1_265' title='bbox 643 2105 773 2139; x_wconf 86' lang='lat' dir='ltr'>Paulus</span> <span class='ocrx_word' id='word_1_266' title='bbox 789 2108 831 2139; x_wconf 86' lang='lat' dir='ltr'>ad</span> <span class='ocrx_word' id='word_1_267' title='bbox 850 2105 1107 2152; x_wconf 68' lang='lat' dir='ltr'>Philippenses:</span> <span class='ocrx_word' id='word_1_268' title='bbox 1141 2109 1211 2143; x_wconf 80' lang='lat' dir='ltr'>Pax</span> 
     </span>
     <span class='ocr_line' id='line_1_41' title="bbox 231 2155 1213 2200; baseline 0.005 -12"><span class='ocrx_word' id='word_1_269' title='bbox 231 2155 294 2188; x_wconf 64' lang='lat' dir='ltr'>Dei</span> <span class='ocrx_word' id='word_1_270' title='bbox 315 2168 400 2200; x_wconf 82' lang='lat' dir='ltr'>quae</span> <span class='ocrx_word' id='word_1_271' title='bbox 419 2163 560 2198; x_wconf 88' lang='lat' dir='ltr'>superat</span> <span class='ocrx_word' id='word_1_272' title='bbox 575 2169 714 2189; x_wconf 89' lang='lat' dir='ltr'>omnem</span> <span class='ocrx_word' id='word_1_273' title='bbox 733 2168 870 2189; x_wconf 89' lang='lat' dir='ltr'>sensum</span> <span class='ocrx_word' id='word_1_274' title='bbox 883 2185 891 2197; x_wconf 92' lang='lat'>‚</span> <span class='ocrx_word' id='word_1_275' title='bbox 919 2160 1092 2193; x_wconf 88' lang='lat' dir='ltr'>custodiat</span> <span class='ocrx_word' id='word_1_276' title='bbox 1109 2162 1213 2194; x_wconf 86' lang='lat' dir='ltr'>corda</span> 
     </span>
     <span class='ocr_line' id='line_1_42' title="bbox 231 2206 1213 2244; baseline 0.007 -7"><span class='ocrx_word' id='word_1_277' title='bbox 231 2214 343 2238; x_wconf 76' lang='lat' dir='ltr'>vestra</span> <span class='ocrx_word' id='word_1_278' title='bbox 372 2213 403 2239; x_wconf 86' lang='lat' dir='ltr'>ct</span> <span class='ocrx_word' id='word_1_279' title='bbox 434 2217 554 2239; x_wconf 87' lang='lat' dir='ltr'>sensus</span> <span class='ocrx_word' id='word_1_280' title='bbox 585 2214 718 2240; x_wconf 87' lang='lat' dir='ltr'>vestros</span> <span class='ocrx_word' id='word_1_281' title='bbox 750 2208 786 2240; x_wconf 90' lang='lat' dir='ltr'>in</span> <span class='ocrx_word' id='word_1_282' title='bbox 821 2206 960 2242; x_wconf 76' lang='lat' dir='ltr'>Christo</span> <span class='ocrx_word' id='word_1_283' title='bbox 995 2209 1081 2243; x_wconf 87' lang='lat' dir='ltr'>lesu.</span> <span class='ocrx_word' id='word_1_284' title='bbox 1143 2210 1213 2244; x_wconf 78' lang='lat' dir='ltr'>Pax</span> 
     </span>
     <span class='ocr_line' id='line_1_43' title="bbox 233 2255 1212 2305; baseline 0.007 -18"><span class='ocrx_word' id='word_1_285' title='bbox 233 2255 318 2293; x_wconf 77' lang='lat' dir='ltr'>Dei,</span> <span class='ocrx_word' id='word_1_286' title='bbox 347 2257 380 2287; x_wconf 91' lang='lat' dir='ltr'>id</span> <span class='ocrx_word' id='word_1_287' title='bbox 399 2264 470 2297; x_wconf 87' lang='lat' dir='ltr'>est,</span> <span class='ocrx_word' id='word_1_288' title='bbox 497 2258 689 2291; x_wconf 88' lang='lat' dir='ltr'>consolatio</span> <span class='ocrx_word' id='word_1_289' title='bbox 707 2265 818 2292; x_wconf 88' lang='lat' dir='ltr'>sumta</span> <span class='ocrx_word' id='word_1_290' title='bbox 838 2271 877 2291; x_wconf 85' lang='lat' dir='ltr'>ex</span> <span class='ocrx_word' id='word_1_291' title='bbox 900 2261 1109 2294; x_wconf 69' lang='lat' dir='ltr'>dulcissimis</span> <span class='ocrx_word' id='word_1_292' title='bbox 1133 2274 1212 2305; x_wconf 89' lang='lat' dir='ltr'>pro-</span> 
     </span>
     <span class='ocr_line' id='line_1_44' title="bbox 234 2307 1214 2354; baseline 0.009 -17"><span class='ocrx_word' id='word_1_293' title='bbox 234 2307 479 2348; x_wconf 76' lang='lat' dir='ltr'>missionibus,</span> <span class='ocrx_word' id='word_1_294' title='bbox 518 2320 604 2352; x_wconf 87' lang='lat' dir='ltr'>quas</span> <span class='ocrx_word' id='word_1_295' title='bbox 637 2309 722 2341; x_wconf 83' lang='lat' dir='ltr'>fides</span> <span class='ocrx_word' id='word_1_296' title='bbox 753 2321 832 2342; x_wconf 87' lang='lat' dir='ltr'>cum</span> <span class='ocrx_word' id='word_1_297' title='bbox 864 2312 1105 2354; x_wconf 83' lang='lat' dir='ltr'>amplectitur,</span> <span class='ocrx_word' id='word_1_298' title='bbox 1152 2313 1214 2346; x_wconf 85' lang='lat' dir='ltr'>scit</span> 
     </span>
     <span class='ocr_line' id='line_1_45' title="bbox 233 2356 1214 2404; baseline 0.007 -15"><span class='ocrx_word' id='word_1_299' title='bbox 233 2356 345 2389; x_wconf 81' lang='lat' dir='ltr'>Deum</span> <span class='ocrx_word' id='word_1_300' title='bbox 366 2357 467 2390; x_wconf 88' lang='lat' dir='ltr'>uobis</span> <span class='ocrx_word' id='word_1_301' title='bbox 484 2361 618 2400; x_wconf 87' lang='lat' dir='ltr'>adesse,</span> <span class='ocrx_word' id='word_1_302' title='bbox 644 2360 731 2393; x_wconf 88' lang='lat' dir='ltr'>sicut</span> <span class='ocrx_word' id='word_1_303' title='bbox 750 2360 884 2404; x_wconf 78' lang='lat' dir='ltr'>inquit,</span> <span class='ocrx_word' id='word_1_304' title='bbox 912 2373 945 2394; x_wconf 88' lang='lat' dir='ltr'>se</span> <span class='ocrx_word' id='word_1_305' title='bbox 962 2359 1120 2396; x_wconf 82' lang='lat' dir='ltr'>habitare</span> <span class='ocrx_word' id='word_1_306' title='bbox 1136 2375 1214 2396; x_wconf 90' lang='lat' dir='ltr'>cum</span> 
     </span>
     <span class='ocr_line' id='line_1_46' title="bbox 235 2407 1216 2457; baseline 0.009 -19"><span class='ocrx_word' id='word_1_307' title='bbox 235 2407 385 2439; x_wconf 78' lang='lat' dir='ltr'>contrito</span> <span class='ocrx_word' id='word_1_308' title='bbox 405 2409 524 2448; x_wconf 81' lang='lat' dir='ltr'>corde,</span> <span class='ocrx_word' id='word_1_309' title='bbox 558 2417 590 2443; x_wconf 91' lang='lat' dir='ltr'>et</span> <span class='ocrx_word' id='word_1_310' title='bbox 608 2417 761 2454; x_wconf 85' lang='lat' dir='ltr'>expectat</span> <span class='ocrx_word' id='word_1_311' title='bbox 785 2412 991 2454; x_wconf 87' lang='lat' dir='ltr'>consilium,</span> <span class='ocrx_word' id='word_1_312' title='bbox 1025 2413 1216 2457; x_wconf 85' lang='lat' dir='ltr'>mitigatio-</span> 
     </span>
     <span class='ocr_line' id='line_1_47' title="bbox 235 2457 1215 2508; baseline 0.01 -20"><span class='ocrx_word' id='word_1_313' title='bbox 235 2469 315 2489; x_wconf 78' lang='lat' dir='ltr'>nem</span> <span class='ocrx_word' id='word_1_314' title='bbox 348 2457 583 2500; x_wconf 82' lang='lat' dir='ltr'>periculorum</span> <span class='ocrx_word' id='word_1_315' title='bbox 615 2467 648 2493; x_wconf 89' lang='lat' dir='ltr'>et</span> <span class='ocrx_word' id='word_1_316' title='bbox 680 2461 848 2494; x_wconf 84' lang='lat' dir='ltr'>salutares</span> <span class='ocrx_word' id='word_1_317' title='bbox 881 2463 1004 2496; x_wconf 83' lang='lat' dir='ltr'>exitus.</span> <span class='ocrx_word' id='word_1_318' title='bbox 1059 2463 1112 2497; x_wconf 89' lang='lat' dir='ltr'>Ac</span> <span class='ocrx_word' id='word_1_319' title='bbox 1134 2477 1215 2508; x_wconf 88' lang='lat' dir='ltr'>pro-</span> 
     </span>
     <span class='ocr_line' id='line_1_48' title="bbox 236 2509 1216 2558; baseline 0.009 -18"><span class='ocrx_word' id='word_1_320' title='bbox 236 2515 352 2552; x_wconf 87' lang='lat' dir='ltr'>pterea</span> <span class='ocrx_word' id='word_1_321' title='bbox 371 2509 553 2543; x_wconf 79' lang='lat' dir='ltr'>confirmat</span> <span class='ocrx_word' id='word_1_322' title='bbox 577 2511 733 2551; x_wconf 84' lang='lat' dir='ltr'>animos,</span> <span class='ocrx_word' id='word_1_323' title='bbox 769 2524 812 2545; x_wconf 86' lang='lat' dir='ltr'>ne</span> <span class='ocrx_word' id='word_1_324' title='bbox 839 2514 1007 2548; x_wconf 85' lang='lat' dir='ltr'>abiiciant</span> <span class='ocrx_word' id='word_1_325' title='bbox 1029 2515 1216 2558; x_wconf 85' lang='lat' dir='ltr'>professio-</span> 
     </span>
     <span class='ocr_line' id='line_1_49' title="bbox 235 2559 1214 2608; baseline 0.009 -18"><span class='ocrx_word' id='word_1_326' title='bbox 235 2570 333 2598; x_wconf 81' lang='lat' dir='ltr'>nem,</span> <span class='ocrx_word' id='word_1_327' title='bbox 379 2559 511 2597; x_wconf 88' lang='lat' dir='ltr'>studia,</span> <span class='ocrx_word' id='word_1_328' title='bbox 563 2560 699 2594; x_wconf 86' lang='lat' dir='ltr'>labores</span> <span class='ocrx_word' id='word_1_329' title='bbox 727 2563 897 2606; x_wconf 75' lang='lat' dir='ltr'>docendi,</span> <span class='ocrx_word' id='word_1_330' title='bbox 942 2572 974 2599; x_wconf 88' lang='lat' dir='ltr'>et</span> <span class='ocrx_word' id='word_1_331' title='bbox 995 2566 1214 2608; x_wconf 82' lang='lat' dir='ltr'>gubernandi</span> 
     </span>
     <span class='ocr_line' id='line_1_50' title="bbox 233 2606 1215 2658; baseline 0.008 -17"><span class='ocrx_word' id='word_1_332' title='bbox 233 2606 444 2651; x_wconf 80' lang='lat' dir='ltr'>Ecclesiam,</span> <span class='ocrx_word' id='word_1_333' title='bbox 469 2610 604 2644; x_wconf 84' lang='lat' dir='ltr'>etiamsi</span> <span class='ocrx_word' id='word_1_334' title='bbox 622 2624 744 2655; x_wconf 83' lang='lat' dir='ltr'>magna</span> <span class='ocrx_word' id='word_1_335' title='bbox 767 2613 1013 2658; x_wconf 77' lang='lat' dir='ltr'>impedimenta</span> <span class='ocrx_word' id='word_1_336' title='bbox 1040 2617 1215 2651; x_wconf 79' lang='lat' dir='ltr'>obiiciun-</span> 
     </span>
    </p>
   </div>
   <div class='ocr_carea' id='block_1_5' title="bbox 800 52 1625 93">
    <p class='ocr_par' dir='ltr' id='par_1_5' title="bbox 800 52 1625 93">
     <span class='ocr_line' id='line_1_51' title="bbox 800 52 1625 93; baseline 0.001 -3"><span class='ocrx_word' id='word_1_337' title='bbox 800 55 923 90; x_wconf 80' lang='lat' dir='ltr'><strong>PIIIL.</strong></span> <span class='ocrx_word' id='word_1_338' title='bbox 952 55 1067 93; x_wconf 85' lang='lat' dir='ltr'><strong>MEL.</strong></span> <span class='ocrx_word' id='word_1_339' title='bbox 1093 53 1303 91; x_wconf 84' lang='lat' dir='ltr'>SCRIPTA</span> <span class='ocrx_word' id='word_1_340' title='bbox 1330 52 1625 91; x_wconf 82' lang='lat' dir='ltr'><strong>EXEGETICA.</strong></span> 
     </span>
    </p>
   </div>
   <div class='ocr_carea' id='block_1_6' title="bbox 2156 57 2230 93">
    <p class='ocr_par' dir='ltr' id='par_1_6' title="bbox 2156 57 2230 93">
     <span class='ocr_line' id='line_1_52' title="bbox 2156 57 2230 93; baseline 0 0"><span class='ocrx_word' id='word_1_341' title='bbox 2156 57 2230 93; x_wconf 77' lang='lat'>524</span> 
     </span>
    </p>
   </div>
   <div class='ocr_carea' id='block_1_7' title="bbox 1245 137 2227 228">
    <p class='ocr_par' dir='ltr' id='par_1_7' title="bbox 1245 137 2227 228">
     <span class='ocr_line' id='line_1_53' title="bbox 1245 137 2227 189; baseline 0.001 -14"><span class='ocrx_word' id='word_1_342' title='bbox 1245 148 1319 182; x_wconf 87' lang='lat' dir='ltr'>tur,</span> <span class='ocrx_word' id='word_1_343' title='bbox 1360 137 1415 174; x_wconf 86' lang='lat' dir='ltr'>his</span> <span class='ocrx_word' id='word_1_344' title='bbox 1445 140 1611 175; x_wconf 90' lang='lat' dir='ltr'>omnibus</span> <span class='ocrx_word' id='word_1_345' title='bbox 1633 143 1780 187; x_wconf 90' lang='lat' dir='ltr'>opponit</span> <span class='ocrx_word' id='word_1_346' title='bbox 1804 141 2052 189; x_wconf 31' lang='lat' dir='ltr'>Christus-hoc</span> <span class='ocrx_word' id='word_1_347' title='bbox 2077 143 2227 177; x_wconf 87' lang='lat' dir='ltr'>dictum:</span> 
     </span>
     <span class='ocr_line' id='line_1_54' title="bbox 1246 191 1688 228; baseline 0.005 -3"><span class='ocrx_word' id='word_1_348' title='bbox 1246 191 1368 225; x_wconf 85' lang='lat' dir='ltr'>Pacem</span> <span class='ocrx_word' id='word_1_349' title='bbox 1388 203 1499 224; x_wconf 86' lang='lat' dir='ltr'>meam</span> <span class='ocrx_word' id='word_1_350' title='bbox 1516 192 1561 225; x_wconf 89' lang='lat' dir='ltr'>do</span> <span class='ocrx_word' id='word_1_351' title='bbox 1579 192 1688 228; x_wconf 83' lang='lat' dir='ltr'>vobis.</span> 
     </span>
    </p>
   </div>
   <div class='ocr_carea' id='block_1_8' title="bbox 1300 272 2176 324">
    <p class='ocr_par' dir='ltr' id='par_1_8' title="bbox 1300 272 2176 324">
     <span class='ocr_line' id='line_1_55' title="bbox 1300 272 2176 324; baseline 0.003 -16"><span class='ocrx_word' id='word_1_352' title='bbox 1300 272 1412 311; x_wconf 82' lang='lat' dir='ltr'>Vado</span> <span class='ocrx_word' id='word_1_353' title='bbox 1428 272 1483 308; x_wconf 80' lang='lat' dir='ltr'>ad</span> <span class='ocrx_word' id='word_1_354' title='bbox 1495 279 1635 322; x_wconf 79' lang='lat' dir='ltr'>patrem</span> <span class='ocrx_word' id='word_1_355' title='bbox 1648 304 1656 318; x_wconf 88' lang='lat'>‚</span> <span class='ocrx_word' id='word_1_356' title='bbox 1683 275 1770 324; x_wconf 75' lang='lat' dir='ltr'>quia</span> <span class='ocrx_word' id='word_1_357' title='bbox 1786 281 1890 324; x_wconf 80' lang='lat' dir='ltr'>paler</span> <span class='ocrx_word' id='word_1_358' title='bbox 1907 276 2027 311; x_wconf 82' lang='lat' dir='ltr'>maior</span> <span class='ocrx_word' id='word_1_359' title='bbox 2045 289 2098 311; x_wconf 83' lang='lat' dir='ltr'>me</span> <span class='ocrx_word' id='word_1_360' title='bbox 2116 282 2176 312; x_wconf 81' lang='lat' dir='ltr'>esl.</span> 
     </span>
    </p>
   </div>
   <div class='ocr_carea' id='block_1_9' title="bbox 1247 343 2248 2613">
    <p class='ocr_par' dir='ltr' id='par_1_9' title="bbox 1247 343 2238 1094">
     <span class='ocr_line' id='line_1_56' title="bbox 1349 343 2231 387; baseline 0.001 -10"><span class='ocrx_word' id='word_1_361' title='bbox 1349 343 1596 377; x_wconf 76' lang='lat' dir='ltr'>Commoratur</span> <span class='ocrx_word' id='word_1_362' title='bbox 1614 343 1650 375; x_wconf 90' lang='lat' dir='ltr'>in</span> <span class='ocrx_word' id='word_1_363' title='bbox 1676 344 1974 387; x_wconf 85' lang='lat' dir='ltr'>praemonitione,</span> <span class='ocrx_word' id='word_1_364' title='bbox 2015 352 2047 378; x_wconf 87' lang='lat' dir='ltr'>et</span> <span class='ocrx_word' id='word_1_365' title='bbox 2069 346 2231 379; x_wconf 85' lang='lat' dir='ltr'>consola-</span> 
     </span>
     <span class='ocr_line' id='line_1_57' title="bbox 1248 392 2227 439; baseline 0.002 -12"><span class='ocrx_word' id='word_1_366' title='bbox 1248 394 1360 427; x_wconf 84' lang='lat' dir='ltr'>tione:</span> <span class='ocrx_word' id='word_1_367' title='bbox 1387 392 1481 436; x_wconf 76' lang='lat' dir='ltr'>Ego,</span> <span class='ocrx_word' id='word_1_368' title='bbox 1508 394 1643 438; x_wconf 87' lang='lat' dir='ltr'>inquit,</span> <span class='ocrx_word' id='word_1_369' title='bbox 1669 395 1842 428; x_wconf 81' lang='lat' dir='ltr'>discedam</span> <span class='ocrx_word' id='word_1_370' title='bbox 1862 397 1904 428; x_wconf 85' lang='lat' dir='ltr'>ad</span> <span class='ocrx_word' id='word_1_371' title='bbox 1925 403 2076 439; x_wconf 84' lang='lat' dir='ltr'>patrem,</span> <span class='ocrx_word' id='word_1_372' title='bbox 2105 397 2138 429; x_wconf 89' lang='lat' dir='ltr'>id</span> <span class='ocrx_word' id='word_1_373' title='bbox 2166 404 2227 437; x_wconf 87' lang='lat' dir='ltr'>est,</span> 
     </span>
     <span class='ocr_line' id='line_1_58' title="bbox 1247 445 2229 488; baseline 0.002 -12"><span class='ocrx_word' id='word_1_374' title='bbox 1247 445 1427 488; x_wconf 85' lang='lat' dir='ltr'>aliquanto</span> <span class='ocrx_word' id='word_1_375' title='bbox 1445 451 1522 488; x_wconf 89' lang='lat' dir='ltr'>post</span> <span class='ocrx_word' id='word_1_376' title='bbox 1537 445 1741 485; x_wconf 86' lang='lat' dir='ltr'>interficiar,</span> <span class='ocrx_word' id='word_1_377' title='bbox 1757 447 1816 478; x_wconf 86' lang='lat' dir='ltr'>scd</span> <span class='ocrx_word' id='word_1_378' title='bbox 1835 446 1892 478; x_wconf 86' lang='lat' dir='ltr'>illa</span> <span class='ocrx_word' id='word_1_379' title='bbox 1912 458 2006 478; x_wconf 90' lang='lat' dir='ltr'>mors</span> <span class='ocrx_word' id='word_1_380' title='bbox 2023 446 2087 479; x_wconf 86' lang='lat' dir='ltr'>erit</span> <span class='ocrx_word' id='word_1_381' title='bbox 2103 447 2229 479; x_wconf 87' lang='lat' dir='ltr'>transi-</span> 
     </span>
     <span class='ocr_line' id='line_1_59' title="bbox 1249 496 2231 541; baseline 0.001 -13"><span class='ocrx_word' id='word_1_382' title='bbox 1249 502 1303 528; x_wconf 80' lang='lat' dir='ltr'>tus</span> <span class='ocrx_word' id='word_1_383' title='bbox 1320 497 1361 527; x_wconf 86' lang='lat' dir='ltr'>ad</span> <span class='ocrx_word' id='word_1_384' title='bbox 1381 496 1484 528; x_wconf 85' lang='lat' dir='ltr'>vitam</span> <span class='ocrx_word' id='word_1_385' title='bbox 1504 502 1700 536; x_wconf 84' lang='lat' dir='ltr'>aeternam,</span> <span class='ocrx_word' id='word_1_386' title='bbox 1735 503 1767 530; x_wconf 90' lang='lat' dir='ltr'>et</span> <span class='ocrx_word' id='word_1_387' title='bbox 1790 498 1831 529; x_wconf 88' lang='lat' dir='ltr'>ad</span> <span class='ocrx_word' id='word_1_388' title='bbox 1856 508 2023 539; x_wconf 86' lang='lat' dir='ltr'>regnum,</span> <span class='ocrx_word' id='word_1_389' title='bbox 2061 497 2154 541; x_wconf 89' lang='lat' dir='ltr'>quod</span> <span class='ocrx_word' id='word_1_390' title='bbox 2177 508 2231 529; x_wconf 88' lang='lat' dir='ltr'>se-</span> 
     </span>
     <span class='ocr_line' id='line_1_60' title="bbox 1248 547 2233 592; baseline 0.001 -14"><span class='ocrx_word' id='word_1_391' title='bbox 1248 547 1333 578; x_wconf 81' lang='lat' dir='ltr'>dens</span> <span class='ocrx_word' id='word_1_392' title='bbox 1352 547 1393 578; x_wconf 88' lang='lat' dir='ltr'>ad</span> <span class='ocrx_word' id='word_1_393' title='bbox 1413 547 1568 580; x_wconf 83' lang='lat' dir='ltr'>dextram</span> <span class='ocrx_word' id='word_1_394' title='bbox 1591 547 1716 590; x_wconf 90' lang='lat' dir='ltr'>patris,</span> <span class='ocrx_word' id='word_1_395' title='bbox 1744 547 1778 580; x_wconf 89' lang='lat' dir='ltr'>id</span> <span class='ocrx_word' id='word_1_396' title='bbox 1797 554 1866 588; x_wconf 86' lang='lat' dir='ltr'>est,</span> <span class='ocrx_word' id='word_1_397' title='bbox 1890 548 1961 591; x_wconf 89' lang='lat' dir='ltr'>pari</span> <span class='ocrx_word' id='word_1_398' title='bbox 1981 547 2135 592; x_wconf 83' lang='lat' dir='ltr'>potentia</span> <span class='ocrx_word' id='word_1_399' title='bbox 2154 558 2233 580; x_wconf 85' lang='lat' dir='ltr'>cum</span> 
     </span>
     <span class='ocr_line' id='line_1_61' title="bbox 1250 597 2234 643; baseline 0.002 -15"><span class='ocrx_word' id='word_1_400' title='bbox 1250 604 1345 640; x_wconf 85' lang='lat' dir='ltr'>patre</span> <span class='ocrx_word' id='word_1_401' title='bbox 1379 597 1652 638; x_wconf 85' lang='lat' dir='ltr'>administrabo,</span> <span class='ocrx_word' id='word_1_402' title='bbox 1694 598 1929 637; x_wconf 85' lang='lat' dir='ltr'>sanctificans,</span> <span class='ocrx_word' id='word_1_403' title='bbox 1967 604 2147 643; x_wconf 32' lang='lat' dir='ltr'>regens-et</span> <span class='ocrx_word' id='word_1_404' title='bbox 2179 597 2234 630; x_wconf 85' lang='lat' dir='ltr'>vi-</span> 
     </span>
     <span class='ocr_line' id='line_1_62' title="bbox 1251 645 2233 683; baseline 0.002 -5"><span class='ocrx_word' id='word_1_405' title='bbox 1251 647 1393 680; x_wconf 74' lang='lat' dir='ltr'>vificans</span> <span class='ocrx_word' id='word_1_406' title='bbox 1411 645 1602 680; x_wconf 89' lang='lat' dir='ltr'>Ecclesiam</span> <span class='ocrx_word' id='word_1_407' title='bbox 1620 654 1808 683; x_wconf 87' lang='lat' dir='ltr'>aeternam.</span> <span class='ocrx_word' id='word_1_408' title='bbox 1862 649 2018 682; x_wconf 84' lang='lat' dir='ltr'>Additur</span> <span class='ocrx_word' id='word_1_409' title='bbox 2035 655 2149 681; x_wconf 88' lang='lat' dir='ltr'>autem</span> <span class='ocrx_word' id='word_1_410' title='bbox 2177 659 2233 680; x_wconf 87' lang='lat' dir='ltr'>ra-</span> 
     </span>
     <span class='ocr_line' id='line_1_63' title="bbox 1251 697 2235 742; baseline 0.002 -13"><span class='ocrx_word' id='word_1_411' title='bbox 1251 698 1314 730; x_wconf 84' lang='lat' dir='ltr'>tio:</span> <span class='ocrx_word' id='word_1_412' title='bbox 1353 697 1445 740; x_wconf 82' lang='lat' dir='ltr'>Quia</span> <span class='ocrx_word' id='word_1_413' title='bbox 1463 704 1559 742; x_wconf 86' lang='lat' dir='ltr'>pater</span> <span class='ocrx_word' id='word_1_414' title='bbox 1576 699 1687 731; x_wconf 86' lang='lat' dir='ltr'>maior</span> <span class='ocrx_word' id='word_1_415' title='bbox 1704 712 1757 731; x_wconf 92' lang='lat' dir='ltr'>me</span> <span class='ocrx_word' id='word_1_416' title='bbox 1776 705 1842 739; x_wconf 87' lang='lat' dir='ltr'>est,</span> <span class='ocrx_word' id='word_1_417' title='bbox 1870 700 1905 732; x_wconf 89' lang='lat' dir='ltr'>id</span> <span class='ocrx_word' id='word_1_418' title='bbox 1930 706 1999 738; x_wconf 89' lang='lat' dir='ltr'>est,</span> <span class='ocrx_word' id='word_1_419' title='bbox 2028 711 2084 732; x_wconf 84' lang='lat' dir='ltr'>me</span> <span class='ocrx_word' id='word_1_420' title='bbox 2108 698 2235 732; x_wconf 81' lang='lat' dir='ltr'>videtis</span> 
     </span>
     <span class='ocr_line' id='line_1_64' title="bbox 1252 746 2236 790; baseline 0.001 -10"><span class='ocrx_word' id='word_1_421' title='bbox 1252 749 1286 780; x_wconf 89' lang='lat' dir='ltr'>in</span> <span class='ocrx_word' id='word_1_422' title='bbox 1319 746 1381 781; x_wconf 77' lang='lat' dir='ltr'>liae</span> <span class='ocrx_word' id='word_1_423' title='bbox 1414 760 1488 781; x_wconf 85' lang='lat' dir='ltr'>mea</span> <span class='ocrx_word' id='word_1_424' title='bbox 1517 750 1698 782; x_wconf 85' lang='lat' dir='ltr'>vocatione</span> <span class='ocrx_word' id='word_1_425' title='bbox 1733 750 1962 790; x_wconf 87' lang='lat' dir='ltr'>imbecillem,</span> <span class='ocrx_word' id='word_1_426' title='bbox 2011 750 2236 788; x_wconf 85' lang='lat' dir='ltr'>moriturum,</span> 
     </span>
     <span class='ocr_line' id='line_1_65' title="bbox 1251 797 2237 838; baseline 0.001 -8"><span class='ocrx_word' id='word_1_427' title='bbox 1251 799 1346 831; x_wconf 85' lang='lat' dir='ltr'>velut</span> <span class='ocrx_word' id='word_1_428' title='bbox 1383 800 1558 832; x_wconf 85' lang='lat' dir='ltr'>desertum</span> <span class='ocrx_word' id='word_1_429' title='bbox 1593 812 1612 832; x_wconf 88' lang='lat' dir='ltr'>a</span> <span class='ocrx_word' id='word_1_430' title='bbox 1643 799 1718 833; x_wconf 91' lang='lat' dir='ltr'>Deo</span> <span class='ocrx_word' id='word_1_431' title='bbox 1751 807 1783 834; x_wconf 85' lang='lat' dir='ltr'>et</span> <span class='ocrx_word' id='word_1_432' title='bbox 1815 801 1981 834; x_wconf 82' lang='lat' dir='ltr'>omnibus</span> <span class='ocrx_word' id='word_1_433' title='bbox 2019 797 2237 838; x_wconf 84' lang='lat' dir='ltr'>hominihus,</span> 
     </span>
     <span class='ocr_line' id='line_1_66' title="bbox 1251 837 2235 892; baseline 0.003 -12"><span class='ocrx_word' id='word_1_434' title='bbox 1251 850 1308 881; x_wconf 86' lang='lat' dir='ltr'>sed</span> <span class='ocrx_word' id='word_1_435' title='bbox 1325 855 1362 881; x_wconf 88' lang='lat' dir='ltr'>ut</span> <span class='ocrx_word' id='word_1_436' title='bbox 1379 856 1479 882; x_wconf 84' lang='lat' dir='ltr'>antea</span> <span class='ocrx_word' id='word_1_437' title='bbox 1494 850 1582 883; x_wconf 86' lang='lat' dir='ltr'>dixi:</span> <span class='ocrx_word' id='word_1_438' title='bbox 1619 837 1769 892; x_wconf 79' lang='lat' dir='ltr'>Scitote,</span> <span class='ocrx_word' id='word_1_439' title='bbox 1792 863 1845 884; x_wconf 90' lang='lat' dir='ltr'>me</span> <span class='ocrx_word' id='word_1_440' title='bbox 1864 864 1935 884; x_wconf 90' lang='lat' dir='ltr'>non</span> <span class='ocrx_word' id='word_1_441' title='bbox 1953 852 2127 884; x_wconf 85' lang='lat' dir='ltr'>desertum</span> <span class='ocrx_word' id='word_1_442' title='bbox 2152 861 2235 883; x_wconf 78' lang='lat' dir='ltr'>esse.</span> 
     </span>
     <span class='ocr_line' id='line_1_67' title="bbox 1253 899 2236 944; baseline 0.001 -12"><span class='ocrx_word' id='word_1_443' title='bbox 1253 899 1376 943; x_wconf 85' lang='lat' dir='ltr'>Pater,</span> <span class='ocrx_word' id='word_1_444' title='bbox 1404 900 1463 944; x_wconf 83' lang='lat' dir='ltr'>qui</span> <span class='ocrx_word' id='word_1_445' title='bbox 1481 911 1535 932; x_wconf 89' lang='lat' dir='ltr'>me</span> <span class='ocrx_word' id='word_1_446' title='bbox 1552 901 1664 939; x_wconf 86' lang='lat' dir='ltr'>misit,</span> <span class='ocrx_word' id='word_1_447' title='bbox 1693 903 1786 935; x_wconf 85' lang='lat' dir='ltr'>adest</span> <span class='ocrx_word' id='word_1_448' title='bbox 1805 900 1913 942; x_wconf 85' lang='grc'>1111111,</span> <span class='ocrx_word' id='word_1_449' title='bbox 1928 901 2146 934; x_wconf 88' lang='lat' dir='ltr'>resuscitabit</span> <span class='ocrx_word' id='word_1_450' title='bbox 2167 911 2236 939; x_wconf 87' lang='lat' dir='ltr'>me,</span> 
     </span>
     <span class='ocr_line' id='line_1_68' title="bbox 1251 951 2236 996; baseline 0.001 -14"><span class='ocrx_word' id='word_1_451' title='bbox 1251 957 1281 982; x_wconf 87' lang='lat' dir='ltr'>et</span> <span class='ocrx_word' id='word_1_452' title='bbox 1305 961 1452 991; x_wconf 82' lang='lat' dir='ltr'>reguum</span> <span class='ocrx_word' id='word_1_453' title='bbox 1478 957 1658 983; x_wconf 82' lang='lat' dir='ltr'>aeternum</span> <span class='ocrx_word' id='word_1_454' title='bbox 1684 953 1795 984; x_wconf 86' lang='lat' dir='ltr'>tradet</span> <span class='ocrx_word' id='word_1_455' title='bbox 1819 951 1928 992; x_wconf 79' lang='lat' dir='ltr'>mihi,</span> <span class='ocrx_word' id='word_1_456' title='bbox 1963 952 1999 984; x_wconf 87' lang='grc'>111</span> <span class='ocrx_word' id='word_1_457' title='bbox 2023 964 2092 996; x_wconf 89' lang='lat' dir='ltr'>quo</span> <span class='ocrx_word' id='word_1_458' title='bbox 2118 962 2178 983; x_wconf 85' lang='lat' dir='ltr'>vos</span> <span class='ocrx_word' id='word_1_459' title='bbox 2203 957 2236 983; x_wconf 84' lang='lat' dir='ltr'>et</span> 
     </span>
     <span class='ocr_line' id='line_1_69' title="bbox 1251 999 2238 1045; baseline 0.002 -14"><span class='ocrx_word' id='word_1_460' title='bbox 1251 1012 1373 1032; x_wconf 90' lang='lat' dir='ltr'>omnes</span> <span class='ocrx_word' id='word_1_461' title='bbox 1397 999 1456 1044; x_wconf 87' lang='lat' dir='ltr'>qui</span> <span class='ocrx_word' id='word_1_462' title='bbox 1484 1001 1626 1034; x_wconf 84' lang='lat' dir='ltr'>credent</span> <span class='ocrx_word' id='word_1_463' title='bbox 1649 999 1861 1045; x_wconf 85' lang='lat' dir='ltr'>Evangelio,</span> <span class='ocrx_word' id='word_1_464' title='bbox 1897 1003 2037 1035; x_wconf 86' lang='lat' dir='ltr'>donabo</span> <span class='ocrx_word' id='word_1_465' title='bbox 2062 1013 2152 1034; x_wconf 87' lang='lat' dir='ltr'>nova</span> <span class='ocrx_word' id='word_1_466' title='bbox 2182 1001 2238 1033; x_wconf 88' lang='lat' dir='ltr'>iu-</span> 
     </span>
     <span class='ocr_line' id='line_1_70' title="bbox 1253 1050 1961 1094; baseline 0.003 -10"><span class='ocrx_word' id='word_1_467' title='bbox 1253 1051 1370 1090; x_wconf 83' lang='lat' dir='ltr'>sticia,</span> <span class='ocrx_word' id='word_1_468' title='bbox 1396 1050 1492 1090; x_wconf 87' lang='lat' dir='ltr'>luce,</span> <span class='ocrx_word' id='word_1_469' title='bbox 1516 1051 1607 1091; x_wconf 86' lang='lat' dir='ltr'>vita,</span> <span class='ocrx_word' id='word_1_470' title='bbox 1635 1052 1793 1094; x_wconf 80' lang='lat' dir='ltr'>etgloria</span> <span class='ocrx_word' id='word_1_471' title='bbox 1809 1060 1961 1087; x_wconf 83' lang='lat' dir='ltr'>aeterna.</span> 
     </span>
    </p>

    <p class='ocr_par' dir='ltr' id='par_1_10' title="bbox 1254 1099 2246 2156">
     <span class='ocr_line' id='line_1_71' title="bbox 1354 1099 2238 1144; baseline 0 -11"><span class='ocrx_word' id='word_1_472' title='bbox 1354 1100 1545 1144; x_wconf 87' lang='lat' dir='ltr'>Praecipue</span> <span class='ocrx_word' id='word_1_473' title='bbox 1564 1114 1644 1135; x_wconf 84' lang='lat' dir='ltr'>vero</span> <span class='ocrx_word' id='word_1_474' title='bbox 1662 1100 1728 1136; x_wconf 77' lang='lat' dir='ltr'>hot:</span> <span class='ocrx_word' id='word_1_475' title='bbox 1745 1103 1876 1137; x_wconf 88' lang='lat' dir='ltr'>dictum</span> <span class='ocrx_word' id='word_1_476' title='bbox 1901 1103 2096 1137; x_wconf 82' lang='lat' dir='ltr'>citaverunt</span> <span class='ocrx_word' id='word_1_477' title='bbox 2112 1099 2238 1135; x_wconf 87' lang='lat' dir='ltr'>Ariani</span> 
     </span>
     <span class='ocr_line' id='line_1_72' title="bbox 1254 1151 2238 1196; baseline 0.001 -13"><span class='ocrx_word' id='word_1_478' title='bbox 1254 1152 1295 1184; x_wconf 93' lang='lat' dir='ltr'>ad</span> <span class='ocrx_word' id='word_1_479' title='bbox 1312 1151 1552 1184; x_wconf 81' lang='lat' dir='ltr'>defensionem</span> <span class='ocrx_word' id='word_1_480' title='bbox 1574 1153 1703 1185; x_wconf 83' lang='lat' dir='ltr'>erroris</span> <span class='ocrx_word' id='word_1_481' title='bbox 1722 1154 1788 1192; x_wconf 85' lang='lat' dir='ltr'>sui,</span> <span class='ocrx_word' id='word_1_482' title='bbox 1806 1166 1883 1186; x_wconf 88' lang='lat' dir='ltr'>cum</span> <span class='ocrx_word' id='word_1_483' title='bbox 1897 1158 2112 1196; x_wconf 83' lang='lat' dir='ltr'>negaverunt</span> <span class='ocrx_word' id='word_1_484' title='bbox 2126 1152 2238 1185; x_wconf 82' lang='lat' dir='ltr'>filium</span> 
     </span>
     <span class='ocr_line' id='line_1_73' title="bbox 1254 1201 2239 1246; baseline 0.001 -12"><span class='ocrx_word' id='word_1_485' title='bbox 1254 1202 1317 1234; x_wconf 88' lang='lat' dir='ltr'>Dei</span> <span class='ocrx_word' id='word_1_486' title='bbox 1344 1213 1414 1234; x_wconf 87' lang='lat' dir='ltr'>esse</span> <span class='ocrx_word' id='word_1_487' title='bbox 1438 1208 1562 1235; x_wconf 82' lang='lat' dir='ltr'>natura</span> <span class='ocrx_word' id='word_1_488' title='bbox 1581 1201 1706 1238; x_wconf 82' lang='lat' dir='ltr'>Deum.</span> <span class='ocrx_word' id='word_1_489' title='bbox 1766 1203 1804 1237; x_wconf 84' lang='lat' dir='ltr'>Si</span> <span class='ocrx_word' id='word_1_490' title='bbox 1822 1204 1914 1236; x_wconf 91' lang='lat' dir='ltr'>enim</span> <span class='ocrx_word' id='word_1_491' title='bbox 1936 1211 2031 1246; x_wconf 81' lang='lat' dir='ltr'>pater</span> <span class='ocrx_word' id='word_1_492' title='bbox 2050 1203 2160 1234; x_wconf 86' lang='lat' dir='ltr'>maior</span> <span class='ocrx_word' id='word_1_493' title='bbox 2177 1208 2239 1240; x_wconf 85' lang='lat' dir='ltr'>est,</span> 
     </span>
     <span class='ocr_line' id='line_1_74' title="bbox 1255 1250 2240 1296; baseline 0 -12"><span class='ocrx_word' id='word_1_494' title='bbox 1255 1253 1347 1285; x_wconf 75' lang='lat' dir='ltr'>silius</span> <span class='ocrx_word' id='word_1_495' title='bbox 1371 1264 1444 1285; x_wconf 89' lang='lat' dir='ltr'>non</span> <span class='ocrx_word' id='word_1_496' title='bbox 1467 1258 1518 1285; x_wconf 88' lang='lat' dir='ltr'>est</span> <span class='ocrx_word' id='word_1_497' title='bbox 1544 1253 1785 1296; x_wconf 86' lang='lat' dir='ltr'>omnipotens,</span> <span class='ocrx_word' id='word_1_498' title='bbox 1821 1266 1883 1286; x_wconf 84' lang='lat' dir='ltr'>nec</span> <span class='ocrx_word' id='word_1_499' title='bbox 1908 1260 1958 1287; x_wconf 88' lang='lat' dir='ltr'>est</span> <span class='ocrx_word' id='word_1_500' title='bbox 1981 1261 2105 1286; x_wconf 82' lang='lat' dir='ltr'>natura</span> <span class='ocrx_word' id='word_1_501' title='bbox 2131 1250 2240 1285; x_wconf 70' lang='lat' dir='ltr'>Deus.</span> 
     </span>
     <span class='ocr_line' id='line_1_75' title="bbox 1257 1303 2240 1348; baseline 0 -14"><span class='ocrx_word' id='word_1_502' title='bbox 1257 1303 1347 1335; x_wconf 85' lang='lat' dir='ltr'>lluic</span> <span class='ocrx_word' id='word_1_503' title='bbox 1363 1303 1578 1335; x_wconf 75' lang='lat' dir='ltr'>Arianorum</span> <span class='ocrx_word' id='word_1_504' title='bbox 1596 1304 1876 1347; x_wconf 84' lang='lat' dir='ltr'>interpretationi</span> <span class='ocrx_word' id='word_1_505' title='bbox 1900 1310 2126 1348; x_wconf 88' lang='lat' dir='ltr'>opponantur</span> <span class='ocrx_word' id='word_1_506' title='bbox 2148 1303 2240 1335; x_wconf 82' lang='lat' dir='ltr'>dicta</span> 
     </span>
     <span class='ocr_line' id='line_1_76' title="bbox 1256 1352 2240 1398; baseline -0.001 -12"><span class='ocrx_word' id='word_1_507' title='bbox 1256 1354 1292 1386; x_wconf 90' lang='lat' dir='ltr'>in</span> <span class='ocrx_word' id='word_1_508' title='bbox 1321 1354 1350 1388; x_wconf 89' lang='lat'>1.</span> <span class='ocrx_word' id='word_1_509' title='bbox 1376 1365 1450 1398; x_wconf 77' lang='lat' dir='ltr'>cap.</span> <span class='ocrx_word' id='word_1_510' title='bbox 1473 1352 1570 1389; x_wconf 77' lang='lat' dir='ltr'>Ioan,</span> <span class='ocrx_word' id='word_1_511' title='bbox 1595 1355 1657 1387; x_wconf 92' lang='lat' dir='ltr'>ubi</span> <span class='ocrx_word' id='word_1_512' title='bbox 1681 1355 1771 1388; x_wconf 84' lang='lat' dir='ltr'>clare</span> <span class='ocrx_word' id='word_1_513' title='bbox 1796 1355 1939 1388; x_wconf 88' lang='lat' dir='ltr'>dicitur:</span> <span class='ocrx_word' id='word_1_514' title='bbox 1977 1352 2024 1388; x_wconf 87' lang='lat' dir='ltr'>Et</span> <span class='ocrx_word' id='word_1_515' title='bbox 2047 1353 2141 1387; x_wconf 87' lang='lat' dir='ltr'>Deus</span> <span class='ocrx_word' id='word_1_516' title='bbox 2165 1359 2240 1386; x_wconf 80' lang='lat' dir='ltr'>erat</span> 
     </span>
     <span class='ocr_line' id='line_1_77' title="bbox 1256 1402 2241 1449; baseline 0 -13"><span class='ocrx_word' id='word_1_517' title='bbox 1256 1404 1416 1438; x_wconf 85' lang='lat' dir='ltr'>verbum.</span> <span class='ocrx_word' id='word_1_518' title='bbox 1470 1402 1571 1437; x_wconf 80' lang='lat' dir='ltr'>Item:</span> <span class='ocrx_word' id='word_1_519' title='bbox 1600 1402 1732 1438; x_wconf 82' lang='lat' dir='ltr'>Omnia</span> <span class='ocrx_word' id='word_1_520' title='bbox 1752 1406 1941 1449; x_wconf 89' lang='lat' dir='ltr'>peripsum</span> <span class='ocrx_word' id='word_1_521' title='bbox 1958 1406 2045 1439; x_wconf 84' lang='lat' dir='ltr'>sacta</span> <span class='ocrx_word' id='word_1_522' title='bbox 2072 1410 2172 1444; x_wconf 85' lang='lat' dir='ltr'>sunt,</span> <span class='ocrx_word' id='word_1_523' title='bbox 2207 1410 2241 1436; x_wconf 84' lang='lat' dir='ltr'>et</span> 
     </span>
     <span class='ocr_line' id='line_1_78' title="bbox 1257 1451 2242 1500; baseline -0.001 -13"><span class='ocrx_word' id='word_1_524' title='bbox 1257 1455 1332 1487; x_wconf 88' lang='lat' dir='ltr'>sine</span> <span class='ocrx_word' id='word_1_525' title='bbox 1366 1454 1440 1497; x_wconf 89' lang='lat' dir='ltr'>ipso</span> <span class='ocrx_word' id='word_1_526' title='bbox 1464 1454 1593 1487; x_wconf 88' lang='lat' dir='ltr'>factum</span> <span class='ocrx_word' id='word_1_527' title='bbox 1618 1462 1669 1489; x_wconf 90' lang='lat' dir='ltr'>est</span> <span class='ocrx_word' id='word_1_528' title='bbox 1693 1454 1783 1488; x_wconf 90' lang='lat' dir='ltr'>nihil</span> <span class='ocrx_word' id='word_1_529' title='bbox 1809 1457 1903 1500; x_wconf 86' lang='lat' dir='ltr'>quod</span> <span class='ocrx_word' id='word_1_530' title='bbox 1927 1457 2056 1489; x_wconf 86' lang='lat' dir='ltr'>sactum</span> <span class='ocrx_word' id='word_1_531' title='bbox 2079 1461 2139 1487; x_wconf 87' lang='lat' dir='ltr'>est.</span> <span class='ocrx_word' id='word_1_532' title='bbox 2195 1451 2242 1486; x_wconf 81' lang='lat' dir='ltr'>Et</span> 
     </span>
     <span class='ocr_line' id='line_1_79' title="bbox 1257 1502 2241 1551; baseline -0.002 -13"><span class='ocrx_word' id='word_1_533' title='bbox 1257 1506 1299 1538; x_wconf 88' lang='lat' dir='ltr'>ad</span> <span class='ocrx_word' id='word_1_534' title='bbox 1319 1503 1453 1538; x_wconf 69' lang='lat' dir='ltr'>Coloss-</span> <span class='ocrx_word' id='word_1_535' title='bbox 1474 1504 1522 1537; x_wconf 69' lang='lat'>10:</span> <span class='ocrx_word' id='word_1_536' title='bbox 1559 1502 1692 1539; x_wconf 87' lang='lat' dir='ltr'>Omnia</span> <span class='ocrx_word' id='word_1_537' title='bbox 1711 1518 1771 1551; x_wconf 91' lang='lat' dir='ltr'>per</span> <span class='ocrx_word' id='word_1_538' title='bbox 1788 1506 1923 1550; x_wconf 87' lang='lat' dir='ltr'>ipsum,</span> <span class='ocrx_word' id='word_1_539' title='bbox 1951 1513 1984 1539; x_wconf 90' lang='lat' dir='ltr'>et</span> <span class='ocrx_word' id='word_1_540' title='bbox 2000 1505 2036 1538; x_wconf 88' lang='lat' dir='ltr'>in</span> <span class='ocrx_word' id='word_1_541' title='bbox 2057 1517 2135 1538; x_wconf 87' lang='lat' dir='ltr'>eum</span> <span class='ocrx_word' id='word_1_542' title='bbox 2156 1515 2241 1537; x_wconf 88' lang='lat' dir='ltr'>con-</span> 
     </span>
     <span class='ocr_line' id='line_1_80' title="bbox 1258 1553 2244 1600; baseline 0 -13"><span class='ocrx_word' id='word_1_543' title='bbox 1258 1556 1329 1588; x_wconf 85' lang='lat' dir='ltr'>dita</span> <span class='ocrx_word' id='word_1_544' title='bbox 1344 1562 1445 1596; x_wconf 87' lang='lat' dir='ltr'>sunt,</span> <span class='ocrx_word' id='word_1_545' title='bbox 1472 1562 1505 1588; x_wconf 84' lang='lat' dir='ltr'>et</span> <span class='ocrx_word' id='word_1_546' title='bbox 1522 1557 1639 1589; x_wconf 86' lang='lat' dir='ltr'>omnia</span> <span class='ocrx_word' id='word_1_547' title='bbox 1659 1569 1718 1600; x_wconf 89' lang='lat' dir='ltr'>per</span> <span class='ocrx_word' id='word_1_548' title='bbox 1736 1569 1815 1590; x_wconf 88' lang='lat' dir='ltr'>eum</span> <span class='ocrx_word' id='word_1_549' title='bbox 1834 1557 2039 1590; x_wconf 84' lang='lat' dir='ltr'>consistunt.</span> <span class='ocrx_word' id='word_1_550' title='bbox 2094 1553 2190 1587; x_wconf 76' lang='lat' dir='ltr'>Haec</span> <span class='ocrx_word' id='word_1_551' title='bbox 2209 1561 2244 1588; x_wconf 86' lang='lat' dir='ltr'>et</span> 
     </span>
     <span class='ocr_line' id='line_1_81' title="bbox 1259 1604 2243 1651; baseline -0.002 -13"><span class='ocrx_word' id='word_1_552' title='bbox 1259 1607 1326 1638; x_wconf 85' lang='lat' dir='ltr'>alia</span> <span class='ocrx_word' id='word_1_553' title='bbox 1343 1606 1451 1638; x_wconf 87' lang='lat' dir='ltr'>multa</span> <span class='ocrx_word' id='word_1_554' title='bbox 1477 1606 1675 1640; x_wconf 83' lang='lat' dir='ltr'>testimonia</span> <span class='ocrx_word' id='word_1_555' title='bbox 1699 1607 1880 1651; x_wconf 88' lang='lat' dir='ltr'>perspicue</span> <span class='ocrx_word' id='word_1_556' title='bbox 1903 1607 2097 1646; x_wconf 83' lang='lat' dir='ltr'>affirmant,</span> <span class='ocrx_word' id='word_1_557' title='bbox 2130 1604 2243 1637; x_wconf 83' lang='lat' dir='ltr'>filium</span> 
     </span>
     <span class='ocr_line' id='line_1_82' title="bbox 1260 1655 2245 1701; baseline -0.001 -13"><span class='ocrx_word' id='word_1_558' title='bbox 1260 1655 1325 1689; x_wconf 91' lang='lat' dir='ltr'>Dei</span> <span class='ocrx_word' id='word_1_559' title='bbox 1359 1668 1430 1689; x_wconf 85' lang='lat' dir='ltr'>esse</span> <span class='ocrx_word' id='word_1_560' title='bbox 1455 1664 1580 1689; x_wconf 83' lang='lat' dir='ltr'>natura</span> <span class='ocrx_word' id='word_1_561' title='bbox 1606 1658 1742 1696; x_wconf 86' lang='lat' dir='ltr'>Deum,</span> <span class='ocrx_word' id='word_1_562' title='bbox 1782 1657 2060 1701; x_wconf 88' lang='lat' dir='ltr'>omnipotentem</span> <span class='ocrx_word' id='word_1_563' title='bbox 2086 1662 2118 1689; x_wconf 89' lang='lat' dir='ltr'>et</span> <span class='ocrx_word' id='word_1_564' title='bbox 2149 1666 2245 1688; x_wconf 83' lang='lat' dir='ltr'>crea-</span> 
     </span>
     <span class='ocr_line' id='line_1_83' title="bbox 1261 1706 2242 1751; baseline -0.003 -11"><span class='ocrx_word' id='word_1_565' title='bbox 1261 1714 1384 1740; x_wconf 88' lang='lat' dir='ltr'>torem.</span> <span class='ocrx_word' id='word_1_566' title='bbox 1447 1707 1656 1741; x_wconf 72' lang='lat' dir='ltr'>Conni-mati</span> <span class='ocrx_word' id='word_1_567' title='bbox 1677 1708 1785 1751; x_wconf 80' lang='lat' dir='ltr'>igitur</span> <span class='ocrx_word' id='word_1_568' title='bbox 1810 1706 1862 1740; x_wconf 78' lang='lat' dir='ltr'>his</span> <span class='ocrx_word' id='word_1_569' title='bbox 1889 1706 2097 1741; x_wconf 83' lang='lat' dir='ltr'>testimoniis</span> <span class='ocrx_word' id='word_1_570' title='bbox 2121 1706 2163 1738; x_wconf 86' lang='lat' dir='ltr'>de</span> <span class='ocrx_word' id='word_1_571' title='bbox 2188 1716 2242 1737; x_wconf 88' lang='lat' dir='ltr'>es-</span> 
     </span>
     <span class='ocr_line' id='line_1_84' title="bbox 1261 1757 2243 1804; baseline -0.001 -15"><span class='ocrx_word' id='word_1_572' title='bbox 1261 1758 1370 1790; x_wconf 89' lang='lat' dir='ltr'>sentia</span> <span class='ocrx_word' id='word_1_573' title='bbox 1400 1757 1480 1797; x_wconf 84' lang='lat' dir='ltr'>filii,</span> <span class='ocrx_word' id='word_1_574' title='bbox 1516 1764 1633 1804; x_wconf 83' lang='lat' dir='ltr'>postea</span> <span class='ocrx_word' id='word_1_575' title='bbox 1663 1759 1924 1791; x_wconf 85' lang='lat' dir='ltr'>consideremus</span> <span class='ocrx_word' id='word_1_576' title='bbox 1957 1759 2048 1791; x_wconf 86' lang='lat' dir='ltr'>dicta</span> <span class='ocrx_word' id='word_1_577' title='bbox 2075 1758 2118 1790; x_wconf 87' lang='lat' dir='ltr'>de</span> <span class='ocrx_word' id='word_1_578' title='bbox 2142 1768 2243 1789; x_wconf 87' lang='lat' dir='ltr'>voca-</span> 
     </span>
     <span class='ocr_line' id='line_1_85' title="bbox 1262 1807 2244 1851; baseline -0.004 -9"><span class='ocrx_word' id='word_1_579' title='bbox 1262 1809 1357 1842; x_wconf 84' lang='lat' dir='ltr'>tione</span> <span class='ocrx_word' id='word_1_580' title='bbox 1384 1808 1557 1851; x_wconf 80' lang='lat' dir='ltr'>praesenti</span> <span class='ocrx_word' id='word_1_581' title='bbox 1583 1809 1626 1840; x_wconf 88' lang='lat' dir='ltr'>ad</span> <span class='ocrx_word' id='word_1_582' title='bbox 1651 1809 1884 1842; x_wconf 84' lang='lat' dir='ltr'>ministerium</span> <span class='ocrx_word' id='word_1_583' title='bbox 1903 1807 2108 1851; x_wconf 82' lang='lat' dir='ltr'>Evangelii,</span> <span class='ocrx_word' id='word_1_584' title='bbox 2143 1813 2176 1840; x_wconf 88' lang='lat' dir='ltr'>et</span> <span class='ocrx_word' id='word_1_585' title='bbox 2200 1807 2244 1838; x_wconf 83' lang='lat' dir='ltr'>ad</span> 
     </span>
     <span class='ocr_line' id='line_1_86' title="bbox 1263 1855 2246 1903; baseline -0.002 -13"><span class='ocrx_word' id='word_1_586' title='bbox 1263 1858 1470 1903; x_wconf 82' lang='lat' dir='ltr'>passionem.</span> <span class='ocrx_word' id='word_1_587' title='bbox 1532 1857 1571 1892; x_wconf 86' lang='lat' dir='ltr'>In</span> <span class='ocrx_word' id='word_1_588' title='bbox 1599 1856 1662 1891; x_wconf 77' lang='lat' dir='ltr'>hac</span> <span class='ocrx_word' id='word_1_589' title='bbox 1689 1860 1872 1892; x_wconf 70' lang='lat' dir='ltr'>vocatione</span> <span class='ocrx_word' id='word_1_590' title='bbox 1895 1860 1996 1891; x_wconf 83' lang='lat' dir='ltr'>dicit:</span> <span class='ocrx_word' id='word_1_591' title='bbox 2032 1857 2126 1890; x_wconf 89' lang='lat' dir='ltr'>Deus</span> <span class='ocrx_word' id='word_1_592' title='bbox 2150 1855 2246 1889; x_wconf 89' lang='lat' dir='ltr'>Deus</span> 
     </span>
     <span class='ocr_line' id='line_1_87' title="bbox 1262 1905 2245 1954; baseline -0.003 -13"><span class='ocrx_word' id='word_1_593' title='bbox 1262 1921 1377 1949; x_wconf 83' lang='lat' dir='ltr'>meus,</span> <span class='ocrx_word' id='word_1_594' title='bbox 1421 1921 1527 1953; x_wconf 82' lang='lat' dir='ltr'>quare</span> <span class='ocrx_word' id='word_1_595' title='bbox 1553 1910 1769 1954; x_wconf 82' lang='lat' dir='ltr'>dereliquisti</span> <span class='ocrx_word' id='word_1_596' title='bbox 1797 1921 1861 1941; x_wconf 85' lang='lat' dir='ltr'>me.</span> <span class='ocrx_word' id='word_1_597' title='bbox 1922 1908 1967 1942; x_wconf 86' lang='lat' dir='ltr'>Et</span> <span class='ocrx_word' id='word_1_598' title='bbox 1996 1907 2090 1942; x_wconf 88' lang='lat' dir='ltr'>loan.</span> <span class='ocrx_word' id='word_1_599' title='bbox 2115 1907 2169 1940; x_wconf 86' lang='lat'>8.:</span> <span class='ocrx_word' id='word_1_600' title='bbox 2205 1905 2245 1939; x_wconf 81' lang='lat' dir='ltr'>Si</span> 
     </span>
     <span class='ocr_line' id='line_1_88' title="bbox 1263 1957 2243 2003; baseline -0.004 -11"><span class='ocrx_word' id='word_1_601' title='bbox 1263 1972 1324 2001; x_wconf 80' lang='lat' dir='ltr'>ego</span> <span class='ocrx_word' id='word_1_602' title='bbox 1340 1959 1494 2001; x_wconf 87' lang='lat' dir='ltr'>glorifico</span> <span class='ocrx_word' id='word_1_603' title='bbox 1514 1960 1705 2002; x_wconf 89' lang='lat' dir='ltr'>meipsum,</span> <span class='ocrx_word' id='word_1_604' title='bbox 1735 1960 1844 2003; x_wconf 84' lang='lat' dir='ltr'>gloria</span> <span class='ocrx_word' id='word_1_605' title='bbox 1869 1971 1944 1992; x_wconf 86' lang='lat' dir='ltr'>mea</span> <span class='ocrx_word' id='word_1_606' title='bbox 1968 1957 2059 1991; x_wconf 78' lang='grc'>1111111</span> <span class='ocrx_word' id='word_1_607' title='bbox 2086 1964 2152 1998; x_wconf 72' lang='lat' dir='ltr'>est,</span> <span class='ocrx_word' id='word_1_608' title='bbox 2185 1957 2243 1990; x_wconf 86' lang='lat' dir='ltr'>sed</span> 
     </span>
     <span class='ocr_line' id='line_1_89' title="bbox 1264 2006 2244 2056; baseline -0.003 -14"><span class='ocrx_word' id='word_1_609' title='bbox 1264 2016 1314 2042; x_wconf 85' lang='lat' dir='ltr'>est</span> <span class='ocrx_word' id='word_1_610' title='bbox 1336 2017 1449 2052; x_wconf 82' lang='lat' dir='ltr'>pater,</span> <span class='ocrx_word' id='word_1_611' title='bbox 1478 2010 1538 2056; x_wconf 84' lang='lat' dir='ltr'>qui</span> <span class='ocrx_word' id='word_1_612' title='bbox 1557 2010 1727 2052; x_wconf 77' lang='lat' dir='ltr'>glorificat</span> <span class='ocrx_word' id='word_1_613' title='bbox 1745 2023 1811 2045; x_wconf 85' lang='lat' dir='ltr'>me.</span> <span class='ocrx_word' id='word_1_614' title='bbox 1848 2009 1892 2042; x_wconf 81' lang='lat' dir='ltr'>Et</span> <span class='ocrx_word' id='word_1_615' title='bbox 1910 2008 2031 2045; x_wconf 77' lang='lat' dir='ltr'>lolian.</span> <span class='ocrx_word' id='word_1_616' title='bbox 2051 2008 2124 2041; x_wconf 86' lang='lat'>17.:</span> <span class='ocrx_word' id='word_1_617' title='bbox 2153 2006 2244 2040; x_wconf 86' lang='lat' dir='ltr'>Glo-</span> 
     </span>
     <span class='ocr_line' id='line_1_90' title="bbox 1264 2055 2244 2105; baseline -0.002 -13"><span class='ocrx_word' id='word_1_618' title='bbox 1264 2060 1358 2092; x_wconf 77' lang='lat' dir='ltr'>rifica</span> <span class='ocrx_word' id='word_1_619' title='bbox 1391 2072 1445 2094; x_wconf 86' lang='lat' dir='ltr'>me</span> <span class='ocrx_word' id='word_1_620' title='bbox 1475 2067 1573 2103; x_wconf 86' lang='lat' dir='ltr'>pater</span> <span class='ocrx_word' id='word_1_621' title='bbox 1596 2063 1687 2105; x_wconf 87' lang='lat' dir='ltr'>apud</span> <span class='ocrx_word' id='word_1_622' title='bbox 1714 2068 1745 2094; x_wconf 90' lang='lat' dir='ltr'>te</span> <span class='ocrx_word' id='word_1_623' title='bbox 1768 2074 1805 2094; x_wconf 88' lang='lat' dir='ltr'>ea</span> <span class='ocrx_word' id='word_1_624' title='bbox 1833 2061 1963 2104; x_wconf 87' lang='lat' dir='ltr'>gloria,</span> <span class='ocrx_word' id='word_1_625' title='bbox 2004 2071 2109 2105; x_wconf 87' lang='lat' dir='ltr'>quam</span> <span class='ocrx_word' id='word_1_626' title='bbox 2135 2055 2244 2091; x_wconf 78' lang='lat' dir='ltr'>habui</span> 
     </span>
     <span class='ocr_line' id='line_1_91' title="bbox 1264 2112 1928 2156; baseline 0.002 -13"><span class='ocrx_word' id='word_1_627' title='bbox 1264 2112 1356 2154; x_wconf 91' lang='lat' dir='ltr'>apud</span> <span class='ocrx_word' id='word_1_628' title='bbox 1375 2117 1423 2149; x_wconf 92' lang='lat' dir='ltr'>te,</span> <span class='ocrx_word' id='word_1_629' title='bbox 1450 2118 1636 2156; x_wconf 82' lang='lat' dir='ltr'>antequam</span> <span class='ocrx_word' id='word_1_630' title='bbox 1656 2113 1809 2145; x_wconf 86' lang='lat' dir='ltr'>mundus</span> <span class='ocrx_word' id='word_1_631' title='bbox 1831 2118 1928 2145; x_wconf 88' lang='lat' dir='ltr'>esset.</span> 
     </span>
    </p>

    <p class='ocr_par' dir='ltr' id='par_1_11' title="bbox 1266 2157 2248 2613">
     <span class='ocr_line' id='line_1_92' title="bbox 1368 2157 2245 2200; baseline -0.006 -6"><span class='ocrx_word' id='word_1_632' title='bbox 1368 2160 1463 2194; x_wconf 87' lang='lat' dir='ltr'>Haec</span> <span class='ocrx_word' id='word_1_633' title='bbox 1489 2168 1521 2195; x_wconf 86' lang='lat' dir='ltr'>et</span> <span class='ocrx_word' id='word_1_634' title='bbox 1545 2162 1674 2195; x_wconf 79' lang='lat' dir='ltr'>similia</span> <span class='ocrx_word' id='word_1_635' title='bbox 1698 2163 1789 2196; x_wconf 87' lang='lat' dir='ltr'>dicta</span> <span class='ocrx_word' id='word_1_636' title='bbox 1822 2168 1984 2200; x_wconf 86' lang='lat' dir='ltr'>monent,</span> <span class='ocrx_word' id='word_1_637' title='bbox 2016 2157 2245 2193; x_wconf 81' lang='lat' dir='ltr'>discernenda</span> 
     </span>
     <span class='ocr_line' id='line_1_93' title="bbox 1266 2209 2247 2256; baseline -0.004 -12"><span class='ocrx_word' id='word_1_638' title='bbox 1266 2224 1337 2245; x_wconf 87' lang='lat' dir='ltr'>esse</span> <span class='ocrx_word' id='word_1_639' title='bbox 1352 2219 1520 2256; x_wconf 83' lang='lat' dir='ltr'>tempora.</span> <span class='ocrx_word' id='word_1_640' title='bbox 1574 2210 1684 2246; x_wconf 84' lang='lat' dir='ltr'>Aliud</span> <span class='ocrx_word' id='word_1_641' title='bbox 1711 2221 1761 2247; x_wconf 88' lang='lat' dir='ltr'>est</span> <span class='ocrx_word' id='word_1_642' title='bbox 1786 2220 1923 2256; x_wconf 83' lang='lat' dir='ltr'>tempus</span> <span class='ocrx_word' id='word_1_643' title='bbox 1940 2209 2069 2245; x_wconf 79' lang='lat' dir='ltr'>Christi</span> <span class='ocrx_word' id='word_1_644' title='bbox 2096 2209 2247 2252; x_wconf 82' lang='lat' dir='ltr'>gloriose</span> 
     </span>
     <span class='ocr_line' id='line_1_94' title="bbox 1266 2258 2246 2308; baseline -0.005 -13"><span class='ocrx_word' id='word_1_645' title='bbox 1266 2264 1462 2306; x_wconf 84' lang='lat' dir='ltr'>regnantis,</span> <span class='ocrx_word' id='word_1_646' title='bbox 1497 2263 1592 2297; x_wconf 84' lang='lat' dir='ltr'>aliud</span> <span class='ocrx_word' id='word_1_647' title='bbox 1617 2271 1666 2297; x_wconf 87' lang='lat' dir='ltr'>est</span> <span class='ocrx_word' id='word_1_648' title='bbox 1692 2271 1828 2308; x_wconf 89' lang='lat' dir='ltr'>tempus</span> <span class='ocrx_word' id='word_1_649' title='bbox 1854 2261 2029 2296; x_wconf 85' lang='lat' dir='ltr'>humiliati</span> <span class='ocrx_word' id='word_1_650' title='bbox 2055 2258 2185 2294; x_wconf 78' lang='lat' dir='ltr'>Christi</span> <span class='ocrx_word' id='word_1_651' title='bbox 2209 2259 2246 2291; x_wconf 85' lang='lat' dir='ltr'>iu</span> 
     </span>
     <span class='ocr_line' id='line_1_95' title="bbox 1267 2309 2246 2358; baseline -0.005 -12"><span class='ocrx_word' id='word_1_652' title='bbox 1267 2314 1480 2354; x_wconf 87' lang='lat' dir='ltr'>ministerio,</span> <span class='ocrx_word' id='word_1_653' title='bbox 1524 2314 1682 2358; x_wconf 88' lang='lat' dir='ltr'>passione</span> <span class='ocrx_word' id='word_1_654' title='bbox 1716 2322 1748 2348; x_wconf 88' lang='lat' dir='ltr'>et</span> <span class='ocrx_word' id='word_1_655' title='bbox 1771 2321 1900 2352; x_wconf 77' lang='lat' dir='ltr'>morte,</span> <span class='ocrx_word' id='word_1_656' title='bbox 1941 2325 2020 2346; x_wconf 80' lang='lat' dir='ltr'>cum</span> <span class='ocrx_word' id='word_1_657' title='bbox 2045 2312 2081 2344; x_wconf 83' lang='lat' dir='ltr'>fit</span> <span class='ocrx_word' id='word_1_658' title='bbox 2106 2309 2246 2343; x_wconf 85' lang='lat' dir='ltr'>victima</span> 
     </span>
     <span class='ocr_line' id='line_1_96' title="bbox 1267 2357 2248 2410; baseline -0.005 -13"><span class='ocrx_word' id='word_1_659' title='bbox 1267 2377 1329 2408; x_wconf 83' lang='lat' dir='ltr'>pro</span> <span class='ocrx_word' id='word_1_660' title='bbox 1347 2376 1472 2408; x_wconf 85' lang='lat' dir='ltr'>genere</span> <span class='ocrx_word' id='word_1_661' title='bbox 1491 2363 1665 2407; x_wconf 84' lang='lat' dir='ltr'>humano,</span> <span class='ocrx_word' id='word_1_662' title='bbox 1697 2366 1791 2410; x_wconf 80' lang='lat' dir='ltr'>quod</span> <span class='ocrx_word' id='word_1_663' title='bbox 1808 2366 1849 2397; x_wconf 87' lang='lat' dir='ltr'>ad</span> <span class='ocrx_word' id='word_1_664' title='bbox 1876 2362 1942 2397; x_wconf 90' lang='lat' dir='ltr'>hoc</span> <span class='ocrx_word' id='word_1_665' title='bbox 1967 2370 2101 2406; x_wconf 85' lang='lat' dir='ltr'>tempus</span> <span class='ocrx_word' id='word_1_666' title='bbox 2126 2368 2157 2394; x_wconf 86' lang='lat' dir='ltr'>et</span> <span class='ocrx_word' id='word_1_667' title='bbox 2179 2357 2248 2393; x_wconf 81' lang='lat' dir='ltr'>hoe</span> 
     </span>
     <span class='ocr_line' id='line_1_97' title="bbox 1268 2410 2247 2456; baseline -0.005 -9"><span class='ocrx_word' id='word_1_668' title='bbox 1268 2416 1500 2449; x_wconf 85' lang='lat' dir='ltr'>ministerium</span> <span class='ocrx_word' id='word_1_669' title='bbox 1518 2417 1657 2456; x_wconf 84' lang='lat' dir='ltr'>attinet,</span> <span class='ocrx_word' id='word_1_670' title='bbox 1680 2415 1784 2449; x_wconf 88' lang='lat' dir='ltr'>Pater</span> <span class='ocrx_word' id='word_1_671' title='bbox 1799 2423 1848 2449; x_wconf 89' lang='lat' dir='ltr'>est</span> <span class='ocrx_word' id='word_1_672' title='bbox 1866 2414 1978 2448; x_wconf 87' lang='lat' dir='ltr'>maior</span> <span class='ocrx_word' id='word_1_673' title='bbox 1987 2411 2146 2450; x_wconf 82' lang='lat' dir='ltr'>Christo,</span> <span class='ocrx_word' id='word_1_674' title='bbox 2164 2410 2247 2455; x_wconf 80' lang='lat' dir='ltr'>quia</span> 
     </span>
     <span class='ocr_line' id='line_1_98' title="bbox 1268 2460 2248 2512; baseline -0.007 -12"><span class='ocrx_word' id='word_1_675' title='bbox 1268 2466 1410 2500; x_wconf 83' lang='lat' dir='ltr'>mittens</span> <span class='ocrx_word' id='word_1_676' title='bbox 1428 2474 1459 2500; x_wconf 89' lang='lat' dir='ltr'>et</span> <span class='ocrx_word' id='word_1_677' title='bbox 1479 2467 1693 2510; x_wconf 83' lang='lat' dir='ltr'>glorificans,</span> <span class='ocrx_word' id='word_1_678' title='bbox 1727 2473 1900 2512; x_wconf 82' lang='lat' dir='ltr'>quatenus</span> <span class='ocrx_word' id='word_1_679' title='bbox 1926 2464 2034 2498; x_wconf 82' lang='lat' dir='ltr'>mittit</span> <span class='ocrx_word' id='word_1_680' title='bbox 2057 2470 2089 2496; x_wconf 87' lang='lat' dir='ltr'>et</span> <span class='ocrx_word' id='word_1_681' title='bbox 2113 2460 2248 2505; x_wconf 80' lang='lat' dir='ltr'>glorifi-</span> 
     </span>
     <span class='ocr_line' id='line_1_99' title="bbox 1267 2510 2246 2557; baseline -0.005 -8"><span class='ocrx_word' id='word_1_682' title='bbox 1267 2523 1339 2557; x_wconf 82' lang='lat' dir='ltr'>cat,</span> <span class='ocrx_word' id='word_1_683' title='bbox 1375 2518 1487 2551; x_wconf 87' lang='lat' dir='ltr'>maior</span> <span class='ocrx_word' id='word_1_684' title='bbox 1510 2524 1559 2551; x_wconf 87' lang='lat' dir='ltr'>est</span> <span class='ocrx_word' id='word_1_685' title='bbox 1581 2517 1744 2551; x_wconf 87' lang='lat' dir='ltr'>ministro</span> <span class='ocrx_word' id='word_1_686' title='bbox 1769 2517 1894 2557; x_wconf 85' lang='lat' dir='ltr'>misso,</span> <span class='ocrx_word' id='word_1_687' title='bbox 1926 2522 1959 2550; x_wconf 77' lang='lat' dir='ltr'>et</span> <span class='ocrx_word' id='word_1_688' title='bbox 1983 2515 2140 2548; x_wconf 85' lang='lat' dir='ltr'>subiecto</span> <span class='ocrx_word' id='word_1_689' title='bbox 2162 2510 2246 2545; x_wconf 83' lang='grc'>1101·-</span> 
     </span>
     <span class='ocr_line' id='line_1_100' title="bbox 1268 2563 2245 2613; baseline -0.007 -13"><span class='ocrx_word' id='word_1_690' title='bbox 1268 2569 1388 2602; x_wconf 87' lang='lat' dir='ltr'>rendis</span> <span class='ocrx_word' id='word_1_691' title='bbox 1407 2568 1526 2613; x_wconf 89' lang='lat' dir='ltr'>poenis</span> <span class='ocrx_word' id='word_1_692' title='bbox 1546 2575 1578 2602; x_wconf 88' lang='lat' dir='ltr'>et</span> <span class='ocrx_word' id='word_1_693' title='bbox 1594 2568 1857 2602; x_wconf 85' lang='lat' dir='ltr'>tentationibus.</span> <span class='ocrx_word' id='word_1_694' title='bbox 1909 2565 1955 2600; x_wconf 85' lang='lat' dir='ltr'>Et</span> <span class='ocrx_word' id='word_1_695' title='bbox 1978 2573 2096 2599; x_wconf 87' lang='lat' dir='ltr'>tamen</span> <span class='ocrx_word' id='word_1_696' title='bbox 2120 2563 2245 2604; x_wconf 84' lang='lat' dir='ltr'>allegat</span> 
     </span>
    </p>
   </div>
   <div class='ocr_carea' id='block_1_10' title="bbox 1238 2617 2247 2660">
    <p class='ocr_par' dir='ltr' id='par_1_12' title="bbox 1238 2617 2247 2660">
     <span class='ocr_line' id='line_1_101' title="bbox 1238 2617 2247 2660; baseline -0.01 -6"><span class='ocrx_word' id='word_1_697' title='bbox 1238 2649 1242 2654; x_wconf 91' lang='lat'><em>.</em></span> <span class='ocrx_word' id='word_1_698' title='bbox 1267 2617 1428 2654; x_wconf 74' lang='lat' dir='ltr'>Christus</span> <span class='ocrx_word' id='word_1_699' title='bbox 1442 2620 1635 2653; x_wconf 86' lang='lat' dir='ltr'>mittentem</span> <span class='ocrx_word' id='word_1_700' title='bbox 1649 2645 1659 2660; x_wconf 90' lang='lat'>‚</span> <span class='ocrx_word' id='word_1_701' title='bbox 1674 2627 1704 2653; x_wconf 90' lang='lat' dir='ltr'>et</span> <span class='ocrx_word' id='word_1_702' title='bbox 1723 2617 1786 2652; x_wconf 82' lang='lat' dir='ltr'>hac</span> <span class='ocrx_word' id='word_1_703' title='bbox 1805 2618 1970 2651; x_wconf 79' lang='lat' dir='ltr'>missione</span> <span class='ocrx_word' id='word_1_704' title='bbox 1984 2629 2018 2650; x_wconf 87' lang='lat' dir='ltr'>se</span> <span class='ocrx_word' id='word_1_705' title='bbox 2034 2623 2065 2650; x_wconf 86' lang='lat' dir='ltr'>et</span> <span class='ocrx_word' id='word_1_706' title='bbox 2084 2625 2147 2648; x_wconf 85' lang='lat' dir='ltr'>nos</span> <span class='ocrx_word' id='word_1_707' title='bbox 2163 2624 2247 2645; x_wconf 87' lang='lat' dir='ltr'>con-</span> 
     </span>
    </p>
   </div>
  </div>
 </body>
</html>
