2415 2942
82 91 182 127 1175
242 90 342 145 XllI.
397 89 432 126 4.
459 88 798 129 COMMENTAR.
828 92 879 128 IN
903 91 1057 129 EPIST.
1086 89 1232 128 PAULI
1260 89 1327 127 AD
1354 85 1676 127 CORINTHIOS.
1731 86 1837 125 CAP.
1863 89 1964 127 XIV.

81 177 265 222 parvulos,
300 175 363 222 qui
385 182 469 211 sunt
496 176 534 210 in
558 176 732 218 Ecclesia,
770 178 965 222 pertinere,
997 191 1070 213 non

83 229 128 261 ad
152 228 240 261 alios
262 234 358 261 extra
381 227 585 264 Ecclesiam.
639 227 758 272 Quare
783 229 963 263 inserendi
989 238 1073 264 sunt

81 276 258 312 Ecclesiae
274 290 337 323 per
354 278 581 323 baptismum.

185 336 278 371 Sunt
302 337 409 380 igitur
430 348 576 370 normae
605 335 728 370 iudicii
759 337 886 381 scripta
919 335 1074 382 prophe-

82 386 151 421 tica
175 394 208 421 et
239 387 430 432 apostolica
457 394 490 421 et
512 387 686 433 symbola.
757 386 804 421 Et
830 388 868 421 in
894 389 1074 433 aliquibus

85 439 337 471 controversiis
364 438 575 471 adiuvamur
600 438 814 471 testimoniis
835 451 937 472 verae
951 438 1074 473 Eccle-

82 488 163 521 siae.
214 486 268 522 Ac
291 495 384 522 recte
408 489 638 522 discernenda
666 495 716 522 est
742 500 822 522 vera
847 487 1003 523 Ecclesia
1028 490 1073 523 ab

81 539 223 572 indocta
247 539 411 574 colluvie.
481 538 642 573 Videnda
665 539 768 572 etiam
797 547 965 584 perpetua
993 552 1073 573 eru-

83 590 239 623 ditorum
265 590 459 630 sententia,
494 602 566 623 non
592 591 807 633 excerpenda
843 597 925 624 sunt
948 591 1072 624 mutila

81 640 193 678 dicta,
213 647 245 673 et
263 639 454 684 sophistice
469 641 710 684 detorquenda
730 647 850 674 contra
869 648 1071 685 perpetuam

82 697 245 724 autorum
271 692 490 725 sententiam.
550 690 662 723 Nemo
695 691 788 723 enim
824 703 960 736 semper
989 693 1071 725 satis

82 741 351 785 circumspecte,
378 743 506 776 diserte
524 748 556 774 et
580 741 722 784 proprie
742 742 912 786 loquitur.

185 800 375 846 Postquam
404 801 447 833 de
470 812 594 833 norma
613 799 736 832 iudicii
756 801 888 834 dictum
908 808 974 842 est,
1002 801 1070 834 iam

83 857 118 885 et
142 848 208 884 hoc
226 852 416 896 quaeritur.
469 850 508 885 Si
533 862 605 884 non
629 851 793 884 convinci
816 852 926 886 velint
950 864 1072 885 erran-

81 907 151 942 tes,
190 902 368 945 quomodo
402 901 647 945 compescendi
682 901 777 935 sint?
826 901 915 935 Nam
942 904 970 936 si
998 915 1070 937 non

78 958 364 995 compescantur,
392 963 466 985 non
486 953 551 986 erit
568 952 648 985 finis
665 952 905 986 dissidiorum.

181 1009 249 1043 Hic
278 1011 461 1044 sciendum
485 1018 555 1052 est,
595 1018 759 1044 eventum
792 1012 1006 1045 iudiciorum
1033 1013 1069 1045 in

80 1059 238 1095 Ecclesia
257 1061 463 1095 dissimilem
483 1074 555 1095 esse
576 1062 717 1095 eventui
741 1062 778 1094 in
795 1063 934 1096 iudiciis
952 1064 1070 1107 politi-

83 1112 150 1153 cis,
177 1112 267 1145 sicut
286 1120 319 1146 et
336 1113 568 1146 iudicantium
587 1113 756 1146 autoritas
772 1114 952 1147 dissimilis
971 1122 1030 1148 est.

181 1169 272 1204 Cum
291 1171 423 1205 iudices
450 1172 582 1216 politici
607 1173 889 1215 pronunciarunt
907 1173 944 1206 in
963 1186 1068 1218 quae-

79 1222 192 1256 stione
225 1222 411 1265 ambigua,
449 1230 671 1255 contumaces
707 1224 813 1256 armis
851 1236 1069 1268 compescere

78 1274 218 1311 debent,
246 1279 285 1306 ut
300 1274 345 1306 sit
363 1273 441 1306 linis
456 1273 574 1307 litium
593 1280 624 1307 et
643 1274 881 1309 dissidiorum.
918 1274 1012 1317 Quia
1030 1276 1067 1308 in

80 1323 236 1357 materiis
253 1323 418 1357 civilibus
435 1335 512 1357 cum
535 1324 605 1357 sint
622 1325 794 1357 subiectae
819 1326 966 1365 rationi,
994 1338 1069 1358 ma-

79 1374 245 1418 gistratus
263 1375 485 1407 autoritatem
505 1372 609 1408 habet
628 1375 804 1418 probabili
824 1376 962 1408 ratione
987 1389 1068 1419 pro-

79 1425 277 1458 nunciandi
311 1425 357 1458 de
390 1425 553 1467 ambigua
587 1426 814 1472 quaestione,
853 1434 885 1460 et
919 1427 1069 1460 armavit

80 1474 175 1509 Deus
197 1487 255 1509 eos
274 1473 338 1509 hac
363 1476 568 1515 autoritate,
596 1482 635 1509 ut
661 1487 780 1509 eorum
807 1477 1070 1520 interpretatio-

80 1538 142 1559 nes
161 1526 275 1559 valere
295 1534 327 1559 et
345 1526 453 1569 recipi
478 1526 575 1560 velit.
630 1525 781 1560 Possunt
801 1528 907 1570 igitur
926 1540 1070 1571 prorsus

83 1577 163 1610 tolli
186 1576 455 1609 controversiae.

183 1632 252 1667 Sed
278 1634 315 1665 in
332 1631 485 1666 Ecclesia
512 1632 643 1666 iudices
666 1645 739 1666 non
765 1632 895 1668 habent
918 1642 1070 1678 potestaâ€”

85 1692 154 1719 tem
171 1684 300 1726 regiam
321 1695 379 1716 seu
400 1684 621 1727 praetoriam,
640 1695 703 1716 nec
717 1692 833 1726 postea
853 1686 960 1718 armis
976 1699 1071 1719 com-

83 1747 222 1780 pescere
241 1735 492 1767 condemnatos
508 1734 648 1766 debent.
700 1732 747 1768 Et
766 1747 844 1767 cum
865 1748 989 1779 magna
1008 1749 1070 1781 po-

84 1786 193 1821 tentia
220 1791 252 1818 et
274 1785 465 1817 multitudo
488 1791 537 1817 est
556 1784 769 1824 errantium,
797 1786 824 1818 si
851 1787 966 1820 nolint
986 1799 1070 1820 con-

84 1837 197 1877 vinci,
240 1835 373 1869 etiamsi
409 1847 489 1867 vera
514 1833 667 1868 Ecclesia
699 1847 757 1869 eos
781 1839 1071 1880 excommunicat,

84 1896 201 1923 tamen
220 1884 339 1919 haeret
358 1885 553 1926 discordia,
580 1892 619 1919 ut
637 1886 771 1920 etiamsi
790 1887 950 1930 Apostoli
971 1890 1070 1922 dam-

83 1939 217 1972 nabant
246 1948 476 1983 synagogam,
512 1942 628 1969 tamen
653 1949 724 1970 non
749 1938 897 1972 extincta
925 1947 974 1973 est
998 1940 1070 1972 dis-

83 1990 224 2026 cordia,
253 1989 365 2021 donec
386 1987 480 2021 Deus
503 1987 576 2030 ipse
601 1987 667 2021 fuit
696 1995 858 2022 executor
881 1991 1071 2024 sententiae

85 2039 357 2084 Apostolorum,
385 2045 417 2071 et
437 2049 648 2084 synagogam
673 2039 812 2075 delevit.
860 2038 911 2073 Ac
927 2041 1070 2084 plerun-

83 2103 151 2136 que
176 2089 240 2122 hoc
265 2090 370 2122 modo
393 2089 526 2122 solutae
549 2095 631 2122 sunt
663 2100 808 2132 magnae
833 2091 1071 2125 dissensiones

84 2143 121 2175 in
139 2139 310 2181 Ecclesia,
338 2152 410 2172 non
432 2137 596 2172 humanis
615 2140 762 2176 viribus.

188 2197 370 2232 Addamus
389 2203 420 2230 et
438 2195 503 2230 hoc
520 2198 563 2231 de
584 2199 740 2243 synodis.
794 2199 883 2234 Cum
908 2203 951 2235 de
976 2202 1071 2236 iudi-

87 2250 149 2285 ciis
164 2250 200 2282 in
220 2248 374 2283 Ecclesia
392 2248 590 2293 loquimur,
624 2261 761 2293 semper
775 2252 1069 2287 considerandum

87 2309 155 2342 est,
187 2301 247 2345 qui
274 2307 393 2333 coetus
419 2311 500 2332 vere
523 2299 593 2333 sint
617 2299 769 2334 Ecclesia
792 2301 868 2336 Dei.
929 2303 1072 2349 Nequa-

86 2364 190 2398 quam
215 2351 361 2384 facimus
386 2350 519 2383 iudices
544 2351 586 2383 de
605 2351 764 2385 doctrina
782 2360 919 2387 coetum
937 2366 1071 2396 eorum,

87 2403 149 2449 qui
174 2402 287 2445 palam
322 2408 403 2434 sunt
430 2398 547 2434 hostes
577 2401 758 2435 doctrinae
786 2401 992 2447 Evangelii,
1033 2415 1072 2440 ut

85 2464 278 2499 synagoga,
305 2464 393 2497 quae
411 2450 594 2486 Christum
623 2458 657 2486 et
686 2460 803 2496 postea
822 2455 1014 2499 Apostolos
1038 2465 1071 2491 et

87 2501 308 2548 Stephanum
336 2505 584 2542 damnaverat,
628 2515 692 2536 nec
715 2502 872 2539 Ecclesia
896 2505 962 2540 Dei
985 2515 1071 2550 erat,

87 2567 151 2588 nec
178 2555 282 2587 iudex
305 2566 375 2587 esse
402 2560 552 2597 poterat:
587 2554 633 2588 ita
658 2566 753 2588 nunc
770 2556 902 2590 iudices
920 2569 992 2591 esse
1007 2571 1071 2593 ne-

47 2628 50 2629 r
86 2617 261 2650 quaquam
278 2611 442 2648 poterunt
458 2603 624 2650 Episcopi
643 2617 764 2639 eorum
782 2608 965 2647 satellites,
994 2622 1071 2644 mo-

88 2654 212 2696 nachi,
240 2663 272 2690 et
298 2655 378 2695 alii,
406 2656 467 2700 qui
492 2656 605 2699 palam
628 2663 711 2691 sunt
734 2654 851 2692 hostes
873 2658 1071 2705 Evangelii,

2033 92 2132 129 1174

1125 185 1159 212 et
1173 178 1292 212 multis
1308 175 1531 222 praeiudiciis
1549 174 1707 220 quotidie
1724 176 1925 218 ostendunt,
1941 189 1977 211 se
2016 178 2128 212 multo

1126 236 1205 262 ante
1223 230 1406 262 damnasse
1424 227 1669 270 Evangelium.
1724 225 1777 260 De
1794 224 1848 260 his
1865 228 2037 261 omnibus
2070 240 2128 262 re-

1126 281 1205 323 gula
1230 286 1405 312 teneatur:
1449 279 1486 312 Si
1519 277 1596 322 quis
1628 277 1722 309 allud
1746 276 1981 321 Evangelitlm
2006 279 2126 318 docet,

1126 327 1312 363 anathema
1329 331 1383 364 sit.
1437 328 1538 361 Hanc
1556 328 1835 360 admonitionem
1854 335 1887 362 et
1904 330 2126 363 consolatio-

1126 392 1207 413 nem
1227 380 1394 423 proponit
1415 378 1625 423 Apostolus,
1655 390 1726 410 non
1753 379 1828 412 vult
1847 391 1912 412 nos
1930 381 1972 413 ad
1991 378 2124 413 horum

1126 431 1257 464 iudicia
1286 442 1495 474 provocare,
1538 430 1596 461 sed
1627 429 1728 461 vitari
1756 440 1814 461 eos
1843 437 2009 474 tanquam
2034 443 2123 464 ana-

1127 480 1292 516 themata.
1354 479 1401 513 Et
1432 490 1633 524 quanquam
1660 479 1770 512 titulis
1795 486 1827 513 et
1850 481 2035 514 autoritate
2061 493 2122 514 eo-

1126 544 1204 565 rum
1231 530 1335 564 multi
1363 538 1564 563 moventur:
1594 536 1709 562 tamen
1733 531 1972 572 gravissimam
1995 543 2122 564 conso-

1126 583 1294 616 lationem
1319 582 1421 613 nobis
1448 580 1635 624 proponit,
1665 592 1742 612 cum
1767 593 1826 613 eos
1852 581 2013 615 nominat
2033 595 2121 615 ana-

1125 631 1291 667 themata.
1342 631 1422 664 Non
1441 642 1646 664 moveamur
1664 641 1784 662 eorum
1802 631 2032 670 fulminibus,
2060 633 2120 666 sed

1126 684 1276 716 sciamus
1309 682 1346 714 in
1372 681 1500 717 Psalm.
1523 680 1605 715 108.
1638 680 1808 723 scriptum
1832 692 1922 714 esse:
1963 681 2120 716 Maledi-

1125 741 1205 768 cent
1222 734 1294 773 illi,
1322 739 1354 765 et
1373 740 1409 766 tu
1431 732 1627 765 benedices,
1681 729 1749 763 Sed
1769 742 1824 768 ea,
1854 743 1942 776 quae
1961 733 2003 764 de
2023 733 2120 766 iudi-

1126 785 1187 819 ciis
1214 785 1251 818 1'n
1280 783 1435 816 Ecclesia
1460 783 1550 816 dicta
1575 788 1676 821 sunt,
1714 780 1958 825 intelligantur
1983 783 2025 815 de
2050 783 2121 817 Ec-

1126 835 1240 869 clesiis
1258 834 1468 867 sonantibus
1487 846 1606 866 vocem
1624 830 1833 873 Evangelii,
1859 839 1898 866 ut
1918 832 2048 866 Paulus
2075 835 2120 867 de

1125 893 1225 919 coetu
1241 882 1430 919 Corinthio
1450 884 1620 929 loquitur.
1666 881 1819 916 Possunt
1837 883 1932 915 enim
1953 890 1984 917 et
2003 885 2040 917 in
2055 885 2118 918 tali

1123 935 1280 970 Ecclesia
1299 936 1385 968 oriri
1407 934 1678 970 controversiae,
1706 940 1744 966 ut
1762 933 1798 966 iu
1811 931 1909 967 Actis
1926 935 2036 979 capite
2056 934 2117 969 15.

1124 993 1268 1020 movent
1299 987 1543 1031 quaestionem
1576 986 1618 1017 de
1647 984 1853 1016 ceremoniis
1885 985 1935 1028 pii
1967 986 2115 1019 admixti

1124 1035 1329 1083 hypocritis.
1405 1036 1501 1069 Haec
1528 1037 1571 1068 de
1596 1034 1739 1080 synodis
1771 1035 1840 1067 iam
1872 1035 2000 1069 dixisse
2030 1037 2115 1070 satis

1124 1089 1187 1127 sit,
1217 1100 1306 1133 quae
1332 1089 1374 1120 ad
1406 1086 1494 1120 hanc
1512 1086 1610 1119 Pauli
1636 1086 2005 1120 commemorationem
2023 1094 2116 1120 recte

1124 1140 1317 1183 quadrant,
1356 1139 1437 1183 quia
1479 1136 1534 1171 hic
1568 1137 1688 1181 aliquo
1725 1137 1830 1169 modo
1866 1137 1997 1171 iudicia
2033 1138 2116 1172 talia

1123 1191 1276 1225 ordinat.
1826 1187 1829 1190 â€

1148 1270 1354 1320 Prophetae
1380 1273 1452 1306 duo
1478 1271 1533 1306 cel
1547 1276 1618 1355 Irels
1646 1271 1866 1320 loquantur,
1903 1276 1933 1305 et
1958 1273 2091 1307 caeleri

1537 1323 1589 1356 iu(
1605 1323 1705 1356 icenl.

1226 1390 1457 1424 Manifestum
1477 1398 1526 1424 est
1547 1403 1585 1424 ex
1604 1391 1806 1425 narratione
1821 1390 1938 1424 Lucae
1955 1391 1978 1425 4
2018 1398 2049 1424 et
2075 1405 2115 1425 ex

1123 1441 1242 1484 Actis,
1283 1442 1390 1475 fuisse
1421 1440 1706 1475 honestissimum
1733 1444 1893 1476 ordinem
1918 1443 2111 1475 dicentium

1123 1495 1159 1526 in
1177 1493 1326 1536 publicis
1343 1494 1585 1534 congressibus
1612 1493 1647 1524 in
1670 1493 1869 1537 synagogis,
1923 1491 1994 1525 Nec
2022 1505 2110 1536 proâ€”

1123 1545 1247 1576 miscui
1273 1544 1440 1576 clamores
1463 1551 1562 1576 erant
1586 1544 1680 1586 vulgi
1695 1570 1703 1582 â€š
1732 1544 1852 1587 quales
1875 1542 2020 1576 fuerunt
2034 1542 2112 1577 Ro-

1124 1606 1199 1626 mae
1225 1594 1262 1626 in
1287 1594 1599 1635 suffragationibus
1623 1595 1838 1634 tribunitiis,
1868 1605 1931 1626 nec
1953 1595 2114 1638 tyrannis

1124 1652 1220 1677 erat:
1260 1645 1318 1677 sed
1343 1646 1498 1676 seniores
1526 1656 1588 1677 suo
1617 1645 1694 1677 loco
1721 1645 1885 1677 dixerunt
1912 1645 2114 1686 sententias,

1124 1707 1162 1728 ac
1180 1696 1206 1728 si
1227 1695 1305 1740 quis
1321 1696 1476 1728 modeste
1496 1696 1623 1728 addere
1639 1695 1772 1740 aliquid
1793 1695 1917 1735 voluit,
1942 1695 2008 1729 fuit
2026 1707 2113 1728 con-

1124 1757 1277 1786 cessum,
1305 1746 1400 1779 iuxta
1423 1746 1596 1788 regulam:
1634 1745 1752 1779 Nolite
1776 1746 1977 1789 extinguere
2003 1746 2110 1789 spiri-

1124 1804 1198 1836 tus,
1232 1797 1355 1829 omnia
1391 1797 1553 1839 probate,
1594 1798 1688 1840 quod
1719 1797 1852 1830 bonum
1885 1803 1954 1837 est,
1981 1803 2109 1832 tenete.

1123 1846 1170 1881 Et
1188 1847 1358 1880 iudicium
1378 1854 1449 1880 erat
1468 1859 1571 1891 penes
1587 1845 1778 1880 Ecclesiam
1791 1874 1798 1888 ,
1826 1848 1867 1880 de
1886 1847 2107 1889 singulorum

1124 1898 1328 1937 suntentiis,
1354 1910 1442 1942 quae
1466 1910 1543 1931 cum
1568 1899 1739 1942 probabat
1762 1898 1909 1931 alicuius
1935 1898 2109 1940 interpre-

1124 1949 1311 1990 tationem,
1346 1949 1436 1982 alius
1467 1961 1541 1982 non
1574 1949 1814 1993 obstrepebat,
1854 1961 1918 1981 nec
1947 1949 2111 1982 movebat

1124 2008 1310 2035 certamen.
1366 1999 1447 2032 ldeo
1467 1997 1524 2033 hic
1540 2000 1675 2045 inquit:
1705 1999 1744 2034 Si
1765 1999 1872 2033 fuerit
1895 1999 2030 2032 sedenti
2053 2011 2110 2032 re-

1123 2051 1297 2092 velatum,
1324 2057 1434 2084 taceat
1458 2051 1564 2093 prior.

1224 2099 1270 2134 Et
1288 2108 1326 2135 ut
1342 2102 1384 2134 sit
1402 2099 1579 2145 prohibita
1597 2100 1775 2146 tyrannis,
1804 2112 1960 2144 expresse
1976 2100 2108 2145 inquit:

1123 2151 1273 2186 Potestis
1296 2164 1417 2185 omnes
1443 2152 1685 2196 interpretari,
1713 2158 1849 2185 servato
1873 2163 1935 2195 per
1951 2151 2108 2194 singulos

1124 2203 1259 2236 ordine.
1312 2202 1390 2236 Hoc
1407 2203 1539 2236 dictum
1560 2202 1663 2235 valde
1683 2202 1804 2236 utilem
1830 2202 2107 2236 consolationem

1124 2253 1280 2287 continet
1291 2254 1332 2287 de
1344 2255 1537 2288 vocatione.
1564 2252 1792 2286 Manifestum
1805 2259 1864 2292 est,
1882 2264 1939 2286 eos
1953 2253 2108 2298 quisunt

1123 2305 1160 2337 in
1183 2304 1400 2343 ministerio,
1429 2305 1465 2337 in
1491 2304 1630 2348 templis
1654 2310 1687 2337 et
1711 2304 1748 2336 in
1771 2301 1918 2342 scholis,
1946 2310 2107 2347 oportere

1123 2362 1266 2400 propter
1283 2356 1400 2389 locum
1419 2356 1552 2399 ipsum,
1586 2355 1629 2387 ad
1648 2366 1752 2399 quem
1779 2354 1893 2387 vocati
1918 2361 2019 2395 sunt,
2053 2355 2110 2387 di-

1125 2418 1201 2439 cere
1218 2407 1420 2447 sententias,
1446 2418 1508 2439 nec
1526 2404 1581 2438 his
1598 2405 1704 2438 obiici
1721 2405 1853 2439 dictum
1872 2404 1960 2438 illud
1979 2411 2107 2450 potest:

1097 2490 1099 2493 .
1123 2456 1322 2497 curabant,
1348 2465 1381 2491 et
1397 2469 1469 2490 non
1486 2456 1666 2490 mittebam
1684 2467 1752 2489 eos.

1096 2498 1100 2534 l
1226 2507 1297 2543 Sed
1320 2520 1382 2542 cur
1401 2508 1462 2542 alii
1486 2508 1644 2540 scribunt
1666 2513 1724 2540 aut
1756 2507 1882 2540 docent
1899 2532 1907 2547 ,
1949 2505 2009 2551 qui
2035 2516 2108 2538 non

1124 2567 1207 2594 sunt
1222 2560 1265 2593 ad
1282 2559 1399 2592 locum
1416 2558 1598 2602 publicum
1615 2557 1754 2591 vocati?
1794 2556 1843 2590 Hi
1867 2557 1895 2590 si
1919 2568 1998 2589 vera
2022 2556 2109 2589 scri-

1097 2622 1099 2653 â€™,
1124 2611 1215 2644 bunt
1234 2617 1296 2644 aut
1310 2610 1454 2650 docent,
1481 2607 1612 2642 habent
1627 2607 1684 2642 hic
1700 2619 1896 2651 expressam
1913 2607 2110 2640 concessioâ€”

1096 2656 1098 2661 *
1125 2673 1225 2703 nem,
1251 2661 1395 2706 potestis
1417 2671 1538 2693 omnes
1557 2659 1791 2705 interpretari.
1843 2656 1888 2692 Et
1906 2663 1997 2691 extat
2013 2669 2109 2690 com-

1436 2706 1524 2745 74*
