2415 2942
294 107 363 142 731
893 97 1017 135 PIIlL.
1046 95 1161 134 MEL.
1186 98 1394 136 SCRtP'rA
1422 97 1720 136 EXEGEthA.

295 194 427 226 furtum
454 190 488 222 sit
513 193 632 221 contra
663 185 789 227 legem,
825 183 903 216 ideo
945 190 1121 227 peccatum
1155 191 1203 218 est
1245 191 1277 218 et

299 250 419 274 comra
446 237 713 275 conscientiam,
750 235 786 267 in
810 247 870 275 co,
902 235 961 279 qui
995 235 1106 266 sciens
1129 236 1276 269 furatur.

300 293 392 325 llaec
409 288 649 332 interpretatio
667 298 745 318 iera
767 292 797 318 ct
816 285 1005 318 necessaria
1032 292 1094 317 est.
1132 285 1278 319 Necesse

300 350 345 374 est
374 341 465 373 enim
493 340 528 371 iu
556 338 733 382 operando
767 336 917 379 primum
944 336 1124 368 consulere
1157 337 1278 379 legem,

299 401 335 426 ut
363 392 529 429 sciamus,
557 400 643 433 quae
661 398 766 431 opera
785 385 879 420 Dens
897 383 1081 430 prohibeat
1104 395 1160 420 aut
1181 399 1278 431 prae-

300 443 423 486 cipiat,
459 448 489 474 et
516 451 619 483 opera
651 444 772 471 contra
807 437 917 480 legem
941 437 1010 470 Dei
1036 448 1108 470 esse
1130 444 1278 481 peccata,

299 505 371 526 non
392 492 538 525 dubium
559 497 619 523 est.

400 542 467 575 Sed
486 553 563 574 cum
584 539 712 573 Paulus
730 537 887 571 nominat
905 537 1026 578 fidem,
1051 549 1122 571 non
1142 544 1276 571 tautum

300 593 445 638 requirit
463 593 589 635 legem,
611 598 669 623 aut
696 589 862 621 noticiam
891 586 1113 628 historicam,
1139 590 1196 620 sed
1219 600 1278 620 ve-

299 656 373 678 ram
400 644 519 681 sulem,
552 654 589 674 ac
614 643 712 673 docet
737 651 840 683 opera
858 640 1020 671 mandata
1043 645 1099 671 aut
1117 649 1276 671 concessa

299 709 316 728 a
335 695 411 728 Deo
424 721 430 728 ,
460 693 615 725 sarienda
634 703 703 724 esse
723 691 756 722 iu
774 690 857 727 fide,
880 690 997 728 idest,
1013 701 1089 720 cum
1108 686 1170 720 hac
1188 688 1276 721 fidu-

299 747 371 785 cia,
390 745 480 788 quod
501 743 591 776 Deus
611 749 751 785 propter
769 739 995 772 mediatorem
1014 736 1192 771 Christum
1212 751 1276 771 uo-

296 797 351 829 bis
374 796 415 828 sit
442 794 633 837 propicius,
661 798 692 823 et
720 791 813 834 quod
837 797 979 833 propter
1001 789 1101 822 illum
1135 789 1276 832 pontifi-

297 859 369 879 cem
390 852 506 878 nostra
527 854 629 886 opera
655 841 822 884 placeant.
877 840 995 881 Quare
1020 839 1152 873 dictum
1175 838 1276 872 Pauli

297 909 368 931 uon
393 902 525 929 tautum
551 894 592 925 ad
620 893 745 933 legem,
773 891 829 923 sed
857 890 961 922 etiam
984 891 1025 922 ad
1044 887 1274 933 Evangelium

295 944 550 981 acconunmlari
573 953 708 975 necesse
726 948 784 973 est.

397 997 464 1029 Sed
495 1000 637 1038 quaerat
674 991 816 1035 aliquis:
853 990 1041 1032 Quomodo
1085 996 1275 1023 statuamus

295 1047 368 1081 Deo
389 1047 522 1090 placere
542 1055 605 1077 nos
621 1049 680 1076 aut
699 1053 802 1086 opera
820 1049 955 1081 nostra,
973 1041 1175 1084 praesertim
1195 1053 1273 1073 cum

294 1097 578 1132 contaminentur
628 1092 786 1134 contagio
826 1092 1151 1134 concupiscentiae?
1202 1090 1274 1125 Re-

293 1150 466 1192 spondeo:
496 1145 616 1179 Securi
642 1144 700 1188 qui
725 1144 798 1175 sine
824 1142 1040 1185 poenitentia
1064 1148 1166 1181 sunt,
1202 1154 1274 1175 non

294 1200 495 1240 intelligunt
524 1194 613 1228 hanc
638 1194 831 1227 doctrinam
857 1194 897 1224 dc
927 1193 1010 1232 lide,
1044 1193 1101 1224 sed
1128 1193 1164 1224 iu
1184 1193 1274 1225 veris

293 1248 544 1283 afflictionibus
569 1245 737 1278 illucescit
764 1243 919 1280 auizuns,
957 1255 1034 1275 cum
1060 1244 1211 1285 cogitant
1240 1255 1274 1276 se

295 1312 365 1332 uon
391 1297 547 1332 exaudiri
575 1309 592 1328 a
612 1295 705 1334 Deo,
731 1306 764 1327 se
792 1294 943 1326 abiectos
968 1305 1057 1331 esse,
1086 1300 1117 1326 et
1137 1294 1273 1327 nullum

294 1353 366 1383 tore
384 1350 487 1382 finem
504 1346 738 1380 calamitatum
760 1351 821 1378 etc.
878 1342 915 1376 lu
940 1344 1069 1377 talibus
1091 1344 1274 1376 doloribus

294 1399 451 1444 erigendi
470 1404 550 1431 sunt
569 1396 679 1430 animi
699 1394 764 1429 fide
777 1422 784 1434 ,
812 1401 848 1427 ut
867 1401 1058 1427 statuamus
1076 1393 1190 1427 Deum
1209 1406 1273 1427 no-

293 1452 348 1485 bis
366 1462 444 1483 vere
462 1450 638 1492 ignoscere
656 1452 798 1491 propter
816 1442 1014 1485 Christum,
1038 1456 1117 1478 vere
1136 1456 1198 1478 nos
1216 1457 1274 1478 ex-

292 1503 414 1536 audire
440 1507 471 1533 et
497 1510 630 1533 curare.

394 1550 433 1584 lu
459 1550 519 1583 tali
545 1547 784 1582 consolatione
812 1552 924 1589 potest
948 1545 1117 1587 intelligi,
1146 1545 1204 1590 qui
1230 1545 1274 1580 sit

292 1604 396 1640 fides,
425 1613 462 1634 ac
480 1607 563 1633 tunc
580 1599 663 1632 fides
684 1603 854 1640 repugnat
871 1596 1023 1629 naturali
1043 1596 1273 1639 dubitationi,

292 1662 323 1686 et
343 1652 450 1685 vincit
468 1649 712 1683 diffidentiam.
768 1646 841 1680 Hac
864 1647 929 1679 fide
955 1647 1107 1690 primum
1127 1658 1273 1688 persona

292 1705 404 1748 placet
421 1701 493 1735 Deo
512 1707 652 1744 propter
665 1696 862 1737 Christum,
889 1698 1015 1730 deinde
1033 1698 1150 1730 statuit
1169 1698 1272 1731 etiam

292 1756 428 1798 placere
445 1754 535 1785 bona
561 1761 666 1794 opera
691 1756 832 1793 propter
860 1748 1057 1791 pontificem
1081 1745 1272 1789 (hristum,

291 1804 428 1839 tametsi
447 1810 527 1836 sunt
546 1802 745 1844 imperfecta
766 1807 797 1832 et
826 1799 1017 1832 immunda.
1070 1797 1117 1832 Et
1137 1810 1274 1832 necesse

292 1863 342 1888 est
366 1854 482 1888 doceri
512 1852 690 1890 homiues,
720 1851 811 1895 quod
846 1849 1003 1893 requirat
1030 1848 1140 1889 Deus,
1173 1857 1211 1883 ut
1236 1850 1272 1882 in

293 1907 360 1938 fide
378 1904 584 1942 serviamus,
604 1914 674 1934 uon
696 1902 730 1932 iu
749 1900 970 1933 dubitatione
989 1907 1163 1943 perpetua.
1193 1899 1273 1933 Non

294 1958 341 1989 sic
368 1955 539 1997 cogitent,
575 1953 637 1985 etsi
662 1952 776 1984 servio
797 1951 888 1991 Deo,
915 1957 948 1983 et
969 1950 1093 1982 invoco
1119 1962 1196 1984 eum
1222 1957 1272 1983 ta-

293 2018 374 2040 rnen
391 2004 551 2038 dubitare
573 2004 698 2042 debeo,
728 2014 770 2034 au
796 1999 878 2034 haec
903 2001 934 2033 ei
957 2001 1126 2045 placeant.
1179 1999 1273 2034 Haec

293 2056 466 2089 dubitatio
489 2054 645 2087 continet
668 2053 776 2085 multa
805 2058 959 2095 peccata,
988 2058 1088 2093 negat
1113 2049 1273 2094 Evange—

293 2108 399 2147 lium,
432 2112 535 2146 negat
559 2103 672 2137 Deum
697 2103 872 2135 remittere
904 2109 1058 2144 peccata,
1094 2098 1185 2133 nihil
1216 2113 1273 2134 ex-

292 2164 406 2201 pectat
430 2169 446 2189 a
464 2155 556 2195 Deo,
584 2161 615 2188 et
638 2153 738 2187 tacite
765 2153 986 2194 indignatur,
1014 2159 1047 2185 et
1070 2151 1187 2184 fremit
1213 2153 1274 2183 ad-

293 2219 413 2241 versus
437 2206 563 2241 Deum.
614 2203 707 2237 Haec
731 2211 812 2236 sunt
839 2208 996 2246 peccata,
1023 2213 1112 2246 qnae
1135 2202 1274 2245 proprie

294 2270 357 2301 per
374 2259 482 2299 legem
504 2256 675 2295 existunt,
703 2261 739 2287 ut
758 2260 857 2286 vocat
878 2252 1018 2285 Paulus.

396 2307 513 2350 Quare
542 2317 677 2339 necesse
697 2311 744 2337 est
767 2301 857 2336 hauc
874 2302 1131 2336 dubitationem
1153 2302 1189 2335 in
1206 2300 1274 2336 Ec-

295 2357 398 2390 clesia
426 2354 655 2401 reprebendi,
689 2362 722 2388 et
753 2354 884 2398 opponi
911 2354 1105 2386 doctrinam
1130 2354 1172 2386 de
1197 2354 1273 2387 fide.

295 2405 622 2451 Reprehendendus
659 2412 709 2439 est
743 2406 846 2438 etiam
877 2404 1137 2445 vulgatissimus
1164 2416 1274 2445 error,

296 2459 355 2503 qui
377 2458 413 2490 in
430 2455 618 2490 Ecclesiam
636 2467 774 2499 sparsus
791 2462 856 2495 est,
884 2454 1032 2495 scilicet,
1060 2455 1152 2498 quod
1172 2453 1275 2488 Chri-

297 2509 428 2541 stianus
461 2507 584 2540 debeat
616 2507 795 2547 dubitare,
836 2518 880 2538 an
912 2505 956 2538 sit
985 2506 1106 2548 gratia.
1176 2504 1275 2545 Item,

298 2560 392 2603 quod
411 2556 494 2590 haec
512 2557 685 2589 dubitatio
703 2569 775 2588 non
800 2556 843 2590 sit
860 2563 1056 2600 peccatum,
1084 2562 1116 2588 et
1141 2556 1184 2588 ad
1209 2553 1275 2588 hoc

297 2610 449 2651 allegant
469 2607 601 2641 dictum
624 2618 664 2638 ex
690 2606 912 2639 Ecclesiaste:
954 2606 1070 2639 Nescit
1099 2605 1204 2639 bomo
1230 2618 1275 2638 an

300 2671 418 2692 amore
449 2658 503 2690 vel
527 2657 609 2690 odio
633 2656 758 2699 dignus
782 2656 836 2690 sit.
895 2655 1033 2690 Deinde
1059 2663 1276 2702 quaeruntur

2232 104 2307 141 732

1328 187 1547 221 coniecturae
1570 186 1613 219 ab
1637 185 1822 229 operibus,
1855 193 1973 221 utrum
1997 189 2105 222 simus
2131 188 2165 221 in
2185 189 2307 231 gratia,

1328 249 1360 272 et
1385 245 1500 271 tamen
1526 243 1685 270 asserunt
1709 237 1917 278 adversarii,
1953 240 2046 283 quod
2071 240 2114 273 sit
2139 239 2306 272 dubitan-

1328 290 1429 327 dum,
1457 295 1489 321 et
1508 288 1599 331 quod
1625 287 1797 320 dubitatio
1818 299 1890 319 non
1909 288 1952 321 sit
1969 297 2157 332 peccatum.
2210 289 2304 323 Haec

1329 347 1399 373 tota
1419 338 1620 379 imaginatio
1639 345 1770 381 pugnat
1787 349 1866 370 cnm
1884 339 2042 371 doctrina
2060 340 2102 372 de
2119 340 2196 373 fide.

1429 388 1541 421 Porro
1566 401 1635 420 uou
1657 399 1821 432 negamus
1840 386 1982 421 haerere
2000 388 2035 421 iu
2053 389 2179 422 animis
2202 397 2304 424 natu-

1329 439 1436 471 ralem
1454 439 1728 477 dubitationem,
1751 445 1781 471 et
1799 438 2050 480 diffidentiam,
2064 450 2168 484 quam
2186 452 2306 474 omnes

1328 489 1564 532 experiuntur.
1639 489 1706 523 Sed
1748 489 1836 523 illud
1877 489 2058 523 sciendum
2100 496 2168 530 est,
2217 487 2306 523 hanc

1330 539 1438 583 ipsam
1456 540 1710 573 dubitationem
1727 546 1759 572 et
1778 539 2008 573 diffidentiam
2026 550 2097 573 esse
2116 546 2306 583 peccatum,

1328 596 1360 622 et
1380 590 1466 622 oriri
1491 602 1529 622 ex
1555 591 1704 623 naturali
1728 591 1908 631 caecitate,
1935 601 2024 634 quae
2043 591 2205 634 repudiat
2221 602 2306 635 pro-

1327 640 1527 672 missionem
1553 639 1746 683 Evangelii.
1807 639 1881 674 Etsi
1910 640 2016 682 igitur
2034 638 2152 674 haeret
2175 641 2212 674 in
2229 641 2306 674 ani-

1328 690 1392 723 mis
1408 691 1467 724 illa
1484 691 1675 731 dubitatio,
1694 698 1809 724 tamen
1827 691 1958 735 opponi
1977 691 2104 724 debent
2123 689 2205 725 haec
2222 692 2306 732 duo,

1327 741 1455 774 scilicet
1472 742 1656 785 promissio
1675 742 1884 782 evangelica,
1909 749 1939 775 et
1959 743 2183 786 mandatum,
2210 743 2306 787 quod

1328 792 1513 835 praecipit,
1539 799 1577 825 nt
1603 793 1783 825 credamus
1811 793 1861 824 illi
1888 792 2124 835 promissioni.
2183 791 2306 836 Repu-

1326 843 1504 884 gnandum
1529 849 1579 875 est
1604 843 1709 885 igitur
1732 843 1966 882 dubitationi,
1993 849 2026 875 et
2049 843 2220 876 vincenda
2237 843 2306 876 dif-

1326 893 1486 932 fidentia,
1519 904 1557 924 ac
1589 894 1829 930 statuendum,
1863 894 1955 937 quod
1983 892 2076 926 Deus
2101 906 2180 926 vere
2205 894 2306 936 igno-

1325 948 1395 975 scat
1419 943 1659 981 credentibus,
1692 955 1819 988 eosque
1847 955 1925 976 vere
1954 943 2116 987 recipiat,
2149 951 2246 977 curet
2271 950 2305 976 et

1325 993 1499 1027 exaudiat.
1575 993 1619 1027 Et
1657 990 1747 1026 hanc
1787 993 1889 1026 fidem
1923 995 2030 1027 verbo
2063 993 2151 1026 effici
2185 1000 2218 1027 et
2257 994 2305 1027 ali

1327 1044 1489 1077 sciamus.

1426 1093 1498 1127 Nec
1523 1093 1635 1126 solum
1652 1092 1838 1138 promissio
1862 1093 2027 1138 requirit,
2052 1099 2090 1126 ut
2115 1094 2308 1135 credamus,

1326 1145 1382 1177 sed
1417 1144 1519 1178 etiam
1551 1152 1772 1188 praeceptum
1815 1145 1974 1177 additum
2001 1151 2051 1177 est
2074 1144 2306 1185 immutabile,

1325 1196 1419 1239 quod
1437 1195 1653 1228 severissime
1673 1196 1835 1234 mandat,
1860 1201 1900 1227 ut
1918 1196 2117 1235 credamus,
2143 1207 2223 1229 vere
2239 1207 2306 1228 no-

1325 1246 1379 1278 bis
1403 1246 1605 1288 contingere
1631 1252 1772 1289 propter
1794 1245 1905 1277 filium
1929 1244 2014 1286 Dei,
2050 1257 2088 1278 ea
2110 1257 2198 1290 qnae
2221 1258 2306 1290 pro-

1326 1296 1427 1328 missa
1461 1302 1553 1328 suut.
1605 1295 1704 1329 Sicut
1728 1295 1857 1328 dicitur
1884 1296 1914 1330 1.
1941 1295 2034 1331 toan.
2061 1296 2110 1328 3.:
2151 1295 2228 1329 Hoc
2253 1303 2305 1330 est

1326 1347 1528 1379 mandatum
1554 1346 1644 1383 eins,
1673 1352 1708 1379 ut
1727 1346 1908 1378 credamus
1926 1346 1959 1377 in
1979 1347 2121 1378 nomine
2137 1346 2199 1378 filii
2218 1347 2304 1382 eius.

1327 1395 1430 1429 Item:
1461 1396 1531 1438 Qui
1551 1408 1621 1428 non
1637 1396 1747 1429 credit
1763 1395 1856 1436 Deo,
1884 1397 2084 1429 mendacem
2109 1396 2192 1430 facit
2213 1407 2302 1437 eum,

1325 1447 1405 1491 quia
1422 1458 1494 1480 non
1513 1446 1623 1479 credit
1648 1447 1685 1479 in
1701 1446 1960 1486 testimonium,
1989 1447 2081 1490 qnod
2106 1446 2305 1480 testificatus

1326 1504 1376 1530 est
1394 1495 1487 1530 Deus
1504 1498 1545 1530 de
1565 1497 1638 1530 filio
1656 1509 1730 1529 suo.
1785 1495 1831 1529 Et
1847 1495 1930 1530 Ebr.
1948 1496 2000 1530 4.:
2030 1496 2207 1529 Adeamus
2223 1508 2303 1530 cum

1325 1548 1450 1580 fiducia
1484 1549 1525 1580 ad
1559 1546 1727 1580 thronum
1762 1547 1902 1589 gratiae.
1963 1546 2029 1579 His
2062 1547 2237 1580 mandatis
2270 1554 2305 1582 et

1325 1598 1618 1641 promissionibus
1653 1604 1823 1641 repugnat
1859 1597 2039 1637 doctrina,
2083 1609 2172 1641 quae
2209 1598 2306 1632 iubet

1326 1648 1496 1682 dubitare.

1428 1698 1546 1740 Quare
1572 1698 1776 1731 luctandum
1805 1704 1855 1731 est
1886 1709 1964 1729 cum
1993 1696 2229 1739 dubitatione,
2270 1705 2304 1733 et

1326 1749 1489 1792 erigenda
1507 1749 1590 1782 fides
1608 1749 1642 1781 in
1660 1749 1756 1782 omui
1775 1748 2006 1782 invocatione.
2037 1747 2136 1781 Sicut
2154 1754 2187 1781 et
2202 1749 2306 1783 Iacob

1327 1799 1510 1844 praecipit:
1548 1799 1704 1833 Postulet
1728 1800 1764 1832 in
1789 1800 1855 1831 fide
1881 1796 1972 1830 nibil
1998 1796 2181 1833 haesitans.
2232 1798 2305 1833 Nec

1327 1851 1464 1894 placent
1493 1849 1567 1883 Deo
1592 1851 1706 1883 cultus
1730 1851 1766 1882 in
1799 1850 1890 1888 illis,
1923 1849 1983 1893 qui
2013 1860 2085 1881 non
2109 1857 2305 1892 repugnant

1326 1900 1562 1941 dubitationi,
1596 1903 1655 1933 sed
1682 1901 1775 1934 taciti
1799 1900 1892 1943 apud
1910 1911 1944 1931 se
1971 1899 2124 1932 retinent
2139 1899 2304 1932 diffiden-

1326 1952 1428 1991 tiam,
1456 1952 1549 1995 quod
1574 1963 1645 1984 non
1669 1951 1917 1994 respiciantur,
1952 1950 2044 1993 quod
2071 1949 2142 1982 sint
2166 1949 2304 1985 abiecti.

1326 2001 1421 2034 Haec
1439 2008 1577 2045 peccata
1594 2013 1777 2044 agnoscere
1793 2000 1986 2039 discamus,
2009 2006 2048 2033 ut
2065 1999 2116 2032 eis
2130 2011 2304 2044 repugne-

1327 2063 1422 2089 mus,
1451 2058 1483 2085 et
1501 2064 1578 2084 vera
1599 2052 1759 2084 exercitia
1776 2050 1856 2083 fidei
1882 2050 2081 2085 excitemus.

1427 2101 1485 2136 Sic
1515 2113 1595 2145 ergo
1627 2102 1845 2144 intelligatur
1874 2101 2006 2133 dictum
2033 2099 2152 2133 Pauli:
2185 2096 2305 2135 Omne

1327 2153 1422 2197 quod
1442 2164 1512 2184 nou
1533 2160 1582 2185 est
1607 2164 1646 2186 ex
1670 2152 1755 2192 fide,
1782 2157 1960 2195 peccatum
1983 2157 2043 2184 est.
2096 2149 2304 2184 hiemineri-

1327 2214 1404 2236 mus
1429 2202 1585 2235 facienda
1612 2214 1684 2236 esse
1709 2214 1812 2246 opera
1838 2208 2017 2245 praecepta
2041 2212 2058 2233 a
2077 2200 2176 2241 Deo,
2202 2209 2236 2235 et
2252 2202 2304 2234 fa-

1327 2253 1448 2286 cienda
1466 2253 1502 2284 in
1520 2251 1583 2286 bac
1602 2254 1686 2293 fide,
1713 2253 1806 2298 quod
1824 2251 1919 2285 Deus
1940 2252 1984 2285 sit
2007 2251 2110 2284 nobis
2126 2251 2304 2295 propicius

1327 2310 1469 2348 propter
1500 2304 1726 2337 mediatorem
1757 2301 1957 2342 Christum,
1998 2309 2029 2335 et
2059 2308 2201 2345 propter
2224 2313 2304 2336 eum

1328 2354 1490 2387 exaudiat
1512 2361 1545 2387 et
1567 2361 1663 2388 curet
1686 2366 1770 2394 nos,
1809 2360 1841 2386 et
1866 2354 2041 2386 condonet
2063 2351 2303 2387 infirmitatem

1329 2412 1361 2439 et
1377 2405 1469 2438 bona
1487 2416 1591 2449 opera
1609 2405 1788 2449 approbet.

1430 2454 1502 2488 lam
1533 2456 1576 2488 ad
1603 2453 1693 2488 banc
1718 2453 1924 2487 sententiam
1948 2453 2175 2487 conserantur
2190 2454 2305 2488 cultus

1328 2503 1549 2550 hypocritici.
1610 2505 1697 2539 Cum
1722 2505 1849 2537 saciant
1872 2516 1974 2548 opera
2000 2515 2072 2537 non
2098 2506 2260 2538 mandata
2284 2517 2304 2538 a

1328 2555 1422 2597 Deo,
1449 2567 1522 2588 non
1549 2563 1691 2599 possunt
1719 2556 1858 2588 credere
1883 2555 1986 2587 talem
2013 2555 2145 2588 cultum
2172 2555 2203 2587 ei
2229 2556 2304 2599 pla-

1328 2618 1421 2646 cere,
1456 2606 1537 2650 quia
1563 2607 1700 2639 nullum
1725 2603 1854 2638 habent
1884 2605 2029 2638 verbum
2052 2606 2096 2638 de
2124 2606 2304 2639 voluntate

1327 2655 1404 2691 Dei.
1458 2656 1642 2698 Secundo,
1677 2656 1768 2699 Quia
1793 2656 1989 2690 doctrinam
2015 2656 2057 2689 de
2083 2656 2149 2689 fide
2172 2656 2304 2702 impro-
