2415 2942
281 80 348 114 139

1085 159 1176 193 Sunt
1195 172 1258 193 au-

274 229 340 251 tern
372 228 465 247 arma
492 214 577 245 lucis
602 213 673 255 ipsa
701 212 829 245 noticia
866 213 963 245 verbi
998 210 1081 249 Dei,
1124 211 1259 254 agnitio

275 269 358 303 Dei.
388 267 470 297 tides
488 271 517 296 et
537 270 689 296 caeterae
707 263 871 302 virtutes,
888 274 974 307 quae
993 269 1129 294 utentes
1154 263 1261 295 verbo

275 318 340 352 Dei
360 323 511 360 pugnant
539 316 705 346 adsersus
728 314 923 353 diabolum,
976 312 1128 347 Econtra
1155 325 1262 357 opera

277 369 500 402 tenebrarum
539 371 617 397 sunt
652 365 846 407 ignorantia
873 364 961 401 Dei,
1000 371 1031 396 et
1064 364 1151 397 vitia
1177 376 1263 408 quae

278 419 366 462 parit
402 417 459 449 illa
488 416 704 459 ignorantia,
747 416 793 448 ibi
829 415 922 448 enim
950 414 1156 448 dominatur
1185 415 1264 447 dia-

277 470 391 503 bolus.

276 179 346 201 esse
372 177 495 206 magno
520 162 728 200 certamine,
757 173 800 193 ne
824 161 1031 193 excidamus.

436 539 546 575 Nunc
563 540 656 573 enim
672 540 822 587 propior
847 544 895 573 est
913 539 1020 573 salus
1045 543 1106 572 etc.

382 608 484 641 Salus
501 608 543 640 de
560 608 635 651 ipso
654 604 795 640 Christo
813 605 1048 649 intelligatur,
1080 612 1111 638 et
1140 605 1182 640 de.
1201 603 1267 635 mi-

282 660 428 694 nisterio
451 658 652 700 Evangelii,
688 669 758 689 non
785 658 828 690 de
852 657 997 696 effectu,
1032 657 1066 688 id
1093 662 1160 692 est,
1196 655 1268 698 ipse

281 710 444 745 Christus
462 722 555 741 nunc
573 706 748 741 exhibitus
765 715 833 745 est,
861 715 892 740 et
911 707 1023 750 palam
1049 705 1268 749 promulgata

283 771 315 795 et
342 764 470 794 donata
494 760 651 792 remissio
679 766 898 800 peccatorum
928 765 959 790 et
984 757 1183 789 institutum
1203 755 1269 787 mi-

282 813 467 845 nisterium
499 808 692 851 Evangelii.
768 807 888 840 Patres
925 819 1007 840 vero
1041 807 1271 850 expectabant

283 872 316 897 et
339 864 525 895 credebant
550 867 736 892 venturum
765 870 837 891 esse
857 855 1055 893 Christum.
1108 856 1160 890 lta
1188 869 1270 900 pro-

282 915 362 958 pior
386 920 433 945 est
457 911 558 943 nohis
580 910 690 947 salus,
724 909 804 954 quia
821 908 982 941 Christus
1004 915 1053 941 est
1078 905 1269 947 exhibitus,

284 974 314 997 et
334 962 551 1006 promulgata
570 960 726 993 remissio
745 967 963 1003 peccatorum
977 987 985 1000 ‚
1016 966 1046 991 et
1068 958 1266 992 institutum

284 1014 519 1047 ministerium
555 1010 753 1054 Evangelii.
829 1010 947 1043 Patres
984 1009 1077 1042 enim
1117 1009 1272 1042 sciebant

284 1074 472 1098 venturum
498 1074 568 1095 esse
593 1060 796 1101 ChrIstum,
826 1069 856 1094 et
883 1060 1122 1094 remissionem
1150 1071 1270 1103 pecca-

286 1125 404 1149 torum
425 1113 656 1155 agnoscebant
682 1112 876 1144 involutam
908 1112 943 1144 in
965 1110 1272 1155 promissionibus,

288 1170 344 1199 sed
382 1167 539 1198 nondum
573 1161 747 1196 habehant
790 1162 1023 1195 ministerium
1060 1162 1273 1201 institutum,

289 1230 358 1262 quo
401 1226 557 1260 expresse
597 1215 801 1246 mandatum
835 1221 920 1246 esset
961 1213 1091 1246 remitti
1127 1218 1274 1255 peccata.

288 1270 468 1301 t'aeterum
487 1268 529 1298 de
547 1266 669 1298 effectu
686 1265 868 1297 sciendum
894 1271 963 1301 est,
1001 1269 1115 1307 patres
1143 1264 1209 1295 tide
1237 1261 1273 1294 in

288 1317 465 1351 (hristum
494 1316 704 1360 promissum
730 1316 882 1348 salvatos
912 1326 1002 1354 esse,
1039 1314 1127 1346 sicut
1151 1311 1273 1345 Eccle-

290 1371 337 1402 sia
364 1369 517 1402 salvatur
546 1374 622 1410 post
655 1363 849 1398 exhibitum
879 1363 1069 1399 (Itu-istum.
1131 1361 1201 1396 Nec
1224 1369 1274 1395 est

291 1419 355 1453 alia
380 1418 525 1452 salvatio
552 1425 690 1461 patrum
717 1423 747 1449 et
773 1414 947 1448 Ecclesiae
971 1422 1047 1459 post
1076 1412 1271 1446 exhibitum

290 1470 491 1509 Christum,
535 1469 594 1500 sed
638 1473 774 1500 tautum
816 1465 898 1499 haec
931 1474 980 1500 est
1013 1465 1275 1505 dissimilitudo,

291 1524 383 1566 quod
409 1520 460 1552 illi
487 1519 675 1552 credebant
701 1517 736 1549 in
758 1524 945 1550 venturum
972 1513 1174 1556 Christum,
1210 1526 1274 1547 nos

293 1573 329 1604 in
349 1570 555 1605 exhibitum.

442 1643 517 1678 Sed
534 1641 674 1677 induite
690 1641 895 1676 Dominum
920 1639 1043 1675 Iesum
1064 1645 1124 1675 etc.

394 1714 544 1747 Induere
561 1711 741 1747 Christum
762 1723 833 1743 non
851 1709 1020 1753 significat
1037 1716 1174 1744 tantum
1194 1708 1277 1741 imi-

294 1767 480 1803 tationem,
519 1764 615 1809 quasi
642 1763 730 1796 dicat
746 1787 753 1799 ‚
783 1763 929 1794 induere
953 1767 1116 1794 ornatum
1132 1758 1276 1800 Christi,

295 1820 328 1850 ia
356 1825 422 1859 est,
452 1817 598 1848 virtutes
625 1814 771 1849 imitari,
800 1814 857 1844 sed
894 1812 970 1854 plus
994 1811 1181 1855 significat,
1209 1810 1277 1843 sci-

295 1871 375 1902 licet
393 1864 654 1910 apprehendere
673 1862 852 1897 Christum
871 1862 955 1899 fide,
974 1869 1005 1895 et
1023 1864 1162 1895 credere
1179 1861 1274 1906 quod

295 1926 436 1964 propter
460 1918 572 1960 ipsum
598 1915 641 1948 sit
671 1915 772 1946 nohis
797 1920 893 1957 pater
921 1913 1107 1956 propicius.
1170 1911 1271 1954 Item,

296 1971 388 2015 quod
410 1969 453 2001 sit
477 1967 593 1999 efficax
619 1966 654 1997 in
684 1966 742 2003 iis,
771 1964 829 2009 qui
855 1976 934 1996 enm
958 1965 1134 1997 invocant.
1185 1962 1274 1995 Nam

297 2020 458 2055 Christus
483 2030 553 2050 non
591 2024 726 2050 tantum
760 2022 808 2048 est
832 2015 1046 2058 exemplum,
1081 2021 1118 2047 ut
1148 2012 1276 2058 reliqui

299 2071 426 2110 sancti,
461 2069 516 2101 sed
537 2076 585 2101 est
604 2079 702 2099 causa
732 2074 763 2099 et
785 2073 885 2098 autor
903 2071 1040 2097 nostrae
1056 2064 1198 2103 salutis,
1223 2063 1277 2095 vi-

298 2123 399 2156 ctima
425 2128 455 2153 et
482 2120 644 2152 salvator.
713 2117 831 2159 Quare
862 2116 1008 2148 induere
1039 2115 1209 2147 reseratur
1233 2115 1275 2146 ad

298 2182 496 2216 utrunque,
531 2169 709 2205 videlicet,
747 2167 840 2211 quod
875 2166 940 2198 fide
974 2162 1278 2209 apprehendamus

300 2237 377 2257 eum
407 2231 572 2266 tanquam
603 2220 828 2254 salvatorem,
875 2223 907 2249 et
938 2226 1165 2258 agnoscamus
1195 2226 1273 2247 eum

301 2287 372 2307 esse
403 2272 666 2308 umbraculum,
715 2281 784 2314 quo
814 2267 963 2309 tegimur
996 2267 1161 2299 adversus
1192 2265 1278 2298 iram

301 2325 376 2359 Dei.
430 2322 566 2357 Deinde
584 2322 721 2355 accedat
739 2319 890 2352 imitatio
906 2317 1065 2361 exempli.

643 2426 778 2479 Caput
816 2424 934 2467 XIV.

402 2502 543 2536 Dictum
579 2506 629 2532 est
658 2507 756 2532 antea
783 2499 848 2532 tria
875 2510 946 2532 esse
972 2508 1097 2541 genera
1122 2508 1280 2540 operum,

304 2556 456 2601 privata,
483 2551 641 2596 politica,
668 2551 898 2584 ceremonias:
925 2561 1073 2593 cumque
1098 2549 1140 2580 de
1170 2554 1279 2580 caete-

304 2609 352 2641 ris
369 2617 471 2648 supra
495 2600 679 2635 utilissima
704 2609 882 2643 praecepta
908 2600 1035 2633 tradita
1059 2598 1146 2636 sint,
1187 2610 1281 2630 nunc

305 2657 462 2691 doctrina
481 2655 522 2686 de
538 2650 741 2685 ceremoniis
767 2651 918 2685 additur.
972 2649 1064 2692 Quia
1087 2650 1178 2681 enim
1199 2646 1280 2681 haec

870 75 995 109 rull„
1021 72 1137 108 MLL.
1166 74 1371 112 SCRIPTA
1402 76 1699 114 ExEc-ETICA.

2224 84 2297 121 720

1317 163 1384 196 xita
1402 175 1472 196 non
1493 171 1604 207 potest
1622 159 1736 197 carere
1755 167 1980 206 ceremoniis,
2010 166 2076 201 hoc
2103 176 2170 210 est,
2199 170 2298 202 ordi-

1317 214 1656 259 nationibusaliquis
1680 222 1887 258 temporum,
1906 225 1963 252 aut
1982 226 2154 252 certorum
2167 220 2298 253 exerci-

1318 265 1465 306 tiorum,
1494 277 1630 298 necesse
1655 265 1719 298 suit
1744 264 1935 299 Ecclesiam
1963 271 2141 303 admoneri
2167 272 2209 303 de
2232 282 2298 304 usu

1318 328 1447 350 earum.
1483 315 1571 348 Nam
1596 328 1693 349 error
1715 317 1757 349 (le
1774 318 1982 351 ceremoniis
2006 321 2095 363 parit
2118 322 2225 354 multa
2244 321 2299 354 in-

1318 367 1431 410 gentia
1451 367 1684 400 incommoda.

1422 416 1599 457 Primum,
1633 415 1856 451 Obscuratur
1874 418 2033 452 doctrina
2058 418 2238 463 Evangelii
2257 423 2299 455 de

1321 467 1387 500 side
1404 476 1435 501 et
1455 469 1620 501 hem-ficio
1637 466 1780 509 Christi,
1800 480 1877 501 cnm
1895 470 2033 513 obrepit
2048 470 2188 512 opinio,
2207 473 2299 516 quod

1321 519 1404 552 tales
1437 520 1697 553 observationes
1732 526 1932 553 mereantur
1955 521 2194 553 remissionem
2221 534 2301 566 pec-

1325 576 1494 609 catorum,
1521 577 1577 602 aut
1597 572 1689 615 quod
1710 577 1852 613 propter
1877 582 1933 603 eas
1955 571 2061 604 simus
2082 571 2184 612 iusti,
2214 572 2302 607 sicut

1324 619 1609 662 imaginabantur
1627 620 1746 654 ludaei
1764 622 1806 653 de
1827 621 1899 654 suis
1917 621 2053 656 ritihus.
2109 621 2203 655 Ilaec
2224 623 2303 666 opi-

1324 670 1383 702 nio
1401 672 1607 705 naturaliter
1624 679 1767 716 occupat
1784 672 1940 713 animos,
1968 672 2034 705 nisi
2052 685 2090 705 ex
2109 671 2302 717 Evangelio

1324 728 1413 754 recte
1433 723 1635 757 doceantur.

1427 771 1648 812 Secundum,
1676 772 1904 817 Extinguitur
1935 773 2094 807 doctrina
2127 773 2169 806 de
2201 773 2305 807 diffe-

1324 822 1435 855 rentia
1456 835 1621 866 operum,
1648 836 1725 857 cum
1747 825 1964 857 ceremoniae
1991 826 2233 859 anteferuntur
2251 825 2305 857 vi-

1325 880 1378 906 tae
1399 874 1578 915 politicae:
1608 875 1678 908 imo
1697 875 1940 908 anteferuntur
1957 877 2059 909 etiam
2077 875 2306 910 interioribus

1326 924 1494 956 exercitiis
1521 924 1782 967 spiritualibus,
1811 927 1999 969 patientiae
2022 933 2052 959 et
2077 926 2303 961 invocationi.

1326 974 1423 1008 Sicut
1447 973 1616 1008 Monaclii
1643 988 1721 1010 snas
1746 977 2007 1010 observationes
2034 982 2202 1010 vocarunt
2225 988 2306 1021 per-

1326 1025 1503 1060 sectiones.

1428 1075 1612 1115 Tertium,
1638 1072 1790 1118 Obrepit
1815 1077 1936 1120 opinio
1963 1075 2191 1120 necessitatis,
2218 1088 2306 1122 quae

1328 1132 1376 1160 est
1393 1127 1586 1170 periculosa
1606 1126 1806 1159 carnificina
1824 1129 2129 1163 conscientiarum.

1431 1177 1624 1220 Quartum,
1653 1174 1788 1219 Opinio
1808 1179 2018 1212 necessitatis
2041 1180 2148 1222 gignit
2175 1177 2309 1213 discor-

1328 1228 1401 1261 dias
1419 1228 1651 1268 insanabiles,
1682 1228 1770 1262 sicut
1802 1229 1885 1261 olim
1913 1231 1955 1262 de
1978 1228 2144 1265 Paschate
2165 1228 2308 1265 suerunt

1327 1279 1572 1314 dissensiones.

1434 1330 1626 1371 Quintum,
1661 1328 1762 1362 Falso
1787 1330 1954 1363 tribuitur
1978 1328 2160 1375 Episcopis
2176 1332 2309 1365 autori-

1327 1387 1378 1413 tas
1393 1379 1567 1413 condendi
1592 1391 1703 1412 novos
1728 1380 1860 1420 cultus,
1895 1393 1973 1413 cum
2000 1381 2181 1423 ignoratur
2205 1393 2307 1414 verns

1328 1442 1409 1464 usus
1427 1429 1714 1464 ceremoniarum.
1768 1431 1817 1464 lta
1844 1431 2050 1463 ohscuratur
2073 1432 2156 1465 novi
2182 1431 2307 1465 Testa—

1329 1482 1434 1515 menti
1462 1481 1640 1523 doctriua,
1674 1488 1705 1514 et
1734 1481 1960 1514 confirmatur
1985 1482 2162 1525 impietaS,
2189 1489 2222 1516 et
2245 1494 2307 1515 au-

1328 1539 1426 1575 getur
1448 1532 1606 1576 tyrannis
1625 1529 1892 1575 Episcoporum.

1431 1581 1585 1614 Proinde
1601 1593 1678 1613 cum
1696 1594 1794 1613 error
1811 1583 1853 1613 de
1865 1581 2070 1614 ceremoniis
2086 1582 2196 1626 pariat
2214 1589 2309 1617 tanta

1330 1640 1362 1666 et
1388 1639 1457 1665 tam
1483 1633 1591 1664 multa
1618 1631 1858 1672 incommoda,
1886 1644 2021 1665 necesse
2048 1640 2095 1666 cst
2112 1640 2202 1667 recte
2219 1635 2309 1667 tradi

1330 1696 1443 1718 usum.
1489 1682 1571 1715 ldeo
1591 1681 1719 1715 Paulus
1737 1679 1792 1715 hic
1811 1683 1846 1715 in
1865 1694 1998 1715 summa
2019 1684 2135 1722 docet,
2150 1696 2213 1717 nec
2228 1683 2310 1718 Mo-

1329 1735 1438 1768 saicas
1456 1734 1690 1773 ceremonias,
1716 1746 1779 1766 nec
1803 1734 1934 1767 similes
1959 1734 2002 1767 ab
2026 1731 2231 1768 hominibus
2253 1735 2310 1768 in-

1329 1787 1484 1825 stitutas,
1528 1784 1721 1817 necessario
1752 1785 1988 1817 observandas
2013 1796 2104 1826 esse,
2147 1785 2228 1831 quia
2254 1786 2310 1820 iu-

1329 1836 1444 1876 sticia,
1471 1837 1513 1868 de.
1540 1848 1605 1880 qua
1629 1835 1859 1868 concionatur
1880 1834 2130 1878 Evangelium‚
2157 1848 2229 1869 non
2260 1845 2310 1872 est

1329 1887 1527 1922 observatio
1548 1887 1678 1919 rituum
1698 1885 1935 1918 Mosaicorum
1961 1893 2018 1918 aut
2035 1885 2222 1927 similium,
2249 1889 2309 1920 sed

1330 1946 1378 1972 est
1395 1938 1525 1981 agnitio
1538 1935 1688 1976 Christi,
1706 1948 1795 1968 nova
1814 1943 1844 1968 et
1861 1935 2051 1978 spiritualis
2063 1936 2131 1969 vita
2148 1937 2184 1969 in
2195 1939 2310 1973 corde.

1332 1989 1465 2022 Interea
1491 2000 1571 2019 vero
1599 1987 1633 2019 in
1667 1987 1735 2018 vita
1768 1986 1956 2025 exteriore,
1997 1986 2083 2019 sicut
2118 1987 2203 2020 alias
2233 1988 2311 2022 aliis

1331 2040 1450 2084 spatiis
1473 2038 1627 2077 dierum,
1648 2037 1693 2069 ita
1711 2037 1786 2070 aliis
1805 2036 1930 2070 ritibus
1946 2037 2029 2069 alias
2042 2037 2093 2070 uti
2111 2038 2200 2070 licet.
2227 2036 2310 2072 Ideo

1331 2103 1403 2123 non
1423 2090 1496 2123 vult
1516 2088 1632 2130 affingi
1653 2087 1777 2122 ritibus
1794 2088 1997 2130 opinionem
2016 2087 2171 2121 iusticiae
2194 2099 2232 2122 ac
2248 2101 2311 2122 ne-

1332 2141 1519 2180 cessitatis,
1546 2151 1607 2172 nec
1631 2139 1704 2172 vult
1727 2138 1792 2172 seri
1819 2138 2010 2171 discordias
2035 2139 2077 2171 de
2101 2139 2228 2172 ritibus
2252 2152 2312 2174 seu

1332 2191 1518 2231 Mosaicis‚
1546 2201 1603 2222 seu
1623 2187 1797 2222 humanis,
1850 2187 1944 2221 Ilaec
1970 2196 2017 2222 est
2040 2200 2175 2222 summa
2205 2188 2309 2225 huius

1333 2242 1472 2286 capitis,
1500 2242 1592 2285 quod
1620 2253 1691 2272 non
1718 2240 1875 2285 loquitur
1897 2239 1939 2271 de
1955 2240 2194 2281 sacramentis,
2223 2254 2312 2286 quae

1333 2292 1461 2327 habent
1481 2298 1721 2336 praeceptum,
1746 2291 1829 2335 quia
1858 2296 1940 2322 sunt
1964 2290 2060 2332 signa
2088 2291 2205 2324 addita
2230 2304 2312 2339 pro-

1333 2343 1573 2378 missionibus.
1635 2341 1719 2374 ltem
1744 2348 1825 2374 sunt
1848 2340 2045 2373 testimonia
2072 2341 2311 2384 consessionis,

1334 2392 1460 2430 sedhic
1471 2394 1573 2427 etiam
1591 2394 1731 2436 prodest
1743 2391 1893 2425 discerni
1909 2390 2119 2436 traditiones
2129 2389 2311 2430 humanas.

1436 2445 1526 2479 Sunt
1551 2444 1657 2487 igitur
1683 2443 1747 2476 tria
1774 2453 1910 2485 genera.
1963 2440 2122 2475 Primum
2136 2454 2245 2486 genus
2261 2453 2312 2480 est

1333 2496 1581 2533 traditionum,
1610 2505 1697 2538 quae
1715 2492 1932 2537 praecipiunt
1949 2492 2100 2537 aliquid,
2128 2496 2220 2539 qnod
2238 2507 2309 2528 non

1333 2554 1443 2590 potest
1466 2547 1541 2579 sine
1566 2551 1702 2589 peccato
1737 2543 1912 2587 praestari.
1973 2543 2071 2576 'salis
2097 2554 2145 2578 est
2170 2547 2310 2579 traditio

1333 2599 1375 2630 de
1407 2597 1600 2634 coelibatu,
1635 2607 1712 2627 cuin
1737 2594 1778 2626 iis
1801 2593 2013 2637 imponitur,
2049 2595 2108 2639 qui
2134 2607 2204 2629 non
2230 2605 2312 2631 sunt

1333 2648 1462 2682 idonei.
1515 2646 1599 2680 Item
1619 2642 1849 2689 prophanatio
1867 2643 2074 2686 Missarum,
2102 2647 2214 2681 cultus
2231 2659 2310 2680 san-
