2415 2942
261 103 329 137 451

263 187 451 221 admodum
479 183 550 219 illi,
585 180 645 225 qui
668 176 866 211 iaculantur
889 175 932 208 ad
951 181 1084 209 certum
1102 183 1247 217 scopum

264 239 421 280 dirigunt
438 235 565 272 telum,
592 232 638 263 ita
662 228 777 262 omnis
799 226 908 260 animi
935 225 1097 269 cogitatio
1117 224 1160 257 ad
1178 230 1248 257 sta-

265 298 359 324 tum,
388 285 481 316 velut
501 283 542 316 ad
562 292 703 324 scopum
722 278 902 321 dirigenda
919 283 980 310 est.
1040 275 1194 308 Proinde
1211 273 1249 306 in

266 337 330 371 hac
356 334 511 379 Epistula
541 330 702 375 inprimis
726 328 965 362 observandus
983 332 1034 359 est
1057 323 1115 359 hic
1138 326 1247 365 locus,

266 388 350 421 haec
369 384 571 429 principalis
589 390 636 414 est
655 381 761 415 totius
776 390 897 411 causae
923 377 1136 421 propositio,
1165 373 1250 408 haec

266 438 424 470 delinitio
457 443 506 467 est
528 431 749 467 Christianae
776 429 947 466 iusticiae‚
983 429 1078 472 quod
1113 426 1250 460 iusticia

268 491 311 522 sit
346 488 502 525 credere,
545 484 637 528 qnod
672 488 813 526 propter
837 477 1017 512 Christum
1044 478 1081 510 in
1105 476 1252 520 gratiam

268 539 375 583 patris
396 536 626 580 recipiamur,
655 532 748 577 quod
766 528 927 564 Christus
949 529 993 562 sit
1018 529 1196 562 redemtor
1219 533 1254 559 et

271 587 582 634 propiciatorium,
625 584 717 628 qnod
744 587 887 625 propter
910 592 989 612 eum
1019 579 1145 622 gratis,
1180 577 1255 611 sine

272 640 401 673 nostiis
421 636 553 669 meritis
573 634 822 674 iustificemur,
849 631 876 663 si
894 631 1085 663 credamus.

375 686 574 732 Propvsitio
600 686 778 729 aliquanto
808 681 970 726 pluribus
995 680 1110 713 verbis
1134 677 1257 711 vestita

275 748 335 775 est.
400 738 583 771 Accedunt
612 735 705 768 enim
734 731 1025 766 circumstantiae.
1085 728 1180 761 Ilaec
1204 728 1259 760 iu-

275 791 371 825 sticia
391 801 477 834 qnae
496 786 610 831 patefit
629 787 663 818 in
675 782 869 826 Evangelio
882 808 891 821 ,
918 781 1003 813 olim
1023 786 1055 813 et
1072 775 1259 822 al'rophe-

275 844 320 876 iis
344 840 536 885 praedicata
564 844 622 869 est.
682 834 768 868 Item
795 845 834 866 ex
859 831 1048 866 contrario.
1101 828 1261 864 Christus

277 891 438 937 apparuit
457 890 529 921 sine
546 888 630 928 lege.

381 940 442 973 Est
473 947 505 972 et
530 935 614 970 haec
644 933 814 979 particula
844 932 935 967 inter
964 931 1117 974 insignes
1156 927 1263 963 huius

278 991 457 1037 Epistulae
475 987 663 1021 sententias
679 995 888 1027 magnopere
905 983 1136 1020 observanda,
1164 981 1258 1025 quod

280 1044 358 1077 sine
377 1043 449 1083 logo
473 1039 621 1072 rex-elata
643 1037 686 1069 sit
712 1035 848 1068 iusticia
870 1032 947 1068 Dei.
1007 1033 1120 1066 Docet
1147 1039 1262 1065 autem

282 1107 355 1127 non
382 1092 514 1124 venisse
540 1086 741 1127 Christum,
787 1091 824 1118 ut
848 1084 956 1127 legem
980 1084 1106 1123 ferret,
1141 1088 1179 1115 ut
1204 1093 1265 1125 per

282 1152 402 1179 nostra
437 1153 539 1185 opera
565 1148 781 1171 mereremur
806 1135 994 1168 iusticiam:
1036 1134 1095 1166 sed
1121 1133 1267 1173 venisse,

284 1203 323 1229 ut
339 1194 443 1237 gratis
462 1193 534 1224 sine
553 1189 681 1222 nostris
700 1187 830 1220 meritis
850 1186 1029 1218 credentes
1054 1183 1267 1218 iustificaret.

284 1244 436 1280 Memini
466 1240 688 1275 scholasticos
712 1238 814 1270 auxie
839 1247 1023 1281 quaerere,
1068 1246 1154 1279 quas
1178 1234 1268 1276 leges

287 1302 422 1341 praeter
442 1292 645 1333 decalogum
671 1297 771 1322 antea
793 1287 1003 1327 revelatum,
1032 1283 1193 1318 Christus
1215 1292 1271 1317 tn-

288 1347 378 1381 lerit.
431 1343 539 1387 Atqui
558 1341 653 1374 nulla
673 1351 762 1371 nova
784 1338 838 1370 lex
865 1337 1064 1381 quaerenda
1090 1342 1150 1369 est.
1203 1333 1270 1366 llic

291 1396 474 1431 manifeste
494 1392 621 1425 Paulus
639 1395 774 1432 separat
791 1389 834 1421 ab
852 1386 1044 1428 Evangelio
1068 1385 1177 1428 legem
1192 1409 1200 1422 ,
1234 1396 1272 1417 ac

292 1450 391 1482 docet
415 1443 592 1479 Christum
620 1441 753 1473 adferre
783 1438 955 1471 iusticiam
981 1436 1086 1479 gratis
1111 1436 1185 1467 sine
1209 1447 1273 1467 no-

294 1499 373 1533 stris
392 1495 536 1531 meritis‚
564 1490 743 1525 Christum
760 1501 831 1521 non
849 1499 920 1520 esse
938 1487 1184 1529 legislatorem,
1213 1486 1272 1517 sed

294 1550 538 1583 redemtorem.
572 1542 642 1575 Lex
660 1552 720 1584 per
736 1539 875 1572 Moisen
894 1539 973 1570 data
992 1544 1060 1576 est,
1088 1548 1149 1580 per
1165 1533 1270 1568 Chri-

296 1608 386 1634 stum
405 1598 555 1630 donatur
571 1591 728 1626 remissio
745 1595 964 1633 peccatorum
982 1593 1014 1620 et
1026 1586 1178 1630 Spiritus
1195 1598 1274 1618 san—

297 1658 384 1684 ctus.
410 1685 413 1687 ,
444 1645 576 1680 Addita
599 1649 648 1675 est
675 1638 933 1674 circumstantia
966 1638 1089 1676 etiam,
1123 1638 1165 1669 ad
1189 1647 1276 1681 quos

296 1700 468 1745 pertineat
486 1695 620 1729 iusticia
636 1693 784 1725 revelata
800 1691 835 1723 in
850 1688 1054 1731 Evangelio.
1106 1687 1167 1720 Ait
1182 1687 1275 1719 enim

300 1754 335 1784 in
359 1759 495 1787 omnes,
537 1754 569 1779 et
600 1755 703 1787 super
725 1753 846 1775 omnes
868 1741 1066 1779 credentes,
1098 1745 1130 1771 et
1153 1738 1278 1781 repetit

300 1802 449 1845 primam
475 1795 773 1841 propositionem,
812 1802 934 1824 omnes
965 1796 1213 1834 peccaverunt,
1246 1795 1278 1821 et

303 1862 423 1886 omnes
441 1855 522 1882 sunt
544 1846 642 1879 vacui
659 1845 767 1887 gloria
787 1843 870 1882 Dei,
899 1842 933 1873 id
960 1847 1029 1881 est,
1056 1840 1186 1873 noticia
1205 1838 1282 1878 Dei,

304 1902 430 1935 fiducia
462 1911 540 1941 erga
564 1897 688 1931 Deum.
747 1893 880 1928 Sumsit
907 1898 1152 1924 ornamentum
1178 1891 1282 1924 etiam

306 1965 345 1986 ex
362 1951 465 1995 tvpiS.
518 1947 677 1982 Christus
703 1952 752 1978 est
774 1943 990 1988 propositus,
1027 1949 1066 1975 ut
1089 1941 1133 1974 sit
1156 1941 1282 1985 propi-

307 1989 510 2039 ciatorium,
532 1999 589 2031 sed
609 2009 670 2040 per
694 1996 814 2035 fidem,
842 1994 940 2038 quasi
968 1993 1076 2030 dicat,
1104 1989 1284 2025 Christum

308 2065 380 2086 esse
398 2062 519 2084 verunt
537 2049 623 2080 illud
641 2045 928 2090 propiciatorium
943 2070 950 2083 ‚
983 2055 1045 2086 per
1071 2044 1165 2087 quod
1191 2049 1283 2086 patet

308 2104 424 2138 aditus
440 2102 481 2134 ad
501 2106 645 2143 patrem.
698 2096 795 2129 Sicut
821 2096 911 2138 apud
938 2094 1226 2137 propiciatorium
1248 2093 1285 2124 in

309 2151 533 2188 tabernaculo
559 2148 768 2193 promiserat
783 2144 894 2185 Deus,
929 2156 963 2176 se
987 2145 1191 2177 auditurum
1217 2155 1289 2176 esse

312 2212 391 2237 vota
409 2211 440 2236 et
457 2212 574 2246 preces
591 2197 780 2242 pontificis:
815 2197 873 2227 sed
898 2206 991 2227 cesso
1015 2205 1135 2227 omnes
1158 2206 1288 2238 propo-

313 2254 449 2289 sitionis
469 2247 744 2285 circumstantias
761 2246 914 2279 recitare.
969 2244 1048 2277 Non
1065 2245 1156 2277 enim
1174 2246 1288 2278 scribo

313 2303 615 2339 commentarium.
666 2298 849 2333 Caeterum
866 2295 1066 2328 meminerit
1083 2295 1190 2328 lector
1208 2308 1290 2339 pro-

314 2355 499 2400 positionis
514 2362 703 2390 summam,
739 2355 770 2380 et
795 2358 867 2379 eam
887 2346 1066 2378 dialectico
1084 2358 1178 2379 more
1195 2358 1291 2379 com-

316 2403 521 2451 prehendat.
594 2400 733 2432 Iusticia
769 2409 884 2431 coram
915 2395 989 2429 Deo
1021 2403 1096 2440 est,
1153 2398 1292 2430 credere

318 2457 410 2502 quod
430 2460 569 2497 propter
586 2449 766 2484 Christum
785 2449 936 2481 donetur
953 2447 1054 2480 nohis
1071 2448 1145 2479 sine
1163 2449 1291 2480 nostris

318 2506 452 2539 meritis
475 2503 625 2539 iusticia,
658 2508 689 2533 et
712 2498 867 2532 remissio
894 2504 1123 2541 peccatorum.

319 2556 402 2590 haec
420 2554 575 2588 definitio
595 2558 643 2584 est
663 2550 817 2584 iustitiae
839 2546 1070 2582 Christianae.
1124 2547 1181 2581 Sic
1199 2549 1291 2580 enim

319 2606 466 2641 docendi
493 2614 592 2637 cansa
611 2601 831 2640 vocabimus,
867 2611 944 2632 cum
962 2598 1093 2631 Paulus
1117 2605 1214 2631 vocet
1239 2599 1291 2632 iu-

842 90 967 126 PHIL.
994 87 1111 125 MEL.
1137 85 1348 122 SCRIPTA
1375 87 1674 126 EXEGETICA.

1177 2499 1292 2542 Atque
1316 2497 1319 2519 ²

2199 89 2272 126 452

1297 187 1435 218 sumus,
1460 188 1521 210 seu
1537 187 1604 222 qua
1621 186 1685 208 nos
1700 175 1797 209 Deus
1812 181 1950 220 reputat
1966 174 2087 210 iustos.
2142 172 2280 209 Clarius

1299 225 1382 260 haec
1408 227 1649 270 intelligentur
1675 237 1752 259 cum
1778 226 1966 260 definietur
1989 226 2091 259 etiam
2125 221 2280 259 humana

1299 278 1435 311 iusticia
1455 289 1515 311 seu
1531 277 1644 310 civilis
1664 276 1820 317 iusticia,
1847 288 1934 321 quae
1954 277 2137 319 colligitur
2150 276 2280 310 nostris

1302 329 1436 361 viribus
1453 335 1485 361 et
1501 327 1686 373 operibuS,
1713 333 1745 360 et
1773 338 1852 360 cum
1878 327 1935 359 fiet
1957 326 2172 370 comparatio
2196 326 2283 360 defi-

1303 379 1491 413 nitionum.
1549 377 1710 420 Quantae
1735 384 1850 410 autem
1874 377 2129 410 consolationes
2155 377 2191 409 in
2216 374 2284 410 hoc

1305 431 1381 463 loco
1410 428 1539 463 territis
1569 427 1792 461 conscientiis
1825 427 2023 472 propositae
2057 428 2144 465 sint,
2185 427 2285 461 nulla

1306 493 1372 513 vox
1383 478 1535 513 humana
1547 491 1610 527 pro
1623 478 1791 521 dignitate
1808 478 1978 522 explicare
1990 484 2110 521 potest.
2138 477 2287 511 Etiamsi

1308 531 1422 564 desint
1437 542 1561 574 opera,
1587 537 1704 563 tamen
1728 529 1910 562 credamus
1935 540 2000 561 nos
2025 535 2167 572 propter
2182 525 2288 562 Chri-

1309 588 1399 614 stum
1416 593 1434 614 a
1453 587 1549 625 patre
1565 581 1602 613 in
1621 579 1768 623 gratiam
1783 579 1892 622 recipi
1916 579 2032 622 gratis.
2090 578 2180 612 Nam
2203 576 2289 612 haec

1312 631 1450 665 iusticia
1465 631 1540 665 sine
1559 631 1632 673 lege
1658 630 1794 674 patefit,
1822 627 2037 673 blasphemia
2064 630 2168 662 estin
2183 626 2290 662 Chri-

1313 689 1424 723 stum,
1450 689 1482 715 et
1500 681 1740 725 propiciatorii
1759 677 2009 724 prophanatio,
2040 691 2114 712 non
2136 680 2291 724 accipere

1311 732 1607 770 consolationem,
1643 743 1715 764 non
1741 731 1846 774 erigi,
1882 731 1999 764 oblata
2025 742 2087 774 per
2110 728 2291 764 Christum

1313 783 1470 827 iusticia,
1497 784 1555 816 sed
1582 784 1784 825 desperare,
1819 781 1900 826 quia
1924 781 2038 814 desint
2062 780 2163 814 nobis
2187 791 2294 824 opera

1312 833 1417 866 bona.
1469 832 1531 866 Est
1547 840 1580 866 et
1596 829 1811 876 blasphemia
1829 832 1955 874 eligere
1973 843 2078 876 opera
2103 829 2167 864 hac
2187 842 2246 875 spe
2260 837 2294 864 et

1315 883 1502 926 opinione,
1537 890 1575 916 ut
1593 895 1653 926 per
1670 895 1707 915 ea
1734 882 1973 917 iustificemur.
2033 882 2075 914 In
2098 879 2189 915 hanc
2213 892 2294 914 sen-

1314 934 1459 968 tentiam
1497 934 1656 978 sequitur
1686 933 1930 977 amplificatio,
1971 932 2106 966 exclusa
2138 939 2190 966 est
2220 932 2297 975 glo-

1314 985 1430 1019 riatio,

1418 1058 1540 1093 Sumta
1572 1065 1622 1092 est
1652 1064 1767 1091 autem
1799 1058 2021 1102 amplificatio
2050 1057 2301 1102 propositionis

1319 1123 1358 1144 ex
1375 1110 1472 1142 finali
1497 1120 1608 1144 causa.
1661 1108 1699 1142 Si
1722 1120 1826 1152 opera
1844 1109 1928 1151 legis
1952 1109 2196 1148 insufflarent,
2221 1108 2302 1141 finis

1320 1173 1466 1206 operum
1484 1167 1569 1193 esset
1588 1159 1710 1191 mereri
1726 1160 1884 1201 gratiam.
1922 1157 2022 1192 Esset
2039 1166 2072 1192 et
2093 1159 2219 1192 fiducia
2234 1170 2300 1192 no-

1321 1213 1383 1244 stri
1400 1223 1459 1244 seu
1478 1210 1638 1253 gloriatio
1655 1209 1747 1242 finis.
1799 1209 1902 1242 Nunc
1928 1216 2082 1243 cessante
2106 1221 2225 1250 causa,
2261 1216 2302 1244 ut

1322 1263 1438 1302 aiunt,
1464 1268 1571 1294 cessat
1595 1259 1754 1293 effectus:
1789 1260 1955 1303 operibus
1980 1260 2109 1293 nostris
2133 1260 2304 1293 adimitur

1323 1312 1533 1346 iustificatio.
1591 1308 1686 1353 Ergo
1711 1309 1880 1343 adimitur
1902 1311 2005 1344 nobis
2030 1310 2154 1344 fiducia
2181 1310 2306 1350 nostri,

1325 1370 1356 1395 et
1374 1362 1548 1404 gloriatio.
1607 1359 1688 1393 Non
1713 1360 1792 1392 ideo
1817 1360 1926 1402 magis
1949 1368 2103 1393 meretur
2127 1361 2307 1394 iustificari

1326 1413 1475 1446 Ioannes
1508 1422 1611 1455 quam
1637 1409 1866 1453 Magdalena‚
1909 1411 1990 1455 quia
2021 1410 2168 1443 loannes
2190 1411 2305 1443 conti-

1327 1469 1450 1495 nenter
1469 1462 1566 1495 vixit.
1621 1459 1738 1505 Atque
1762 1457 1819 1493 hic
1846 1460 1960 1493 obiter
1981 1461 2152 1504 repetitur
2174 1472 2306 1504 propo-

1327 1514 1422 1546 sitio:
1451 1511 1678 1544 Arbitramur
1695 1509 1874 1543 hominem
1893 1511 2070 1543 iustificari
2086 1511 2170 1551 fide,
2199 1517 2231 1544 et
2249 1522 2308 1543 ex-

1328 1563 1437 1596 cludit
1455 1560 1689 1600 contrarium‚
1715 1561 1790 1592 sine
1809 1560 1975 1604 operibus
1992 1560 2088 1603 legis.
2141 1559 2196 1594 Ad
2213 1558 2309 1594 hunc

1328 1615 1472 1646 modum
1493 1608 1645 1644 detrahit
1661 1611 1824 1643 fiduciam
1845 1611 1974 1644 nostris
2003 1612 2170 1655 operibus
2196 1619 2229 1646 et
2255 1623 2308 1644 sa-

1329 1662 1598 1697 tisfactionibus.
1666 1660 1879 1705 Sequeretur
1909 1661 2003 1694 enim
2036 1662 2161 1696 fiducia
2186 1663 2308 1706 nostri,

1329 1722 1494 1759 tanquam
1512 1713 1610 1753 finis,
1636 1723 1740 1755 opera
1756 1712 1784 1744 si
1802 1712 2040 1748 iustificarent.

1432 1787 1556 1821 Brevis
1574 1787 1754 1830 occupatio
1771 1787 1888 1821 addita
1913 1794 1980 1821 est:
2012 1786 2104 1821 Num
2133 1788 2315 1823 abolemus

1332 1839 1468 1883 legem?
1503 1837 1592 1871 Nam
1609 1838 1773 1870 omnibus
1790 1838 1884 1870 sanis
1902 1835 2125 1879 hominibus,
2154 1851 2233 1872 cum
2251 1851 2314 1872 an-

1334 1893 1436 1925 diunt
1461 1901 1534 1922 non
1555 1888 1681 1921 mereri
1715 1900 1777 1920 nos
1807 1888 1972 1931 operibus
2006 1890 2197 1930 iusticiam,
2238 1901 2311 1923 non

1335 1942 1444 1984 magis
1462 1939 1628 1972 loannem
1649 1938 1773 1971 mereri
1790 1938 1961 1972 iusticiam
1975 1963 1983 1977 ‚
2011 1951 2115 1983 quam
2133 1939 2315 1982 Magdale-

1336 2004 1432 2025 nam:
1461 2001 1597 2022 necesse
1618 1995 1667 2021 est
1688 1989 1724 2020 in
1749 1996 1900 2022 mentem
1925 1990 2060 2028 venire,
2095 1991 2187 2034 quod
2212 1991 2314 2025 liceat

1337 2042 1486 2085 turpiter
1505 2040 1641 2079 vivere,
1668 2039 1762 2083 quod
1786 2040 1838 2072 tex
1871 2040 1918 2072 ita
1944 2040 2143 2080 aboleatur,
2176 2048 2215 2075 ut
2235 2053 2316 2085 pec—

1337 2092 1438 2126 candi
1465 2090 1601 2124 licentia
1641 2090 1863 2125 concedatur.
1931 2089 2061 2124 Paulus
2085 2091 2238 2125 breviter
2260 2104 2316 2125 re-

1337 2144 1487 2187 spondet
1509 2142 1550 2174 ad
1576 2138 1665 2172 hanc
1689 2141 1941 2181 obiectionem,
1976 2153 2057 2174 nam
2081 2143 2172 2175 infra
2194 2143 2314 2175 eadem

1340 2193 1493 2239 quaestio
1511 2192 1649 2235 copiose
1667 2191 1881 2225 tractabitur.
1911 2190 1986 2224 Imo
1998 2192 2123 2236 inquit,
2140 2204 2212 2224 non
2229 2193 2315 2226 abo-

1338 2246 1448 2278 lemus
1463 2244 1592 2286 legem,
1619 2242 1678 2275 sed
1702 2242 1915 2286 perficimus,
1946 2243 2027 2286 quia
2047 2243 2101 2275 lex
2127 2243 2274 2286 requirit
2295 2255 2315 2277 a

1340 2296 1443 2328 nobis
1461 2293 1632 2327 iusticiam
1651 2305 1767 2326 coram
1791 2292 1876 2326 Deo.
1928 2290 1976 2325 At
1995 2293 2054 2337 qui
2083 2293 2119 2325 in
2135 2290 2316 2327 Christum

1341 2346 1467 2385 credit,
1493 2345 1562 2376 iam
1581 2350 1630 2376 est
1646 2344 1756 2377 iustus
1780 2354 1894 2376 coram
1919 2342 2010 2383 Deo,
2038 2341 2142 2377 habet
2164 2355 2244 2387 ergo
2264 2345 2316 2378 le-

1342 2397 1391 2440 gis
1407 2397 1529 2432 finem,
1557 2395 1695 2428 tametsi
1715 2401 1890 2437 peccatum
1909 2390 2022 2425 adhuc
2045 2394 2081 2426 in
2107 2406 2210 2427 carne
2233 2393 2316 2428 bae-

1341 2454 1424 2482 reat.
1477 2444 1521 2478 Et
1545 2452 1660 2478 tamen
1686 2445 1777 2477 idem
1802 2454 1882 2475 vere
1905 2442 1972 2476 iam
2003 2445 2161 2487 agnoscit
2190 2444 2318 2487 Deum,

1343 2510 1418 2530 vere
1437 2497 1541 2529 sentit
1557 2494 1667 2528 Deum
1683 2494 1786 2528 nobis
1810 2494 1947 2532 adesse,
1973 2506 2110 2528 servare
2133 2507 2172 2529 ac
2195 2496 2319 2529 defen-

1342 2550 1423 2581 dere
1455 2548 1643 2579 credentes.
1704 2543 1798 2577 Haec
1828 2544 1960 2587 primae
1992 2545 2129 2578 tabulae
2160 2546 2319 2590 impletio

1343 2606 1402 2632 est.
1454 2598 1539 2630 Item
1564 2595 1714 2638 concipit
1737 2594 1852 2627 omnis
1876 2596 2010 2637 generis
2033 2597 2145 2630 bonos
2166 2597 2320 2638 affectus,

320 2658 452 2691 sutiam
478 2654 562 2694 Dei,
606 2652 751 2692 scilicet,
786 2662 851 2695 qua
879 2661 942 2683 nos
969 2661 1085 2684 coram
1110 2647 1185 2684 Deo
1210 2650 1291 2683 iusti
1314 2657 1320 2699 Ι
1342 2650 1388 2684 ita
1407 2648 1577 2682 secundae
1593 2645 1731 2681 tabulae
1753 2645 1892 2684 obedit,
1928 2647 2030 2681 datur
2053 2647 2146 2681 enim
2169 2646 2321 2691 Spiritus
