2415 2942
280 108 354 142 8ΰό

288 193 516 229 X'crissimum
534 195 581 221 est
600 187 713 229 enim,
735 186 846 220 Deum
873 196 944 217 esse
962 184 1167 217 efficientem
1189 195 1272 218 cau-

288 259 358 279 sam
380 239 651 276 iustificationis,
675 238 733 281 qui
754 244 786 270 et
805 236 927 279 recipit
945 247 1028 275 nos,
1052 242 1085 268 et
1104 235 1270 268 vivificat.

289 297 355 330 Sed
374 292 529 337 quaestio
554 298 600 322 est
620 290 660 321 de
678 300 777 320 causa
799 287 983 330 impulsiva
997 313 1005 326 ,
1038 297 1098 318 seu
1120 286 1271 326 formali,

289 355 345 381 nt.
369 356 411 376 au
437 340 520 374 baec
547 339 738 384 propositio
766 338 810 372 sit
835 349 931 371 vera:
962 336 1091 370 Sumus
1109 337 1209 377 iusti,
1234 337 1268 369 id

289 405 357 432 est.
392 393 519 435 accepti
553 390 699 423 essentia
725 388 801 422 Dei.
856 388 928 421 Aut
951 399 994 420 an
1020 387 1080 420 illa
1106 387 1149 420 sit
1175 399 1272 421 vera:

289 448 419 480 Sumus
442 443 544 484 iusti,
574 442 607 473 id
633 447 699 478 est,
728 439 856 482 accepti
885 438 1083 471 obedientia
1103 438 1273 471 mediato-

291 498 349 530 ris.
405 495 474 527 Hic
500 492 719 525 manifestuum
745 497 793 522 est
818 489 916 522 Pauli
941 489 1090 522 dictum:
1125 488 1273 532 Propter

292 548 396 580 unius
417 543 652 577 obedientiam
672 541 753 574 iusti
772 540 1030 573 constituentur
1056 539 1168 571 multi.
1209 537 1273 572 Est

293 610 372 634 ergo
391 595 542 628 efficiens
569 604 668 625 causa
695 589 754 625 καὶ
772 593 919 635 πρῶτον
938 590 1055 623 αἴτιον
1073 588 1167 622 Deus
1186 590 1274 622 reci·
1299 591 1302 614 ¹

291 634 390 693 piens
411 657 481 679 nos.
536 643 647 677 Causa
665 642 850 687 impulsiva
867 653 926 674 seu
944 640 1100 673 formalis
1124 647 1171 673 est
1189 641 1273 673 obe-

294 698 426 732 dientia
447 694 658 728 mediatoris.

398 746 572 781 Declarari
596 751 712 777 autem
737 750 768 776 et
796 741 938 774 refutari
964 747 1206 783 argumentum
1224 741 1275 774 sa-

294 801 359 833 cile
384 804 515 841 potest,
548 792 880 829 commemoratione
907 792 1053 825 aliarum
1080 792 1276 836 proprieta—

293 858 367 884 tum
385 849 462 883 Dei.

446 896 605 930 Essentia
629 901 678 927 est
697 893 971 938 omnipotentia,

450 948 555 987 Item,
582 945 676 979 Dens
694 953 742 978 est
762 945 851 988 ignis
870 955 1096 978 consumens:

449 998 542 1041 Ergo
562 997 652 1039 ignis
673 1007 882 1029 consumens
899 996 1080 1036 iustificat,
1102 993 1277 1039 siquidem

551 1047 699 1081 essentia
718 1046 890 1081 iustificat.

400 1100 672 1135 Concedenilnm
700 1105 748 1130 est
774 1103 1017 1139 argumentum
1044 1096 1087 1129 de
1112 1106 1212 1129 causa
1229 1095 1280 1127 ef-

297 1154 448 1192 ficiente,
477 1150 569 1193 Quia
589 1149 678 1182 idem
699 1148 811 1188 Deus,
839 1148 898 1192 qui
924 1154 973 1180 est
996 1147 1220 1190 omnipotens
1246 1153 1279 1180 et

298 1206 426 1239 iustus,
462 1201 611 1245 puniens
635 1200 802 1237 iniustos,
840 1199 1011 1232 iustificat.
1064 1198 1133 1231 Sed
1162 1204 1278 1230 manet

298 1253 452 1299 quaestio
478 1253 520 1284 de
545 1262 644 1284 causa
667 1250 851 1292 impulsiva
869 1261 929 1281 seu
953 1248 1110 1288 formali,
1138 1259 1225 1292 quos
1246 1253 1280 1280 et.
1305 1252 1306 1278 l

299 1305 477 1349 quomodo
497 1302 668 1335 iustificet.
711 1299 788 1333 Hoc
803 1300 1000 1343 exemplum
1023 1299 1175 1332 ostendit
1194 1310 1279 1331 cou-

298 1356 470 1388 tusionem
491 1363 671 1386 causarum
694 1351 729 1383 in
753 1350 826 1383 istis
844 1350 1048 1393 praestigiis.

723 1438 862 1469 Aliud.

454 1502 592 1536 lustitia
612 1506 679 1539 est,
707 1500 798 1544 quod
818 1499 897 1532 facit
915 1510 977 1531 nos
999 1498 1086 1531 iusta
1103 1499 1236 1538 facere,

452 1552 611 1587 Essentia
631 1550 749 1583 divina
769 1550 849 1582 facit
868 1561 931 1582 nos
948 1550 1034 1582 iusta
1053 1549 1179 1580 facere:

450 1603 544 1647 Ergo
566 1601 712 1635 essentia
732 1601 851 1633 divina
870 1607 918 1633 est
938 1606 1054 1632 nostra
1074 1599 1222 1631 iusticia.

399 1654 610 1698 Respondeo
621 1651 886 1694 simplicissime,
902 1658 933 1683 et
951 1650 1026 1682 siue
1042 1649 1279 1682 contentione.

299 1708 461 1743 Concedo
488 1712 618 1741 totum,
647 1701 1016 1746 legaliter'loqueudo.
1069 1700 1136 1734 Sed
1161 1699 1198 1731 in
1217 1696 1281 1731 hac
1305 1721 1307 1730 ι

301 1762 370 1793 vita
389 1769 461 1790 non
477 1766 595 1789 sumus
608 1754 687 1786 iusti
706 1753 904 1786 obedientia
925 1752 1026 1795 legis:
1045 1751 1122 1783 ideo
1140 1750 1176 1782 in
1195 1761 1280 1794 pro-

301 1810 466 1844 missione
490 1805 640 1839 revelata
659 1811 707 1836 est
727 1804 791 1836 alia
819 1803 975 1842 iusticia,
999 1801 1130 1834 scilicet
1157 1811 1280 1833 recon-

301 1861 450 1899 ciliatio,
477 1869 536 1890 sen
557 1854 745 1898 acceptatio
765 1861 905 1898 propter
922 1853 1044 1886 silium.
1085 1851 1204 1894 Quare
1221 1852 1282 1884 de-

301 1912 413 1945 finitio
439 1906 648 1942 Osiandrica
674 1911 808 1938 tantum
837 1904 956 1946 legalis
977 1910 1037 1938 est.
1089 1903 1141 1936 Ac
1166 1901 1280 1935 mani-

301 1966 384 1996 feste
407 1958 620 2002 conspicitur
649 1953 705 1988 hic
731 1952 900 1988 Osiandri
926 1967 1041 1994 error,
1083 1954 1162 1986 fons
1184 1953 1280 1986 enim

300 2013 489 2046 multarum
522 2007 766 2041 confusionum
800 2013 848 2038 est
881 2017 979 2038 error
1004 2006 1039 2037 in
1066 2004 1280 2037 definitione.

299 2064 443 2098 Necesse
467 2067 516 2092 est
541 2059 647 2100 igitur
675 2056 806 2101 opponi
832 2056 1028 2089 definitioni
1051 2055 1152 2098 legali
1175 2054 1280 2087 aliam

298 2113 476 2160 propriam
495 2108 691 2151 Evangelii.

406 2161 544 2196 lustitia
563 2167 609 2192 est
633 2157 791 2191 remissio
814 2164 1051 2200 peccatorum,
1077 2163 1109 2189 et
1128 2155 1281 2198 imputa-

301 2216 348 2250 tio
365 2219 505 2258 propter
521 2209 757 2243 obedientiam
783 2208 845 2240 filii
873 2207 955 2245 Dei,
983 2219 1044 2251 per
1064 2207 1185 2246 fidem,
1212 2217 1281 2250 qua

301 2266 473 2300 credimus
505 2273 568 2294 nos
600 2267 742 2303 propter
772 2259 882 2290 filium
909 2258 982 2291 Deo
1014 2263 1171 2300 acceptos
1196 2267 1279 2289 esse.

303 2314 415 2350 Simul
443 2320 554 2346 autem
585 2311 620 2342 in
647 2308 710 2342 hac
737 2309 993 2348 consolatione,
1021 2320 1099 2340 cnm
1126 2307 1281 2339 vivifica—

302 2378 381 2399 mur
407 2377 466 2406 per
496 2364 624 2398 filium,
669 2362 771 2393 datur
804 2359 955 2402 Spiritus
979 2365 1117 2391 sanctus
1150 2359 1192 2390 ad
1225 2357 1280 2389 in-

301 2416 469 2450 coandam
496 2411 751 2450 obedientiam,
786 2422 873 2455 quae
898 2410 962 2443 erit
987 2415 1226 2442 consummata
1243 2408 1280 2440 in

301 2468 371 2499 vita
391 2472 538 2497 aeterna.

405 2514 474 2547 lam
508 2513 613 2555 igitur
652 2518 784 2554 repetas
818 2516 1081 2553 argumentum,
1132 2510 1308 2561 refutata¹

300 2567 431 2600 maiore
450 2575 511 2610 per
526 2563 629 2594 aliam
645 2562 900 2594 definitionem:
929 2560 1067 2594 Iusticia
1087 2561 1280 2593 secundum
1305 2584 1308 2616 Ι

301 2615 531 2658 Evangetium
561 2619 611 2644 est
638 2611 789 2654 acceptio
820 2611 1036 2644 remissionis
1061 2617 1280 2654 peccatorum
1306 2632 1307 2638 η

303 2676 334 2702 et
358 2663 599 2709 imputationis
618 2662 773 2695 iusticiae
791 2673 852 2705 per
871 2661 993 2701 fidem,
1022 2660 1104 2695 haec
1123 2660 1280 2694 remissio
1304 2659 1308 2702 ἦ

865 99 987 133 PIltL.
1017 97 1132 133 MEL.
1160 97 1366 134 SCRIPTA
1397 96 1696 136 EXEGETICA.

2234 106 2307 143 864

1324 191 1358 219 et
1386 184 1569 228 imputatio
1602 185 1639 219 fit
1673 192 1814 230 propter
1844 187 2078 222 obedientiam
2118 187 2198 231 filii,
2232 201 2305 224 non

1325 242 1468 279 propter
1485 236 1667 268 essentiam
1687 237 1814 279 patris,
1842 244 1900 271 aut
1917 239 2067 282 Spiritus
2084 241 2212 283 sancti,
2236 239 2306 275 Er·

1325 297 1366 329 go
1391 293 1533 330 propter
1552 286 1790 320 obedientiam
1807 287 1871 320 filii
1895 299 2015 322 sumus
2030 290 2123 325 iusti.

1739 377 1846 408 Ale'u
1856 377 1887 408 d.

1376 437 1505 472 Daniel
1522 438 1656 483 inquit:
1683 436 1891 473 Adducetur
1921 439 2059 473 iusticia
2085 441 2308 486 sempiterna.

1375 488 1479 522 Solus
1498 490 1593 523 Deus
1613 496 1664 523 est
1680 496 1857 523 aeternus:

1374 538 1468 583 Ergo
1485 540 1579 573 solus
1594 538 1689 574 Deus
1706 547 1756 574 est
1775 540 1923 576 iusticia.

1426 605 1637 650 Respondeo
1661 608 1829 641 breviter:
1866 607 1903 641 Si
1927 608 2054 641 retines
2077 608 2114 641 in
2132 609 2301 643 vocabulo

1327 654 1502 690 Aeternus
1527 659 1672 691 eandem
1702 659 1990 701 significationem
2024 659 2099 692 sine
2131 659 2306 704 principio

1328 715 1360 740 et
1377 708 1451 740 sine
1470 708 1554 748 fine,
1579 710 1730 742 concedo
1758 715 1867 742 totum
1893 716 2156 752 argumentum,
2183 709 2309 744 Solum

1328 758 1443 791 Deum
1461 770 1533 791 esse
1548 765 1722 792 aeternam
1740 767 1772 793 et
1788 760 2004 793 essentialem
2023 760 2208 793 iusticiam.
2236 760 2310 795 Sed

1328 807 1455 842 Daniel
1473 809 1629 853 loquitur
1646 811 1688 843 de
1705 810 1840 843 iusticia
1860 812 1987 844 donata
2006 808 2222 851 hominibus,
2246 811 2308 856 qui

1329 871 1402 892 non
1422 866 1503 892 sunt
1523 860 1598 891 sine
1619 861 1802 904 principio.
1856 860 1901 894 Et
1919 861 2174 905 simplicissime
2200 861 2312 895 inter-

1330 917 1448 953 pretor
1464 909 1666 948 Danielem,
1693 923 1770 943 cum
1802 912 1960 945 nominat
1985 912 2157 944 iusticiam
2183 912 2313 955 sempi-

1330 967 1483 1000 ternam,
1532 962 1574 993 de
1604 967 1845 993 consummato
1877 962 2044 995 beneficio
2076 959 2228 1002 Christi,
2269 969 2310 996 ut

1332 1009 1452 1044 Esaias
1483 1012 1525 1044 de
1559 1018 1800 1044 consummato
1833 1012 2000 1045 beneficio
2024 1013 2198 1057 loquitur,
2230 1024 2310 1046 cum

1331 1062 1377 1095 ait
1395 1061 1477 1105 Cap.
1497 1060 1577 1096 45.:
1614 1061 1653 1094 ln
1681 1061 1835 1094 Domino
1861 1062 2104 1096 iustificabitur
2126 1074 2229 1095 omne
2253 1074 2311 1095 se·-

1333 1124 1413 1144 men
1438 1112 1555 1146 lsrael.
1607 1110 1655 1146 Et
1677 1112 1713 1144 in
1738 1114 1859 1145 eodem
1884 1113 2011 1157 capite:
2040 1111 2144 1146 Israel
2158 1113 2312 1147 salvatus

1332 1171 1381 1196 est
1398 1163 1432 1196 in
1447 1163 1618 1203 Domino,
1636 1163 1746 1196 salute
1764 1170 1916 1198 aeterna.
1970 1162 2009 1196 ln
2027 1160 2082 1196 his
2100 1164 2202 1198 dictis
2217 1175 2312 1196 com-

1331 1214 1495 1257 plectitur
1517 1213 1636 1246 Esaias
1670 1214 1788 1246 omnia
1812 1211 1942 1247 Christi
1973 1214 2162 1254 beneficia,
2201 1222 2234 1248 et
2257 1221 2312 1248 ta-

1333 1276 1412 1296 men
1436 1264 1586 1297 discerni
1627 1271 1763 1307 oportet
1800 1264 2068 1308 imputationem
2093 1264 2247 1299 iusticiae
2274 1265 2313 1298 in

1333 1313 1396 1347 bac
1418 1315 1506 1355 vita,
1547 1321 1580 1348 et
1612 1315 1950 1349 consummationem
1982 1315 2139 1349 iusticiae
2168 1315 2206 1348 in
2236 1315 2308 1349 vita

1331 1372 1482 1399 aeterna.

1431 1431 1502 1464 Nec
1528 1432 1749 1475 repugnabo,
1784 1432 1812 1464 si
1841 1433 1918 1477 quis
1936 1432 2108 1466 iusticiam
2127 1433 2310 1476 sempiter-

1333 1494 1412 1514 nam
1431 1483 1602 1526 intelligat
1626 1483 1733 1526 ipsam
1759 1494 1943 1526 personam
1965 1480 2114 1523 Clu-isti,
2142 1481 2254 1515 Deum
2279 1489 2312 1516 et

1304 1530 1306 1540 ’
1331 1530 1531 1571 hominem,
1579 1533 1666 1566 sicut
1699 1532 1861 1566 Ieremias
1892 1534 2029 1566 locutus
2059 1540 2123 1566 est:
2162 1532 2311 1566 Vocabi-

1332 1589 1390 1615 tur
1425 1595 1553 1615 nonien
1581 1583 1653 1615 eius
1687 1580 1835 1623 lehova‚
1876 1583 2013 1616 iusticia
2045 1590 2175 1617 nostra.
2242 1582 2314 1617 Ubi

1332 1634 1435 1665 etiam
1456 1633 1625 1665 vocabulo
1651 1633 1810 1665 iusticiae
1828 1630 2095 1677 comprehendit
2113 1632 2229 1666 omnia
2252 1634 2314 1666 be-

1331 1683 1463 1716 neficia.
1523 1683 1560 1715 ln
1578 1680 1642 1715 hac
1669 1683 1737 1715 vita
1765 1690 1906 1726 propter
1927 1683 2161 1717 obedientiam
2180 1681 2315 1717 Christi

1305 1736 1307 1754 ἕ
1333 1732 1503 1766 habemus
1521 1733 1761 1766 remissionem
1789 1741 2028 1777 peecatorum,
2054 1741 2087 1767 et
2111 1734 2315 1777 imputatio-

1333 1797 1412 1817 nem
1434 1785 1609 1827 iusticiae‚
1639 1791 1671 1817 et
1704 1796 1766 1827 per
1781 1782 1959 1818 Christum
1987 1784 2223 1818 incoationem
2248 1796 2314 1817 no-

1332 1836 1450 1868 vitatis
1474 1842 1506 1867 et
1531 1836 1619 1868 vitae
1635 1842 1812 1875 aeternae,
1839 1842 1872 1869 et
1894 1835 2162 1868 vivificationem
2189 1835 2233 1868 ad
2260 1835 2314 1867 vi-

1333 1892 1401 1919 tam
1421 1892 1607 1919 aeternam.
1650 1884 1695 1919 Et
1712 1885 1857 1926 deinde,
1874 1897 1935 1929 per
1952 1898 2048 1925 eum,
2075 1885 2314 1919 resuscitatio-

1333 1948 1432 1976 nem,
1468 1936 1660 1976 iusticiam,
1697 1942 1729 1968 et
1753 1936 1859 1969 vitam
1890 1943 2081 1969 aeternam:
2115 1933 2199 1968 haec
2228 1935 2314 1968 sim-

1333 1988 1411 2031 plex
1427 1987 1669 2030 interpretatio
1687 1997 1766 2018 vera
1791 1993 1859 2026 est,
1884 1998 1948 2019 nec
1974 1987 2187 2020 delectemur
2212 1998 2313 2029 prae-

1332 2037 1444 2080 stigiis
1474 2036 1755 2076 cavillationum,
1782 2037 1901 2082 quales
1925 2037 1999 2070 sine
2018 2037 2087 2070 fine
2103 2049 2123 2070 a
2147 2034 2314 2082 sophisti-

1333 2089 1381 2121 cis
1399 2088 1548 2131 ingeniis
1564 2087 1755 2130 finguntur.

1753 2176 1896 2207 Aliud.

1384 2239 1513 2273 Daniel
1536 2238 1697 2272 nominat
1716 2237 1888 2271 iusticiam
1914 2238 2172 2282 sempiternam.

1383 2289 1558 2324 Remissio
1585 2296 1804 2332 peccatorum
1830 2300 1903 2321 non
1929 2295 1979 2322 est
2005 2295 2161 2330 aeterna,
2188 2294 2226 2322 ut
2254 2288 2311 2321 isti

1486 2341 1624 2373 dicunt:

1384 2389 1478 2434 Ergo
1499 2403 1569 2424 non
1586 2397 1635 2424 est
1650 2389 1795 2423 iusticia.

1433 2458 1656 2502 RespondeO.
1708 2456 1802 2500 Nego
1828 2455 2019 2496 minorem,
2047 2456 2127 2500 quia
2153 2457 2310 2492 remissio

1333 2516 1553 2553 peccatorum
1571 2508 1797 2550 intelligenda
1821 2513 1870 2539 est
1893 2507 1936 2538 de
1962 2506 2248 2541 reconciliatione
2272 2509 2310 2542 in

1333 2567 1404 2593 tota
1423 2559 1647 2599 aeternitate,
1673 2558 1710 2590 in
1730 2569 1796 2602 qua
1815 2563 1847 2590 et
1866 2563 2042 2600 peccatum
2063 2559 2109 2590 ita
2128 2559 2309 2593 remissum

1333 2617 1401 2651 est,
1433 2617 1473 2643 nt
1504 2616 1616 2642 totum
1647 2608 1822 2647 deleatur,
1857 2607 1945 2640 sicut
1976 2607 2120 2641 dicitur:
2147 2606 2182 2643 O
2208 2621 2312 2651 mors,

1334 2672 1393 2694 ero
1413 2672 1506 2693 mors
1525 2667 1605 2703 tua,
1632 2665 1665 2693 et
1679 2670 1699 2692 ο
1719 2657 1855 2690 inferne
1871 2669 1930 2690 ero
1948 2658 2054 2702 pestis
2071 2665 2141 2695 tua.
