2415 2942
258 108 354 143 1-291

255 195 382 230 aelirae
407 187 577 223 libertatis
601 185 719 229 plures
744 195 867 215 uxores
895 183 999 215 simul
1031 181 1242 221 hahuerunt,

257 231 630 281 ‘tu-111,iim-nstitutus
648 236 715 269 sibi
735 235 934 267 tribuerunt
948 260 956 273 ,
984 241 1021 266 ut
1040 245 1099 265 rex
1112 233 1242 266 Mona-

258 292 452 329 steriensis,
476 290 536 334 qui
555 300 589 321 se
608 286 813 319 nominabat
834 295 948 325 regem
970 284 1006 316 in
1025 285 1156 328 templo
1167 283 1246 323 Dei,

259 340 572 388 ltem,qui'l‘urcas
588 338 805 371 induxerunt
822 335 858 367 in
875 332 1056 379 Europam
1076 342 1109 368 et
1126 342 1243 379 postea

260 398 295 428 in
321 392 555 428 Pannoniam.

356 468 443 502 Vult
462 467 555 501 Deus
578 464 682 497 bonis
711 461 878 506 exemplis
906 461 1057 494 invitare
1082 457 1246 492 homines

260 524 303 556 ad
327 520 540 564 agnitionem
569 514 776 557 Evangelii,
817 524 889 545 non
915 511 1106 555 petulantia
1132 512 1246 543 deter-

261 573 349 608 reri,
385 571 474 603 sicut
499 568 666 610 scriptum
687 571 754 598 est:
781 564 894 596 luceat
917 564 976 596 lux
996 568 1108 594 vestra
1129 572 1246 593 coram

261 622 484 659 homiuibus,
520 626 557 651 ut
576 616 790 659 glorificetur
814 622 910 658 pater
936 621 1048 646 vester
1071 611 1249 651 coelestis,

264 675 350 708 Item
372 667 664 706 1.Curintli.10.:
694 666 811 699 omnia
830 666 870 697 ad
889 664 1035 706 gloriam
1051 662 1114 695 Dei
1133 661 1249 700 facite,

264 734 295 758 et
320 724 394 757 sine
418 720 613 755 offensione
637 718 716 751 aliis
741 722 859 749 estote.
912 713 959 748 Et
984 713 1158 747 contraria
1186 714 1249 744 ob-

265 774 415 818 iurgatio
449 771 542 815 apud
576 766 795 803 Ezechielem
831 765 958 809 scripta
994 771 1060 797 est:
1106 770 1250 807 propter

265 838 326 859 vos
353 824 442 857 male
460 821 558 855 audit
573 830 703 852 nomen
719 816 786 851 Dei
805 816 897 849 inter
912 823 1041 859 gentes.
1094 813 1165 847 Nec
1183 814 1250 846 dif-

265 877 354 910 ficile
378 881 427 908 est
451 872 606 906 iudicare
632 868 870 902 mediocribus
897 865 1121 902 hominibus,
1163 876 1251 909 quae

265 927 419 961 actiones
441 921 653 956 necessariae
675 920 764 958 sint,
798 930 886 963 quae
905 918 948 951 sit
966 916 1159 960 petulantia
1178 927 1250 947 non

267 976 472 1011 necessaria.
527 972 573 1006 Ut
595 977 710 1004 autem
729 969 891 1003 scandala
918 974 1076 1012 pugnant
1093 978 1170 999 cum
1198 977 1251 998 se-

267 1029 383 1062 cundo
402 1030 584 1070 praecepto
601 1020 776 1062 decalogi,
806 1020 886 1064 quia
902 1019 957 1051 vel
976 1019 1064 1051 falso
1082 1016 1251 1060 praetexi-

268 1087 324 1112 tur
348 1087 478 1110 nomen
495 1073 560 1107 Dei
581 1080 613 1106 et
636 1071 795 1104 doctrina
819 1070 964 1114 privatis
987 1068 1251 1112 cupiditatibus,

267 1130 323 1162 vel
343 1129 432 1161 facta
450 1123 635 1158 inhonesta
654 1122 809 1155 alienant
826 1121 1021 1153 voluntates
1039 1132 1057 1152 a
1075 1119 1250 1152 doctrina:

268 1181 315 1213 ita
340 1179 473 1216 virtus,
508 1187 612 1220 quam
643 1171 699 1205 hic
723 1172 904 1209 nominat,
939 1172 1052 1203 facere
1080 1169 1251 1215 εὖφιῃια,

269 1241 358 1275 opus
375 1236 424 1262 est
444 1226 588 1261 secundi
608 1224 802 1268 praecepti,
831 1230 863 1254 et
880 1228 928 1254 est
947 1221 1136 1261 modestia,
1164 1231 1252 1264 quae

269 1282 384 1315 studet
409 1279 519 1311 vitare
553 1275 715 1309 scandala
732 1299 741 1312 ,
792 1275 834 1306 de
858 1285 926 1316 qua
952 1280 984 1306 et
1015 1272 1099 1304 alibi
1124 1271 1254 1304 Paulus

272 1331 404 1375 inquit:
441 1329 501 1373 qui
527 1327 564 1359 in
592 1324 646 1358 his
669 1324 776 1358 servit
799 1321 961 1364 Christo,
989 1323 1101 1367 placet
1124 1321 1199 1354 Deo
1221 1328 1255 1355 et

272 1382 438 1426 probatus
466 1385 515 1412 est
537 1375 757 1413 hominibus,

372 1457 413 1490 ln
437 1454 603 1489 omnibus
628 1451 824 1485 actionibus
848 1448 904 1482 hic
929 1449 1008 1481 fluis
1037 1448 1256 1492 prospicien-

273 1511 337 1543 dus
356 1515 416 1547 est,
434 1519 478 1539 an
496 1505 619 1537 invitet
638 1501 800 1535 homines
815 1501 858 1532 ad
877 1500 1123 1532 celebrandum
1142 1498 1255 1531 Deum

273 1568 303 1593 et
329 1560 370 1591 ad
394 1557 582 1590 fovendam
609 1565 709 1585 verae
741 1550 917 1584 Ecclesiae
949 1549 1259 1588 consociationem,

273 1623 318 1644 an
337 1621 418 1642 vero
438 1607 555 1640 turbet
573 1603 748 1637 Ecclesiae
765 1601 963 1634 societatem
977 1627 984 1640 ,
1007 1607 1040 1633 et
1060 1600 1258 1631 voluntates

275 1662 412 1703 piorum
433 1664 524 1691 recte
540 1654 773 1689 iudicantium
791 1665 806 1684 a
826 1651 985 1684 doctrina
1005 1651 1148 1690 alienet,
1171 1650 1259 1682 sicut

276 1711 404 1744 Paulus
422 1709 486 1742 ait:
517 1706 635 1740 omnia
659 1705 693 1736 id
723 1703 869 1746 gloriam
884 1701 950 1734 Dei
980 1702 1100 1741 facite,
1128 1708 1160 1734 et
1185 1701 1260 1733 sine

276 1761 470 1795 offensione
499 1758 577 1792 aliis
606 1762 724 1791 estote.

613 1862 658 1898 Si
685 1862 767 1911 quis
797 1861 923 1896 virtus.

378 1961 419 1994 ln
437 1961 505 1993 fine
521 1957 618 1992 addit
637 1956 810 1999 generalia
835 1953 981 1987 nomina
994 1979 1001 1992 ‚
1032 1951 1068 1983 in
1088 1951 1218 1996 quibus
1233 1956 1265 1983 et

280 2012 442 2058 repetitio
468 2009 688 2053 superiorum
712 2006 933 2044 continetur,
978 2010 1011 2036 et
1038 2002 1265 2044 significatur,

278 2072 315 2099 ut
334 2062 532 2104 intelligant
546 2056 798 2102 comprehendi
816 2056 918 2089 etiam
937 2054 1083 2086 virtutes
1102 2059 1266 2091 caeteras,

277 2126 366 2160 quae
387 2111 442 2145 hic
461 2122 533 2144 non
551 2120 709 2152 expresse
727 2107 928 2140 nominatae
948 2111 1047 2144 sunt,
1073 2110 1110 2136 ut
1128 2103 1265 2146 patien-

278 2166 344 2205 tia,
373 2160 623 2205 temperantia,
648 2158 861 2209 frugalitas&
887 2155 1098 2193 liberalitas,
1127 2153 1265 2187 tametsi

279 2213 576 2259 adpellationibus
595 2210 683 2250 illis,
709 2219 796 2254 quae
814 2207 977 2240 recitatae
999 2211 1102 2243 sunt,
1131 2204 1265 2259 includi

279 2272 434 2309 possunt.
486 2263 556 2296 Sed
581 2260 772 2294 rectissima
797 2265 831 2291 et
854 2257 1003 2290 maxime
1029 2267 1209 2299 perspicua
1236 2262 1268 2288 et

279 2315 467 2350 declaratio
487 2313 657 2345 virtutum
676 2317 746 2349 est,
774 2309 901 2342 ordine
925 2307 1136 2339 distribuere
1161 2317 1266 2349 opera

279 2366 452 2408 decalogi,
495 2364 589 2396 unde
619 2360 786 2394 constitui
824 2356 908 2392 haec
938 2357 1096 2390 definitio
1133 2363 1265 2399 potest:

283 2417 402 2451 Virtus
426 2422 476 2447 est
500 2415 613 2446 facere
641 2409 888 2445 convenientia
919 2408 1102 2450 decalogo,
1149 2407 1183 2439 id
1207 2413 1268 2447 est,

280 2468 416 2511 legibus
438 2464 632 2496 moralibus
649 2489 658 2502 ‚
700 2473 790 2506 quae
813 2460 986 2493 divinitus
1013 2458 1076 2491 toti
1111 2455 1267 2491 humano

280 2518 400 2560 generi
422 2515 571 2549 traditae
600 2519 692 2547 sunt.
748 2511 828 2544 Non
853 2510 928 2543 vult
949 2511 1040 2541 Deus
1059 2508 1178 2541 vivere
1203 2506 1268 2554 ho-

282 2569 393 2601 mines
410 2568 485 2599 sine
505 2571 597 2597 certa
622 2574 745 2594 norma
772 2561 970 2601 actionum,
1007 2566 1040 2592 et
1060 2560 1176 2599 vagari
1197 2571 1267 2603 quo

283 2617 427 2652 trahunt
459 2626 578 2649 caecae
607 2613 833 2655 cupiditates,
873 2612 932 2643 sed
957 2610 1074 2644 statim
1105 2610 1142 2641 in
1172 2621 1269 2642 crea-

847 96 972 131 ptttt„
1000 96 1116 132 MEL.
1143 93 1352 132 SCRIPTA
1381 96 1680 134 EXEGETICA.

2187 101 2284 138 1292

1298 196 1383 216 num
1404 191 1436 216 et
1454 184 1638 217 immotum
1661 186 1835 218 bonarum
1853 193 1885 220 et
1900 188 2071 221 malarum
2091 187 2281 222 actionum.

1301 234 1336 266 ld
1358 241 1472 277 postea
1491 248 1573 268 voce
1593 247 1651 268 sua
1671 248 1770 280 saepe
1789 238 1963 280 repetivit.
2015 237 2070 271 Ad
2092 237 2181 272 hanc
2196 250 2280 271 nor—

1299 297 1390 317 mam
1409 285 1484 318 vult
1508 297 1701 327 congruere
1719 287 1885 321 actiones.
1939 288 2021 321 Ideo
2038 289 2228 322 rectissima
2250 296 2281 322 et

1299 335 1447 368 maxime
1478 337 1660 383 perspicua
1692 337 1852 371 definitio
1882 338 2022 372 virtutis
2058 339 2095 371 in
2127 337 2281 372 Ecclesia

1299 383 1383 418 haec
1408 392 1477 426 est,
1513 387 1634 421 Virtus
1652 395 1702 421 est
1718 389 1833 421 facere
1851 389 2080 432 congruentia
2102 390 2282 432 decalogo,

1300 436 1396 469 iuxta
1415 438 1674 471 enarrationem
1690 437 1872 480 Evangelii
1889 467 1898 479 ‚
1925 441 2013 473 sicut
2029 452 2047 473 e
2063 441 2204 483 regione
2222 442 2283 473 de-

1301 487 1412 520 finitio
1444 489 1571 529 peccati
1599 501 1616 521 a
1644 487 1800 521 lolianne
1831 490 2016 525 recitatur:
2059 488 2082 535 ἡ
2117 488 2283 535 ἁμαρτία

1300 535 1397 571 ἐστὶν
1427 536 1582 582 ἀνομία,
1614 540 1649 572 id
1674 547 1743 579 est,
1772 548 1947 583 peccatum
1974 548 2022 574 est
2045 553 2116 573 non
2141 541 2285 574 obedire

1301 588 1367 631 legi
1386 587 1461 622 Dei.
1507 589 1607 623 Hanc
1623 591 1894 634 descriptionem
1915 592 2284 624 convenientissimam

1300 650 1371 671 esse
1385 666 1393 678 ,
1421 640 1513 672 docti
1531 641 1632 673 facile
1649 641 1847 685 intelligere
1865 650 2029 685 possunt,
2058 642 2149 684 Quia
2168 643 2205 674 in
2222 643 2285 674 de-

1300 690 1522 722 finitionibus
1558 692 1735 725 actionum
1771 700 1910 736 oportet
1951 694 2025 725 fieri
2062 693 2285 725 collationem

1300 741 1470 778 noticiae,
1515 749 1551 775 ut
1581 742 1742 776 videlicet
1769 755 1915 776 normae
1948 744 2090 776 divinae
2121 743 2287 776 immotae

1301 792 1343 823 ad
1365 792 1529 827 actiones.
1584 792 1676 826 Sunt
1700 793 1807 835 igitur
1833 795 1947 827 bonae
1967 794 2143 834 actiones,
2170 794 2205 826 id
2225 801 2287 831 est,

1302 841 1466 879 virtutes,
1495 854 1583 887 quae
1600 851 1800 886 congruunt
1819 856 1897 877 cum
1916 857 2059 886 norma,
2086 851 2208 878 contra
2225 856 2289 877 au-

1302 899 1369 925 tem
1397 893 1507 925 malae
1531 893 1685 926 actiones
1709 901 1810 934 sunt,
1854 907 1942 939 quae
1968 896 2135 930 aberrant
2158 896 2202 928 ab
2227 895 2290 927 illa

1302 955 1446 984 norma,
1475 950 1508 977 et
1531 956 1610 976 cum
1637 956 1674 977 ea
1701 952 1872 988 pugnant.

1661 1041 1706 1076 Si
1732 1055 1805 1090 qua
1835 1041 1934 1079 lans.

1402 1125 1527 1159 Postea
1559 1126 1675 1170 inquit
1703 1125 1858 1160 Paulus:
1901 1128 1927 1160 si
1964 1138 2031 1171 qua
2062 1127 2147 1161 laus.
2207 1126 2288 1161 Dixi

1304 1184 1403 1211 autea
1419 1205 1426 1217 ,
1463 1178 1498 1209 iu
1524 1178 1690 1210 omnihus
1715 1179 1931 1217 actionibus,
1959 1176 2053 1211 hunc
2078 1179 2182 1211 finem
2207 1191 2290 1222 pro-

1304 1228 1526 1272 spiciendum
1548 1239 1633 1266 esse,
1653 1234 1690 1260 ut
1709 1225 1868 1261 homines
1885 1229 2082 1262 invitentur
2099 1230 2142 1261 ad
2160 1230 2293 1263 doctri—

1305 1291 1400 1314 nam.
1452 1278 1523 1311 Nec
1550 1285 1660 1322 potest
1688 1279 1841 1312 breviter
1866 1277 2119 1322 comprehendi
2143 1280 2292 1313 varietas

1307 1329 1565 1372 exemplorum,
1593 1329 1652 1361 alii
1679 1330 1758 1362 aliis
1782 1330 1896 1362 modis
1916 1330 2071 1363 alienant
2094 1331 2291 1364 voluntates

1306 1379 1504 1413 hominum.
1562 1378 1644 1412 {deo
1676 1380 1795 1420 iubet,
1836 1387 1875 1414 ut
1906 1392 1970 1413 nos
2002 1381 2069 1424 ipsi
2100 1382 2293 1425 prudenter

1308 1431 1587 1469 consideremus,
1629 1431 1715 1474 quid
1742 1432 1880 1469 deceat,
1929 1438 1962 1464 et
1993 1431 2078 1476 quid
2109 1432 2219 1474 prosit
2250 1433 2294 1464 ad

1307 1482 1583 1514 conservandam
1601 1487 1632 1513 et
1650 1481 1837 1513 fovendam
1857 1479 2058 1516 Ecclesiam.
2111 1482 2162 1515 Ne
2185 1482 2293 1524 igitur

1306 1531 1439 1576 aliquid
1459 1532 1618 1569 omittat,
1646 1531 1743 1564 iubet
1760 1543 1818 1563 eos
1836 1538 1944 1564 totam
1962 1533 2158 1565 doctrinam
2176 1544 2294 1565 recor—

1308 1582 1383 1614 dari
1403 1589 1501 1613 antea
1521 1581 1696 1620 auditam,
1724 1593 1802 1614 cum
1829 1582 1962 1626 inquit:
1997 1580 2082 1615 haec
2099 1593 2180 1625 ergo
2200 1583 2293 1625 cogi-

1309 1639 1396 1672 tate,
1425 1643 1513 1675 quae
1535 1638 1566 1663 et
1585 1631 1765 1674 accepistis
1783 1638 1815 1664 et
1833 1632 2006 1666 didicistis
2023 1639 2085 1666 etc.

1410 1698 1505 1732 Haec
1532 1699 1750 1732 enumeratio
1771 1699 1941 1732 virtutum
1959 1700 1996 1733 in
2019 1697 2086 1733 hoc
2110 1700 2222 1744 capite
2240 1700 2295 1733 in-

1310 1750 1418 1793 signis
1444 1756 1510 1789 est,
1553 1757 1585 1782 et
1609 1756 1647 1782 ut
1672 1761 1807 1783 summa
1831 1751 2015 1784 doctrinae
2039 1752 2083 1784 de
2107 1751 2297 1784 virtutibus

1310 1801 1533 1834 familiariter
1565 1800 1733 1834 omnibus
1762 1807 1846 1834 nota
1881 1813 1952 1834 esse
1986 1802 2102 1837 debet.
2154 1801 2298 1841 Postea,

1313 1859 1349 1885 ut
1376 1852 1412 1884 fit
1443 1852 1479 1883 in
1507 1851 1681 1894 epistolis,
1716 1852 1814 1885 addit
1837 1852 1963 1885 usitata
1990 1854 2033 1885 de
2055 1864 2115 1886 sua
2141 1864 2299 1896 persona,

1313 1903 1382 1946 agit
1400 1902 1547 1945 gratias,
1575 1903 1669 1946 quod
1689 1901 1840 1936 Romam
1862 1903 2000 1946 captivo
2015 1910 2174 1946 sumptus
2194 1903 2297 1936 mise-

1314 1960 1418 1993 runt,
1447 1953 1483 1985 in
1501 1965 1567 1997 qua
1585 1953 1788 1986 narratione
1807 1952 1982 1997 saplenter
1997 1961 2185 1998 utrumque
2201 1954 2296 1994 facit,

1314 2017 1378 2037 nec
1395 2010 1495 2048 petax
1512 2015 1572 2036 seu
1590 2015 1714 2036 avarus
1727 2031 1735 2044 ,
1760 2016 1824 2036 nec
1842 2004 2001 2047 ingratus
2017 2002 2197 2048 perhiberi
2214 2004 2300 2038 vult.

1314 2054 1514 2099 Utrumque
1538 2054 1631 2086 enim
1655 2054 1823 2088 iniustum
1850 2062 1911 2088 est.
1973 2055 2062 2089 Nam
2085 2055 2220 2089 iusticia
2250 2062 2299 2088 est

1316 2117 1389 2138 nou
1414 2105 1503 2138 velle
1526 2116 1673 2138 onerare
1691 2112 1750 2139 aut
1767 2105 1919 2149 expilare
1944 2106 2043 2140 alios.
2096 2103 2160 2139 Est
2183 2113 2216 2139 et
2242 2106 2298 2139 iu-

1315 2156 1413 2190 sticia
1431 2162 1568 2199 gratum
1594 2167 1666 2189 esse
1692 2167 1755 2200 pro
1779 2156 1960 2191 beneficio.
2013 2156 2144 2190 Paulus
2162 2163 2300 2190 utrum-

1316 2219 1383 2252 que
1405 2213 1573 2250 praestat,
1607 2213 1726 2240 narrat
1750 2218 1785 2239 se
1810 2219 1883 2240 non
1908 2207 2071 2253 petivisse
2095 2208 2138 2239 ab
2162 2207 2211 2240 eis
2233 2204 2300 2240 hoc

1316 2257 1524 2291 beneficium
1539 2284 1547 2297 ‚
1574 2263 1607 2290 et
1630 2257 1829 2300 insignibus
1844 2259 1960 2291 verbis
1977 2259 2182 2291 modestiam
2202 2269 2299 2291 suam

1316 2309 1496 2343 describit.
1550 2306 1717 2346 Possum,
1746 2308 1884 2352 inquit,
1912 2315 2096 2343 contentus
2110 2320 2200 2348 esse,
2219 2319 2301 2352 pos-

1317 2370 1394 2392 sum
1411 2359 1515 2392 etiam
1537 2359 1628 2391 serre
1646 2356 1816 2392 humilem
1835 2366 1964 2393 sortem
1981 2371 2041 2392 seu
2057 2358 2301 2399 abiectionem,

1317 2421 1438 2443 rursus
1461 2409 1564 2442 etiam
1585 2421 1725 2453 possum
1749 2422 1803 2442 res
1825 2411 1995 2444 secundas
2012 2410 2120 2450 ferre3
2154 2411 2213 2442 sed
2239 2421 2301 2452 po-

1317 2467 1389 2494 stea
1419 2460 1534 2493 addit:
1572 2460 1714 2492 iuvante
1747 2458 1899 2496 Christo,
1970 2459 2062 2494 Usus
2103 2466 2152 2492 est
2193 2461 2300 2493 verbo

1317 2522 1462 2553 graeco,
1509 2510 1546 2542 in
1577 2511 1743 2543 omnihus
1767 2511 1927 2545 initiatus
1952 2523 2027 2543 sum
2049 2537 2057 2551 ,
2100 2509 2303 2555 μεμύημαι.

1318 2559 1382 2595 Est
1411 2561 1506 2594 enim
1541 2560 1721 2605 μυεῖσθαι
1754 2561 1937 2606 proprium
1963 2562 2109 2594 verbum
2141 2563 2302 2594 sacerdo·-

1318 2618 1394 2645 tum
1415 2612 1511 2656 quod
1531 2610 1752 2654 significabat
1776 2613 1819 2645 ad
1845 2619 1955 2645 certas
1978 2612 2193 2645 ceremonias
2218 2623 2303 2643 con-

283 2671 377 2703 tione
400 2666 531 2701 indidit
549 2663 715 2698 humanis
743 2662 919 2696 mentibus
944 2660 1133 2695 discrimen
1157 2667 1268 2693 aeter-
1293 2681 1296 2699 .
1323 2663 1472 2704 secrari‚
1497 2663 1592 2695 unde
1620 2668 1781 2696 nostrum
1810 2663 2022 2697 vocabulum
2045 2670 2109 2696 est:
2153 2658 2304 2697 ‹veihan-
