2420 2989
563 572 658 614 ΧΠ.
719 570 1199 613 ANNOTATIONES
1238 571 1302 612 ΙΝ
1338 569 1710 614 EVANGELIA.

984 655 1292 701 (CONTINUATIO)

506 754 899 799 „ENARRATIO
939 756 998 792 IN
1040 754 1441 791 EVANGELIUM
1489 755 1764 794 IOANNIS''

126 837 206 869 edita
232 836 350 876 quidem
374 841 420 867 est
444 846 462 866 a
478 835 571 876 Casp.
596 835 815 876 Crucigero
841 846 895 866 suo
920 835 1058 873 nomine,
1082 837 1135 865 sed
1158 835 1273 874 scripta
1296 835 1469 876 aPhilippo
1482 836 1691 876 Melanthone,
1715 838 1765 878 qni
1788 848 1866 869 anno
1890 837 1990 876 1536,
2014 848 2082 869 cum
2103 840 2162 870 iter

124 882 157 912 in
178 880 385 910 Palatinatum
408 879 541 917 faceret,
565 879 689 910 chartas
712 890 731 909 a
753 890 786 910 se
809 879 998 919 perscriptas
1021 877 1188 918 crucigero
1217 878 1297 908 dedit
1325 879 1445 918 publice
1475 880 1698 921 praelegendas
1728 882 1760 912 in
1789 881 1895 912 schola
1924 881 2162 922 Witebergensi.

125 924 194 961 Quo
217 924 305 953 modo
327 924 386 953 liae
410 923 632 962 praelectiones
656 922 831 953 Conradum
854 922 1064 953 cordatum
1093 921 1285 952 occasionem
1314 923 1448 952 dederint
1472 925 1637 954 accusandi
1660 930 1689 954 et
1712 924 1911 965 Crucigerum
1935 929 1964 954 et
1986 925 2163 956 Melantho-

122 977 193 998 nem
215 967 296 1005 apud
318 966 501 1005 Lutherum,
538 967 624 1007 quasi
655 966 833 996 deflexerint
855 976 874 996 a
897 966 1030 1005 genuina
1050 965 1178 995 Lutheri
1201 965 1338 996 doctrina
1359 967 1395 995 de
1417 966 1633 998 iustificatione
1658 978 1697 997 ex
1720 968 1787 999 sola
1815 968 1891 1007 fide,
1929 968 2005 999 satis
2033 972 2163 1008 apparet

122 1020 162 1040 ex
185 1009 351 1049 Epistolis‚
374 1011 412 1040 ad
435 1020 547 1040 anuum
575 1010 656 1041 1536
683 1014 711 1039 et
736 1010 829 1040 1537.
853 1009 1090 1049 pertinentibus,
1112 1019 1189 1048 quae
1216 1019 1308 1047 supra
1330 1008 1400 1040 Vol.
1422 1009 1491 1047 ΙΙΙ.,
1514 1021 1544 1049 p.
1570 1011 1631 1040 159
1646 1022 1710 1051 sqq.
1735 1016 1763 1041 et
1786 1021 1815 1050 p.
1840 1011 1905 1042 347
1920 1022 1984 1051 sqq.
2016 1012 2162 1045 dedimus.

119 1052 171 1082 Ex
193 1052 302 1083 iisdem
324 1063 396 1083 vero
420 1053 616 1093 intelligitur,
639 1053 870 1083 Melantlioncm
891 1053 994 1092 utique
1020 1052 1182 1091 scripsisse
1204 1052 1282 1083 lianc
1306 1052 1547 1092 enarrationem,
1571 1055 1648 1093 quod
1672 1054 1764 1084 etiam
1786 1054 1943 1083 confirmat
1959 1055 2163 1086 testimonium

120 1095 436 1135 Ratzebergeri,
461 1098 539 1136 quod
562 1098 658 1127 habes
682 1097 712 1126 in
726 1096 874 1134 Epistolis
898 1106 990 1134 supra
1015 1095 1081 1125 Vol.
1103 1095 1172 1132 1V.,
1195 1105 1224 1133 p.
1250 1095 1341 1126 1037.
1384 1096 1614 1133 Peucerum,
1638 1107 1783 1135 generum
1796 1096 2023 1134 Melanthonis,
2043 1108 2162 1137 qnoque

118 1139 266 1169 habuisse
289 1139 519 1170 Melautlionem
543 1145 699 1170 ant-torem
721 1139 812 1168 huius
843 1138 1063 1176 enarrationis,
1087 1138 1162 1168 satis
1186 1138 1344 1176 professus
1367 1143 1413 1168 est
1436 1149 1488 1175 eo,
1512 1139 1590 1177 quod
1613 1148 1682 1169 eam
1705 1139 1846 1178 operibus
1869 1139 2093 1178 Melanthonis,
2123 1141 2162 1171 ab

115 1181 183 1221 ipso
207 1181 406 1222 Witebcrgae
431 1183 536 1220 editis,
561 1183 650 1212 Tom.
675 1181 725 1211 IV·
749 1192 778 1221 p.
797 1182 870 1212 592.
894 1181 1030 1211 inseruit.
1075 1181 1180 1219 Neque
1204 1181 1388 1210 contradixit
1410 1180 1576 1220 Mylius,
1601 1181 1650 1221 qui
1672 1182 1704 1212 in
1726 1181 1956 1221 „chronologia
1979 1182 2163 1223 scriptorum.

113 1224 170 1256 Ph.
194 1224 288 1255 Mel.”
311 1227 350 1255 ad
372 1236 485 1255 anunm
510 1225 603 1255 1546.
626 1226 703 1255 haec
725 1225 834 1254 habet:

201 1267 314 1305 „Edita
337 1277 356 1298 a
381 1268 547 1307 Crucigero
573 1267 725 1297 enarratio
751 1266 782 1296 in
804 1266 1009 1306 Evangelium
1030 1264 1174 1295 Iohannis
1196 1264 1346 1303 Apostoli.
1392 1265 1488 1297 Extat
1506 1266 1528 1296 4
1552 1266 1641 1298 Tom.
1666 1277 1791 1307 operum
1813 1267 1945 1307 Philippi
1967 1278 1996 1307 p.
2013 1268 2106 1300 592?

115 1308 242 1339 vivente
273 1310 351 1340 enim
381 1310 516 1340 Lutliero
541 1310 690 1349 Crucigcr
719 1320 778 1339 non
805 1319 900 1339 ausus
931 1313 977 1339 est
1007 1308 1086 1339 hauc
1118 1308 1342 1338 enarrationem
1368 1309 1473 1347 edere,
1508 1310 1590 1341 haud
1613 1311 1701 1340 dubie
1726 1310 1851 1349 timens,
1878 1321 1916 1341 ne
1940 1310 2094 1343 Lutherns
2124 1322 2163 1343 ea

115 1352 326 1381 offenderetur.
393 1352 468 1382 Post
498 1352 589 1383 huius
620 1363 692 1383 vero
726 1352 840 1383 obitum
864 1352 1014 1392 Cruciger
1040 1351 1124 1382 illam
1148 1351 1238 1381 edidit
1262 1361 1315 1381 suo
1339 1353 1476 1391 nomine,
1507 1363 1632 1394 eamque
1656 1354 1768 1384 dicavit
1790 1353 1935 1385 Mauritio
1958 1354 2037 1385 Duci
2059 1354 2162 1386 Saxo—

110 1393 179 1425 niae
202 1394 246 1424 sic
269 1394 464 1433 inscriptam:

240 1436 384 1477 Caspai-i
417 1438 596 1479 (huc-igeri
624 1440 798 1469 enarratio
830 1441 866 1469 in
896 1438 1123 1476 Evangelium
1147 1436 1311 1467 Iohannis
1333 1437 1500 1478 Apostoli.
1553 1439 1755 1480 Argentorati
1786 1439 1880 1470 1546.
1926 1440 1956 1470 8.
2002 1440 2039 1481 (2
2069 1441 2160 1481 Alph.

199 1522 301 1559 Quum
325 1482 454 1554 dubium
477 1535 536 1554 non
560 1524 616 1563 sit,
640 1526 709 1566 quin
724 1525 871 1565 Cruciger
893 1535 968 1554 usus
992 1523 1030 1554 sit
1054 1522 1167 1553 chartis
1183 1523 1412 1563 Melanthonis,
1436 1525 1526 1555 etiam
1549 1536 1605 1556 nos
1629 1526 1709 1556 hunc
1732 1525 1956 1556 enarrationem
1981 1525 2073 1556 simul
2094 1537 2162 1558 cum

120 1564 249 1604 epistola
271 1565 431 1607 Crucigeri
455 1567 606 1606 OperIbus
629 1569 837 1600 Melanthonis
860 1568 996 1599 inserere
1020 1577 1080 1597 non
1101 1566 1331 1598 haesitavimus.

710 1780 1039 1812 lLLUSTRISSIMO
1076 1780 1256 1811 PRINCIPI
1292 1779 1350 1810 ET
1384 1779 1561 1816 DOMINO,

112 1834 262 1871 Domino
289 1835 545 1874 MAURICIO
573 1838 666 1874 Duci
702 1839 900 1883 Saxoniae,
942 1841 1172 1890 Landgravio
1212 1840 1432 1888 Turingiae,
1469 1839 1672 1876 Marchioni
1704 1837 1866 1886 Mysiae,
1908 1840 2060 1877 Domino
2097 1853 2160 1878 suo

581 1899 871 1945 clementissimo,
898 1902 1043 1948 Caspai*
1078 1903 1254 1950 Cruciyer
1292 1900 1512 1948 Theologiae
1545 1899 1692 1945 Ductor,

1072 1967 1107 1999 S.
1152 1969 1192 2000 D.

109 2018 208 2074 Etsi
233 2051 342 2083 genus
368 2037 563 2074 humanum
589 2043 776 2088 praecipue
797 2042 889 2079 hanc
903 2046 949 2079 ob
967 2058 1106 2080 causam
1158 2052 1274 2078 tarum
1301 2058 1341 2078 ex
1366 2042 1545 2091 Aegypto,
1587 2046 1742 2092 denique
1767 2046 1872 2079 misso
1905 2046 1997 2080 fili02
2042 2053 2161 2080 tamen

107 2112 127 2133 a
145 2099 221 2135 Deo
240 2100 424 2133 conditum
441 2107 511 2142 est,
539 2108 579 2135 ut
596 2100 710 2136 Deum
727 2111 821 2138 recte
836 2113 1021 2149 agnoscat,
1049 2106 1105 2139 in·
1157 2106 1257 2138 suror
1285 2112 1403 2139 tantus
1427 2112 1478 2139 est
1504 2116 1652 2149 magnae
1681 2105 1925 2140 multitudinis
1959 2103 2162 2148 hominum,

108 2166 230 2202 vocet,
266 2166 299 2193 et
327 2159 495 2201 celebret,
528 2173 675 2207 eamque
701 2164 748 2197 ob
774 2176 913 2198 causam
943 2172 975 2199 et
999 2166 1104 2200 insita
1157 2171 1196 2198 ut
1213 2171 1273 2198 aut
1297 2176 1441 2209 prorsus
1457 2163 1647 2210 Cyclopico
1666 2178 1783 2206 more,
1819 2161 1912 2197 nihil
1936 2176 2009 2198 esse
2033 2163 2162 2208 Deum,

106 2218 176 2253 fuit
201 2225 348 2252 naturae
383 2216 570 2253 hominum
593 2221 653 2255 lux
680 2231 881 2258 monstrans
905 2223 1038 2267 Deum,
1072 2234 1104 2260 et
1158 2224 1296 2259 nullam
1326 2224 1608 2269 providentiam,
1652 2225 1792 2259 nullum
1824 2224 2016 2259 discrimen
2042 2225 2161 2260 virtu-

106 2275 203 2312 Deus
222 2277 297 2321 ipse
314 2278 429 2311 statim
451 2290 610 2322 expressa
639 2294 724 2315 voce
750 2283 874 2327 primis
899 2285 1105 2328 parentibus
1159 2291 1233 2318 tum
1258 2291 1291 2319 et
1313 2285 1484 2318 vitiorum
1511 2286 1638 2327 ducat,
1667 2291 1727 2318 aut
1751 2283 1877 2318 reiecta
1903 2296 1989 2318 voce
2005 2292 2038 2319 et
2058 2292 2157 2330 pate-

108 2348 144 2370 se
180 2337 362 2381 patefecit:
405 2345 523 2372 tamen
549 2347 735 2386 postquam
764 2350 842 2386 post
867 2344 1106 2379 tristissimum
1158 2345 1312 2379 factione
1337 2345 1480 2386 divina,
1515 2345 1747 2379 audacissime
1763 2344 1870 2388 fingat
1888 2356 1980 2378 nova
1998 2345 2159 2387 numina,

108 2397 247 2441 lapsum
284 2397 482 2441 primorum
525 2408 712 2443 parentum
754 2410 880 2436 natura
920 2401 1107 2438 hominum
1160 2411 1235 2439 eta
1260 2417 1344 2438 vero
1360 2403 1435 2439 Deo
1461 2407 1608 2442 aberret.

108 2463 241 2497 morte,
275 2463 309 2491 et
333 2457 413 2491 aliis
437 2458 539 2491 malis
561 2472 726 2504 oppressa
753 2470 820 2503 est,
855 2461 922 2496 hae
944 2465 1109 2498 tenebrae
1266 2465 1358 2499 Cum
1376 2473 1492 2500 autem
1509 2465 1606 2499 Deus
1623 2478 1697 2499 non
1715 2466 1801 2500 velit
1824 2465 2033 2500 universum
2050 2476 2161 2509 genus

109 2516 272 2550 omnium
293 2518 441 2551 maxime
467 2519 707 2564 deplorandae
735 2530 839 2564 sunt,
875 2525 970 2569 quod
997 2537 1110 2570 quan-
1160 2521 1360 2559 humanum
1387 2525 1517 2569 perire,
1546 2537 1649 2570 saepe
1673 2526 1869 2560 manifestis
1895 2525 2107 2559 testimoniis
2124 2537 2161 2559 se

110 2587 217 2620 quam
244 2587 279 2609 se
301 2575 399 2611 Deus
436 2585 554 2622 postea
587 2592 709 2614 rursus
743 2594 904 2626 expressa
936 2597 1041 2629 voce,
1076 2592 1109 2619 et
1160 2585 1341 2628 patefecit,
1367 2591 1400 2618 et
1417 2596 1584 2618 arcanum
1602 2586 1782 2619 decretum
1799 2586 1843 2619 de
1865 2585 1939 2618 filio
1958 2583 2159 2618 Mediatore

109 2634 233 2668 multis
253 2636 452 2672 illustribus
478 2639 690 2674 testimoniis
713 2642 896 2685 patefecit,
929 2650 968 2678 ut
991 2645 1029 2677 in
1052 2646 1109 2678 di-
1133 2624 1136 2702 μ
1158 2645 1262 2678 nobis
1280 2644 1445 2685 tradidit,
1475 2656 1584 2690 eaque
1613 2645 1775 2680 doctrina
1795 2645 1868 2678 filio
1892 2642 2161 2686 haereditatem,

109 2692 207 2727 luvio
225 2700 359 2730 servata
379 2698 512 2732 familia
529 2698 672 2742 Nohae,
706 2701 744 2734 in
762 2702 949 2738 eductione
967 2703 1109 2740 Israeli-
1133 2703 1136 2734 i
1158 2717 1199 2738 ac
1215 2702 1409 2738 Ecclesiam
1428 2704 1581 2749 colligit,
1608 2717 1698 2751 quae
1715 2705 1805 2740 laeta
1824 2704 2082 2739 consuetudine
2093 2702 2162 2738 Dei

166 2753 345 2789 Murum-ru.
365 2759 468 2791 Orxn.
481 2757 583 2793 *Von
602 2761 679 2793 XV.
1624 2765 1642 2797 1
