2415 2942
87 102 160 140 529
400 100 500 138 XIII.

86 201 176 229 esse,
204 194 236 221 et
254 193 482 232 expavescant
502 194 595 221 metu
623 187 694 221 irae
714 186 781 221 Dei
807 188 973 221 adversus
1004 200 1081 231 pec-

84 247 216 273 catum:
244 238 290 272 ita
310 245 439 271 crescat
459 238 496 271 in
515 239 618 271 nobis
636 238 862 282 poenitentia.
907 237 950 271 In
970 239 1081 282 prima

84 290 253 324 concione
281 290 322 321 de
350 295 526 332 postremo
552 290 682 323 iudicio
710 288 841 323 dicitur
865 289 901 321 in
928 288 1078 323 Genesi:

85 340 270 374 Peccatum
298 340 472 384 quiescet,
500 341 612 373 donec
639 340 862 374 revelabitur.
925 338 992 372 Hic
1017 342 1079 372 de-

81 391 210 435 scripta
231 398 281 424 est
301 391 469 424 securitas
492 391 600 424 totius
616 391 752 434 generis
770 387 936 428 humani,
965 391 1077 432 negli-

84 441 358 486 gensiudieium
376 440 455 476 Dei.
509 440 686 484 Quiescit,
720 441 856 486 inquit,
885 448 1076 484 peccatum,

83 494 118 527 id
137 500 207 534 est,
237 492 318 538 quia
341 491 437 525 Deus
459 491 576 525 differt
600 504 744 535 poenas,
773 504 894 524 omnes
915 490 1076 525 homines

81 550 184 577 eruut
200 543 321 577 otiosis
343 543 488 583 animis,
518 549 743 576 contemnent
765 542 900 581 minas,
938 544 997 576 sed
1021 550 1074 577 ta-

82 607 163 628 men
185 595 326 628 tandem
354 600 530 637 peccatum
556 593 773 636 proferetur,
802 594 849 626 ibi
875 606 948 627 uon
974 594 1073 639 quie-

81 653 168 685 scet,
197 645 257 678 sed
275 644 422 678 incutiet
441 651 602 677 aeternos
621 650 770 678 terrores
788 645 984 686 mentibus,
1011 646 1073 677 ad-

80 697 167 729 feret
184 694 370 729 horribilia
389 694 572 739 supplicia.
617 692 681 729 Est
698 695 806 738 igitur
822 696 927 729 infixa
944 696 1072 729 animis

81 747 243 780 omnium
267 745 441 781 securitas,
503 744 599 778 Haec
624 752 674 779 est
697 758 820 785 causa,
863 759 926 780 cur
948 759 1072 780 omnes

81 796 242 830 homines
269 802 458 829 extenuant
485 806 583 829 suam
609 796 872 838 infirmitatem,
906 810 970 831 nec
996 811 1072 831 ma—

78 848 264 892 gnitudine
288 848 369 880 mali
395 854 599 888 moventur,
638 848 700 881 etsi
728 848 927 891 gravissimi
952 850 1070 893 lapsus

77 906 299 939 sanctorum,
332 905 365 931 et
381 898 539 941 ingentes
558 899 772 933 calamitates
794 897 982 933 hominum
1007 901 1070 933 ad—

76 961 221 982 monere
240 960 305 982 nos
320 949 516 989 debebant,
546 956 584 983 ut
601 956 833 983 statueremus
854 949 969 983 Deum
989 963 1069 984 vere

76 999 178 1033 irasci
201 997 282 1034 huic
301 999 405 1040 vitio,
433 1006 466 1033 et
481 1012 704 1034 moveremur
720 1013 804 1035 voce
818 1001 973 1045 Spiritus
989 1013 1069 1034 san-

75 1051 139 1092 cti,
165 1057 332 1094 arguente
352 1048 419 1084 hoc
438 1059 627 1095 peccatum.

177 1117 225 1153 Ut
248 1119 357 1163 igitur
389 1120 523 1164 placeat
555 1120 694 1153 incoata
724 1121 948 1161 obedientia,
984 1119 1069 1154 haec

74 1170 141 1204 tria
159 1177 385 1205 concurrant.
438 1169 598 1203 Primum
621 1173 846 1204 statuendum
873 1178 924 1205 est
948 1184 1068 1216 perso-

74 1234 156 1254 nam
168 1221 276 1264 gratis
286 1222 353 1253 fide
364 1218 496 1265 Christi
512 1222 655 1265 placere.
686 1221 825 1255 Deinde
839 1234 1068 1265 agnoscamus

74 1272 313 1304 infirmitatem
333 1278 487 1304 nostram
506 1284 585 1304 vere
604 1284 676 1305 esse
697 1281 896 1316 peccatum,
931 1281 964 1306 et
988 1285 1067 1306 vere

74 1323 255 1355 doleamus
271 1333 335 1354 nos
355 1319 482 1354 habere
500 1321 583 1355 haec
601 1323 702 1356 vitia:
737 1325 795 1356 sed
816 1335 936 1357 rursus
954 1325 1066 1367 eriga-

75 1385 152 1406 mus
170 1385 233 1405 nos
256 1380 289 1405 et
312 1373 496 1405 credamus
516 1373 618 1405 nobis
641 1385 678 1406 ea
704 1375 897 1406 condonari
924 1383 1067 1418 propter

73 1422 277 1463 Christum,
303 1430 488 1467 postquam
508 1424 575 1456 fide
590 1424 670 1457 facti
692 1436 812 1457 snmus
830 1425 911 1464 filii,
939 1433 971 1459 et
990 1426 1064 1470 pla-

72 1486 149 1508 cere
180 1474 355 1507 incoatam
391 1475 655 1515 obedientiam,
699 1488 769 1508 non
806 1483 950 1520 propter
982 1489 1064 1520 pro-

71 1526 184 1569 priam
216 1524 426 1557 munditiem
463 1532 523 1558 aut
559 1526 785 1569 dignitatem,
829 1528 886 1559 sed
921 1535 1064 1572 propter

71 1576 298 1609 mediatorem
326 1574 527 1610 Christum:
557 1578 617 1621 qui
645 1590 722 1610 cum
747 1579 791 1612 sit
818 1579 974 1621 pontifex
999 1592 1063 1613 no-

71 1634 160 1667 ster,
186 1627 257 1659 iam
276 1633 413 1659 nostras
433 1639 548 1669 preces
568 1635 601 1661 et
621 1629 735 1661 cultus
759 1630 800 1661 ad
828 1637 961 1672 patrem
986 1642 1063 1672 per-

70 1680 159 1719 fert,
187 1678 236 1710 sic
253 1679 352 1710 docet
370 1677 508 1710 Petrus:
539 1676 676 1711 Offerte
696 1677 828 1712 hostias
852 1681 1064 1722 spirituales,

70 1736 226 1772 acceptas
245 1727 320 1761 Deo
340 1740 402 1772 per
427 1727 539 1762 Iesum
558 1727 752 1763 Christum.
807 1729 923 1764 Ornat
951 1729 1064 1764 hono-

69 1781 162 1814 rifica
181 1779 418 1823 appellatione
435 1780 526 1813 bona
545 1792 668 1823 opera,
697 1793 775 1813 cum
798 1790 896 1815 vocat
915 1779 1064 1815 hostias:

75 1830 159 1865 haec
175 1832 269 1864 enim
288 1842 355 1863 vox
378 1831 545 1864 convenit
567 1832 722 1878 propriis
743 1832 896 1866 cultibus
912 1832 997 1867 Dei:
1033 1841 1064 1867 et

70 1883 210 1928 quidem
229 1889 328 1915 vocat
347 1881 546 1924 spirituales
575 1881 724 1922 hostias,
754 1880 819 1916 hoc
842 1891 910 1924 est,
946 1892 1063 1918 motus

70 1935 236 1967 excitatos
254 1933 291 1965 in
310 1934 413 1966 corde
431 1945 449 1966 a
467 1932 604 1977 Spiritu
624 1941 757 1970 sancto.
800 1933 847 1968 Et
863 1942 979 1967 tamen
998 1934 1062 1969 hos

70 1986 182 2019 cultus
200 1996 271 2017 non
290 1985 338 2017 ait
354 1984 456 2018 aliter
473 1991 631 2027 acceptos
649 1996 740 2026 esse,
779 1986 847 2018 nisi
869 1999 929 2029 per
946 1987 1060 2019 Iesum

70 2036 302 2068 redemtorem
322 2047 360 2068 ac
381 2036 600 2079 pontificem,
627 2049 690 2080 pro
712 2037 817 2069 nohis
841 2038 979 2070 assidue
1005 2039 1058 2070 in-

71 2086 325 2128 terpellantem.
394 2085 471 2118 Hoc
502 2087 607 2119 modo
640 2088 790 2121 docendi
813 2096 895 2122 sunt
922 2089 986 2132 pii,
1029 2096 1062 2122 et

74 2136 249 2169 excitandi
282 2137 324 2168 ad
359 2136 447 2168 bene
479 2138 709 2180 operandum.
772 2138 866 2172 Deus
900 2141 1062 2174 condidit

71 2198 181 2230 genus
206 2184 399 2219 humanum
427 2187 470 2219 ad
502 2188 722 2228 societatem,
764 2191 949 2234 praecipue
979 2204 1060 2235 pro—

71 2245 147 2282 pter
174 2235 263 2270 hanc
289 2249 446 2277 causam,
482 2245 520 2271 ut
544 2237 638 2272 inter
664 2237 825 2274 homines
851 2242 1061 2284 innotescat,

71 2296 110 2323 ut
134 2289 331 2322 doctrinam
357 2290 399 2321 (le
417 2287 491 2322 Deo
515 2295 549 2322 et
573 2290 616 2322 de
642 2290 715 2322 filio
731 2290 796 2324 Dei
815 2293 875 2325 alii
894 2294 973 2327 aliis
992 2303 1063 2328 tra—

70 2342 151 2373 dere
167 2341 300 2384 possint
312 2366 320 2380 ,
348 2347 387 2373 nt
404 2347 496 2373 recte
513 2347 545 2373 et
563 2341 739 2383 eleganter
757 2341 941 2385 Stigelius:

196 2405 293 2444 thue
317 2404 392 2435 alios
416 2405 469 2436 alii
492 2405 527 2434 de
552 2405 710 2445 relligione
737 2406 897 2447 docerent,

239 2447 408 2488 Contiguas
431 2448 530 2487 pietas
554 2449 641 2479 iussit
665 2449 779 2479 habere
804 2451 918 2482 domos.

175 2508 296 2555 Itaque
321 2518 353 2545 et
379 2511 492 2543 officia
521 2511 619 2544 varia
647 2509 855 2547 hominibus
890 2515 1063 2557 attribuit,

74 2561 366 2604 gubernationem
387 2560 577 2601 Ecclesiae,
606 2559 820 2604 scholarum,
847 2566 1064 2609 coniugium,

74 2612 317 2645 educationem
333 2613 537 2652 liberorum,
561 2614 852 2657 gubernationem
872 2617 1064 2659 politicam,

488 2663 671 2699 Praeterea
696 2666 846 2701 subiecit
870 2666 1063 2703 Ecclesiam

74 2662 185 2702 bella,
218 2670 428 2699 contractus.

125 2715 304 2747 Menum.
324 2716 426 2748 Orza.
455 2713 540 2750 Vox..
558 2718 635 2750 XV.

554 103 589 136 2.
626 99 996 137 COMMEN'I'ARII
1025 102 1073 137 IN
1103 99 1256 134 EPIST.
1286 99 1432 136 PAULI
1458 101 1526 136 AD
1554 102 1821 142 ROMAMJS.

2060 111 2135 145 530

1139 185 1342 229 ingentibus
1360 187 1627 224 afflictionibus.
1683 189 1739 225 Ad
1760 193 1844 237 quid
1862 191 1945 227 haec
1962 201 2055 228 tanta
2072 209 2131 229 va-

1136 237 1240 270 rietas
1278 250 1423 281 operum
1452 240 1609 274 instituta
1644 243 1717 275 est?
1756 246 1797 276 ad
1825 241 1891 278 hoc
1915 246 2048 289 ipsum,
2093 255 2129 281 ut

1135 287 1249 320 luceat
1276 296 1308 321 et
1335 297 1464 323 crescat
1490 290 1572 323 fides
1603 292 1636 324 in
1659 291 1713 326 his
1731 295 1998 330 difficultatibus
2018 304 2050 331 et
2070 310 2128 340 pe-

1133 337 1266 370 riculis.
1321 337 1449 372 Credat
1466 352 1530 372 nos
1550 354 1621 374 non
1640 347 1682 375 ad
1707 346 1895 387 perniciem
1915 358 1933 381 a
1951 346 2025 381 Deo
2043 361 2127 381 con—

1132 387 1225 420 ditos
1247 400 1337 426 esse,
1366 390 1425 421 sed
1453 391 1542 423 velle
1564 404 1642 424 eum
1669 406 1732 427 nos
1760 397 1914 439 recipere
1937 405 1969 431 et
1991 399 2126 432 salvare

1132 446 1276 481 propter
1301 436 1492 475 Christum.
1577 442 1737 485 Invocet,
1781 454 1811 479 et
1847 454 1975 482 statuat
2006 451 2126 482 adesse

1130 487 1310 522 Christum
1339 490 1482 529 ducem,
1510 492 1570 536 qui
1595 494 1764 536 reprimat
1791 497 1993 538 diabolum,
2022 500 2123 533 adiu-

1130 547 1185 573 vet
1210 552 1274 572 nos
1298 540 1334 572 in
1360 541 1494 582 privata
1521 550 1553 576 et
1579 545 1721 587 publica
1748 547 1829 582 vita.
1892 549 2124 584 Gubernator

1128 588 1306 624 Ecclesiae
1323 591 1493 626 clamitet:
1531 593 1682 627 Domine
1703 597 1793 630 labia
1814 610 1888 631 mea
1910 601 2061 642 aperies,
2091 610 2124 636 et

1129 652 1167 673 os
1184 654 1300 675 meum
1325 644 1558 678 annunciabit
1583 644 1724 678 laudem
1750 655 1856 681 tuam.
1909 649 2042 684 Doctor
2067 652 2122 685 iu-

1128 693 1283 726 ventutis
1309 693 1437 735 cogitet
1463 707 1567 739 quam
1594 697 1760 730 atrociter
1781 698 1936 733 minatus
1952 701 1997 734 sit
2015 699 2121 734 Chri-

1127 749 1200 776 stus
1219 741 1294 784 his,
1323 745 1383 789 qui
1412 746 1574 778 scandala
1602 748 1753 782 excitant
1776 750 1971 793 perniciosa
1991 753 2121 795 pueris,

1126 801 1202 828 oret
1229 802 1265 828 ut
1283 792 1447 829 Christus
1475 803 1569 840 regat
1594 798 1708 831 studia
1734 807 1767 833 et
1790 812 1914 836 mores.
1983 801 2120 836 Intelli-

1125 852 1207 887 gant
1225 857 1285 878 sua
1312 846 1466 889 pericula
1494 849 1772 890 patresfamilias.
1827 850 1917 885 Boni
1936 851 2119 898 Principes

1125 896 1278 938 cogitent
1302 908 1336 930 se
1355 898 1482 930 debere
1505 898 1678 933 Ecclesias
1696 908 1788 935 recte
1804 903 2035 945 constituere,
2062 917 2119 937 rc·-

1124 958 1203 988 gere
1228 959 1341 981 mores
1371 948 1512 992 populi,
1548 951 1674 993 punire
1698 950 1912 995 Epicureos,
1950 954 2119 997 latrones,

1124 997 1340 1040 impudicos,
1364 999 1477 1039 fures,
1500 1002 1700 1035 mendaces:
1729 1004 1782 1036 ius
1800 1004 1934 1044 dicere,
1962 1013 2001 1040 ut
2014 1018 2117 1040 suum

1124 1047 1273 1092 quisque
1290 1055 1416 1084 teneat.
1471 1050 1597 1085 Studet
1614 1060 1730 1086 autem
1752 1054 1914 1089 diabolus
1930 1057 2117 1101 praecipue

1122 1099 1264 1131 turbare
1282 1097 1456 1133 Ecclesias
1473 1108 1505 1134 et
1524 1102 1688 1145 imperia,
1716 1115 1827 1138 armat
1844 1112 2014 1151 tyrannos
2031 1120 2116 1141 con-

1123 1156 1176 1183 tra
1202 1147 1415 1190 Ecclesiam,
1454 1152 1532 1184 idco
1558 1153 1678 1187 ardeat
1705 1154 1790 1188 fides
1812 1155 1849 1188 in
1876 1155 2116 1201 Principibus,

1123 1212 1212 1245 quae
1228 1201 1347 1234 credat
1363 1199 1544 1235 Christum
1565 1203 1649 1247 ipsis
1673 1205 1930 1248 opitulaturum
1956 1220 2049 1249 esse,
2076 1221 2116 1242 ac

1121 1253 1382 1285 destructurum
1408 1265 1513 1296 opera
1539 1254 1687 1288 diaboli.
1755 1255 1917 1302 Denique
1946 1266 1982 1292 ut
2011 1260 2115 1294 invo-

1118 1302 1228 1342 catio,
1275 1302 1322 1335 ita
1358 1302 1443 1336 fides
1478 1304 1678 1346 praelucere
1714 1308 1880 1341 omnibus
1914 1310 2114 1344 actionibus

1117 1352 1231 1385 debet.
1305 1351 1519 1398 Quanquam
1552 1362 1668 1388 autem
1701 1357 1871 1397 virtutes,
1914 1367 1974 1393 aut
2007 1374 2114 1405 opera

1117 1403 1254 1445 piorum
1282 1415 1355 1436 non
1383 1412 1565 1439 merentur
1599 1407 1843 1442 remissionem
1881 1419 2114 1453 peccatorum,

1116 1465 1178 1486 nec
1198 1454 1305 1487 vitam
1323 1462 1521 1495 aeternam,
1549 1468 1611 1490 seu
1635 1470 1707 1491 non
1730 1467 1813 1493 sunt
1847 1462 1997 1504 pretium
2022 1463 2114 1497 vitae

1115 1511 1294 1546 aeternae,
1338 1518 1441 1539 nemo
1472 1508 1567 1540 enim
1602 1509 1769 1544 satisfacit
1799 1512 1888 1554 legi,
1923 1520 1955 1546 et
1976 1511 2111 1548 Christi

1116 1555 1278 1589 meritum
1304 1569 1377 1589 non
1403 1558 1439 1590 in
1464 1570 1570 1602 opera
1592 1567 1710 1593 nostra
1731 1564 1913 1596 transferri
1932 1565 2050 1598 debet:
2080 1572 2113 1598 et

1117 1606 1301 1649 promissio
1320 1608 1416 1641 fieret
1434 1609 1583 1649 incerta,
1611 1611 1639 1642 si
1660 1613 1827 1654 penderet
1846 1626 1885 1646 ex
1907 1616 2112 1648 conditione

1115 1664 1255 1690 nostrae
1279 1658 1478 1701 dignitatis,
1520 1667 1637 1694 tamen
1664 1674 1753 1695 nova
1783 1664 1984 1698 obedientia
2010 1667 2110 1711 sequi

1115 1708 1216 1740 fidem
1237 1710 1431 1742 necessario
1449 1710 1570 1745 debet:
1608 1719 1641 1745 et
1659 1714 1800 1757 quidem
1824 1715 2006 1756 incoatur,
2030 1729 2109 1750 cum

1114 1759 1180 1791 fide
1195 1759 1386 1803 accipimus
1406 1759 1579 1804 Spiritum
1598 1771 1768 1797 sanctum.
1822 1765 1867 1799 Et
1885 1767 2111 1801 excutiuntur

1114 1810 1199 1842 fides
1222 1817 1254 1843 et
1271 1809 1426 1854 Spiritus
1449 1819 1608 1851 sanctus,
1635 1815 1759 1847 amissa
1786 1828 1876 1849 nova
1896 1818 2111 1859 obedientia,

1115 1872 1192 1893 cum
1218 1867 1340 1894 contra
1364 1863 1613 1896 conscientiam
1640 1866 1821 1899 violantur
1844 1869 2007 1901 mandata
2033 1867 2108 1904 Dei.

1116 1911 1204 1944 Nam
1242 1911 1327 1945 fides
1360 1920 1392 1946 et
1428 1915 1647 1958 propositum
1687 1924 1806 1951 contra
1848 1919 2109 1958 conscientiam,

1115 1963 1259 2004 agendi,
1288 1976 1360 1996 non
1387 1972 1532 2011 possunt
1557 1966 1662 1999 simul
1686 1979 1769 2002 esse.
1825 1968 1904 2002 Huc
1929 1970 2109 2013 pertinent

1115 2013 1206 2046 dicta
1225 2014 1378 2057 plurima
1395 2016 1438 2048 de
1455 2016 1638 2059 operibus:
1676 2017 1791 2052 Corde
1818 2021 1973 2054 creditur
1991 2022 2034 2054 ad
2053 2021 2108 2055 iu-

1114 2064 1271 2104 sticiam,
1301 2077 1360 2097 ore
1385 2066 1422 2099 fit
1446 2068 1619 2100 confessio
1643 2070 1684 2101 ad
1710 2071 1870 2105 salutem.
1934 2071 2108 2105 Universa

1113 2115 1315 2148 obedientia
1333 2117 1436 2150 debet
1452 2129 1525 2150 esse
1541 2119 1731 2161 consessio,
1762 2121 1796 2154 id
1821 2129 1889 2163 est,
1917 2122 2037 2155 referri
2063 2123 2108 2156 ad

1114 2166 1362 2200 celebrandam
1383 2168 1532 2211 gloriam
1552 2168 1701 2212 Christi,
1729 2179 1760 2205 et
1777 2174 1819 2205 ad
1840 2174 2107 2216 propagandum

1113 2214 1359 2260 Evangelium.
1419 2218 1494 2252 Etsi
1518 2220 1626 2263 igitur
1648 2230 1791 2266 propter
1816 2221 1995 2257 Christum
2024 2223 2109 2257 iusti

1114 2279 1235 2301 sumus
1261 2275 1293 2301 et
1317 2269 1484 2303 haeredes
1513 2271 1604 2304 vitae
1635 2280 1812 2314 aeternae,
1846 2281 1960 2307 tamen
1986 2276 2106 2308 adesse

1115 2316 1199 2351 haec
1223 2320 1425 2354 obedientia
1456 2322 1578 2365 debet,
1612 2330 1644 2356 et
1673 2324 1784 2366 placet
1820 2331 1858 2357 ut
1888 2325 2020 2358 dictum
2044 2332 2107 2367 est,

1115 2382 1177 2402 nec
1195 2378 1308 2413 posset
1326 2372 1400 2404 sine
1425 2384 1462 2404 ea
1480 2373 1679 2406 obedientia
1704 2375 1846 2408 retineri
1869 2376 1965 2410 fides.
2022 2375 2105 2410 Ideo

1115 2428 1147 2453 et
1167 2421 1251 2454 alibi
1271 2422 1388 2467 inquit
1405 2421 1550 2456 Paulus:
1582 2423 1908 2467 Super-induemur,
1935 2427 1963 2459 si
1987 2433 2106 2460 tamen

1115 2484 1186 2504 non
1206 2473 1293 2506 nudi
1309 2473 1534 2517 reperiemur.
1587 2473 1736 2518 Propter
1753 2474 1935 2510 Christum
1952 2478 2107 2512 donatur

1115 2523 1185 2555 vita
1211 2531 1372 2565 aeterna,
1408 2526 1467 2556 sed
1493 2525 1646 2558 donatur
1669 2528 1844 2561 credenti:
1879 2528 1916 2560 in
1942 2541 2011 2573 quo
2038 2529 2106 2563 fide

1116 2573 1277 2608 incoatur
1294 2575 1366 2608 vita
1386 2582 1541 2615 aeterna,
1570 2588 1658 2620 quae
1675 2578 1828 2611 incoatio
1844 2586 1893 2612 est
1911 2591 2001 2612 nova
2019 2580 2102 2613 obe-

1115 2626 1258 2661 aientia.
1312 2625 1474 2668 Dignitas
1491 2633 1609 2660 nostra
1633 2629 1849 2668 excluditur,
1876 2637 1915 2663 ut
1937 2642 2019 2663 suus
2039 2628 2104 2663 ho—

1117 2687 1180 2710 nos
1206 2674 1347 2711 Christo
1372 2676 1569 2717 tribuatur,
1601 2687 1634 2714 et
1656 2686 1696 2714 ut
1720 2681 1905 2725 promissio
1930 2681 1973 2714 sit
2000 2688 2105 2722 certa,

1549 2727 1599 2764 34
