2415 2942
114 151 188 189 617
304 150 403 187 XIII.

456 152 492 185 2.
535 146 901 184 COMMENTARII
930 145 980 182 IN
1008 144 1162 181 EPIST.
1193 143 1341 181 PAULI
1369 143 1436 179 AD
1464 142 1726 183 ROMANOS.
1778 144 1883 184 CAP.
1913 145 1956 185 V.

2078 148 2152 183 618

121 239 216 283 plina
233 244 305 270 tua.
334 234 427 279 Quia
446 235 483 267 in
501 235 573 268 otio
585 241 615 267 et
627 234 866 278 voluptatibus
881 244 953 266 non
972 238 1106 265 estcer-
1162 230 1381 265 flictionibus
1411 231 1575 265 liberatio
1603 244 1682 266 cum
1711 233 1919 267 conditione
1943 233 2089 279 petitur,
2124 234 2152 267 si

118 296 234 323 tamen
256 287 399 333 aliquod
428 286 524 324 fidei,
559 286 639 318 ideo
662 285 853 328 languescit
876 290 910 317 et
930 283 1105 326 extingui-
1160 283 1271 325 placet
1296 282 1386 317 Deo.

117 346 189 374 tur:
218 339 320 377 item,
349 338 448 371 nulla
467 337 555 371 seria
576 336 753 370 invocatio
769 342 819 369 est
836 341 899 368 etc.

379 435 558 472 Probalio
581 441 703 471 autem
723 447 838 484 spem.

194 507 234 542 Id
252 515 320 548 est,
346 507 384 541 in
402 507 464 541 illo
481 505 645 540 exercitio
661 505 745 539 fides
764 511 798 538 et
813 515 889 548 spes
906 503 1107 537 exuscitan-
1130 480 1137 530 i
1160 499 1246 543 Spes

116 567 175 594 tur
190 566 221 593 et
239 560 504 593 confirmantur.
555 556 629 590 Etsi
645 557 740 589 enim
758 561 841 589 sunt
858 554 967 588 vicini
991 561 1107 588 motus

117 611 201 644 fides
218 617 251 644 et
271 622 347 654 spes
360 636 370 651 ‚
397 616 429 643 et
447 621 465 641 a
481 620 516 641 se
535 619 608 641 non
632 607 872 647 divelluntur,
899 612 1016 639 tamen
1042 606 1105 638 ali-

118 662 204 706 quid
221 662 375 695 interest.
428 659 533 693 Fides
556 665 604 692 est
628 658 775 699 fiducia,
802 669 870 703 qua
888 657 924 690 in
942 668 1106 701 praesen-

117 712 165 746 tia
185 713 374 756 accipimus
391 711 632 744 remissionem
656 716 898 753 peccatorum,
926 715 959 741 et
983 707 1105 741 statui-

118 774 196 796 mus
214 763 282 796 iam
303 774 366 795 nos
383 760 512 795 habere
529 760 643 794 Deum
664 760 873 804 propicium,
896 766 930 793 et
948 759 984 791 in
1006 770 1104 802 prae-

119 815 229 847 sentia
250 813 475 847 consolamur
495 824 560 845 nos
591 809 656 844 bac
680 811 939 844 misericordia:
984 817 1105 854 estque

117 865 292 898 obiectum
312 863 407 897 Deus
431 860 670 907 apprehensus
691 862 728 894 in
754 863 880 903 verbo,
908 874 977 907 quo
1006 859 1102 893 exhi-

119 916 223 948 betur
248 915 416 948 remissio.
485 913 553 947 Sed
578 925 653 957 spes
679 920 730 947 est
753 914 944 958 expectatio
966 912 1104 945 futurae

115 965 354 1004 liberationis,
395 972 427 998 et
453 964 573 998 statuit
607 976 680 997 non
713 965 827 997 solum
857 965 900 997 de
928 963 1102 1008 praesenti

114 1016 353 1049 misericordia
367 1041 376 1057 ‚
404 1018 462 1049 sed
481 1016 585 1048 etiam
605 1016 649 1048 de
667 1016 786 1049 futuro
806 1022 943 1049 eventu.

216 1074 292 1108 Hos
316 1082 433 1108 motus
457 1075 505 1108 ait
531 1086 686 1108 crescere
710 1074 746 1106 in
769 1074 832 1107 illo
857 1073 1042 1114 exercitio,
1071 1079 1102 1106 et

116 1127 284 1171 patientia
309 1138 382 1159 non
401 1124 507 1159 habet
532 1137 567 1158 se
587 1132 625 1159 ut
647 1125 830 1164 meritum,
857 1138 899 1158 ex
921 1138 990 1170 quo
1017 1136 1102 1168 pen-

116 1179 195 1211 deat
219 1189 315 1222 spes,
349 1178 407 1209 sed
443 1175 549 1210 babet
581 1188 616 1209 se
651 1176 740 1209 sicut
767 1177 901 1209 occasio
934 1175 1101 1209 exercitii.

115 1227 220 1261 Tunc
236 1229 331 1261 enim
347 1228 500 1261 existunt
517 1227 601 1260 fides
621 1234 653 1260 et
669 1238 764 1270 spes,
791 1239 870 1260 cum
890 1227 926 1259 in
950 1227 1022 1270 ipsa
1050 1227 1099 1259 af-

115 1279 271 1312 flictione
311 1285 508 1322 repugnant
541 1278 757 1311 dubitationi
791 1285 824 1311 et
855 1277 1102 1322 desperationi.

114 1328 185 1362 Nec
201 1330 368 1374 patientia
386 1330 560 1372 praecedit
577 1341 671 1372 spem
685 1355 694 1369 ,
727 1329 787 1361 sed
806 1328 938 1361 Paulus
964 1329 1038 1362 vult
1063 1329 1100 1360 in

113 1379 176 1413 illo
193 1380 269 1424 ipso
286 1380 474 1412 certamine
491 1391 562 1412 esse
587 1391 701 1422 spem,
729 1380 822 1423 quod
851 1386 1026 1412 certamen
1052 1385 1102 1412 est

112 1431 292 1474 patientia,
319 1431 487 1463 obediens
506 1430 578 1463 Deo
596 1439 628 1463 et
643 1436 825 1473 expectans
842 1430 1101 1464 liberationem.

112 1479 158 1513 Et
174 1481 259 1513 fides
280 1487 314 1514 et
336 1492 412 1524 spes
436 1482 591 1524 pendent
614 1492 653 1514 ex
676 1481 827 1524 gratuita
853 1481 1100 1526 promissione,

112 1532 246 1577 alioqui
261 1532 383 1566 fierent
404 1532 567 1567 incertae.

328 1620 446 1658 Porro
470 1635 550 1671 spes
577 1636 650 1657 non
674 1621 876 1672 pudefacit.

214 1688 358 1724 Pbrasis
376 1698 425 1724 est
441 1689 601 1724 Ebraica.
638 1691 724 1734 Spes
742 1703 814 1723 non
831 1691 1037 1732 confundit,
1064 1691 1101 1724 id

113 1748 182 1782 est,
209 1753 281 1774 non
298 1741 485 1775 frustratur
502 1749 709 1785 sperantem.
757 1741 852 1774 Haec
868 1749 917 1775 est
935 1754 1099 1786 germana

112 1793 355 1836 interpretatio
373 1793 470 1825 verbi
489 1793 717 1830 confundere,
744 1792 917 1833 frustrari,
945 1800 984 1826 ut
998 1793 1101 1825 alibi:

112 1841 242 1876 Nullus
265 1843 416 1887 speravit
441 1851 473 1877 et
499 1844 666 1876 confusus
690 1850 759 1883 est,
789 1843 823 1876 id
851 1852 917 1883 est,
951 1844 1100 1877 frustra-

113 1901 169 1928 tus
191 1901 252 1928 est.
318 1893 380 1927 Est
412 1901 527 1927 autem
558 1894 684 1927 similis
711 1894 882 1927 sententia
916 1894 969 1927 illi
995 1895 1100 1935 dicto,

112 1945 207 1989 quod
226 1952 425 1978 recensetur
447 1945 559 1988 capite
582 1957 693 1978 nono:
721 1942 870 1986 Omnis,
897 1945 959 1990 qui
987 1946 1098 1980 credit

113 1995 150 2029 in
174 1994 305 2035 Deum,
332 2007 406 2028 non
435 1996 686 2029 confundetur.

213 2054 280 2089 Sed
302 2055 391 2087 dicat
408 2054 553 2099 aliquis:
578 2053 698 2097 Quare
713 2066 790 2099 spes
805 2067 877 2088 non
894 2056 1098 2097 frustratur,

113 2105 196 2150 quid
208 2130 217 2143 ‚
235 2106 263 2138 si
277 2105 386 2138 simus
405 2105 567 2148 indigui?
596 2105 646 2139 De
663 2104 727 2139 bac
743 2106 940 2140 obiectione
958 2119 1096 2140 necesse

112 2162 162 2190 est
184 2155 366 2189 admoneri
393 2156 467 2199 pios
487 2183 496 2197 ,
539 2156 621 2201 quia
650 2155 734 2190 baec
758 2158 831 2201 ipsa
864 2158 1015 2191 obiectio
1045 2165 1095 2192 est

111 2206 265 2249 Epitasis
287 2207 488 2240 certaminis
509 2208 552 2239 de
576 2207 643 2240 fide
667 2214 701 2241 et
719 2220 797 2252 spe,
826 2209 1006 2250 videlicet,
1034 2209 1093 2242 An

110 2258 193 2291 velit
208 2256 302 2291 Deus
318 2258 481 2300 indignos
498 2257 655 2290 salvare?
687 2257 755 2292 Hic
779 2261 929 2293 tenenda
957 2267 1006 2294 est
1023 2259 1094 2293 Ex-

110 2309 260 2352 clusiva,
287 2310 379 2354 quod
404 2309 510 2351 gratis
535 2316 676 2352 propter
699 2308 878 2344 Christum
910 2311 995 2345 velit
1028 2323 1092 2344 nos

109 2360 260 2401 salvare,
287 2371 490 2405 quanquam
509 2360 618 2393 simus
635 2360 784 2404 indigni.
833 2362 951 2407 Atque
969 2363 1015 2396 ita
1033 2364 1094 2396 de·-

112 2421 207 2443 mum
226 2410 292 2443 loci
308 2412 350 2443 de
368 2411 436 2443 fide
453 2418 484 2444 et
501 2422 571 2455 spe,
599 2411 721 2444 iuvant
739 2412 983 2454 conscientias,
1012 2425 1091 2447 cum

113 2460 234 2494 inillis
253 2458 336 2494 baec
354 2462 528 2494 exclusiva
546 2462 768 2505 intelligitur.

1351 370 1464 419 Quod
1477 371 1622 407 dilectio
1638 373 1717 408 Dei
1733 372 1885 423 diffusa
1901 376 1960 412 sit.

1263 447 1416 483 Videtur
1445 450 1592 483 obscura
1626 462 1698 483 esse
1729 451 1835 485 Ratio
1867 454 2151 497 consequentiae.

1270 511 1342 532 non
1366 501 1570 539 confundit,
1599 502 1680 546 quia
1704 503 1845 535 dilectio
1865 503 1929 536 Dei
1956 505 2065 538 effusa
2083 513 2146 540 est.

1160 549 1283 584 Minus
1302 551 1481 584 videretur
1502 552 1649 585 obscura
1667 554 1935 597 consequentia,
1964 555 1991 587 si
2019 556 2068 588 sic
2092 557 2149 589 di-

1160 608 1267 635 ceret:
1304 601 1392 646 Spes
1423 614 1495 635 non
1524 604 1734 644 confundit,
1777 605 1858 649 quia
1889 606 2075 648 promissio
2099 614 2149 641 est

1159 659 1252 685 certa
1276 659 1308 686 et
1333 660 1419 687 rata.
1473 652 1563 686 Nam
1590 651 1674 687 haec
1696 656 1786 687 ratio
1810 656 1961 688 sumitur
1987 668 2025 689 ex
2046 669 2147 691 causa

1159 703 1330 737 efficiente
1360 704 1558 750 propinqua
1580 731 1588 745 ,
1634 705 1797 738 videlicet
1827 718 1866 738 ex
1898 706 2059 750 proximo
2084 709 2148 740 ob-

1159 755 1264 796 iecto,
1292 767 1330 788 ac
1346 756 1458 799 reipsa
1481 753 1546 789 boc
1564 756 1667 797 dicit,
1693 757 1750 789 sed
1770 756 1868 789 addit
1885 757 2030 802 aliquid.
2083 757 2147 792 Est

1157 806 1251 838 enim
1279 808 1469 840 sententia:
1506 807 1593 851 Spes
1618 807 1697 839 ideo
1724 819 1796 840 non
1820 808 2027 850 confundit,
2063 810 2144 854 quia

1157 856 1251 890 Deus
1275 864 1368 890 certo
1389 858 1504 901 diligit
1525 870 1599 890 nos.
1652 857 1695 891 Et
1719 855 1810 892 banc
1836 859 2059 892 dilectionem
2086 872 2149 904 ap-

1157 905 1409 952 prehendimus
1437 910 1512 952 ipso
1537 916 1654 943 rrortu
1678 909 1776 948 fidei,
1805 922 1874 954 quo
1890 909 2045 954 Spiritus
2067 923 2148 944 san-

1156 967 1230 992 ctus
1255 966 1304 993 est
1323 960 1454 993 efficax.
1508 959 1597 992 Nam
1623 972 1723 992 causa
1748 961 1818 1003 spei
1845 967 1911 999 est,
1940 963 2033 1006 quod
2052 961 2148 994 Deus

1155 1010 1272 1053 diligit
1289 1022 1363 1045 nos.
1417 1010 1486 1044 Sed
1507 1008 1590 1044 baec
1608 1011 1749 1044 dilectio
1771 1023 1842 1044 non
1868 1010 2148 1056 apprehenditur

1156 1061 1224 1094 nisi
1249 1062 1365 1094 verbo.

1257 1119 1439 1163 Significat
1472 1120 1580 1163 igitur
1612 1121 1753 1153 dilectio
1788 1119 1850 1154 Dei
1884 1119 1951 1154 boc
1980 1122 2057 1156 loco
2091 1123 2146 1156 di-

1156 1171 1339 1205 lectionem
1355 1198 1364 1212 ,
1393 1183 1459 1216 qua
1478 1169 1572 1204 Deus
1591 1183 1656 1203 nos
1673 1172 1801 1214 diligit.
1855 1171 1988 1217 Estque
2009 1174 2146 1217 simpli-

1155 1223 1290 1256 cissima
1307 1229 1339 1255 et
1357 1222 1503 1254 minime
1521 1221 1682 1255 intricata
1701 1223 1947 1266 interpretatio
1962 1251 1970 1264 ‚
1998 1231 2030 1257 ct
2048 1225 2145 1257 utilis

1153 1272 1388 1307 conscientiis.
1441 1272 1528 1316 Spes
1553 1285 1625 1305 non
1651 1274 1858 1314 confundit,
1886 1274 1967 1318 quia
1994 1276 2145 1318 promis-

1153 1325 1205 1357 sio
1230 1330 1279 1357 est
1301 1331 1392 1356 certa
1419 1330 1453 1356 et
1477 1330 1572 1364 rata,
1606 1324 1643 1356 in
1670 1336 1740 1371 qua
1765 1322 2065 1369 apprehendimus
2090 1327 2146 1359 di-

1153 1375 1339 1409 lectionem
1358 1373 1424 1407 Dei
1441 1386 1519 1417 erga
1538 1385 1612 1407 uos.

1255 1432 1352 1466 Haec
1383 1440 1434 1467 est
1460 1434 1563 1477 plana
1598 1435 1770 1468 sententia
1789 1461 1798 1475 ,
1841 1441 1874 1469 et
1902 1435 2144 1479 gravissimam

1153 1485 1351 1518 doctrinam
1383 1485 1563 1525 continet,
1604 1486 1725 1530 quales
1753 1486 1824 1520 sint
1855 1494 1972 1520 motus
2003 1487 2084 1520 fidei
2112 1493 2144 1521 et

1153 1536 1247 1580 spei,
1284 1536 1435 1576 scilicet,
1478 1538 1573 1581 quod
1603 1537 1674 1570 sint
1706 1538 1917 1578 certamina,
1951 1537 1989 1570 in
2014 1538 2144 1583 quibus

1154 1586 1367 1620 conscientia
1389 1587 1553 1629 erigitur,
1583 1594 1615 1621 et
1632 1594 1790 1620 statuunt
1809 1600 1873 1621 nos
1893 1589 1993 1631 diligi
2019 1601 2036 1621 a
2054 1588 2142 1623 Deo.

1154 1638 1222 1671 Hic
1254 1637 1348 1670 enim
1377 1645 1427 1670 est
1459 1649 1618 1671 suminus
1653 1644 1685 1671 et
1721 1639 1938 1671 difficilimus
1963 1639 2144 1677 articulus,

1154 1700 1257 1733 quem
1284 1687 1435 1720 retinere
1461 1700 1559 1721 mens
1581 1689 1656 1721 sine
1681 1700 1804 1732 magna
1823 1690 2051 1723 dimicatione
2070 1702 2142 1723 non

1156 1746 1287 1782 potest,
1322 1738 1404 1783 quia
1430 1747 1479 1772 est
1506 1739 1677 1783 ipsissima
1706 1753 1772 1773 vox
1795 1739 2003 1784 Evangelii,
2046 1742 2142 1785 quod

1154 1789 1248 1823 Deus
1272 1789 1395 1832 diligat
1421 1801 1484 1822 nos
1509 1797 1652 1834 propter
1675 1788 1876 1832 Christum,
1929 1792 1991 1825 etsi
2021 1803 2143 1825 sumus

1153 1840 1312 1884 indigni,
1339 1840 1525 1874 immundi.
1579 1841 1681 1875 Hanc
1706 1854 1825 1875 vocem
1848 1842 2016 1876 revelavit
2038 1840 2144 1883 filius,

1152 1893 1212 1937 qui
1235 1898 1285 1925 est
1305 1892 1340 1923 in
1359 1892 1438 1924 sinu
1460 1892 1578 1935 patris.
1633 1892 1701 1926 Sed
1719 1890 1875 1926 humana
1893 1895 1997 1926 corda
2015 1894 2061 1926 ita
2079 1906 2143 1937 op·

1153 1954 1268 1986 pressa
1284 1950 1365 1975 sunt
1383 1943 1578 1977 diffidentia
1591 1970 1599 1983 ‚
1626 1951 1663 1977 ut
1681 1956 1753 1976 nou
1774 1944 1887 1977 solum
1907 1957 1979 1977 non
2001 1944 2143 1977 videant

1152 1991 1243 2026 hanc
1268 1993 1485 2027 voluntatem
1512 1994 1641 2039 patris,
1678 1997 1737 2028 sed
1765 1996 1870 2028 etiam
1894 1997 1939 2029 ab
1966 1993 2031 2029 hac
2058 2006 2143 2028 voce

1152 2045 1254 2078 valde
1271 2041 1497 2079 abhorreant.

1251 2103 1320 2137 Hic
1337 2104 1444 2146 igitur
1460 2105 1655 2144 discamus,
1682 2105 1802 2151 quales
1820 2112 1936 2139 motus
1961 2105 2031 2140 sint,
2056 2106 2142 2139 fides

1149 2162 1182 2188 et
1206 2167 1302 2200 spes,
1344 2155 1403 2200 qui
1436 2156 1599 2189 videlicet
1633 2154 1697 2190 bac
1725 2157 1968 2190 consolatione
1999 2157 2140 2200 erigunt

1147 2207 1302 2245 animos,
1332 2213 1369 2239 ut
1394 2213 1549 2240 statuant
1577 2219 1641 2240 nos
1664 2208 1764 2251 diligi
1784 2221 1800 2241 a
1819 2206 1906 2241 Deo.
1960 2207 2055 2240 Idem
2075 2209 2140 2242 do-

1148 2265 1200 2291 cet
1228 2257 1400 2291 sententia
1428 2257 1539 2291 infra:
1575 2257 1769 2303 Accepistis
1786 2258 1978 2303 Spiritum,
2006 2259 2044 2292 in
2068 2271 2140 2305 quo

1147 2309 1339 2342 clamamus
1359 2308 1461 2342 Abba
1483 2308 1597 2342 Pater.

1249 2367 1434 2408 Secundo,
1462 2369 1567 2401 etiam
1593 2365 1651 2401 hic
1674 2369 1917 2401 obervandam
1944 2374 2017 2407 est,
2044 2370 2140 2414 quod

1147 2416 1185 2451 bi
1204 2426 1336 2459 motus,
1364 2419 1468 2458 fides,
1495 2430 1591 2462 spes,
1625 2419 1787 2452 oriantur
1811 2432 1828 2453 a
1845 2418 1983 2464 Spiritu
2007 2427 2141 2454 sancto.

1146 2467 1318 2503 Monachi
1335 2470 1514 2504 invertunt
1535 2468 1626 2502 banc
1643 2470 1865 2511 sententiam,
1891 2477 1925 2504 et
1940 2477 2139 2505 attexerunt

206 2518 512 2554 Considerandum
541 2528 591 2554 est
614 2521 737 2562 etiam,
773 2522 869 2567 quod
901 2523 944 2555 de
967 2523 1091 2557 remis·
1146 2521 1318 2555 rationem
1345 2520 1615 2566 consequentiae
1641 2532 1742 2553 causa
1774 2521 1875 2565 spei,
1917 2519 1986 2556 boc
2008 2522 2138 2555 modo:

111 2570 209 2603 sione
222 2578 458 2614 peccatorum,
486 2579 519 2607 et
542 2573 585 2605 de
610 2573 680 2606 vita
703 2580 862 2615 aeterna,
890 2585 1091 2617 expressum
1143 2572 1232 2616 Spes
1259 2584 1331 2605 non
1355 2572 1562 2612 confundit,
1599 2571 1680 2616 quia
1705 2568 1876 2606 habemus
1900 2572 2139 2613 dilectionem,

110 2621 313 2654 mandatum
333 2621 394 2655 Dei
412 2631 478 2663 est,
505 2630 542 2656 ut
561 2624 744 2657 credamus
768 2624 1030 2665 remissionem,
1058 2633 1091 2660 et

108 2683 286 2716 speremus
309 2673 414 2706 vitam
438 2681 627 2710 aeternam.
693 2674 762 2708 Hic
787 2676 863 2708 sine
885 2676 1091 2710 conditione

108 2730 242 2768 petere,
267 2730 300 2758 et
315 2735 453 2768 sperare
471 2726 648 2761 debemus,
701 2724 754 2761 De
772 2727 1013 2772 corporalibus
1038 2728 1089 2761 af-

1144 2625 1179 2658 id
1197 2630 1267 2664 est,
1294 2623 1376 2667 quia
1393 2623 1575 2664 diligimus
1592 2621 1719 2658 Deum.
1775 2622 1825 2658 Ita
1846 2630 2139 2667 argumentantur

1142 2687 1183 2709 ex
1220 2674 1363 2712 merito,
1405 2674 1520 2718 posito
1553 2674 1680 2708 merito
1715 2685 1776 2708 seu
1810 2675 1951 2720 pretio,
1992 2674 2138 2719 ponitur

1143 2731 1301 2762 eventus.
