<?xml version="1.0" encoding="UTF-8"?>
<!DOCTYPE html PUBLIC "-//W3C//DTD XHTML 1.0 Transitional//EN"
    "http://www.w3.org/TR/xhtml1/DTD/xhtml1-transitional.dtd">
<html xmlns="http://www.w3.org/1999/xhtml" xml:lang="en" lang="en">
 <head>
  <title>
</title>
<meta http-equiv="Content-Type" content="text/html;charset=utf-8" />
  <meta name='ocr-system' content='tesseract 3.04.00' />
  <meta name='ocr-capabilities' content='ocr_page ocr_carea ocr_par ocr_line ocrx_word'/>
</head>
<body>
  <div class='ocr_page' id='page_1' title='image "./operaquaesupersu15melauoft/operaquaesupersu15melauoft_0376.png"; bbox 0 0 2415 2942; ppageno 0'>
   <div class='ocr_carea' id='block_1_1' title="bbox 277 90 1266 150">
    <p class='ocr_par' dir='ltr' id='par_1_1' title="bbox 277 90 1266 150">
     <span class='ocr_line' id='line_1_1' title="bbox 277 90 1266 150; baseline -0.012 -8"><span class='ocrx_word' id='word_1_1' title='bbox 277 109 350 150; x_wconf 51' lang='lat'>,⁷45</span> <span class='ocrx_word' id='word_1_2' title='bbox 857 98 985 135; x_wconf 72' lang='lat' dir='ltr'>enm.</span> <span class='ocrx_word' id='word_1_3' title='bbox 1011 94 1129 133; x_wconf 84' lang='lat' dir='ltr'><strong>MEL.</strong></span> <span class='ocrx_word' id='word_1_4' title='bbox 1157 90 1266 131; x_wconf 73' lang='lat' dir='ltr'>scm</span> 
     </span>
    </p>
   </div>
   <div class='ocr_carea' id='block_1_2' title="bbox 284 183 1268 537">
    <p class='ocr_par' dir='ltr' id='par_1_2' title="bbox 284 183 1268 537">
     <span class='ocr_line' id='line_1_2' title="bbox 284 183 1260 247; baseline -0.022 -13"><span class='ocrx_word' id='word_1_5' title='bbox 284 209 444 247; x_wconf 71' lang='lat' dir='ltr'>petitum.</span> <span class='ocrx_word' id='word_1_6' title='bbox 479 201 508 226; x_wconf 91' lang='lat' dir='ltr'>et</span> <span class='ocrx_word' id='word_1_7' title='bbox 535 192 700 235; x_wconf 74' lang='lat' dir='ltr'>scriptum</span> <span class='ocrx_word' id='word_1_8' title='bbox 725 194 790 220; x_wconf 89' lang='lat' dir='ltr'>est:</span> <span class='ocrx_word' id='word_1_9' title='bbox 819 184 975 220; x_wconf 87' lang='lat' dir='ltr'>Manebo</span> <span class='ocrx_word' id='word_1_10' title='bbox 1001 183 1180 217; x_wconf 77' lang='lat' dir='ltr'>vobiscum</span> <span class='ocrx_word' id='word_1_11' title='bbox 1203 191 1260 214; x_wconf 88' lang='lat' dir='ltr'>ns-</span> 
     </span>
     <span class='ocr_line' id='line_1_3' title="bbox 285 233 1261 298; baseline -0.023 -13"><span class='ocrx_word' id='word_1_12' title='bbox 285 264 350 298; x_wconf 80' lang='lat' dir='ltr'>que</span> <span class='ocrx_word' id='word_1_13' title='bbox 370 250 411 281; x_wconf 84' lang='lat' dir='ltr'>ad</span> <span class='ocrx_word' id='word_1_14' title='bbox 437 242 773 278; x_wconf 67' lang='lat' dir='ltr'>consummationem</span> <span class='ocrx_word' id='word_1_15' title='bbox 790 238 918 275; x_wconf 84' lang='lat' dir='ltr'>seculi,</span> <span class='ocrx_word' id='word_1_16' title='bbox 945 243 1061 269; x_wconf 87' lang='lat' dir='ltr'>tamen</span> <span class='ocrx_word' id='word_1_17' title='bbox 1081 233 1261 266; x_wconf 89' lang='lat' dir='ltr'>sciendum</span> 
     </span>
     <span class='ocr_line' id='line_1_4' title="bbox 285 282 1263 335; baseline -0.021 -1"><span class='ocrx_word' id='word_1_18' title='bbox 285 311 331 335; x_wconf 76' lang='lat' dir='ltr'>est</span> <span class='ocrx_word' id='word_1_19' title='bbox 352 299 440 332; x_wconf 67' lang='lat' dir='ltr'>lianc</span> <span class='ocrx_word' id='word_1_20' title='bbox 460 306 576 327; x_wconf 79' lang='lat' dir='ltr'>veram</span> <span class='ocrx_word' id='word_1_21' title='bbox 597 290 786 325; x_wconf 80' lang='lat' dir='ltr'>Ecclesiam</span> <span class='ocrx_word' id='word_1_22' title='bbox 808 300 879 320; x_wconf 83' lang='lat' dir='ltr'>non</span> <span class='ocrx_word' id='word_1_23' title='bbox 896 298 1030 329; x_wconf 85' lang='lat' dir='ltr'>semper</span> <span class='ocrx_word' id='word_1_24' title='bbox 1048 284 1177 328; x_wconf 87' lang='lat' dir='ltr'>pariter</span> <span class='ocrx_word' id='word_1_25' title='bbox 1199 282 1263 314; x_wconf 86' lang='lat' dir='ltr'>sso-</span> 
     </span>
     <span class='ocr_line' id='line_1_5' title="bbox 286 334 1264 388; baseline -0.022 -2"><span class='ocrx_word' id='word_1_26' title='bbox 286 363 378 386; x_wconf 81' lang='lat' dir='ltr'>rere‚</span> <span class='ocrx_word' id='word_1_27' title='bbox 405 347 582 388; x_wconf 82' lang='lat' dir='ltr'>sedsaepe</span> <span class='ocrx_word' id='word_1_28' title='bbox 608 342 796 375; x_wconf 79' lang='lat' dir='ltr'>admodum</span> <span class='ocrx_word' id='word_1_29' title='bbox 821 338 978 379; x_wconf 78' lang='lat' dir='ltr'>exiguam</span> <span class='ocrx_word' id='word_1_30' title='bbox 1004 348 1096 375; x_wconf 73' lang='lat' dir='ltr'>ess-e,</span> <span class='ocrx_word' id='word_1_31' title='bbox 1123 346 1160 367; x_wconf 86' lang='lat' dir='ltr'>ac</span> <span class='ocrx_word' id='word_1_32' title='bbox 1183 334 1264 366; x_wconf 83' lang='lat' dir='ltr'>sul)-</span> 
     </span>
     <span class='ocr_line' id='line_1_6' title="bbox 287 385 1267 435; baseline -0.02 0"><span class='ocrx_word' id='word_1_33' title='bbox 287 403 368 435; x_wconf 87' lang='lat' dir='ltr'>inde</span> <span class='ocrx_word' id='word_1_34' title='bbox 397 396 531 431; x_wconf 83' lang='lat' dir='ltr'>restitui</span> <span class='ocrx_word' id='word_1_35' title='bbox 560 393 748 429; x_wconf 67' lang='lat' dir='ltr'>divinitus,</span> <span class='ocrx_word' id='word_1_36' title='bbox 783 390 897 422; x_wconf 73' lang='lat' dir='ltr'>missis</span> <span class='ocrx_word' id='word_1_37' title='bbox 933 387 1023 419; x_wconf 76' lang='lat' dir='ltr'>veris</span> <span class='ocrx_word' id='word_1_38' title='bbox 1052 385 1267 419; x_wconf 76' lang='lat' dir='ltr'>doctoribus,</span> 
     </span>
     <span class='ocr_line' id='line_1_7' title="bbox 286 437 1268 489; baseline -0.02 -3"><span class='ocrx_word' id='word_1_39' title='bbox 286 461 323 485; x_wconf 91' lang='lat' dir='ltr'>ut</span> <span class='ocrx_word' id='word_1_40' title='bbox 342 450 436 484; x_wconf 75' lang='lat' dir='ltr'>Noae.</span> <span class='ocrx_word' id='word_1_41' title='bbox 460 455 615 489; x_wconf 82' lang='lat' dir='ltr'>tempore</span> <span class='ocrx_word' id='word_1_42' title='bbox 636 443 700 476; x_wconf 84' lang='lat' dir='ltr'>snit</span> <span class='ocrx_word' id='word_1_43' title='bbox 725 447 868 483; x_wconf 83' lang='lat' dir='ltr'>angusta</span> <span class='ocrx_word' id='word_1_44' title='bbox 889 437 1062 475; x_wconf 87' lang='lat' dir='ltr'>Ecclesia,</span> <span class='ocrx_word' id='word_1_45' title='bbox 1091 443 1122 469; x_wconf 89' lang='lat' dir='ltr'>et</span> <span class='ocrx_word' id='word_1_46' title='bbox 1141 446 1268 479; x_wconf 88' lang='lat' dir='ltr'>panco-</span> 
     </span>
     <span class='ocr_line' id='line_1_8' title="bbox 288 506 513 537; baseline -0.031 -2"><span class='ocrx_word' id='word_1_47' title='bbox 288 514 364 537; x_wconf 87' lang='lat' dir='ltr'>rum</span> <span class='ocrx_word' id='word_1_48' title='bbox 387 506 513 532; x_wconf 82' lang='lat' dir='ltr'>coctus.</span> 
     </span>
    </p>
   </div>
   <div class='ocr_carea' id='block_1_3' title="bbox 289 545 1273 700">
    <p class='ocr_par' dir='ltr' id='par_1_3' title="bbox 289 545 1273 700">
     <span class='ocr_line' id='line_1_9' title="bbox 388 545 1269 600; baseline -0.019 -8"><span class='ocrx_word' id='word_1_49' title='bbox 388 559 437 592; x_wconf 80' lang='lat' dir='ltr'>lta</span> <span class='ocrx_word' id='word_1_50' title='bbox 457 562 533 600; x_wconf 91' lang='lat' dir='ltr'>post</span> <span class='ocrx_word' id='word_1_51' title='bbox 559 553 733 586; x_wconf 69' lang='lat' dir='ltr'>dilnvium</span> <span class='ocrx_word' id='word_1_52' title='bbox 762 549 905 583; x_wconf 86' lang='lat' dir='ltr'>retinuit</span> <span class='ocrx_word' id='word_1_53' title='bbox 933 559 1048 579; x_wconf 87' lang='lat' dir='ltr'>veram</span> <span class='ocrx_word' id='word_1_54' title='bbox 1074 545 1269 578; x_wconf 77' lang='lat' dir='ltr'>doctrinam</span> 
     </span>
     <span class='ocr_line' id='line_1_10' title="bbox 289 597 1269 650; baseline -0.02 -5"><span class='ocrx_word' id='word_1_55' title='bbox 289 604 570 646; x_wconf 77' lang='lat' dir='ltr'>Melchisedech,</span> <span class='ocrx_word' id='word_1_56' title='bbox 599 604 657 648; x_wconf 84' lang='lat' dir='ltr'>qui</span> <span class='ocrx_word' id='word_1_57' title='bbox 678 603 741 635; x_wconf 85' lang='lat' dir='ltr'>fuit</span> <span class='ocrx_word' id='word_1_58' title='bbox 760 600 862 639; x_wconf 82' lang='lat' dir='ltr'>Sem,</span> <span class='ocrx_word' id='word_1_59' title='bbox 888 599 980 631; x_wconf 81' lang='lat' dir='ltr'>filius</span> <span class='ocrx_word' id='word_1_60' title='bbox 1003 597 1116 635; x_wconf 65' lang='lat' dir='ltr'>Noae,</span> <span class='ocrx_word' id='word_1_61' title='bbox 1143 604 1174 628; x_wconf 85' lang='lat' dir='ltr'>et</span> <span class='ocrx_word' id='word_1_62' title='bbox 1193 607 1269 650; x_wconf 76' lang='lat' dir='ltr'>cum</span> 
     </span>
     <span class='ocr_line' id='line_1_11' title="bbox 290 646 1273 700; baseline -0.02 -5"><span class='ocrx_word' id='word_1_63' title='bbox 290 660 450 696; x_wconf 56' lang='lat' dir='ltr'>idolatria</span> <span class='ocrx_word' id='word_1_64' title='bbox 473 658 563 700; x_wconf 86' lang='lat' dir='ltr'>apud</span> <span class='ocrx_word' id='word_1_65' title='bbox 591 653 787 688; x_wconf 74' lang='lat' dir='ltr'><strong>Chaldaeos</strong></span> <span class='ocrx_word' id='word_1_66' title='bbox 813 651 990 687; x_wconf 70' lang='lat' dir='ltr'><strong>crevisset,</strong></span> <span class='ocrx_word' id='word_1_67' title='bbox 1018 660 1055 679; x_wconf 86' lang='lat' dir='ltr'>ac</span> <span class='ocrx_word' id='word_1_68' title='bbox 1082 659 1168 690; x_wconf 87' lang='lat' dir='ltr'>pene</span> <span class='ocrx_word' id='word_1_69' title='bbox 1193 646 1273 677; x_wconf 87' lang='lat' dir='ltr'>ulu-</span> 
     </span>
    </p>
   </div>
   <div class='ocr_carea' id='block_1_4' title="bbox 292 746 1286 1310">
    <p class='ocr_par' dir='ltr' id='par_1_4' title="bbox 292 746 1283 1160">
     <span class='ocr_line' id='line_1_12' title="bbox 292 746 1270 798; baseline -0.02 -1"><span class='ocrx_word' id='word_1_70' title='bbox 292 763 483 798; x_wconf 55' lang='lat' dir='ltr'>Ecclesiam</span> <span class='ocrx_word' id='word_1_71' title='bbox 504 763 624 789; x_wconf 71' lang='lat' dir='ltr'>vocato</span> <span class='ocrx_word' id='word_1_72' title='bbox 645 751 834 788; x_wconf 79' lang='lat' dir='ltr'>Abrabam.</span> <span class='ocrx_word' id='word_1_73' title='bbox 864 750 986 782; x_wconf 83' lang='lat' dir='ltr'>Postea</span> <span class='ocrx_word' id='word_1_74' title='bbox 1004 748 1137 780; x_wconf 79' lang='lat' dir='ltr'>familia</span> <span class='ocrx_word' id='word_1_75' title='bbox 1158 746 1270 779; x_wconf 83' lang='lat' dir='ltr'>Abra-</span> 
     </span>
     <span class='ocr_line' id='line_1_13' title="bbox 294 797 1274 854; baseline -0.022 -6"><span class='ocrx_word' id='word_1_76' title='bbox 294 813 375 854; x_wconf 80' lang='lat' dir='ltr'>liae,</span> <span class='ocrx_word' id='word_1_77' title='bbox 405 819 432 843; x_wconf 72' lang='lat' dir='ltr'>et</span> <span class='ocrx_word' id='word_1_78' title='bbox 463 809 560 851; x_wconf 84' lang='lat' dir='ltr'>pauci</span> <span class='ocrx_word' id='word_1_79' title='bbox 585 808 658 838; x_wconf 87' lang='lat' dir='ltr'>eins</span> <span class='ocrx_word' id='word_1_80' title='bbox 683 803 860 836; x_wconf 75' lang='lat' dir='ltr'><strong>auditores</strong></span> <span class='ocrx_word' id='word_1_81' title='bbox 884 807 965 832; x_wconf 86' lang='lat' dir='ltr'>sunt</span> <span class='ocrx_word' id='word_1_82' title='bbox 992 797 1170 837; x_wconf 75' lang='lat' dir='ltr'><strong>Ecclesia,</strong></span> <span class='ocrx_word' id='word_1_83' title='bbox 1197 807 1274 828; x_wconf 84' lang='lat' dir='ltr'>cum</span> 
     </span>
     <span class='ocr_line' id='line_1_14' title="bbox 294 850 1278 898; baseline -0.02 -1"><span class='ocrx_word' id='word_1_84' title='bbox 294 864 434 898; x_wconf 76' lang='lat' dir='ltr'>interint</span> <span class='ocrx_word' id='word_1_85' title='bbox 460 856 629 892; x_wconf 79' lang='lat' dir='ltr'>Chaldaei</span> <span class='ocrx_word' id='word_1_86' title='bbox 655 862 686 887; x_wconf 90' lang='lat' dir='ltr'>et</span> <span class='ocrx_word' id='word_1_87' title='bbox 705 851 867 898; x_wconf 72' lang='lat' dir='ltr'>Aegyptii</span> <span class='ocrx_word' id='word_1_88' title='bbox 896 850 1133 893; x_wconf 74' lang='lat' dir='ltr'>gloriarentur</span> <span class='ocrx_word' id='word_1_89' title='bbox 1153 859 1187 880; x_wconf 86' lang='lat' dir='ltr'>se</span> <span class='ocrx_word' id='word_1_90' title='bbox 1205 856 1278 879; x_wconf 88' lang='lat' dir='ltr'>esse</span> 
     </span>
     <span class='ocr_line' id='line_1_15' title="bbox 296 898 1279 960; baseline -0.019 -14"><span class='ocrx_word' id='word_1_91' title='bbox 296 922 449 960; x_wconf 80' lang='lat' dir='ltr'>posteros</span> <span class='ocrx_word' id='word_1_92' title='bbox 474 916 630 953; x_wconf 70' lang='lat' dir='ltr'>patrum,</span> <span class='ocrx_word' id='word_1_93' title='bbox 658 917 693 938; x_wconf 87' lang='lat' dir='ltr'>se</span> <span class='ocrx_word' id='word_1_94' title='bbox 719 905 870 937; x_wconf 82' lang='lat' dir='ltr'>retinere</span> <span class='ocrx_word' id='word_1_95' title='bbox 897 908 1034 945; x_wconf 84' lang='lat' dir='ltr'>patrum</span> <span class='ocrx_word' id='word_1_96' title='bbox 1068 898 1222 954; x_wconf 79' lang='lat' dir='ltr'>exempla</span> <span class='ocrx_word' id='word_1_97' title='bbox 1246 902 1279 927; x_wconf 84' lang='lat' dir='ltr'>et</span> 
     </span>
     <span class='ocr_line' id='line_1_16' title="bbox 296 950 1277 1001; baseline -0.021 -3"><span class='ocrx_word' id='word_1_98' title='bbox 296 966 438 998; x_wconf 68' lang='lat' dir='ltr'>catuna,</span> <span class='ocrx_word' id='word_1_99' title='bbox 465 967 496 992; x_wconf 87' lang='lat' dir='ltr'>et</span> <span class='ocrx_word' id='word_1_100' title='bbox 516 958 754 1001; x_wconf 68' lang='lat' dir='ltr'>praedicarent</span> <span class='ocrx_word' id='word_1_101' title='bbox 771 966 805 987; x_wconf 78' lang='lat' dir='ltr'>se</span> <span class='ocrx_word' id='word_1_102' title='bbox 824 964 894 985; x_wconf 88' lang='lat' dir='ltr'>esse</span> <span class='ocrx_word' id='word_1_103' title='bbox 911 951 1080 995; x_wconf 86' lang='lat' dir='ltr'>populum</span> <span class='ocrx_word' id='word_1_104' title='bbox 1101 950 1176 987; x_wconf 77' lang='lat' dir='ltr'>Dei,</span> <span class='ocrx_word' id='word_1_105' title='bbox 1199 958 1277 979; x_wconf 86' lang='lat' dir='ltr'>cnm</span> 
     </span>
     <span class='ocr_line' id='line_1_17' title="bbox 297 998 1279 1047; baseline -0.02 1"><span class='ocrx_word' id='word_1_106' title='bbox 297 1017 439 1047; x_wconf 71' lang='lat' dir='ltr'>verbnm</span> <span class='ocrx_word' id='word_1_107' title='bbox 460 1010 523 1043; x_wconf 85' lang='lat' dir='ltr'>Dei</span> <span class='ocrx_word' id='word_1_108' title='bbox 546 1022 616 1040; x_wconf 86' lang='lat' dir='ltr'>non</span> <span class='ocrx_word' id='word_1_109' title='bbox 636 1006 878 1042; x_wconf 86' lang='lat' dir='ltr'>retinuissent,</span> <span class='ocrx_word' id='word_1_110' title='bbox 908 1002 1042 1034; x_wconf 86' lang='lat' dir='ltr'>etiamsi</span> <span class='ocrx_word' id='word_1_111' title='bbox 1066 998 1279 1033; x_wconf 84' lang='lat' dir='ltr'>ceremonias</span> 
     </span>
     <span class='ocr_line' id='line_1_18' title="bbox 300 1054 1283 1103; baseline -0.02 -3"><span class='ocrx_word' id='word_1_112' title='bbox 300 1066 536 1100; x_wconf 62' lang='lat' dir='ltr'>retinuerant,</span> <span class='ocrx_word' id='word_1_113' title='bbox 571 1060 698 1103; x_wconf 85' lang='lat' dir='ltr'>quibus</span> <span class='ocrx_word' id='word_1_114' title='bbox 723 1065 838 1090; x_wconf 88' lang='lat' dir='ltr'>tamen</span> <span class='ocrx_word' id='word_1_115' title='bbox 870 1054 1074 1085; x_wconf 78' lang='lat' dir='ltr'>affluxerant</span> <span class='ocrx_word' id='word_1_116' title='bbox 1105 1059 1283 1096; x_wconf 83' lang='lat' dir='ltr'>perversas</span> 
     </span>
     <span class='ocr_line' id='line_1_19' title="bbox 301 1103 1027 1160; baseline -0.018 -13"><span class='ocrx_word' id='word_1_117' title='bbox 301 1116 504 1160; x_wconf 80' lang='lat' dir='ltr'>opiniones,</span> <span class='ocrx_word' id='word_1_118' title='bbox 533 1118 565 1143; x_wconf 90' lang='lat' dir='ltr'>et</span> <span class='ocrx_word' id='word_1_119' title='bbox 585 1110 792 1142; x_wconf 82' lang='lat' dir='ltr'>addiderant</span> <span class='ocrx_word' id='word_1_120' title='bbox 816 1103 1027 1137; x_wconf 85' lang='lat' dir='ltr'>idolatriam.</span> 
     </span>
    </p>

    <p class='ocr_par' dir='ltr' id='par_1_5' title="bbox 300 1159 1286 1310">
     <span class='ocr_line' id='line_1_20' title="bbox 400 1159 1284 1214; baseline -0.017 -9"><span class='ocrx_word' id='word_1_121' title='bbox 400 1173 575 1214; x_wconf 57' lang='lat' dir='ltr'>&#39;ll-mgnum</span> <span class='ocrx_word' id='word_1_122' title='bbox 600 1165 718 1200; x_wconf 74' lang='lat' dir='ltr'>Aeliaz</span> <span class='ocrx_word' id='word_1_123' title='bbox 742 1166 805 1197; x_wconf 84' lang='lat' dir='ltr'>suit</span> <span class='ocrx_word' id='word_1_124' title='bbox 834 1164 869 1196; x_wconf 91' lang='lat' dir='ltr'>in</span> <span class='ocrx_word' id='word_1_125' title='bbox 894 1163 1001 1195; x_wconf 66' lang='lat' dir='ltr'>Israel</span> <span class='ocrx_word' id='word_1_126' title='bbox 1029 1174 1117 1205; x_wconf 88' lang='lat' dir='ltr'>pene</span> <span class='ocrx_word' id='word_1_127' title='bbox 1135 1159 1284 1194; x_wconf 79' lang='lat' dir='ltr'>extincta</span> 
     </span>
     <span class='ocr_line' id='line_1_21' title="bbox 300 1212 1286 1264; baseline -0.017 -7"><span class='ocrx_word' id='word_1_128' title='bbox 300 1224 474 1261; x_wconf 75' lang='lat' dir='ltr'>Ecclesia,</span> <span class='ocrx_word' id='word_1_129' title='bbox 514 1226 629 1264; x_wconf 83' lang='lat' dir='ltr'>postea</span> <span class='ocrx_word' id='word_1_130' title='bbox 666 1229 727 1259; x_wconf 70' lang='lat' dir='ltr'>per</span> <span class='ocrx_word' id='word_1_131' title='bbox 753 1215 867 1249; x_wconf 86' lang='lat' dir='ltr'>Eliam</span> <span class='ocrx_word' id='word_1_132' title='bbox 902 1221 931 1245; x_wconf 85' lang='lat' dir='ltr'>et</span> <span class='ocrx_word' id='word_1_133' title='bbox 957 1212 1132 1246; x_wconf 81' lang='lat' dir='ltr'>Elisaeum</span> <span class='ocrx_word' id='word_1_134' title='bbox 1166 1219 1286 1244; x_wconf 86' lang='lat' dir='ltr'>rursus</span> 
     </span>
     <span class='ocr_line' id='line_1_22' title="bbox 300 1265 1033 1310; baseline -0.02 0"><span class='ocrx_word' id='word_1_135' title='bbox 300 1283 398 1310; x_wconf 86' lang='lat' dir='ltr'>aucta</span> <span class='ocrx_word' id='word_1_136' title='bbox 418 1281 484 1310; x_wconf 83' lang='lat' dir='ltr'>est,</span> <span class='ocrx_word' id='word_1_137' title='bbox 513 1272 639 1303; x_wconf 87' lang='lat' dir='ltr'>deinde</span> <span class='ocrx_word' id='word_1_138' title='bbox 657 1269 781 1300; x_wconf 81' lang='lat' dir='ltr'>iterum</span> <span class='ocrx_word' id='word_1_139' title='bbox 803 1265 953 1307; x_wconf 83' lang='lat' dir='ltr'>collapsa</span> <span class='ocrx_word' id='word_1_140' title='bbox 973 1271 1033 1298; x_wconf 84' lang='lat' dir='ltr'>est.</span> 
     </span>
    </p>
   </div>
   <div class='ocr_carea' id='block_1_5' title="bbox 399 1318 1289 1366">
    <p class='ocr_par' dir='ltr' id='par_1_6' title="bbox 399 1318 1289 1366">
     <span class='ocr_line' id='line_1_23' title="bbox 399 1318 1289 1366; baseline -0.018 -1"><span class='ocrx_word' id='word_1_141' title='bbox 399 1332 488 1366; x_wconf 86' lang='lat' dir='ltr'>Cum</span> <span class='ocrx_word' id='word_1_142' title='bbox 516 1334 715 1361; x_wconf 86' lang='lat' dir='ltr'>nasceretur</span> <span class='ocrx_word' id='word_1_143' title='bbox 747 1322 924 1362; x_wconf 59' lang='lat' dir='ltr'>(twinus,</span> <span class='ocrx_word' id='word_1_144' title='bbox 960 1322 1025 1355; x_wconf 80' lang='lat' dir='ltr'>fnit</span> <span class='ocrx_word' id='word_1_145' title='bbox 1051 1321 1086 1352; x_wconf 87' lang='lat' dir='ltr'>in</span> <span class='ocrx_word' id='word_1_146' title='bbox 1113 1319 1198 1352; x_wconf 87' lang='lat' dir='ltr'>luda</span> <span class='ocrx_word' id='word_1_147' title='bbox 1225 1318 1289 1351; x_wconf 87' lang='lat' dir='ltr'>ad-</span> 
     </span>
    </p>
   </div>
   <div class='ocr_carea' id='block_1_6' title="bbox 302 1368 1316 1422">
    <p class='ocr_par' dir='ltr' id='par_1_7' title="bbox 302 1368 1316 1422">
     <span class='ocr_line' id='line_1_24' title="bbox 302 1368 1316 1422; baseline -0.019 -4"><span class='ocrx_word' id='word_1_148' title='bbox 302 1386 446 1419; x_wconf 87' lang='lat' dir='ltr'>modum</span> <span class='ocrx_word' id='word_1_149' title='bbox 465 1381 586 1422; x_wconf 77' lang='lat' dir='ltr'>exigua</span> <span class='ocrx_word' id='word_1_150' title='bbox 603 1377 778 1414; x_wconf 76' lang='lat' dir='ltr'>Ecclesia,</span> <span class='ocrx_word' id='word_1_151' title='bbox 807 1374 938 1411; x_wconf 75' lang='lat' dir='ltr'>Maria,</span> <span class='ocrx_word' id='word_1_152' title='bbox 976 1369 1120 1413; x_wconf 77' lang='lat' dir='ltr'>loseph,</span> <span class='ocrx_word' id='word_1_153' title='bbox 1155 1368 1286 1402; x_wconf 80' lang='lat' dir='ltr'>familia</span> <span class='ocrx_word' id='word_1_154' title='bbox 1315 1380 1316 1390; x_wconf 62' lang='lat'>¹</span> 
     </span>
    </p>
   </div>
   <div class='ocr_carea' id='block_1_7' title="bbox 304 1418 1290 1680">
    <p class='ocr_par' dir='ltr' id='par_1_8' title="bbox 304 1418 1290 1680">
     <span class='ocr_line' id='line_1_25' title="bbox 306 1418 1289 1472; baseline -0.017 -4"><span class='ocrx_word' id='word_1_155' title='bbox 306 1432 514 1472; x_wconf 70' lang='lat' dir='ltr'>Zachariae,</span> <span class='ocrx_word' id='word_1_156' title='bbox 543 1430 698 1463; x_wconf 77' lang='lat' dir='ltr'>Simeon,</span> <span class='ocrx_word' id='word_1_157' title='bbox 726 1427 848 1461; x_wconf 74' lang='lat' dir='ltr'>Anna,</span> <span class='ocrx_word' id='word_1_158' title='bbox 877 1431 1033 1469; x_wconf 84' lang='lat' dir='ltr'>pastores</span> <span class='ocrx_word' id='word_1_159' title='bbox 1049 1430 1080 1454; x_wconf 88' lang='lat' dir='ltr'>et</span> <span class='ocrx_word' id='word_1_160' title='bbox 1101 1420 1198 1464; x_wconf 87' lang='lat' dir='ltr'>pauci</span> <span class='ocrx_word' id='word_1_161' title='bbox 1218 1418 1289 1451; x_wconf 86' lang='lat' dir='ltr'>alii.</span> 
     </span>
     <span class='ocr_line' id='line_1_26' title="bbox 308 1469 1290 1525; baseline -0.02 -5"><span class='ocrx_word' id='word_1_162' title='bbox 308 1488 443 1520; x_wconf 79' lang='lat' dir='ltr'>lnterea</span> <span class='ocrx_word' id='word_1_163' title='bbox 462 1483 617 1525; x_wconf 79' lang='lat' dir='ltr'>regimen</span> <span class='ocrx_word' id='word_1_164' title='bbox 644 1475 911 1510; x_wconf 80' lang='lat' dir='ltr'>ecclesiasticum</span> <span class='ocrx_word' id='word_1_165' title='bbox 941 1475 1007 1506; x_wconf 86' lang='lat' dir='ltr'>fuit</span> <span class='ocrx_word' id='word_1_166' title='bbox 1040 1483 1144 1516; x_wconf 88' lang='lat' dir='ltr'>penes</span> <span class='ocrx_word' id='word_1_167' title='bbox 1160 1469 1290 1503; x_wconf 78' lang='lat' dir='ltr'>Phari-</span> 
     </span>
     <span class='ocr_line' id='line_1_27' title="bbox 304 1520 1288 1571; baseline -0.019 -1"><span class='ocrx_word' id='word_1_168' title='bbox 304 1547 399 1570; x_wconf 81' lang='lat' dir='ltr'>saeos</span> <span class='ocrx_word' id='word_1_169' title='bbox 419 1542 449 1566; x_wconf 90' lang='lat' dir='ltr'>et</span> <span class='ocrx_word' id='word_1_170' title='bbox 466 1534 680 1565; x_wconf 77' lang='lat' dir='ltr'>Sadttcaeos,</span> <span class='ocrx_word' id='word_1_171' title='bbox 709 1530 766 1571; x_wconf 82' lang='lat' dir='ltr'>qui</span> <span class='ocrx_word' id='word_1_172' title='bbox 794 1532 893 1557; x_wconf 80' lang='lat' dir='ltr'>erant</span> <span class='ocrx_word' id='word_1_173' title='bbox 921 1525 1032 1568; x_wconf 84' lang='lat' dir='ltr'>palam</span> <span class='ocrx_word' id='word_1_174' title='bbox 1061 1522 1172 1564; x_wconf 85' lang='lat' dir='ltr'>impii.</span> <span class='ocrx_word' id='word_1_175' title='bbox 1227 1520 1288 1553; x_wconf 87' lang='lat' dir='ltr'>Sa-</span> 
     </span>
     <span class='ocr_line' id='line_1_28' title="bbox 305 1571 1290 1622; baseline -0.02 -2"><span class='ocrx_word' id='word_1_176' title='bbox 305 1586 423 1619; x_wconf 89' lang='lat' dir='ltr'>dncaei</span> <span class='ocrx_word' id='word_1_177' title='bbox 444 1584 546 1616; x_wconf 89' lang='lat' dir='ltr'>etiam</span> <span class='ocrx_word' id='word_1_178' title='bbox 564 1587 659 1613; x_wconf 88' lang='lat' dir='ltr'>erant</span> <span class='ocrx_word' id='word_1_179' title='bbox 679 1576 866 1622; x_wconf 77' lang='lat' dir='ltr'>Epicurei,</span> <span class='ocrx_word' id='word_1_180' title='bbox 896 1582 924 1607; x_wconf 88' lang='lat' dir='ltr'>et</span> <span class='ocrx_word' id='word_1_181' title='bbox 946 1583 1061 1607; x_wconf 85' lang='lat' dir='ltr'>tamen</span> <span class='ocrx_word' id='word_1_182' title='bbox 1082 1571 1290 1614; x_wconf 76' lang='lat' dir='ltr'>arrogabant</span> 
     </span>
     <span class='ocr_line' id='line_1_29' title="bbox 307 1625 972 1680; baseline -0.02 -9"><span class='ocrx_word' id='word_1_183' title='bbox 307 1638 371 1671; x_wconf 84' lang='lat' dir='ltr'>sibi</span> <span class='ocrx_word' id='word_1_184' title='bbox 391 1635 573 1680; x_wconf 81' lang='lat' dir='ltr'>praecipue</span> <span class='ocrx_word' id='word_1_185' title='bbox 593 1631 733 1664; x_wconf 87' lang='lat' dir='ltr'>titulum</span> <span class='ocrx_word' id='word_1_186' title='bbox 758 1626 878 1671; x_wconf 88' lang='lat' dir='ltr'>populi</span> <span class='ocrx_word' id='word_1_187' title='bbox 895 1625 972 1659; x_wconf 89' lang='lat' dir='ltr'>Dei.</span> 
     </span>
    </p>
   </div>
   <div class='ocr_carea' id='block_1_8' title="bbox 309 1689 1303 2405">
    <p class='ocr_par' dir='ltr' id='par_1_9' title="bbox 309 1689 1303 2405">
     <span class='ocr_line' id='line_1_30' title="bbox 409 1689 1291 1742; baseline -0.017 -7"><span class='ocrx_word' id='word_1_188' title='bbox 409 1703 466 1736; x_wconf 90' lang='lat' dir='ltr'>Sic</span> <span class='ocrx_word' id='word_1_189' title='bbox 485 1708 515 1734; x_wconf 88' lang='lat' dir='ltr'>et</span> <span class='ocrx_word' id='word_1_190' title='bbox 535 1707 690 1742; x_wconf 88' lang='lat' dir='ltr'>tempore</span> <span class='ocrx_word' id='word_1_191' title='bbox 708 1692 965 1738; x_wconf 82' lang='lat' dir='ltr'>Prophetarum</span> <span class='ocrx_word' id='word_1_192' title='bbox 986 1692 1107 1734; x_wconf 76' lang='lat' dir='ltr'>exigua</span> <span class='ocrx_word' id='word_1_193' title='bbox 1129 1689 1195 1722; x_wconf 86' lang='lat' dir='ltr'>suit</span> <span class='ocrx_word' id='word_1_194' title='bbox 1212 1699 1291 1720; x_wconf 77' lang='lat' dir='ltr'>vera</span> 
     </span>
     <span class='ocr_line' id='line_1_31' title="bbox 310 1740 1293 1790; baseline -0.02 -1"><span class='ocrx_word' id='word_1_195' title='bbox 310 1754 472 1789; x_wconf 73' lang='lat' dir='ltr'>Ecclesia.</span> <span class='ocrx_word' id='word_1_196' title='bbox 525 1750 648 1783; x_wconf 83' lang='lat' dir='ltr'>Esaiae</span> <span class='ocrx_word' id='word_1_197' title='bbox 676 1747 806 1790; x_wconf 87' lang='lat' dir='ltr'>primo:</span> <span class='ocrx_word' id='word_1_198' title='bbox 845 1743 919 1777; x_wconf 68' lang='lat' dir='ltr'>Nisi</span> <span class='ocrx_word' id='word_1_199' title='bbox 939 1742 1112 1775; x_wconf 85' lang='lat' dir='ltr'>Dominus</span> <span class='ocrx_word' id='word_1_200' title='bbox 1131 1740 1293 1783; x_wconf 87' lang='lat' dir='ltr'>reliquis-</span> 
     </span>
     <span class='ocr_line' id='line_1_32' title="bbox 309 1791 1292 1842; baseline -0.019 -3"><span class='ocrx_word' id='word_1_201' title='bbox 309 1814 357 1839; x_wconf 89' lang='lat' dir='ltr'>set</span> <span class='ocrx_word' id='word_1_202' title='bbox 386 1814 522 1842; x_wconf 82' lang='lat' dir='ltr'>semen,</span> <span class='ocrx_word' id='word_1_203' title='bbox 551 1802 636 1833; x_wconf 85' lang='lat' dir='ltr'>sicut</span> <span class='ocrx_word' id='word_1_204' title='bbox 665 1798 817 1831; x_wconf 84' lang='lat' dir='ltr'>Sodoma</span> <span class='ocrx_word' id='word_1_205' title='bbox 843 1802 874 1827; x_wconf 87' lang='lat' dir='ltr'>et</span> <span class='ocrx_word' id='word_1_206' title='bbox 898 1793 1073 1827; x_wconf 79' lang='lat' dir='ltr'>Gomorra</span> <span class='ocrx_word' id='word_1_207' title='bbox 1099 1791 1178 1823; x_wconf 87' lang='lat' dir='ltr'>sacti</span> <span class='ocrx_word' id='word_1_208' title='bbox 1205 1802 1292 1821; x_wconf 88' lang='lat' dir='ltr'>esse-</span> 
     </span>
     <span class='ocr_line' id='line_1_33' title="bbox 311 1841 1294 1891; baseline -0.018 -2"><span class='ocrx_word' id='word_1_209' title='bbox 311 1867 398 1890; x_wconf 83' lang='lat' dir='ltr'>mus.</span> <span class='ocrx_word' id='word_1_210' title='bbox 453 1853 547 1886; x_wconf 84' lang='lat' dir='ltr'>Ilaec</span> <span class='ocrx_word' id='word_1_211' title='bbox 566 1852 669 1883; x_wconf 72' lang='lat' dir='ltr'>verba</span> <span class='ocrx_word' id='word_1_212' title='bbox 692 1846 894 1891; x_wconf 80' lang='lat' dir='ltr'>gravissime</span> <span class='ocrx_word' id='word_1_213' title='bbox 916 1850 1057 1876; x_wconf 85' lang='lat' dir='ltr'>monent</span> <span class='ocrx_word' id='word_1_214' title='bbox 1081 1854 1163 1881; x_wconf 88' lang='lat' dir='ltr'>nos,</span> <span class='ocrx_word' id='word_1_215' title='bbox 1190 1853 1234 1873; x_wconf 86' lang='lat' dir='ltr'>ne</span> <span class='ocrx_word' id='word_1_216' title='bbox 1253 1841 1294 1872; x_wconf 87' lang='lat' dir='ltr'>de</span> 
     </span>
     <span class='ocr_line' id='line_1_34' title="bbox 313 1891 1295 1943; baseline -0.019 -3"><span class='ocrx_word' id='word_1_217' title='bbox 313 1906 465 1940; x_wconf 78' lang='lat' dir='ltr'>Ecclesia</span> <span class='ocrx_word' id='word_1_218' title='bbox 487 1903 696 1943; x_wconf 76' lang='lat' dir='ltr'>cogitemus,</span> <span class='ocrx_word' id='word_1_219' title='bbox 713 1906 878 1941; x_wconf 77' lang='lat' dir='ltr'>tanquam</span> <span class='ocrx_word' id='word_1_220' title='bbox 899 1898 940 1927; x_wconf 86' lang='lat' dir='ltr'>de</span> <span class='ocrx_word' id='word_1_221' title='bbox 961 1895 1137 1926; x_wconf 78' lang='lat' dir='ltr'>mundana</span> <span class='ocrx_word' id='word_1_222' title='bbox 1162 1891 1295 1935; x_wconf 72' lang='lat' dir='ltr'>politia,</span> 
     </span>
     <span class='ocr_line' id='line_1_35' title="bbox 317 1945 1295 1990; baseline -0.018 0"><span class='ocrx_word' id='word_1_223' title='bbox 317 1970 359 1990; x_wconf 89' lang='lat' dir='ltr'>ne</span> <span class='ocrx_word' id='word_1_224' title='bbox 377 1968 451 1989; x_wconf 88' lang='lat' dir='ltr'>eam</span> <span class='ocrx_word' id='word_1_225' title='bbox 474 1952 692 1986; x_wconf 81' lang='lat' dir='ltr'>successione</span> <span class='ocrx_word' id='word_1_226' title='bbox 710 1948 985 1990; x_wconf 55' lang='lat' dir='ltr'>lipiscoporum,</span> <span class='ocrx_word' id='word_1_227' title='bbox 1016 1952 1072 1977; x_wconf 84' lang='lat' dir='ltr'>aut</span> <span class='ocrx_word' id='word_1_228' title='bbox 1100 1945 1230 1985; x_wconf 78' lang='lat' dir='ltr'>gradu,</span> <span class='ocrx_word' id='word_1_229' title='bbox 1265 1948 1295 1973; x_wconf 90' lang='lat' dir='ltr'>et</span> 
     </span>
     <span class='ocr_line' id='line_1_36' title="bbox 315 1997 1296 2049; baseline -0.014 -12"><span class='ocrx_word' id='word_1_230' title='bbox 315 2011 390 2041; x_wconf 77' lang='lat' dir='ltr'>loco</span> <span class='ocrx_word' id='word_1_231' title='bbox 419 2004 620 2049; x_wconf 77' lang='lat' dir='ltr'>pontificum</span> <span class='ocrx_word' id='word_1_232' title='bbox 648 2000 848 2040; x_wconf 82' lang='lat' dir='ltr'>metiamur,</span> <span class='ocrx_word' id='word_1_233' title='bbox 885 1998 943 2029; x_wconf 88' lang='lat' dir='ltr'>sed</span> <span class='ocrx_word' id='word_1_234' title='bbox 967 1997 1057 2039; x_wconf 89' lang='lat' dir='ltr'>apud</span> <span class='ocrx_word' id='word_1_235' title='bbox 1085 2005 1142 2026; x_wconf 83' lang='lat' dir='ltr'>eos</span> <span class='ocrx_word' id='word_1_236' title='bbox 1167 2000 1296 2025; x_wconf 58' lang='lat' dir='ltr'>statua-</span> 
     </span>
     <span class='ocr_line' id='line_1_37' title="bbox 316 2043 1297 2095; baseline -0.02 -3"><span class='ocrx_word' id='word_1_237' title='bbox 316 2070 393 2092; x_wconf 84' lang='lat' dir='ltr'>mus</span> <span class='ocrx_word' id='word_1_238' title='bbox 426 2054 638 2089; x_wconf 78' lang='lat' dir='ltr'>Ecclesiam,</span> <span class='ocrx_word' id='word_1_239' title='bbox 680 2050 739 2095; x_wconf 90' lang='lat' dir='ltr'>qui</span> <span class='ocrx_word' id='word_1_240' title='bbox 773 2049 924 2081; x_wconf 75' lang='lat' dir='ltr'>retinent</span> <span class='ocrx_word' id='word_1_241' title='bbox 957 2059 1070 2078; x_wconf 77' lang='lat' dir='ltr'>veram</span> <span class='ocrx_word' id='word_1_242' title='bbox 1105 2043 1297 2076; x_wconf 76' lang='lat' dir='ltr'>doctrinam</span> 
     </span>
     <span class='ocr_line' id='line_1_38' title="bbox 316 2106 1280 2149; baseline -0.021 -7"><span class='ocrx_word' id='word_1_243' title='bbox 316 2106 508 2149; x_wconf 75' lang='lat' dir='ltr'>Evangelii.</span> <span class='ocrx_word' id='word_1_244' title='bbox 1274 2143 1280 2148; x_wconf 95' lang='lat'>.</span> 
     </span>
     <span class='ocr_line' id='line_1_39' title="bbox 318 2146 1297 2192; baseline -0.018 0"><span class='ocrx_word' id='word_1_245' title='bbox 318 2162 437 2192; x_wconf 75' lang='lat' dir='ltr'>dentes</span> <span class='ocrx_word' id='word_1_246' title='bbox 453 2166 590 2189; x_wconf 78' lang='lat' dir='ltr'>necesse</span> <span class='ocrx_word' id='word_1_247' title='bbox 611 2160 671 2185; x_wconf 84' lang='lat' dir='ltr'>est.</span> <span class='ocrx_word' id='word_1_248' title='bbox 724 2149 812 2182; x_wconf 68' lang='lat' dir='ltr'>Nam</span> <span class='ocrx_word' id='word_1_249' title='bbox 838 2150 879 2180; x_wconf 89' lang='lat' dir='ltr'>ad</span> <span class='ocrx_word' id='word_1_250' title='bbox 913 2146 1006 2179; x_wconf 84' lang='lat' dir='ltr'>hunc</span> <span class='ocrx_word' id='word_1_251' title='bbox 1033 2153 1166 2178; x_wconf 85' lang='lat' dir='ltr'>coetum</span> <span class='ocrx_word' id='word_1_252' title='bbox 1195 2151 1297 2185; x_wconf 80' lang='lat' dir='ltr'>perti-</span> 
     </span>
     <span class='ocr_line' id='line_1_40' title="bbox 320 2192 1300 2252; baseline -0.02 -9"><span class='ocrx_word' id='word_1_253' title='bbox 320 2217 402 2243; x_wconf 76' lang='lat' dir='ltr'>nent</span> <span class='ocrx_word' id='word_1_254' title='bbox 430 2205 693 2252; x_wconf 68' lang='lat' dir='ltr'>promissiows.</span> <span class='ocrx_word' id='word_1_255' title='bbox 759 2200 840 2232; x_wconf 88' lang='lat' dir='ltr'>ldeo</span> <span class='ocrx_word' id='word_1_256' title='bbox 869 2198 991 2231; x_wconf 69' lang='lat' dir='ltr'>Esaias</span> <span class='ocrx_word' id='word_1_257' title='bbox 1022 2192 1175 2229; x_wconf 80' lang='lat' dir='ltr'>detrahit</span> <span class='ocrx_word' id='word_1_258' title='bbox 1202 2194 1300 2225; x_wconf 90' lang='lat' dir='ltr'>illum</span> 
     </span>
     <span class='ocr_line' id='line_1_41' title="bbox 321 2244 1303 2303; baseline -0.021 -9"><span class='ocrx_word' id='word_1_259' title='bbox 321 2267 503 2303; x_wconf 80' lang='lat' dir='ltr'>augustum</span> <span class='ocrx_word' id='word_1_260' title='bbox 521 2256 663 2289; x_wconf 86' lang='lat' dir='ltr'>titulum</span> <span class='ocrx_word' id='word_1_261' title='bbox 681 2252 751 2284; x_wconf 84' lang='lat' dir='ltr'>suis</span> <span class='ocrx_word' id='word_1_262' title='bbox 779 2249 996 2292; x_wconf 84' lang='lat' dir='ltr'>principibus</span> <span class='ocrx_word' id='word_1_263' title='bbox 1021 2254 1051 2279; x_wconf 94' lang='lat' dir='ltr'>et</span> <span class='ocrx_word' id='word_1_264' title='bbox 1071 2244 1303 2289; x_wconf 78' lang='lat' dir='ltr'>pontificibus,</span> 
     </span>
     <span class='ocr_line' id='line_1_42' title="bbox 323 2294 1303 2353; baseline -0.018 -10"><span class='ocrx_word' id='word_1_265' title='bbox 323 2319 353 2343; x_wconf 82' lang='lat' dir='ltr'>et</span> <span class='ocrx_word' id='word_1_266' title='bbox 392 2308 505 2353; x_wconf 80' lang='lat' dir='ltr'>inquit</span> <span class='ocrx_word' id='word_1_267' title='bbox 542 2306 702 2347; x_wconf 43' lang='lat' dir='ltr'>exiguum</span> <span class='ocrx_word' id='word_1_268' title='bbox 730 2312 846 2334; x_wconf 86' lang='lat' dir='ltr'>semen</span> <span class='ocrx_word' id='word_1_269' title='bbox 879 2299 1054 2343; x_wconf 83' lang='lat' dir='ltr'>reliquum</span> <span class='ocrx_word' id='word_1_270' title='bbox 1082 2308 1152 2328; x_wconf 75' lang='lat' dir='ltr'>csse</span> <span class='ocrx_word' id='word_1_271' title='bbox 1182 2295 1216 2326; x_wconf 92' lang='lat' dir='ltr'>in</span> <span class='ocrx_word' id='word_1_272' title='bbox 1243 2294 1303 2326; x_wconf 88' lang='lat' dir='ltr'>illo</span> 
     </span>
     <span class='ocr_line' id='line_1_43' title="bbox 325 2347 1127 2405; baseline -0.016 -13"><span class='ocrx_word' id='word_1_273' title='bbox 325 2363 399 2405; x_wconf 83' lang='lat' dir='ltr'>ipso</span> <span class='ocrx_word' id='word_1_274' title='bbox 418 2358 548 2402; x_wconf 87' lang='lat' dir='ltr'>populo</span> <span class='ocrx_word' id='word_1_275' title='bbox 562 2384 570 2396; x_wconf 92' lang='lat'>,</span> <span class='ocrx_word' id='word_1_276' title='bbox 599 2356 656 2400; x_wconf 91' lang='lat' dir='ltr'>qui</span> <span class='ocrx_word' id='word_1_277' title='bbox 677 2353 866 2385; x_wconf 78' lang='lat' dir='ltr'>vocabatur</span> <span class='ocrx_word' id='word_1_278' title='bbox 885 2349 1034 2394; x_wconf 88' lang='lat' dir='ltr'>populus</span> <span class='ocrx_word' id='word_1_279' title='bbox 1051 2347 1127 2381; x_wconf 80' lang='lat' dir='ltr'>Dei.</span> 
     </span>
    </p>
   </div>
   <div class='ocr_carea' id='block_1_9' title="bbox 571 2098 1298 2140">
    <p class='ocr_par' dir='ltr' id='par_1_10' title="bbox 571 2098 1298 2140">
     <span class='ocr_line' id='line_1_44' title="bbox 571 2098 1298 2140; baseline -0.019 -4"><span class='ocrx_word' id='word_1_280' title='bbox 571 2103 608 2136; x_wconf 92' lang='lat' dir='ltr'>ln</span> <span class='ocrx_word' id='word_1_281' title='bbox 635 2100 701 2134; x_wconf 82' lang='lat' dir='ltr'>ltoc</span> <span class='ocrx_word' id='word_1_282' title='bbox 729 2107 825 2131; x_wconf 83' lang='lat' dir='ltr'>coetu</span> <span class='ocrx_word' id='word_1_283' title='bbox 852 2110 923 2129; x_wconf 78' lang='lat' dir='ltr'>esse</span> <span class='ocrx_word' id='word_1_284' title='bbox 948 2098 1082 2140; x_wconf 86' lang='lat' dir='ltr'>aliquos</span> <span class='ocrx_word' id='word_1_285' title='bbox 1120 2106 1198 2126; x_wconf 81' lang='lat' dir='ltr'>vere</span> <span class='ocrx_word' id='word_1_286' title='bbox 1227 2105 1298 2124; x_wconf 82' lang='lat' dir='ltr'>cre-</span> 
     </span>
    </p>
   </div>
   <div class='ocr_carea' id='block_1_10' title="bbox 330 2411 1310 2716">
    <p class='ocr_par' dir='ltr' id='par_1_11' title="bbox 330 2411 1310 2716">
     <span class='ocr_line' id='line_1_45' title="bbox 427 2411 1307 2455; baseline -0.017 -5"><span class='ocrx_word' id='word_1_287' title='bbox 427 2416 473 2450; x_wconf 84' lang='lat' dir='ltr'>Et</span> <span class='ocrx_word' id='word_1_288' title='bbox 493 2415 657 2448; x_wconf 87' lang='lat' dir='ltr'>Ieremiae</span> <span class='ocrx_word' id='word_1_289' title='bbox 673 2419 840 2455; x_wconf 87' lang='lat' dir='ltr'>tempore,</span> <span class='ocrx_word' id='word_1_290' title='bbox 868 2421 945 2442; x_wconf 90' lang='lat' dir='ltr'>cum</span> <span class='ocrx_word' id='word_1_291' title='bbox 971 2414 1003 2440; x_wconf 86' lang='lat' dir='ltr'>et</span> <span class='ocrx_word' id='word_1_292' title='bbox 1025 2417 1119 2449; x_wconf 83' lang='lat' dir='ltr'>reges</span> <span class='ocrx_word' id='word_1_293' title='bbox 1143 2411 1175 2437; x_wconf 85' lang='lat' dir='ltr'>et</span> <span class='ocrx_word' id='word_1_294' title='bbox 1197 2414 1307 2437; x_wconf 87' lang='lat' dir='ltr'>sacer-</span> 
     </span>
     <span class='ocr_line' id='line_1_46' title="bbox 330 2457 1308 2504; baseline -0.018 -1"><span class='ocrx_word' id='word_1_295' title='bbox 330 2472 428 2504; x_wconf 80' lang='lat' dir='ltr'>dotes</span> <span class='ocrx_word' id='word_1_296' title='bbox 462 2468 758 2501; x_wconf 69' lang='lat' dir='ltr'>adversarentur,</span> <span class='ocrx_word' id='word_1_297' title='bbox 801 2473 871 2493; x_wconf 89' lang='lat' dir='ltr'>non</span> <span class='ocrx_word' id='word_1_298' title='bbox 908 2465 978 2491; x_wconf 83' lang='lat' dir='ltr'>erat</span> <span class='ocrx_word' id='word_1_299' title='bbox 1010 2457 1162 2490; x_wconf 82' lang='lat' dir='ltr'>Ecclesia</span> <span class='ocrx_word' id='word_1_300' title='bbox 1192 2462 1308 2487; x_wconf 86' lang='lat' dir='ltr'>coetus</span> 
     </span>
     <span class='ocr_line' id='line_1_47' title="bbox 333 2506 1309 2555; baseline -0.019 -1"><span class='ocrx_word' id='word_1_301' title='bbox 333 2519 568 2555; x_wconf 88' lang='lat' dir='ltr'>sacerdotnm,</span> <span class='ocrx_word' id='word_1_302' title='bbox 603 2516 660 2547; x_wconf 81' lang='lat' dir='ltr'>sed</span> <span class='ocrx_word' id='word_1_303' title='bbox 686 2513 760 2551; x_wconf 88' lang='lat' dir='ltr'>illi,</span> <span class='ocrx_word' id='word_1_304' title='bbox 789 2512 847 2555; x_wconf 87' lang='lat' dir='ltr'>qui</span> <span class='ocrx_word' id='word_1_305' title='bbox 872 2510 1058 2542; x_wconf 76' lang='lat' dir='ltr'>credebant</span> <span class='ocrx_word' id='word_1_306' title='bbox 1083 2506 1309 2539; x_wconf 64' lang='lat' dir='ltr'>concionibus</span> 
     </span>
     <span class='ocr_line' id='line_1_48' title="bbox 333 2555 1309 2604; baseline -0.015 -3"><span class='ocrx_word' id='word_1_307' title='bbox 333 2569 509 2604; x_wconf 57' lang='lat' dir='ltr'>Larentiae.</span> <span class='ocrx_word' id='word_1_308' title='bbox 563 2567 672 2598; x_wconf 73' lang='lat' dir='ltr'>Amos</span> <span class='ocrx_word' id='word_1_309' title='bbox 689 2564 744 2595; x_wconf 80' lang='lat'>3.:</span> <span class='ocrx_word' id='word_1_310' title='bbox 773 2562 829 2593; x_wconf 71' lang='lat' dir='ltr'>Sic</span> <span class='ocrx_word' id='word_1_311' title='bbox 848 2560 1055 2593; x_wconf 78' lang='lat' dir='ltr'>liberabitur</span> <span class='ocrx_word' id='word_1_312' title='bbox 1075 2558 1198 2596; x_wconf 66' lang='lat' dir='ltr'>lsrael,</span> <span class='ocrx_word' id='word_1_313' title='bbox 1225 2564 1261 2588; x_wconf 89' lang='lat' dir='ltr'>ut</span> <span class='ocrx_word' id='word_1_314' title='bbox 1284 2555 1309 2586; x_wconf 89' lang='lat' dir='ltr'>si</span> 
     </span>
     <span class='ocr_line' id='line_1_49' title="bbox 333 2606 1310 2665; baseline -0.013 -15"><span class='ocrx_word' id='word_1_315' title='bbox 333 2629 449 2665; x_wconf 61' lang='lat' dir='ltr'>pastor</span> <span class='ocrx_word' id='word_1_316' title='bbox 468 2619 536 2650; x_wconf 86' lang='lat' dir='ltr'>duo</span> <span class='ocrx_word' id='word_1_317' title='bbox 555 2627 653 2647; x_wconf 85' lang='lat' dir='ltr'>crura</span> <span class='ocrx_word' id='word_1_318' title='bbox 674 2613 765 2645; x_wconf 77' lang='lat' dir='ltr'>leoni</span> <span class='ocrx_word' id='word_1_319' title='bbox 786 2624 823 2643; x_wconf 85' lang='lat' dir='ltr'>ex</span> <span class='ocrx_word' id='word_1_320' title='bbox 840 2612 998 2643; x_wconf 81' lang='lat' dir='ltr'>faucibus</span> <span class='ocrx_word' id='word_1_321' title='bbox 1014 2610 1149 2652; x_wconf 85' lang='lat' dir='ltr'>eripiat.</span> <span class='ocrx_word' id='word_1_322' title='bbox 1203 2606 1310 2639; x_wconf 93' lang='lat' dir='ltr'>Deni-</span> 
     </span>
     <span class='ocr_line' id='line_1_50' title="bbox 333 2657 1310 2716; baseline -0.017 -12"><span class='ocrx_word' id='word_1_323' title='bbox 333 2683 398 2716; x_wconf 89' lang='lat' dir='ltr'>que</span> <span class='ocrx_word' id='word_1_324' title='bbox 421 2669 484 2702; x_wconf 85' lang='lat' dir='ltr'>suit</span> <span class='ocrx_word' id='word_1_325' title='bbox 512 2667 632 2709; x_wconf 86' lang='lat' dir='ltr'>exigua</span> <span class='ocrx_word' id='word_1_326' title='bbox 649 2662 801 2697; x_wconf 79' lang='lat' dir='ltr'>Ecclesia</span> <span class='ocrx_word' id='word_1_327' title='bbox 829 2673 909 2705; x_wconf 86' lang='lat' dir='ltr'>prae</span> <span class='ocrx_word' id='word_1_328' title='bbox 933 2660 1161 2693; x_wconf 77' lang='lat' dir='ltr'>multitudine</span> <span class='ocrx_word' id='word_1_329' title='bbox 1186 2657 1310 2701; x_wconf 87' lang='lat' dir='ltr'>impio-</span> 
     </span>
    </p>
   </div>
   <div class='ocr_carea' id='block_1_11' title="bbox 1270 88 1689 130">
    <p class='ocr_par' dir='ltr' id='par_1_12' title="bbox 1270 88 1689 130">
     <span class='ocr_line' id='line_1_51' title="bbox 1270 88 1689 130; baseline -0.005 0"><span class='ocrx_word' id='word_1_330' title='bbox 1270 92 1365 130; x_wconf 70' lang='lat' dir='ltr'>PTA</span> <span class='ocrx_word' id='word_1_331' title='bbox 1389 88 1689 128; x_wconf 80' lang='lat' dir='ltr'><strong>EXEGETICA.</strong></span> 
     </span>
    </p>
   </div>
   <div class='ocr_carea' id='block_1_12' title="bbox 293 684 1529 759">
    <p class='ocr_par' dir='ltr' id='par_1_13' title="bbox 293 684 1529 759">
     <span class='ocr_line' id='line_1_52' title="bbox 293 684 1529 759; baseline -0.019 -14"><span class='ocrx_word' id='word_1_332' title='bbox 293 725 360 759; x_wconf 80' lang='lat' dir='ltr'>que</span> <span class='ocrx_word' id='word_1_333' title='bbox 382 710 530 743; x_wconf 73' lang='lat' dir='ltr'>extincta</span> <span class='ocrx_word' id='word_1_334' title='bbox 563 713 646 738; x_wconf 84' lang='lat' dir='ltr'>esset</span> <span class='ocrx_word' id='word_1_335' title='bbox 675 716 753 736; x_wconf 71' lang='lat' dir='ltr'>vera</span> <span class='ocrx_word' id='word_1_336' title='bbox 786 702 964 737; x_wconf 81' lang='lat' dir='ltr'>doctrina,</span> <span class='ocrx_word' id='word_1_337' title='bbox 1009 699 1105 731; x_wconf 88' lang='lat' dir='ltr'>Deus</span> <span class='ocrx_word' id='word_1_338' title='bbox 1130 702 1271 729; x_wconf 76' lang='lat' dir='ltr'>renovat</span> <span class='ocrx_word' id='word_1_339' title='bbox 1298 693 1300 715; x_wconf 66' lang='lat'>³</span> <span class='ocrx_word' id='word_1_340' title='bbox 1328 691 1373 716; x_wconf 57' lang='lat'>¹2²¹</span> <span class='ocrx_word' id='word_1_341' title='bbox 1393 684 1529 716; x_wconf 57' lang='lat' dir='ltr'>aecum·</span> 
     </span>
    </p>
   </div>
   <div class='ocr_carea' id='block_1_13' title="bbox 1300 785 1305 866">
    <p class='ocr_par' dir='ltr' id='par_1_14' title="bbox 1300 785 1305 866">
     <span class='ocr_line' id='line_1_53' title="bbox 1300 785 1305 866; baseline 0 2076"><span class='ocrx_word' id='word_1_342' title='bbox 1300 785 1305 866; x_wconf 95' lang='lat' dir='ltr'> </span> 
     </span>
    </p>
   </div>
   <div class='ocr_carea' id='block_1_14' title="bbox 1312 1162 1342 2679">
    <p class='ocr_par' dir='ltr' id='par_1_15' title="bbox 1312 1162 1342 2679">
     <span class='ocr_line' id='line_1_54' title="bbox 1312 1162 1342 2679; baseline 0 0"><span class='ocrx_word' id='word_1_343' title='bbox 1312 1162 1342 2679; x_wconf 95' lang='lat' dir='ltr'> </span> 
     </span>
    </p>
   </div>
   <div class='ocr_carea' id='block_1_15' title="bbox 2215 92 2288 129">
    <p class='ocr_par' dir='ltr' id='par_1_16' title="bbox 2215 92 2288 129">
     <span class='ocr_line' id='line_1_55' title="bbox 2215 92 2288 129; baseline 0.027 -2"><span class='ocrx_word' id='word_1_344' title='bbox 2215 92 2288 129; x_wconf 72' lang='lat'>750</span> 
     </span>
    </p>
   </div>
   <div class='ocr_carea' id='block_1_16' title="bbox 1314 177 2329 1835">
    <p class='ocr_par' dir='ltr' id='par_1_17' title="bbox 1314 177 2296 274">
     <span class='ocr_line' id='line_1_56' title="bbox 1314 177 2296 224; baseline 0.002 -13"><span class='ocrx_word' id='word_1_345' title='bbox 1314 190 1412 218; x_wconf 86' lang='lat' dir='ltr'>rum,</span> <span class='ocrx_word' id='word_1_346' title='bbox 1438 188 1518 210; x_wconf 87' lang='lat' dir='ltr'>cnm</span> <span class='ocrx_word' id='word_1_347' title='bbox 1536 187 1657 209; x_wconf 81' lang='lat' dir='ltr'>omnes</span> <span class='ocrx_word' id='word_1_348' title='bbox 1681 183 1820 223; x_wconf 82' lang='lat' dir='ltr'>gentes,</span> <span class='ocrx_word' id='word_1_349' title='bbox 1851 184 1988 221; x_wconf 83' lang='lat' dir='ltr'>praeter</span> <span class='ocrx_word' id='word_1_350' title='bbox 2009 178 2177 224; x_wconf 84' lang='lat' dir='ltr'>populum</span> <span class='ocrx_word' id='word_1_351' title='bbox 2195 177 2296 217; x_wconf 81' lang='lat' dir='ltr'>Iuda,</span> 
     </span>
     <span class='ocr_line' id='line_1_57' title="bbox 1317 227 1967 274; baseline -0.002 -12"><span class='ocrx_word' id='word_1_352' title='bbox 1317 239 1458 274; x_wconf 88' lang='lat' dir='ltr'>prorsus</span> <span class='ocrx_word' id='word_1_353' title='bbox 1484 227 1680 261; x_wconf 85' lang='lat' dir='ltr'>amisissent</span> <span class='ocrx_word' id='word_1_354' title='bbox 1706 229 1870 260; x_wconf 77' lang='lat' dir='ltr'>noticiam</span> <span class='ocrx_word' id='word_1_355' title='bbox 1892 228 1967 262; x_wconf 78' lang='lat' dir='ltr'>Dei.</span> 
     </span>
    </p>

    <p class='ocr_par' dir='ltr' id='par_1_18' title="bbox 1318 278 2312 1031">
     <span class='ocr_line' id='line_1_58' title="bbox 1418 278 2296 327; baseline 0.001 -15"><span class='ocrx_word' id='word_1_356' title='bbox 1418 279 1591 312; x_wconf 82' lang='lat' dir='ltr'>Praedicit</span> <span class='ocrx_word' id='word_1_357' title='bbox 1610 286 1642 312; x_wconf 87' lang='lat' dir='ltr'>et</span> <span class='ocrx_word' id='word_1_358' title='bbox 1659 279 1830 321; x_wconf 83' lang='lat' dir='ltr'>scriptura</span> <span class='ocrx_word' id='word_1_359' title='bbox 1856 279 1989 312; x_wconf 80' lang='lat' dir='ltr'>futuras</span> <span class='ocrx_word' id='word_1_360' title='bbox 2010 287 2086 327; x_wconf 86' lang='lat' dir='ltr'>post</span> <span class='ocrx_word' id='word_1_361' title='bbox 2106 278 2296 323; x_wconf 80' lang='lat' dir='ltr'>Apostolos</span> 
     </span>
     <span class='ocr_line' id='line_1_59' title="bbox 1318 327 2297 374; baseline 0 -11"><span class='ocrx_word' id='word_1_362' title='bbox 1318 330 1493 363; x_wconf 81' lang='lat' dir='ltr'>Ecclesiae</span> <span class='ocrx_word' id='word_1_363' title='bbox 1520 329 1654 368; x_wconf 86' lang='lat' dir='ltr'>clades,</span> <span class='ocrx_word' id='word_1_364' title='bbox 1697 327 1826 362; x_wconf 81' lang='lat' dir='ltr'>Mattlt.</span> <span class='ocrx_word' id='word_1_365' title='bbox 1845 329 1920 363; x_wconf 59' lang='lat'>24:</span> <span class='ocrx_word' id='word_1_366' title='bbox 1958 329 2062 364; x_wconf 88' lang='lat' dir='ltr'>Multi</span> <span class='ocrx_word' id='word_1_367' title='bbox 2082 332 2297 374; x_wconf 86' lang='lat' dir='ltr'>pseudopro·—</span> 
     </span>
     <span class='ocr_line' id='line_1_60' title="bbox 1320 378 2297 426; baseline 0.001 -14"><span class='ocrx_word' id='word_1_368' title='bbox 1320 378 1443 426; x_wconf 74' lang='lat' dir='ltr'>pbetae</span> <span class='ocrx_word' id='word_1_369' title='bbox 1460 387 1622 422; x_wconf 83' lang='lat' dir='ltr'>surgent,</span> <span class='ocrx_word' id='word_1_370' title='bbox 1645 385 1676 411; x_wconf 84' lang='lat' dir='ltr'>et</span> <span class='ocrx_word' id='word_1_371' title='bbox 1695 380 1867 422; x_wconf 79' lang='lat' dir='ltr'>decipient</span> <span class='ocrx_word' id='word_1_372' title='bbox 1888 380 2026 413; x_wconf 89' lang='lat' dir='ltr'>multos.</span> <span class='ocrx_word' id='word_1_373' title='bbox 2081 380 2180 413; x_wconf 87' lang='lat' dir='ltr'>ltem:</span> <span class='ocrx_word' id='word_1_374' title='bbox 2208 381 2297 415; x_wconf 86' lang='lat' dir='ltr'>Cum</span> 
     </span>
     <span class='ocr_line' id='line_1_61' title="bbox 1320 431 2297 464; baseline 0.001 -1"><span class='ocrx_word' id='word_1_375' title='bbox 1320 431 1485 464; x_wconf 76' lang='lat' dir='ltr'>videbitis</span> <span class='ocrx_word' id='word_1_376' title='bbox 1509 431 1806 463; x_wconf 73' lang='lat' dir='ltr'>abominationem</span> <span class='ocrx_word' id='word_1_377' title='bbox 1841 431 2067 463; x_wconf 66' lang='lat' dir='ltr'>desolationis</span> <span class='ocrx_word' id='word_1_378' title='bbox 2091 437 2236 464; x_wconf 88' lang='lat' dir='ltr'>stantem</span> <span class='ocrx_word' id='word_1_379' title='bbox 2260 432 2297 464; x_wconf 86' lang='lat' dir='ltr'>in</span> 
     </span>
     <span class='ocr_line' id='line_1_62' title="bbox 1322 479 2300 524; baseline 0.001 -10"><span class='ocrx_word' id='word_1_380' title='bbox 1322 483 1399 514; x_wconf 85' lang='lat' dir='ltr'>loco</span> <span class='ocrx_word' id='word_1_381' title='bbox 1426 488 1556 514; x_wconf 81' lang='lat' dir='ltr'>sancto.</span> <span class='ocrx_word' id='word_1_382' title='bbox 1608 479 1676 513; x_wconf 76' lang='lat' dir='ltr'>llic</span> <span class='ocrx_word' id='word_1_383' title='bbox 1698 480 1864 523; x_wconf 83' lang='lat' dir='ltr'>significat</span> <span class='ocrx_word' id='word_1_384' title='bbox 1892 481 1927 512; x_wconf 87' lang='lat' dir='ltr'>in</span> <span class='ocrx_word' id='word_1_385' title='bbox 1945 480 2116 520; x_wconf 83' lang='lat' dir='ltr'>Ecclesia,</span> <span class='ocrx_word' id='word_1_386' title='bbox 2143 492 2232 524; x_wconf 90' lang='lat' dir='ltr'>quae</span> <span class='ocrx_word' id='word_1_387' title='bbox 2251 481 2300 515; x_wconf 85' lang='lat' dir='ltr'>sic</span> 
     </span>
     <span class='ocr_line' id='line_1_63' title="bbox 1323 530 2302 576; baseline 0 -12"><span class='ocrx_word' id='word_1_388' title='bbox 1323 532 1470 572; x_wconf 87' lang='lat' dir='ltr'>dicitur,</span> <span class='ocrx_word' id='word_1_389' title='bbox 1497 532 1666 564; x_wconf 85' lang='lat' dir='ltr'>orituram</span> <span class='ocrx_word' id='word_1_390' title='bbox 1688 543 1759 564; x_wconf 88' lang='lat' dir='ltr'>esse</span> <span class='ocrx_word' id='word_1_391' title='bbox 1785 530 2037 572; x_wconf 64' lang='lat' dir='ltr'>idololatriam,</span> <span class='ocrx_word' id='word_1_392' title='bbox 2064 543 2129 576; x_wconf 91' lang='lat' dir='ltr'>qua</span> <span class='ocrx_word' id='word_1_393' title='bbox 2148 532 2302 564; x_wconf 87' lang='lat' dir='ltr'>obruen-</span> 
     </span>
     <span class='ocr_line' id='line_1_64' title="bbox 1325 580 2303 620; baseline -0.002 -4"><span class='ocrx_word' id='word_1_394' title='bbox 1325 590 1382 616; x_wconf 92' lang='lat' dir='ltr'>tur</span> <span class='ocrx_word' id='word_1_395' title='bbox 1400 593 1480 614; x_wconf 80' lang='lat' dir='ltr'>vera</span> <span class='ocrx_word' id='word_1_396' title='bbox 1504 582 1664 615; x_wconf 86' lang='lat' dir='ltr'>doctrina</span> <span class='ocrx_word' id='word_1_397' title='bbox 1691 590 1723 615; x_wconf 89' lang='lat' dir='ltr'>et</span> <span class='ocrx_word' id='word_1_398' title='bbox 1742 582 1812 614; x_wconf 78' lang='lat' dir='ltr'>veri</span> <span class='ocrx_word' id='word_1_399' title='bbox 1839 581 1970 620; x_wconf 91' lang='lat' dir='ltr'>cultus,</span> <span class='ocrx_word' id='word_1_400' title='bbox 1997 589 2029 615; x_wconf 86' lang='lat' dir='ltr'>et</span> <span class='ocrx_word' id='word_1_401' title='bbox 2054 583 2111 615; x_wconf 81' lang='lat' dir='ltr'>fiet</span> <span class='ocrx_word' id='word_1_402' title='bbox 2127 580 2303 615; x_wconf 76' lang='lat' dir='ltr'>Ecclesiae</span> 
     </span>
     <span class='ocr_line' id='line_1_65' title="bbox 1328 632 2305 677; baseline 0 -13"><span class='ocrx_word' id='word_1_403' title='bbox 1328 633 1486 670; x_wconf 66' lang='lat' dir='ltr'>vastitas,</span> <span class='ocrx_word' id='word_1_404' title='bbox 1529 632 1564 664; x_wconf 91' lang='lat' dir='ltr'>id</span> <span class='ocrx_word' id='word_1_405' title='bbox 1589 640 1657 671; x_wconf 86' lang='lat' dir='ltr'>est,</span> <span class='ocrx_word' id='word_1_406' title='bbox 1698 633 1850 666; x_wconf 85' lang='lat' dir='ltr'>solitudo</span> <span class='ocrx_word' id='word_1_407' title='bbox 1882 643 1939 664; x_wconf 80' lang='lat' dir='ltr'>seu</span> <span class='ocrx_word' id='word_1_408' title='bbox 1971 633 2152 666; x_wconf 83' lang='lat' dir='ltr'>extinctio:</span> <span class='ocrx_word' id='word_1_409' title='bbox 2200 640 2305 677; x_wconf 84' lang='lat' dir='ltr'>atque</span> 
     </span>
     <span class='ocr_line' id='line_1_66' title="bbox 1582 681 2306 727; baseline 0 -12"><span class='ocrx_word' id='word_1_410' title='bbox 1582 681 1772 727; x_wconf 87' lang='lat' dir='ltr'>Postquam</span> <span class='ocrx_word' id='word_1_411' title='bbox 1788 684 1917 715; x_wconf 85' lang='lat' dir='ltr'>abusus</span> <span class='ocrx_word' id='word_1_412' title='bbox 1936 681 2123 716; x_wconf 83' lang='lat' dir='ltr'>Missarum</span> <span class='ocrx_word' id='word_1_413' title='bbox 2144 689 2176 716; x_wconf 88' lang='lat' dir='ltr'>et</span> <span class='ocrx_word' id='word_1_414' title='bbox 2193 683 2306 716; x_wconf 81' lang='lat' dir='ltr'>cultus</span> 
     </span>
     <span class='ocr_line' id='line_1_67' title="bbox 1329 733 2307 773; baseline -0.002 -6"><span class='ocrx_word' id='word_1_415' title='bbox 1329 734 1559 767; x_wconf 82' lang='lat' dir='ltr'>traditionum</span> <span class='ocrx_word' id='word_1_416' title='bbox 1585 734 1652 767; x_wconf 92' lang='lat' dir='ltr'>orti</span> <span class='ocrx_word' id='word_1_417' title='bbox 1677 740 1778 773; x_wconf 87' lang='lat' dir='ltr'>sunt,</span> <span class='ocrx_word' id='word_1_418' title='bbox 1817 740 1954 766; x_wconf 84' lang='lat' dir='ltr'>secutae</span> <span class='ocrx_word' id='word_1_419' title='bbox 1977 740 2058 766; x_wconf 89' lang='lat' dir='ltr'>sunt</span> <span class='ocrx_word' id='word_1_420' title='bbox 2077 733 2242 767; x_wconf 83' lang='lat' dir='ltr'>tenebrae</span> <span class='ocrx_word' id='word_1_421' title='bbox 2263 733 2307 765; x_wconf 90' lang='lat' dir='ltr'>de</span> 
     </span>
     <span class='ocr_line' id='line_1_68' title="bbox 1330 783 2308 824; baseline 0 -9"><span class='ocrx_word' id='word_1_422' title='bbox 1330 785 1420 816; x_wconf 85' lang='lat' dir='ltr'>veris</span> <span class='ocrx_word' id='word_1_423' title='bbox 1439 784 1609 822; x_wconf 76' lang='lat' dir='ltr'>cultibus,</span> <span class='ocrx_word' id='word_1_424' title='bbox 1637 785 1679 816; x_wconf 91' lang='lat' dir='ltr'>de</span> <span class='ocrx_word' id='word_1_425' title='bbox 1699 785 1782 822; x_wconf 84' lang='lat' dir='ltr'>fide,</span> <span class='ocrx_word' id='word_1_426' title='bbox 1811 786 1853 816; x_wconf 89' lang='lat' dir='ltr'>de</span> <span class='ocrx_word' id='word_1_427' title='bbox 1870 784 2090 817; x_wconf 88' lang='lat' dir='ltr'>invocatione</span> <span class='ocrx_word' id='word_1_428' title='bbox 2106 785 2142 816; x_wconf 91' lang='lat' dir='ltr'>in</span> <span class='ocrx_word' id='word_1_429' title='bbox 2161 784 2238 824; x_wconf 81' lang='lat' dir='ltr'>fide,</span> <span class='ocrx_word' id='word_1_430' title='bbox 2265 783 2308 815; x_wconf 91' lang='lat' dir='ltr'>de</span> 
     </span>
     <span class='ocr_line' id='line_1_69' title="bbox 1331 833 2309 877; baseline -0.001 -10"><span class='ocrx_word' id='word_1_431' title='bbox 1331 835 1454 867; x_wconf 75' lang='lat' dir='ltr'>officiis</span> <span class='ocrx_word' id='word_1_432' title='bbox 1480 835 1683 867; x_wconf 72' lang='lat' dir='ltr'>vocationis.</span> <span class='ocrx_word' id='word_1_433' title='bbox 1749 834 1841 877; x_wconf 77' lang='lat' dir='ltr'>Quia</span> <span class='ocrx_word' id='word_1_434' title='bbox 1874 835 2085 868; x_wconf 87' lang='lat' dir='ltr'>conscientia</span> <span class='ocrx_word' id='word_1_435' title='bbox 2109 836 2248 868; x_wconf 84' lang='lat' dir='ltr'>intuens</span> <span class='ocrx_word' id='word_1_436' title='bbox 2272 833 2309 866; x_wconf 81' lang='lat' dir='ltr'>in</span> 
     </span>
     <span class='ocr_line' id='line_1_70' title="bbox 1333 885 2310 929; baseline 0 -12"><span class='ocrx_word' id='word_1_437' title='bbox 1333 885 1474 929; x_wconf 82' lang='lat' dir='ltr'>propria</span> <span class='ocrx_word' id='word_1_438' title='bbox 1495 885 1636 923; x_wconf 85' lang='lat' dir='ltr'>merita,</span> <span class='ocrx_word' id='word_1_439' title='bbox 1666 897 1736 917; x_wconf 88' lang='lat' dir='ltr'>non</span> <span class='ocrx_word' id='word_1_440' title='bbox 1761 892 1872 928; x_wconf 91' lang='lat' dir='ltr'>potest</span> <span class='ocrx_word' id='word_1_441' title='bbox 1888 885 2128 918; x_wconf 80' lang='lat' dir='ltr'>remissionem</span> <span class='ocrx_word' id='word_1_442' title='bbox 2153 891 2310 928; x_wconf 88' lang='lat' dir='ltr'>peccato-</span> 
     </span>
     <span class='ocr_line' id='line_1_71' title="bbox 1334 935 2312 977; baseline -0.001 -9"><span class='ocrx_word' id='word_1_443' title='bbox 1334 948 1409 968; x_wconf 87' lang='lat' dir='ltr'>rum</span> <span class='ocrx_word' id='word_1_444' title='bbox 1429 935 1641 976; x_wconf 78' lang='lat' dir='ltr'>intelligere,</span> <span class='ocrx_word' id='word_1_445' title='bbox 1669 948 1731 968; x_wconf 90' lang='lat' dir='ltr'>nec</span> <span class='ocrx_word' id='word_1_446' title='bbox 1754 947 1869 967; x_wconf 82' lang='lat' dir='ltr'>veram</span> <span class='ocrx_word' id='word_1_447' title='bbox 1894 935 2172 977; x_wconf 80' lang='lat' dir='ltr'>invocationem,</span> <span class='ocrx_word' id='word_1_448' title='bbox 2199 942 2232 969; x_wconf 88' lang='lat' dir='ltr'>et</span> <span class='ocrx_word' id='word_1_449' title='bbox 2254 946 2312 967; x_wconf 88' lang='lat' dir='ltr'>ex-</span> 
     </span>
     <span class='ocr_line' id='line_1_72' title="bbox 1333 985 1911 1031; baseline -0.002 -12"><span class='ocrx_word' id='word_1_450' title='bbox 1333 987 1562 1031; x_wconf 84' lang='lat' dir='ltr'>pectationem</span> <span class='ocrx_word' id='word_1_451' title='bbox 1579 986 1700 1018; x_wconf 78' lang='lat' dir='ltr'>auxilii</span> <span class='ocrx_word' id='word_1_452' title='bbox 1718 985 1832 1018; x_wconf 88' lang='lat' dir='ltr'>divini</span> <span class='ocrx_word' id='word_1_453' title='bbox 1848 992 1911 1021; x_wconf 86' lang='lat' dir='ltr'>etc.</span> 
     </span>
    </p>

    <p class='ocr_par' dir='ltr' id='par_1_19' title="bbox 1337 1035 2324 1633">
     <span class='ocr_line' id='line_1_73' title="bbox 1440 1035 2312 1079; baseline -0.001 -11"><span class='ocrx_word' id='word_1_454' title='bbox 1440 1036 1548 1075; x_wconf 84' lang='lat' dir='ltr'>ttem,</span> <span class='ocrx_word' id='word_1_455' title='bbox 1575 1036 1700 1068; x_wconf 85' lang='lat' dir='ltr'>facient</span> <span class='ocrx_word' id='word_1_456' title='bbox 1726 1036 1821 1078; x_wconf 83' lang='lat' dir='ltr'>signa</span> <span class='ocrx_word' id='word_1_457' title='bbox 1847 1043 1878 1068; x_wconf 93' lang='lat' dir='ltr'>et</span> <span class='ocrx_word' id='word_1_458' title='bbox 1905 1036 2081 1079; x_wconf 84' lang='lat' dir='ltr'>prodigia,</span> <span class='ocrx_word' id='word_1_459' title='bbox 2106 1043 2164 1075; x_wconf 87' lang='lat' dir='ltr'>nt,</span> <span class='ocrx_word' id='word_1_460' title='bbox 2190 1036 2217 1069; x_wconf 91' lang='lat' dir='ltr'>si</span> <span class='ocrx_word' id='word_1_461' title='bbox 2238 1035 2312 1069; x_wconf 84' lang='lat' dir='ltr'>fieri</span> 
     </span>
     <span class='ocr_line' id='line_1_74' title="bbox 1337 1086 2314 1131; baseline -0.001 -12"><span class='ocrx_word' id='word_1_462' title='bbox 1337 1093 1470 1131; x_wconf 86' lang='lat' dir='ltr'>posset,</span> <span class='ocrx_word' id='word_1_463' title='bbox 1504 1087 1716 1119; x_wconf 85' lang='lat' dir='ltr'>seducantur</span> <span class='ocrx_word' id='word_1_464' title='bbox 1747 1087 1839 1118; x_wconf 89' lang='lat' dir='ltr'>enim</span> <span class='ocrx_word' id='word_1_465' title='bbox 1873 1086 1982 1121; x_wconf 89' lang='lat' dir='ltr'>electi.</span> <span class='ocrx_word' id='word_1_466' title='bbox 2055 1089 2089 1121; x_wconf 74' lang='lat'>2.</span> <span class='ocrx_word' id='word_1_467' title='bbox 2115 1086 2240 1121; x_wconf 78' lang='lat' dir='ltr'>Thess.</span> <span class='ocrx_word' id='word_1_468' title='bbox 2265 1088 2314 1121; x_wconf 64' lang='lat'>2:</span> 
     </span>
     <span class='ocr_line' id='line_1_75' title="bbox 1339 1135 2316 1181; baseline 0 -13"><span class='ocrx_word' id='word_1_469' title='bbox 1339 1137 1463 1169; x_wconf 59' lang='lat' dir='ltr'>Yenict</span> <span class='ocrx_word' id='word_1_470' title='bbox 1488 1138 1634 1169; x_wconf 86' lang='lat' dir='ltr'>defectio</span> <span class='ocrx_word' id='word_1_471' title='bbox 1656 1143 1717 1172; x_wconf 88' lang='lat' dir='ltr'>etc.</span> <span class='ocrx_word' id='word_1_472' title='bbox 1788 1136 1874 1170; x_wconf 90' lang='lat' dir='ltr'>Luc.</span> <span class='ocrx_word' id='word_1_473' title='bbox 1896 1137 1972 1170; x_wconf 83' lang='lat'>18.:</span> <span class='ocrx_word' id='word_1_474' title='bbox 2009 1135 2116 1171; x_wconf 84' lang='lat' dir='ltr'>Putas</span> <span class='ocrx_word' id='word_1_475' title='bbox 2139 1138 2232 1181; x_wconf 85' lang='lat' dir='ltr'>quod</span> <span class='ocrx_word' id='word_1_476' title='bbox 2257 1148 2316 1169; x_wconf 87' lang='lat' dir='ltr'>ve-</span> 
     </span>
     <span class='ocr_line' id='line_1_76' title="bbox 1339 1185 2316 1223; baseline -0.001 -3"><span class='ocrx_word' id='word_1_477' title='bbox 1339 1190 1438 1220; x_wconf 86' lang='lat' dir='ltr'>niens</span> <span class='ocrx_word' id='word_1_478' title='bbox 1454 1188 1547 1220; x_wconf 84' lang='lat' dir='ltr'>filius</span> <span class='ocrx_word' id='word_1_479' title='bbox 1568 1185 1724 1220; x_wconf 87' lang='lat' dir='ltr'>hominis</span> <span class='ocrx_word' id='word_1_480' title='bbox 1746 1187 1902 1220; x_wconf 84' lang='lat' dir='ltr'>inveniet</span> <span class='ocrx_word' id='word_1_481' title='bbox 1924 1187 2040 1223; x_wconf 88' lang='lat' dir='ltr'>fidem.</span> <span class='ocrx_word' id='word_1_482' title='bbox 2094 1188 2222 1222; x_wconf 72' lang='lat' dir='ltr'>Psatm.</span> <span class='ocrx_word' id='word_1_483' title='bbox 2238 1186 2316 1220; x_wconf 86' lang='lat'>88.:</span> 
     </span>
     <span class='ocr_line' id='line_1_77' title="bbox 1339 1236 2318 1282; baseline -0.001 -11"><span class='ocrx_word' id='word_1_484' title='bbox 1339 1238 1508 1282; x_wconf 65' lang='lat' dir='ltr'>&#39;Numquid</span> <span class='ocrx_word' id='word_1_485' title='bbox 1540 1250 1629 1270; x_wconf 87' lang='lat' dir='ltr'>vane</span> <span class='ocrx_word' id='word_1_486' title='bbox 1667 1238 1878 1271; x_wconf 89' lang='lat' dir='ltr'>constituisti</span> <span class='ocrx_word' id='word_1_487' title='bbox 1915 1249 2035 1271; x_wconf 90' lang='lat' dir='ltr'>omnes</span> <span class='ocrx_word' id='word_1_488' title='bbox 2071 1239 2161 1270; x_wconf 87' lang='lat' dir='ltr'>filios</span> <span class='ocrx_word' id='word_1_489' title='bbox 2203 1236 2318 1270; x_wconf 87' lang='lat' dir='ltr'>bomi—</span> 
     </span>
     <span class='ocr_line' id='line_1_78' title="bbox 1342 1287 2319 1333; baseline 0 -12"><span class='ocrx_word' id='word_1_490' title='bbox 1342 1290 1448 1321; x_wconf 65' lang='lat' dir='ltr'>num‘r&#39;</span> <span class='ocrx_word' id='word_1_491' title='bbox 1475 1295 1537 1323; x_wconf 86' lang='lat' dir='ltr'>etc.</span> <span class='ocrx_word' id='word_1_492' title='bbox 1590 1287 1653 1322; x_wconf 83' lang='lat' dir='ltr'>Est</span> <span class='ocrx_word' id='word_1_493' title='bbox 1680 1289 1772 1320; x_wconf 90' lang='lat' dir='ltr'>enim</span> <span class='ocrx_word' id='word_1_494' title='bbox 1799 1289 1939 1333; x_wconf 87' lang='lat' dir='ltr'>querela</span> <span class='ocrx_word' id='word_1_495' title='bbox 1961 1289 2004 1321; x_wconf 88' lang='lat' dir='ltr'>de</span> <span class='ocrx_word' id='word_1_496' title='bbox 2029 1297 2174 1322; x_wconf 87' lang='lat' dir='ltr'>ventura</span> <span class='ocrx_word' id='word_1_497' title='bbox 2199 1288 2319 1321; x_wconf 83' lang='lat' dir='ltr'>Eccle-</span> 
     </span>
     <span class='ocr_line' id='line_1_79' title="bbox 1341 1337 2318 1379; baseline -0.001 -8"><span class='ocrx_word' id='word_1_498' title='bbox 1341 1341 1409 1371; x_wconf 84' lang='lat' dir='ltr'>siae</span> <span class='ocrx_word' id='word_1_499' title='bbox 1427 1339 1538 1372; x_wconf 79' lang='lat' dir='ltr'>ruina.</span> <span class='ocrx_word' id='word_1_500' title='bbox 1594 1338 1689 1371; x_wconf 86' lang='lat' dir='ltr'>Haec</span> <span class='ocrx_word' id='word_1_501' title='bbox 1706 1339 1796 1371; x_wconf 85' lang='lat' dir='ltr'>dicta</span> <span class='ocrx_word' id='word_1_502' title='bbox 1822 1346 2010 1379; x_wconf 87' lang='lat' dir='ltr'>testantur,</span> <span class='ocrx_word' id='word_1_503' title='bbox 2044 1340 2178 1373; x_wconf 86' lang='lat' dir='ltr'>etiamsi</span> <span class='ocrx_word' id='word_1_504' title='bbox 2198 1337 2318 1371; x_wconf 89' lang='lat' dir='ltr'>Eccle-</span> 
     </span>
     <span class='ocr_line' id='line_1_80' title="bbox 1340 1389 2317 1432; baseline -0.003 -10"><span class='ocrx_word' id='word_1_505' title='bbox 1340 1390 1424 1422; x_wconf 87' lang='lat' dir='ltr'>siam</span> <span class='ocrx_word' id='word_1_506' title='bbox 1457 1389 1657 1421; x_wconf 83' lang='lat' dir='ltr'>conservari</span> <span class='ocrx_word' id='word_1_507' title='bbox 1688 1401 1824 1421; x_wconf 86' lang='lat' dir='ltr'>necesse</span> <span class='ocrx_word' id='word_1_508' title='bbox 1852 1397 1918 1427; x_wconf 87' lang='lat' dir='ltr'>est,</span> <span class='ocrx_word' id='word_1_509' title='bbox 1950 1396 2085 1429; x_wconf 84' lang='lat' dir='ltr'>tamen,</span> <span class='ocrx_word' id='word_1_510' title='bbox 2115 1389 2317 1432; x_wconf 83' lang='lat' dir='ltr'>praesertim</span> 
     </span>
     <span class='ocr_line' id='line_1_81' title="bbox 1343 1440 2320 1484; baseline -0.003 -12"><span class='ocrx_word' id='word_1_511' title='bbox 1343 1447 1517 1484; x_wconf 78' lang='lat' dir='ltr'>postremo</span> <span class='ocrx_word' id='word_1_512' title='bbox 1538 1446 1709 1482; x_wconf 87' lang='lat' dir='ltr'>tempore,</span> <span class='ocrx_word' id='word_1_513' title='bbox 1737 1441 1926 1472; x_wconf 87' lang='lat' dir='ltr'>admodum</span> <span class='ocrx_word' id='word_1_514' title='bbox 1953 1440 2109 1481; x_wconf 73' lang='lat' dir='ltr'>exiguam</span> <span class='ocrx_word' id='word_1_515' title='bbox 2137 1447 2166 1471; x_wconf 84' lang='lat' dir='ltr'>et</span> <span class='ocrx_word' id='word_1_516' title='bbox 2194 1450 2320 1480; x_wconf 79' lang='lat' dir='ltr'>panco—</span> 
     </span>
     <span class='ocr_line' id='line_1_82' title="bbox 1343 1486 2320 1534; baseline -0.002 -11"><span class='ocrx_word' id='word_1_517' title='bbox 1343 1503 1418 1523; x_wconf 85' lang='lat' dir='ltr'>rum</span> <span class='ocrx_word' id='word_1_518' title='bbox 1438 1498 1573 1522; x_wconf 83' lang='lat' dir='ltr'>coetum</span> <span class='ocrx_word' id='word_1_519' title='bbox 1593 1502 1682 1529; x_wconf 87' lang='lat' dir='ltr'>esse,</span> <span class='ocrx_word' id='word_1_520' title='bbox 1711 1490 1770 1534; x_wconf 90' lang='lat' dir='ltr'>qui</span> <span class='ocrx_word' id='word_1_521' title='bbox 1788 1497 1865 1522; x_wconf 88' lang='lat' dir='ltr'>sunt</span> <span class='ocrx_word' id='word_1_522' title='bbox 1883 1491 1989 1532; x_wconf 89' lang='lat' dir='ltr'>spreti</span> <span class='ocrx_word' id='word_1_523' title='bbox 2009 1498 2039 1523; x_wconf 80' lang='lat' dir='ltr'>et</span> <span class='ocrx_word' id='word_1_524' title='bbox 2058 1489 2181 1522; x_wconf 83' lang='lat' dir='ltr'>abiecti</span> <span class='ocrx_word' id='word_1_525' title='bbox 2204 1490 2238 1520; x_wconf 91' lang='lat' dir='ltr'>in</span> <span class='ocrx_word' id='word_1_526' title='bbox 2257 1486 2320 1521; x_wconf 81' lang='lat' dir='ltr'>bac</span> 
     </span>
     <span class='ocr_line' id='line_1_83' title="bbox 1344 1540 2324 1584; baseline 0 -13"><span class='ocrx_word' id='word_1_527' title='bbox 1344 1541 1433 1580; x_wconf 66' lang='lat' dir='ltr'>vita,</span> <span class='ocrx_word' id='word_1_528' title='bbox 1467 1541 1556 1573; x_wconf 87' lang='lat' dir='ltr'>sicut</span> <span class='ocrx_word' id='word_1_529' title='bbox 1582 1541 1697 1584; x_wconf 84' lang='lat' dir='ltr'>inquit</span> <span class='ocrx_word' id='word_1_530' title='bbox 1722 1540 1868 1573; x_wconf 87' lang='lat' dir='ltr'>Paulus:</span> <span class='ocrx_word' id='word_1_531' title='bbox 1903 1541 1982 1573; x_wconf 65' lang='lat' dir='ltr'>Non</span> <span class='ocrx_word' id='word_1_532' title='bbox 2008 1540 2108 1573; x_wconf 89' lang='lat' dir='ltr'>multi</span> <span class='ocrx_word' id='word_1_533' title='bbox 2140 1540 2324 1582; x_wconf 85' lang='lat' dir='ltr'>sapientes,</span> 
     </span>
     <span class='ocr_line' id='line_1_84' title="bbox 1346 1591 1796 1633; baseline -0.002 -11"><span class='ocrx_word' id='word_1_534' title='bbox 1346 1602 1415 1622; x_wconf 89' lang='lat' dir='ltr'>non</span> <span class='ocrx_word' id='word_1_535' title='bbox 1436 1591 1536 1622; x_wconf 85' lang='lat' dir='ltr'>multi</span> <span class='ocrx_word' id='word_1_536' title='bbox 1558 1597 1716 1633; x_wconf 87' lang='lat' dir='ltr'>potentes</span> <span class='ocrx_word' id='word_1_537' title='bbox 1734 1597 1796 1622; x_wconf 88' lang='lat' dir='ltr'>etc.</span> 
     </span>
    </p>

    <p class='ocr_par' dir='ltr' id='par_1_20' title="bbox 1345 1638 2329 1835">
     <span class='ocr_line' id='line_1_85' title="bbox 1451 1638 2327 1683; baseline -0.001 -11"><span class='ocrx_word' id='word_1_538' title='bbox 1451 1638 1545 1672; x_wconf 69' lang='lat' dir='ltr'>Haec</span> <span class='ocrx_word' id='word_1_539' title='bbox 1564 1641 1763 1672; x_wconf 88' lang='lat' dir='ltr'>testimonia</span> <span class='ocrx_word' id='word_1_540' title='bbox 1788 1651 1827 1672; x_wconf 87' lang='lat' dir='ltr'>eo</span> <span class='ocrx_word' id='word_1_541' title='bbox 1852 1640 1974 1679; x_wconf 83' lang='lat' dir='ltr'>citavi,</span> <span class='ocrx_word' id='word_1_542' title='bbox 2000 1647 2038 1673; x_wconf 86' lang='lat' dir='ltr'>nt</span> <span class='ocrx_word' id='word_1_543' title='bbox 2063 1640 2214 1683; x_wconf 78' lang='lat' dir='ltr'>primum</span> <span class='ocrx_word' id='word_1_544' title='bbox 2233 1639 2327 1682; x_wconf 78' lang='lat' dir='ltr'>cogi-</span> 
     </span>
     <span class='ocr_line' id='line_1_86' title="bbox 1345 1689 2327 1735; baseline -0.003 -11"><span class='ocrx_word' id='word_1_545' title='bbox 1345 1698 1456 1729; x_wconf 85' lang='lat' dir='ltr'>tetur,</span> <span class='ocrx_word' id='word_1_546' title='bbox 1482 1691 1566 1735; x_wconf 83' lang='lat' dir='ltr'>quid</span> <span class='ocrx_word' id='word_1_547' title='bbox 1593 1692 1635 1723; x_wconf 83' lang='lat' dir='ltr'>sit</span> <span class='ocrx_word' id='word_1_548' title='bbox 1661 1689 1838 1731; x_wconf 80' lang='lat' dir='ltr'>Ecclesia,</span> <span class='ocrx_word' id='word_1_549' title='bbox 1872 1698 1904 1723; x_wconf 91' lang='lat' dir='ltr'>et</span> <span class='ocrx_word' id='word_1_550' title='bbox 1929 1692 2124 1724; x_wconf 86' lang='lat' dir='ltr'>abducatur</span> <span class='ocrx_word' id='word_1_551' title='bbox 2147 1690 2284 1723; x_wconf 86' lang='lat' dir='ltr'>animus</span> <span class='ocrx_word' id='word_1_552' title='bbox 2308 1701 2327 1722; x_wconf 83' lang='lat' dir='ltr'>a</span> 
     </span>
     <span class='ocr_line' id='line_1_87' title="bbox 1346 1740 2326 1786; baseline -0.001 -13"><span class='ocrx_word' id='word_1_553' title='bbox 1346 1742 1544 1776; x_wconf 78' lang='lat' dir='ltr'>‹arnaliluts</span> <span class='ocrx_word' id='word_1_554' title='bbox 1567 1741 1796 1785; x_wconf 86' lang='lat' dir='ltr'>opinionibus</span> <span class='ocrx_word' id='word_1_555' title='bbox 1811 1769 1820 1782; x_wconf 93' lang='lat'>,</span> <span class='ocrx_word' id='word_1_556' title='bbox 1859 1754 1946 1786; x_wconf 89' lang='lat' dir='ltr'>qnae</span> <span class='ocrx_word' id='word_1_557' title='bbox 1974 1743 2111 1784; x_wconf 82' lang='lat' dir='ltr'>fingunt</span> <span class='ocrx_word' id='word_1_558' title='bbox 2133 1740 2326 1774; x_wconf 85' lang='lat' dir='ltr'>Ecclesiam</span> 
     </span>
     <span class='ocr_line' id='line_1_88' title="bbox 1348 1792 2329 1835; baseline -0.003 -9"><span class='ocrx_word' id='word_1_559' title='bbox 1348 1805 1420 1826; x_wconf 74' lang='lat' dir='ltr'>esse</span> <span class='ocrx_word' id='word_1_560' title='bbox 1439 1793 1595 1834; x_wconf 77' lang='lat' dir='ltr'>politiam</span> <span class='ocrx_word' id='word_1_561' title='bbox 1623 1792 1845 1835; x_wconf 80' lang='lat' dir='ltr'>pontificum,</span> <span class='ocrx_word' id='word_1_562' title='bbox 1874 1800 1905 1825; x_wconf 91' lang='lat' dir='ltr'>et</span> <span class='ocrx_word' id='word_1_563' title='bbox 1933 1793 2076 1834; x_wconf 77' lang='lat' dir='ltr'>alligant</span> <span class='ocrx_word' id='word_1_564' title='bbox 2103 1804 2177 1825; x_wconf 88' lang='lat' dir='ltr'>eam</span> <span class='ocrx_word' id='word_1_565' title='bbox 2203 1793 2246 1824; x_wconf 87' lang='lat' dir='ltr'>ad</span> <span class='ocrx_word' id='word_1_566' title='bbox 2271 1803 2329 1824; x_wconf 91' lang='lat' dir='ltr'>or—</span> 
     </span>
    </p>
   </div>
   <div class='ocr_carea' id='block_1_17' title="bbox 1321 1841 2329 1886">
    <p class='ocr_par' dir='ltr' id='par_1_21' title="bbox 1321 1841 2329 1886">
     <span class='ocr_line' id='line_1_89' title="bbox 1321 1841 2329 1886; baseline -0.003 -10"><span class='ocrx_word' id='word_1_567' title='bbox 1321 1876 1323 1881; x_wconf 70' lang='lat'>,</span> <span class='ocrx_word' id='word_1_568' title='bbox 1348 1843 1524 1877; x_wconf 82' lang='lat' dir='ltr'>dinarium</span> <span class='ocrx_word' id='word_1_569' title='bbox 1552 1844 1803 1875; x_wconf 78' lang='lat' dir='ltr'>successionem</span> <span class='ocrx_word' id='word_1_570' title='bbox 1831 1843 2106 1886; x_wconf 83' lang='lat' dir='ltr'>Episcoporum‚</span> <span class='ocrx_word' id='word_1_571' title='bbox 2145 1843 2233 1875; x_wconf 88' lang='lat' dir='ltr'>sicut</span> <span class='ocrx_word' id='word_1_572' title='bbox 2260 1841 2329 1873; x_wconf 90' lang='lat' dir='ltr'>im-</span> 
     </span>
    </p>
   </div>
   <div class='ocr_carea' id='block_1_18' title="bbox 1350 1891 2342 2642">
    <p class='ocr_par' dir='ltr' id='par_1_22' title="bbox 1350 1891 2342 2642">
     <span class='ocr_line' id='line_1_90' title="bbox 1350 1891 2330 1939; baseline -0.003 -13"><span class='ocrx_word' id='word_1_573' title='bbox 1350 1894 1442 1939; x_wconf 68' lang='lat' dir='ltr'>pet-ia</span> <span class='ocrx_word' id='word_1_574' title='bbox 1471 1894 1663 1926; x_wconf 81' lang='lat' dir='ltr'>consistunt</span> <span class='ocrx_word' id='word_1_575' title='bbox 1692 1894 1725 1925; x_wconf 90' lang='lat' dir='ltr'>in</span> <span class='ocrx_word' id='word_1_576' title='bbox 1751 1894 1928 1925; x_wconf 88' lang='lat' dir='ltr'>ordinaria</span> <span class='ocrx_word' id='word_1_577' title='bbox 1955 1893 2170 1925; x_wconf 85' lang='lat' dir='ltr'>successione</span> <span class='ocrx_word' id='word_1_578' title='bbox 2198 1891 2330 1935; x_wconf 89' lang='lat' dir='ltr'>princi-</span> 
     </span>
     <span class='ocr_line' id='line_1_91' title="bbox 1351 1941 2329 1989; baseline -0.003 -13"><span class='ocrx_word' id='word_1_579' title='bbox 1351 1958 1452 1989; x_wconf 86' lang='lat' dir='ltr'>pum,</span> <span class='ocrx_word' id='word_1_580' title='bbox 1476 1946 1531 1976; x_wconf 85' lang='lat' dir='ltr'>sed</span> <span class='ocrx_word' id='word_1_581' title='bbox 1552 1943 1703 1976; x_wconf 82' lang='lat' dir='ltr'>Ecclesia</span> <span class='ocrx_word' id='word_1_582' title='bbox 1722 1944 1822 1976; x_wconf 89' lang='lat' dir='ltr'>aliter</span> <span class='ocrx_word' id='word_1_583' title='bbox 1838 1955 1872 1975; x_wconf 88' lang='lat' dir='ltr'>se</span> <span class='ocrx_word' id='word_1_584' title='bbox 1898 1941 2018 1976; x_wconf 85' lang='lat' dir='ltr'>habet:</span> <span class='ocrx_word' id='word_1_585' title='bbox 2054 1949 2103 1975; x_wconf 90' lang='lat' dir='ltr'>est</span> <span class='ocrx_word' id='word_1_586' title='bbox 2131 1943 2225 1975; x_wconf 88' lang='lat' dir='ltr'>enim</span> <span class='ocrx_word' id='word_1_587' title='bbox 2250 1953 2329 1974; x_wconf 89' lang='lat' dir='ltr'>coe-</span> 
     </span>
     <span class='ocr_line' id='line_1_92' title="bbox 1351 1992 2328 2035; baseline -0.004 -7"><span class='ocrx_word' id='word_1_588' title='bbox 1351 2005 1405 2029; x_wconf 81' lang='lat' dir='ltr'>tus</span> <span class='ocrx_word' id='word_1_589' title='bbox 1423 2007 1493 2026; x_wconf 91' lang='lat' dir='ltr'>non</span> <span class='ocrx_word' id='word_1_590' title='bbox 1511 1996 1671 2035; x_wconf 73' lang='lat' dir='ltr'>alligatus</span> <span class='ocrx_word' id='word_1_591' title='bbox 1687 1995 1727 2026; x_wconf 84' lang='lat' dir='ltr'>ad</span> <span class='ocrx_word' id='word_1_592' title='bbox 1748 1994 1962 2026; x_wconf 81' lang='lat' dir='ltr'>ordinariam</span> <span class='ocrx_word' id='word_1_593' title='bbox 1982 1994 2248 2032; x_wconf 86' lang='lat' dir='ltr'>successionem,</span> <span class='ocrx_word' id='word_1_594' title='bbox 2270 1992 2328 2025; x_wconf 87' lang='lat' dir='ltr'>sed</span> 
     </span>
     <span class='ocr_line' id='line_1_93' title="bbox 1352 2042 2332 2081; baseline -0.004 -3"><span class='ocrx_word' id='word_1_595' title='bbox 1352 2048 1391 2078; x_wconf 88' lang='lat' dir='ltr'>ad</span> <span class='ocrx_word' id='word_1_596' title='bbox 1427 2046 1569 2077; x_wconf 69' lang='lat' dir='ltr'>vet-bum</span> <span class='ocrx_word' id='word_1_597' title='bbox 1604 2045 1679 2077; x_wconf 77' lang='lat' dir='ltr'>Dei.</span> <span class='ocrx_word' id='word_1_598' title='bbox 1749 2044 1800 2076; x_wconf 85' lang='lat' dir='ltr'>Ibi</span> <span class='ocrx_word' id='word_1_599' title='bbox 1834 2045 2029 2076; x_wconf 85' lang='lat' dir='ltr'>renascitur</span> <span class='ocrx_word' id='word_1_600' title='bbox 2060 2042 2235 2081; x_wconf 76' lang='lat' dir='ltr'>Ecclesia,</span> <span class='ocrx_word' id='word_1_601' title='bbox 2271 2042 2332 2075; x_wconf 90' lang='lat' dir='ltr'>ubi</span> 
     </span>
     <span class='ocr_line' id='line_1_94' title="bbox 1354 2094 2333 2137; baseline -0.003 -9"><span class='ocrx_word' id='word_1_602' title='bbox 1354 2097 1447 2129; x_wconf 83' lang='lat' dir='ltr'>Deos</span> <span class='ocrx_word' id='word_1_603' title='bbox 1475 2096 1623 2128; x_wconf 85' lang='lat' dir='ltr'>restitnit</span> <span class='ocrx_word' id='word_1_604' title='bbox 1658 2095 1874 2133; x_wconf 81' lang='lat' dir='ltr'>doctrinam,</span> <span class='ocrx_word' id='word_1_605' title='bbox 1908 2101 1940 2127; x_wconf 89' lang='lat' dir='ltr'>et</span> <span class='ocrx_word' id='word_1_606' title='bbox 1969 2096 2027 2126; x_wconf 89' lang='lat' dir='ltr'>dat</span> <span class='ocrx_word' id='word_1_607' title='bbox 2058 2094 2229 2137; x_wconf 76' lang='lat' dir='ltr'>Spiritum</span> <span class='ocrx_word' id='word_1_608' title='bbox 2253 2104 2333 2126; x_wconf 82' lang='lat' dir='ltr'>san-</span> 
     </span>
     <span class='ocr_line' id='line_1_95' title="bbox 1354 2143 2333 2186; baseline -0.003 -7"><span class='ocrx_word' id='word_1_609' title='bbox 1354 2156 1458 2180; x_wconf 83' lang='lat' dir='ltr'>ctum.</span> <span class='ocrx_word' id='word_1_610' title='bbox 1511 2146 1555 2178; x_wconf 79' lang='lat' dir='ltr'>Et</span> <span class='ocrx_word' id='word_1_611' title='bbox 1579 2144 1643 2178; x_wconf 84' lang='lat' dir='ltr'>hoc</span> <span class='ocrx_word' id='word_1_612' title='bbox 1670 2147 1773 2177; x_wconf 88' lang='lat' dir='ltr'>modo</span> <span class='ocrx_word' id='word_1_613' title='bbox 1800 2145 1872 2186; x_wconf 79' lang='lat' dir='ltr'>regi</span> <span class='ocrx_word' id='word_1_614' title='bbox 1891 2152 1920 2177; x_wconf 88' lang='lat' dir='ltr'>et</span> <span class='ocrx_word' id='word_1_615' title='bbox 1938 2145 2134 2177; x_wconf 87' lang='lat' dir='ltr'>conservari</span> <span class='ocrx_word' id='word_1_616' title='bbox 2150 2143 2333 2182; x_wconf 73' lang='lat' dir='ltr'>Eoelesias,</span> 
     </span>
     <span class='ocr_line' id='line_1_96' title="bbox 1357 2192 2333 2237; baseline -0.003 -8"><span class='ocrx_word' id='word_1_617' title='bbox 1357 2210 1425 2229; x_wconf 91' lang='lat' dir='ltr'>non</span> <span class='ocrx_word' id='word_1_618' title='bbox 1439 2197 1615 2229; x_wconf 67' lang='lat' dir='ltr'>ordinaria</span> <span class='ocrx_word' id='word_1_619' title='bbox 1626 2196 1841 2228; x_wconf 84' lang='lat' dir='ltr'>successione</span> <span class='ocrx_word' id='word_1_620' title='bbox 1855 2203 2000 2228; x_wconf 79' lang='lat' dir='ltr'>testatur</span> <span class='ocrx_word' id='word_1_621' title='bbox 2012 2194 2141 2228; x_wconf 86' lang='lat' dir='ltr'>Paulus</span> <span class='ocrx_word' id='word_1_622' title='bbox 2152 2192 2277 2237; x_wconf 86' lang='lat' dir='ltr'>Ephes.</span> <span class='ocrx_word' id='word_1_623' title='bbox 2287 2192 2333 2229; x_wconf 82' lang='lat'>4.:</span> 
     </span>
     <span class='ocr_line' id='line_1_97' title="bbox 1357 2242 2334 2288; baseline -0.002 -7"><span class='ocrx_word' id='word_1_624' title='bbox 1357 2248 1460 2281; x_wconf 85' lang='lat' dir='ltr'>Dedit</span> <span class='ocrx_word' id='word_1_625' title='bbox 1477 2251 1567 2279; x_wconf 89' lang='lat' dir='ltr'>dona</span> <span class='ocrx_word' id='word_1_626' title='bbox 1588 2245 1808 2284; x_wconf 82' lang='lat' dir='ltr'>bominibus,</span> <span class='ocrx_word' id='word_1_627' title='bbox 1835 2245 2034 2288; x_wconf 83' lang='lat' dir='ltr'>Apostolos,</span> <span class='ocrx_word' id='word_1_628' title='bbox 2061 2242 2255 2288; x_wconf 86' lang='lat' dir='ltr'>Prophetas</span> <span class='ocrx_word' id='word_1_629' title='bbox 2270 2251 2334 2279; x_wconf 82' lang='lat' dir='ltr'>etc.</span> 
     </span>
     <span class='ocr_line' id='line_1_98' title="bbox 1358 2295 2335 2340; baseline -0.005 -8"><span class='ocrx_word' id='word_1_630' title='bbox 1358 2299 1465 2332; x_wconf 86' lang='lat' dir='ltr'>Docet</span> <span class='ocrx_word' id='word_1_631' title='bbox 1487 2299 1580 2331; x_wconf 89' lang='lat' dir='ltr'>enim</span> <span class='ocrx_word' id='word_1_632' title='bbox 1606 2310 1679 2330; x_wconf 82' lang='lat' dir='ltr'>eam</span> <span class='ocrx_word' id='word_1_633' title='bbox 1707 2309 1779 2329; x_wconf 88' lang='lat' dir='ltr'>esse</span> <span class='ocrx_word' id='word_1_634' title='bbox 1801 2298 1940 2340; x_wconf 88' lang='lat' dir='ltr'>proprie</span> <span class='ocrx_word' id='word_1_635' title='bbox 1961 2295 2170 2335; x_wconf 81' lang='lat' dir='ltr'>Ecclesiam,</span> <span class='ocrx_word' id='word_1_636' title='bbox 2204 2295 2240 2328; x_wconf 84' lang='lat' dir='ltr'>in</span> <span class='ocrx_word' id='word_1_637' title='bbox 2267 2306 2335 2340; x_wconf 90' lang='lat' dir='ltr'>qua</span> 
     </span>
     <span class='ocr_line' id='line_1_99' title="bbox 1358 2347 2249 2385; baseline -0.006 -2"><span class='ocrx_word' id='word_1_638' title='bbox 1358 2348 1518 2383; x_wconf 71' lang='lat' dir='ltr'>Christus</span> <span class='ocrx_word' id='word_1_639' title='bbox 1539 2356 1587 2381; x_wconf 89' lang='lat' dir='ltr'>est</span> <span class='ocrx_word' id='word_1_640' title='bbox 1605 2349 1740 2385; x_wconf 76' lang='lat' dir='ltr'>efficax,</span> <span class='ocrx_word' id='word_1_641' title='bbox 1769 2354 1798 2379; x_wconf 92' lang='lat' dir='ltr'>et</span> <span class='ocrx_word' id='word_1_642' title='bbox 1815 2348 1869 2379; x_wconf 87' lang='lat' dir='ltr'>cni</span> <span class='ocrx_word' id='word_1_643' title='bbox 1888 2348 1945 2379; x_wconf 86' lang='lat' dir='ltr'>dat</span> <span class='ocrx_word' id='word_1_644' title='bbox 1962 2358 2060 2378; x_wconf 76' lang='lat' dir='ltr'>veros</span> <span class='ocrx_word' id='word_1_645' title='bbox 2079 2347 2249 2379; x_wconf 81' lang='lat' dir='ltr'>doctores.</span> 
     </span>
     <span class='ocr_line' id='line_1_100' title="bbox 1460 2397 2338 2434; baseline -0.006 -1"><span class='ocrx_word' id='word_1_646' title='bbox 1460 2401 1543 2434; x_wconf 83' lang='lat' dir='ltr'>ldeo</span> <span class='ocrx_word' id='word_1_647' title='bbox 1560 2412 1638 2432; x_wconf 86' lang='lat' dir='ltr'>cum</span> <span class='ocrx_word' id='word_1_648' title='bbox 1658 2398 1825 2431; x_wconf 80' lang='lat' dir='ltr'>obiicitur</span> <span class='ocrx_word' id='word_1_649' title='bbox 1841 2398 1942 2429; x_wconf 89' lang='lat' dir='ltr'>nobis</span> <span class='ocrx_word' id='word_1_650' title='bbox 1961 2409 2087 2429; x_wconf 85' lang='lat' dir='ltr'>nomen</span> <span class='ocrx_word' id='word_1_651' title='bbox 2115 2404 2146 2429; x_wconf 84' lang='lat' dir='ltr'>et</span> <span class='ocrx_word' id='word_1_652' title='bbox 2171 2397 2338 2430; x_wconf 77' lang='lat' dir='ltr'>autoritas</span> 
     </span>
     <span class='ocr_line' id='line_1_101' title="bbox 1360 2447 2338 2493; baseline -0.006 -7"><span class='ocrx_word' id='word_1_653' title='bbox 1360 2451 1552 2488; x_wconf 85' lang='lat' dir='ltr'>Ecclesiae,</span> <span class='ocrx_word' id='word_1_654' title='bbox 1580 2451 1730 2493; x_wconf 88' lang='lat' dir='ltr'>primum</span> <span class='ocrx_word' id='word_1_655' title='bbox 1749 2449 2024 2487; x_wconf 75' lang='lat' dir='ltr'>consideremus,</span> <span class='ocrx_word' id='word_1_656' title='bbox 2057 2459 2099 2479; x_wconf 86' lang='lat' dir='ltr'>an</span> <span class='ocrx_word' id='word_1_657' title='bbox 2124 2448 2182 2480; x_wconf 81' lang='lat' dir='ltr'>fiat</span> <span class='ocrx_word' id='word_1_658' title='bbox 2208 2447 2338 2480; x_wconf 88' lang='lat' dir='ltr'>mentio</span> 
     </span>
     <span class='ocr_line' id='line_1_102' title="bbox 1362 2499 2339 2544; baseline -0.004 -9"><span class='ocrx_word' id='word_1_659' title='bbox 1362 2514 1464 2538; x_wconf 86' lang='lat' dir='ltr'>verae</span> <span class='ocrx_word' id='word_1_660' title='bbox 1496 2501 1688 2540; x_wconf 78' lang='lat' dir='ltr'>Ecclesiae,</span> <span class='ocrx_word' id='word_1_661' title='bbox 1733 2511 1774 2531; x_wconf 84' lang='lat' dir='ltr'>an</span> <span class='ocrx_word' id='word_1_662' title='bbox 1802 2511 1882 2530; x_wconf 83' lang='lat' dir='ltr'>vero</span> <span class='ocrx_word' id='word_1_663' title='bbox 1909 2506 2026 2530; x_wconf 85' lang='lat' dir='ltr'>coetus</span> <span class='ocrx_word' id='word_1_664' title='bbox 2050 2499 2275 2544; x_wconf 78' lang='lat' dir='ltr'>pontificum,</span> <span class='ocrx_word' id='word_1_665' title='bbox 2306 2505 2339 2531; x_wconf 85' lang='lat' dir='ltr'>et</span> 
     </span>
     <span class='ocr_line' id='line_1_103' title="bbox 1362 2549 2340 2591; baseline -0.007 -5"><span class='ocrx_word' id='word_1_666' title='bbox 1362 2552 1588 2588; x_wconf 85' lang='lat' dir='ltr'>successionis</span> <span class='ocrx_word' id='word_1_667' title='bbox 1614 2551 1727 2589; x_wconf 88' lang='lat' dir='ltr'>illius,</span> <span class='ocrx_word' id='word_1_668' title='bbox 1762 2556 1791 2581; x_wconf 90' lang='lat' dir='ltr'>et</span> <span class='ocrx_word' id='word_1_669' title='bbox 1819 2549 1976 2591; x_wconf 85' lang='lat' dir='ltr'>politiae,</span> <span class='ocrx_word' id='word_1_670' title='bbox 2008 2561 2071 2580; x_wconf 85' lang='lat' dir='ltr'>nec</span> <span class='ocrx_word' id='word_1_671' title='bbox 2094 2560 2160 2580; x_wconf 89' lang='lat' dir='ltr'>nos</span> <span class='ocrx_word' id='word_1_672' title='bbox 2186 2549 2340 2580; x_wconf 87' lang='lat' dir='ltr'>sinamus</span> 
     </span>
     <span class='ocr_line' id='line_1_104' title="bbox 1364 2599 2342 2642; baseline -0.008 -7"><span class='ocrx_word' id='word_1_673' title='bbox 1364 2619 1380 2638; x_wconf 79' lang='lat' dir='ltr'>a</span> <span class='ocrx_word' id='word_1_674' title='bbox 1419 2605 1525 2637; x_wconf 83' lang='lat' dir='ltr'>verbo</span> <span class='ocrx_word' id='word_1_675' title='bbox 1553 2601 1618 2635; x_wconf 78' lang='lat' dir='ltr'>Dei</span> <span class='ocrx_word' id='word_1_676' title='bbox 1652 2601 1818 2634; x_wconf 86' lang='lat' dir='ltr'>deterreri</span> <span class='ocrx_word' id='word_1_677' title='bbox 1851 2599 1937 2632; x_wconf 84' lang='lat' dir='ltr'>falso</span> <span class='ocrx_word' id='word_1_678' title='bbox 1970 2606 2148 2642; x_wconf 75' lang='lat' dir='ltr'>praetextu</span> <span class='ocrx_word' id='word_1_679' title='bbox 2188 2599 2342 2632; x_wconf 84' lang='lat' dir='ltr'>nominis</span> 
     </span>
    </p>
   </div>
   <div class='ocr_carea' id='block_1_19' title="bbox 1339 2655 1550 2698">
    <p class='ocr_par' dir='ltr' id='par_1_23' title="bbox 1339 2655 1550 2698">
     <span class='ocr_line' id='line_1_105' title="bbox 1339 2655 1550 2698; baseline -0.009 -8"><span class='ocrx_word' id='word_1_680' title='bbox 1339 2693 1341 2698; x_wconf 37' lang='lat'><strong>⁴</strong></span> <span class='ocrx_word' id='word_1_681' title='bbox 1366 2655 1550 2689; x_wconf 80' lang='lat' dir='ltr'>Ecclesiae.</span> 
     </span>
    </p>
   </div>
   <div class='ocr_carea' id='block_1_20' title="bbox 2401 1519 2415 2183">
    <p class='ocr_par' dir='ltr' id='par_1_24' title="bbox 2401 1519 2415 2183">
     <span class='ocr_line' id='line_1_106' title="bbox 2401 1519 2415 2183; baseline 0 0"><span class='ocrx_word' id='word_1_682' title='bbox 2401 1519 2415 2183; x_wconf 95' lang='lat' dir='ltr'> </span> 
     </span>
    </p>
   </div>
  </div>
 </body>
</html>
