2415 2942
74 96 170 133 1085
254 96 352 132 xm,

79 184 258 223 adultere,
286 182 445 226 nupserit
461 182 634 219 secundo,
662 181 722 214 ubi
740 182 782 213 de
800 180 918 224 priore
937 179 1062 213 marito

74 235 175 268 dicit:
203 233 319 266 Tanta
338 233 434 276 prior
457 233 604 266 maritus
627 232 710 264 vitia
739 229 928 271 habuerat,
957 240 993 263 ut
1018 243 1062 263 ne

72 291 224 318 scortum
252 284 395 329 quidem
426 290 460 318 et
489 283 558 317 vile
589 282 804 326 mancipium
827 294 865 315 ea
890 282 1062 316 sustinere

72 342 250 379 potuisset.

173 400 250 435 Etsi
285 401 395 444 igitur
430 400 682 445 superstitione
717 400 869 445 quadam
905 407 1060 433 recentes

71 450 236 486 Canones
262 453 421 485 duriores
456 463 554 492 sunt,
589 459 705 485 tamen
730 449 905 484 Ecclesiae
939 463 1058 484 emen-

71 504 171 537 datae
198 511 288 536 recte
312 504 509 536 concedunt
535 502 738 544 coniugium
763 513 932 544 personae.
951 502 1058 534 inuo-

72 555 174 587 centi.
228 553 382 587 Persona
400 565 529 586 nocens
547 553 654 586 iudici
676 553 817 596 politico
834 553 1059 598 relinquitur,

71 605 131 650 qui
148 617 223 638 eam
242 605 387 649 punire,
413 611 472 638 aut
490 604 613 638 tollere
627 604 788 638 debebat.

170 671 313 706 Dictum
331 679 382 706 est
398 673 440 705 de
454 672 594 705 duobus
608 670 756 709 casibus,
773 683 923 716 quorum
941 683 1056 704 exem-

70 723 126 766 pla
145 736 222 756 cum
241 723 312 757 sint
328 723 468 764 crebra,
495 723 639 767 prodest
654 722 763 763 scire,
790 722 875 767 quid
896 722 1057 755 iudican-

71 775 154 807 dum
179 774 235 810 sit.

173 839 273 873 Nunc
290 838 446 873 dicamus
463 840 504 872 de
522 840 737 885 quaestione,
766 852 871 884 quam
892 845 923 872 et
944 838 1054 872 Paulo

69 891 282 934 propositam
303 901 374 923 esse
393 889 449 923 hic
467 891 644 932 videmus,
672 899 704 925 et
722 898 839 935 postea
856 891 1055 934 saepissime

69 941 231 984 agitatam
265 953 336 974 esse
372 942 407 973 in
439 940 615 980 Ecclesia,
657 943 849 975 ostendunt
881 940 1055 976 CanoneS.

71 991 315 1035 Quaerebatur
339 992 450 1026 enim:
482 991 539 1026 An
558 993 658 1026 liceat
677 993 803 1025 marito
824 992 881 1036 pio
904 993 1055 1025 retinere
1080 1001 1081 1011 ¹

67 1044 248 1086 coniugem
266 1043 410 1087 impiam
424 1070 432 1083 ‚
459 1055 519 1077 seu
536 1044 629 1077 idola
648 1044 839 1084 colentem,
867 1049 898 1076 et
914 1050 1053 1077 contra:
1079 1071 1082 1080 Α

68 1106 111 1126 an
132 1094 231 1127 liceat
249 1094 389 1127 mulieri
408 1094 484 1138 piae
500 1106 642 1128 manere
661 1095 698 1128 in
715 1095 879 1138 coniugio
898 1094 965 1127 viri
984 1094 1055 1127 im-

68 1145 136 1189 pii,
161 1156 222 1178 seu
239 1145 333 1178 idola
350 1146 507 1178 colentis.

170 1211 251 1245 Non
275 1213 343 1247 fuit
365 1213 452 1246 levis
478 1212 647 1257 quaestio,
699 1212 788 1245 Nam
806 1219 840 1246 et
864 1213 918 1245 lex
936 1211 1055 1257 Moysi

69 1260 231 1305 prohibet
255 1261 383 1297 habere
414 1264 595 1306 coniugem
628 1271 828 1297 manentem
860 1263 896 1295 in
922 1264 1055 1306 profes—

70 1314 168 1346 sione
194 1314 313 1357 impia.
378 1314 422 1348 Et
446 1314 673 1347 manifestum
699 1321 749 1347 est
775 1326 814 1346 ex
837 1314 1054 1346 dissensione

69 1369 111 1397 de
135 1365 231 1398 cultu
255 1363 323 1398 Dei
346 1365 433 1398 oriri
463 1365 696 1397 atrocissimas
721 1364 931 1405 discordias,
973 1364 1054 1408 quia

67 1427 145 1447 cum
170 1417 213 1448 de
236 1427 272 1448 re
297 1427 420 1458 magna
447 1415 491 1448 sit
515 1415 702 1455 dissensio,
730 1416 843 1449 maius
861 1422 910 1448 est
934 1415 1054 1448 incen-
1079 1430 1080 1435 ¹
1106 1430 1219 1472 ficari,
1247 1442 1310 1474 pm
1328 1443 1368 1462 ρο
1385 1431 1479 1474 quod
1499 1437 1548 1463 est
1568 1441 1669 1462 usum
1689 1437 1868 1470 sanctum,
1893 1427 1958 1462 hoc
1977 1436 2043 1467 est,
2071 1440 2088 1460 a

443 1517 450 1523 ,
564 1517 571 1524 ‚
674 1518 696 1524 ..
790 1517 798 1524 ,
1079 1496 1080 1507 ¹
1106 1482 1180 1516 Deo
1209 1493 1411 1514 concessum
1443 1492 1515 1513 esse
1537 1480 1784 1514 credentibus:
1821 1481 1868 1513 ita
1894 1477 1950 1512 hic
1976 1479 2093 1523 loqui-

67 1514 111 1549 Et
127 1518 237 1550 multa
259 1517 512 1551 contumehose
537 1518 627 1550 dicta
649 1530 698 1561 pu
717 1518 883 1557 audiunt,
912 1524 1055 1560 propter
1079 1519 1080 1527 ¹

66 1466 164 1498 dium
191 1467 392 1499 animorum
422 1465 460 1498 in
484 1466 670 1511 colloquiis
688 1490 696 1504 ,
736 1473 767 1499 et
799 1467 912 1499 maior
941 1466 1054 1498 dolor.

68 1579 155 1612 quae
172 1568 304 1601 maiore
321 1569 442 1601 dolore
461 1568 681 1608 afficiuntur,
706 1580 810 1611 quam
834 1568 860 1600 si
881 1580 974 1601 mors
990 1580 1054 1611 op-

67 1620 215 1661 petenda
239 1626 337 1653 esset.

69 1669 277 1702 voluntates.

166 1736 277 1771 Erant
295 1738 388 1770 enim
407 1738 531 1771 usitata
549 1737 762 1771 familiarum
779 1749 887 1777 sacra,
903 1738 944 1769 ad
966 1748 1053 1781 quae

68 1789 204 1830 cognati
231 1800 355 1821 omnes
380 1789 649 1821 conveniebant.
714 1787 760 1821 Et
785 1786 822 1820 hi
848 1799 1054 1830 congressus

69 1840 206 1872 vincula
231 1847 330 1872 erant
354 1846 495 1872 mutuae
524 1839 809 1881 benevolentiae,
837 1846 867 1872 et
895 1840 1052 1882 discipli-

70 1903 133 1922 nae
152 1890 343 1923 iuniorum.
390 1889 467 1922 Huc
486 1891 512 1922 si
535 1890 781 1933 paterfamilias
799 1891 960 1923 veniebat
978 1891 1053 1923 sine

68 1942 214 1983 coniuge
241 1948 275 1974 et
298 1942 435 1981 liberis,
462 1949 521 1974 aut
545 1941 806 1974 materfamilias
822 1942 897 1973 sine
916 1942 1054 1982 marito,

68 2000 124 2024 aut
142 1992 334 2025 liberorum
353 1993 469 2036 aliqua
490 1992 668 2024 distractio
686 1999 775 2030 erat,
804 1992 870 2024 iam
891 2004 1053 2035 congres-

68 2054 124 2074 sus
149 2049 221 2075 erat
246 2043 438 2077 insuavior.
492 2043 654 2087 Denique
676 2043 712 2074 in
739 2043 945 2087 quotidiana
968 2056 1051 2076 con-

68 2093 253 2125 suetudine
274 2093 447 2137 plurimae
466 2094 678 2126 offensiones
701 2095 866 2127 oriuntur
890 2107 929 2127 ex
956 2102 1051 2127 tanta

68 2144 285 2177 dissensione
313 2145 355 2176 de
380 2143 465 2178 Deo.
534 2143 723 2188 Praecipue
759 2157 841 2177 vero
877 2145 1052 2178 institutio

69 2195 260 2227 liberorum
286 2195 467 2227 dissimilis
491 2195 579 2238 parit
597 2196 808 2238 discordias,
837 2204 875 2230 ut
896 2197 1051 2240 exempla

68 2246 224 2278 videmus
242 2243 306 2279 hac
323 2252 434 2279 aetate
451 2246 669 2290 quotidiana.

168 2304 248 2338 Non
274 2299 436 2338 dubium
473 2312 522 2338 est
558 2305 681 2347 igitur,
721 2317 883 2349 magnam
913 2307 955 2340 de
991 2303 1054 2339 hac

69 2356 271 2400 quaestione
303 2356 561 2389 dubitationem
596 2357 688 2389 inter
716 2359 905 2400 prudentes
937 2357 1054 2395 fuisse,

67 2415 104 2440 ut
122 2414 238 2450 postea
257 2407 360 2441 etiam
379 2406 539 2441 Canones
556 2420 629 2441 non
654 2409 778 2441 eodem
804 2410 911 2442 modo
936 2410 1055 2441 decre-

69 2464 205 2493 verunt.

169 2517 236 2551 Sed
262 2516 393 2551 Paulus
419 2518 590 2562 sapientia
617 2518 786 2561 singulari
808 2519 957 2558 iudicat,
981 2531 1052 2552 non

68 2579 139 2601 esse
157 2568 355 2601 divellenda
375 2567 458 2602 haec
475 2569 654 2612 coniugia,
680 2572 761 2614 quia
779 2570 916 2604 iusticia
932 2568 1052 2603 Evan-

68 2619 147 2659 gelii
175 2625 225 2652 est
251 2619 384 2652 iusticia
413 2621 547 2660 cordis,
585 2628 616 2654 et
643 2628 803 2661 aeterna,
841 2633 914 2654 non
940 2621 1050 2664 impe-

68 2671 166 2703 di‘ens
186 2671 275 2713 leges
303 2670 392 2704 vitae
415 2671 594 2715 politicae:
625 2672 703 2706 ideo
730 2673 863 2708 interea
885 2672 961 2706 vult
984 2672 1051 2705 alia

402 94 437 133 4.
469 93 808 132 COMMENTAR.
836 95 886 130 ΙΝ
912 93 1067 130 EPIST.

1092 91 1237 128 PAULI
1266 93 1336 127 AD
1360 91 1682 129 CORINTHIOS.
1735 91 1839 128 CAP.
1868 93 1951 131 Vll.
2012 95 2106 130 1086

1087 180 1089 221 ¹J
1113 178 1252 212 foedera
1273 179 1388 212 civilia
1406 180 1550 214 servari.
1603 178 1702 213 Sicut
1718 178 1825 221 igitur
1851 185 1965 223 potest
1981 177 2102 212 Eccle-

1086 256 1089 276 4
1112 229 1162 261 sia
1186 241 1258 262 esse
1292 231 1356 263 sub
1387 227 1501 264 atheis
1530 230 1688 273 regibus,
1723 230 1771 262 sic
1798 236 1910 273 potest
1935 230 1989 273 pia
2016 241 2101 262 con-

1111 279 1197 312 iunx
1221 292 1363 313 manere
1389 281 1426 313 in
1451 281 1584 314 familia
1608 281 1768 323 coniugis
1793 280 1905 325 impii.
1963 279 2102 313 Deinde

1112 342 1174 363 cur
1210 331 1291 364 talia
1325 331 1490 374 coniugia
1531 332 1803 372 divellerentur,
1847 343 1926 364 cum
1961 343 2098 375 semper

1111 380 1203 414 inter
1227 379 1307 421 hos,
1335 382 1396 426 qui
1419 382 1588 415 dicuntur
1611 383 1769 415 membra
1794 380 1972 415 Ecclesiae
1988 407 1996 420 ,
2032 382 2099 415 ali-

1111 432 1169 476 qui
1188 432 1258 465 sint
1275 432 1440 475 coniuges
1456 432 1584 476 impii?
1610 432 1722 465 Nabal
1740 439 1814 466 erat
1831 433 1981 476 impius,
2008 432 2097 465 Abi-

1109 483 1178 525 gail
1199 483 1266 527 pia.
1318 482 1363 516 Et
1380 483 1489 525 magis
1512 484 1553 516 ad
1579 483 1757 527 publicam
1778 495 1895 526 pacem
1920 484 2097 523 conducit,

1109 545 1182 566 non
1207 531 1401 567 distrahere
1424 533 1601 576 coniuges.
1657 534 1802 577 Semper
1826 541 1941 567 autem
1968 534 2096 577 guber-

1108 592 1273 618 natorum
1305 584 1451 617 consilia
1482 584 1553 618 sint
1587 582 1890 628 συμβιβαστικά,
1925 591 1958 618 et
1982 596 2094 628 quan-

1108 641 1182 668 tum
1206 636 1280 668 fieri
1305 642 1435 678 potest,
1460 646 1498 667 ea
1523 635 1632 678 magis
1657 643 1869 679 sequantur,
1897 646 1986 679 quae
2006 647 2095 668 con—

1108 685 1261 728 iungunt
1287 686 1485 718 voluntates
1511 685 1661 725 civium,
1699 686 1789 718 sicut
1815 692 1848 718 et
1872 684 2095 718 Platonicum

396 1617 476 1651 Non
506 1626 650 1662 possunt
678 1619 784 1661 igitur
809 1631 880 1651 non
906 1618 1052 1651 alienari
1079 1642 1080 1658 3

1107 736 1217 777 illud,
1245 737 1272 770 si
1298 738 1416 770 dextre
1443 736 1683 780 intelligatur,
1720 743 1856 770 monet:
1892 733 1948 770 ὅτι
1978 733 2036 770 δεῖ
2056 735 2095 770 ’ἐν

1106 789 1223 822 ποιεῖν
1237 785 1305 833 τὴν
1324 784 1443 822 πόλιν.

1207 855 1389 888 Postremo
1412 854 1569 888 scandali
1594 854 1699 888 etiam
1721 854 1813 887 ratio
1838 850 2000 887 habenda
2018 853 2096 888 suit,

1107 907 1144 941 Si
1177 906 1412 949 Evangelium
1441 905 1641 939 divulsisset
1681 905 1913 947 coniugium,
1963 910 2094 949 quanto

1109 959 1218 1001 magis
1253 959 1297 990 ab
1333 969 1372 990 eo
1411 969 1533 990 omnes
1567 957 1741 990 moderati
1769 954 1931 989 homines
1964 953 2095 988 abhor-

1106 1016 1268 1043 ruissent.

1207 1074 1412 1118 Respondet
1435 1074 1542 1116 igitur
1563 1073 1695 1107 Paulus
1711 1101 1719 1114 ‚
1751 1072 1924 1116 Coniugia
1953 1078 2094 1116 propter

1079 1147 1081 1154 ·
1106 1127 1294 1159 dissimiles
1306 1126 1495 1159 sententias
1507 1127 1549 1158 de
1560 1124 1646 1166 Deo,
1664 1137 1736 1157 non
1749 1125 1950 1157 divellenda
1969 1135 2051 1163 esse,
2066 1123 2093 1154 si

1106 1179 1212 1210 modo
1232 1189 1379 1220 persona
1395 1177 1502 1220 impia
1521 1188 1592 1209 non
1609 1175 1752 1209 abiiciat
1769 1176 1912 1208 alteram
1925 1202 1932 1215 ‚
1961 1182 1992 1208 et
2009 1186 2092 1206 con-

1080 1245 1081 1252 *
1106 1228 1315 1261 solationem
1340 1228 1438 1260 addit
1463 1239 1522 1260 seu
1546 1227 1735 1259 rationem:
1770 1226 2018 1260 sanctificatur
2040 1225 2094 1256 vir

1106 1278 1259 1311 infidelis
1284 1290 1345 1322 per
1366 1277 1550 1311 mulierem
1577 1278 1735 1317 fidelem,
1762 1278 1806 1310 de
1822 1289 1891 1321 quo
1914 1277 2008 1309 dicto
2033 1287 2092 1307 va-

1106 1330 1177 1362 riae
1197 1329 1505 1372 interpretationes
1522 1328 1689 1361 confictae
1714 1334 1807 1361 sunt.
1861 1326 1930 1360 Sed
1958 1339 2036 1359 vera
2061 1333 2093 1359 et

1107 1381 1224 1412 nativa
1247 1379 1330 1412 baec
1350 1386 1408 1412 est.
1445 1378 1544 1412 Sicut
1560 1378 1646 1411 alias
1663 1378 1792 1423 inquit,
1817 1376 1945 1411 Cibum
1964 1377 2092 1410 saucti-

1105 1540 1179 1572 tur,
1223 1531 1333 1565 Usum
1361 1531 1520 1573 coniugis
1545 1538 1704 1564 sanctum
1741 1538 1775 1564 et
1800 1543 1817 1563 a
1843 1529 1917 1563 Deo
1951 1541 2093 1562 conces-

1106 1596 1182 1616 sum
1206 1594 1290 1617 esse.
1350 1580 1439 1615 Cum
1464 1582 1541 1625 pius
1567 1588 1660 1615 tenet
1682 1581 1878 1614 doctrinam
1897 1579 2095 1623 Evangelii,

1107 1643 1137 1668 et
1171 1634 1290 1667 statuit
1319 1645 1353 1665 se
1380 1633 1447 1665 fide
1478 1632 1610 1665 iustum
1645 1644 1716 1665 esse
1749 1639 1890 1676 propter
1921 1632 2093 1664 mediato-

1106 1698 1205 1725 rem,
1247 1691 1280 1717 et
1308 1683 1500 1716 Ecclesiam
1533 1695 1604 1715 esse
1635 1695 1789 1726 sparsam
1819 1683 1856 1715 in
1887 1680 1977 1715 hanc
2008 1694 2093 1715 con-

1106 1736 1278 1769 fusionem
1304 1735 1442 1778 generis
1466 1731 1613 1766 humani
1638 1735 1729 1767 inter
1754 1734 1885 1774 malos,
1920 1740 1953 1767 et
1978 1741 2094 1767 tamen

1106 1787 1284 1830 politicam
1312 1786 1508 1819 societatem
1533 1785 1753 1818 retinendam
1780 1796 1869 1825 esse,
1908 1792 1946 1818 ut
1975 1784 2094 1827 colligi

1106 1837 1259 1870 Ecclesia
1283 1837 1413 1881 possit,
1456 1844 1489 1869 et
1516 1836 1777 1869 invocationem
1806 1843 1840 1869 et
1865 1835 2092 1868 dilectionem

1107 1888 1259 1933 politicis
1290 1888 1414 1920 officiis
1446 1888 1674 1920 exercendam
1710 1898 1806 1921 esse:
1852 1894 1945 1920 recte
1978 1895 2010 1919 et
2037 1887 2092 1928 pie

1106 1940 1254 1982 coniuge
1288 1936 1426 1971 ethnica
1456 1938 1592 1978 utitur,
1627 1945 1660 1972 et
1693 1938 1910 1971 consuetudo
1936 1938 1995 1970 illa
2019 1935 2092 1969 Deo

1107 1991 1229 2034 placet.
1290 1989 1388 2022 Sicut
1408 1987 1534 2021 Esther
1557 1989 1612 2032 pie
1636 1989 1800 2022 utebatur
1821 1989 1985 2031 coniugio
2009 1989 2093 2020 Ass-

1107 2042 1191 2075 veri.
1256 2039 1302 2075 Et
1330 2040 1471 2072 Monica
1497 2038 1687 2081 Augustini
1719 2047 1829 2073 mater
1853 2040 1907 2083 pie
1933 2039 2094 2072 utebatur

1106 2092 1270 2134 coniugio
1307 2092 1422 2123 mariti
1460 2088 1589 2124 ethuici
1611 2117 1619 2130 ,
1665 2097 1698 2123 et
1732 2102 1832 2123 soror
1867 2089 2092 2124 Constantini

1106 2143 1268 2185 coniugio
1286 2142 1427 2175 Licinii.
1481 2140 1525 2175 Et
1540 2142 1703 2185 congruit
1722 2139 1807 2174 haec
1824 2142 1996 2174 sententia
2013 2151 2092 2174 cum

1106 2195 1168 2227 illo
1188 2194 1287 2226 Pauli
1309 2194 1419 2226 dicto:
1449 2190 1581 2226 Omnia
1602 2194 1732 2225 munda
1750 2192 1904 2227 mundis.

1208 2262 1390 2296 Posterior
1407 2268 1499 2295 aetas
1522 2261 1667 2294 divulsit
1692 2261 1854 2304 coniugia
1880 2259 2093 2293 dissentien-

1107 2315 1195 2348 tium
1212 2316 1254 2347 de
1275 2312 1366 2353 Deo,
1397 2325 1433 2345 ac
1451 2313 1550 2346 addit
1564 2312 1785 2354 Augustinus
1808 2311 2002 2356 sophisma:
2031 2310 2093 2344 Li-

1108 2372 1160 2398 cet
1183 2365 1376 2398 adulteram
1403 2364 1600 2403 dimittere,
1626 2362 1764 2396 Licebit
1787 2363 1895 2404 igitur
1920 2362 2091 2395 colentem

1109 2416 1203 2449 idola
1228 2415 1422 2455 dimittere,
1449 2426 1527 2447 cum
1554 2414 1732 2446 idolorum
1758 2414 1874 2448 cultus
1899 2413 2003 2447 etiam
2030 2424 2089 2445 vo-

1108 2474 1205 2500 cetur
1229 2466 1456 2500 adulterium.
1518 2464 1650 2497 Verum
1677 2462 1738 2497 has
1763 2465 1999 2498 recentiorum
2023 2464 2094 2496 dis-

1108 2518 1326 2562 putationeS,
1355 2528 1443 2561 quae
1459 2523 1575 2549 extant
1596 2516 1633 2548 in
1657 2515 1760 2549 titulo
1786 2517 1828 2548 de
1851 2515 2034 2554 divortiis,
2062 2519 2095 2546 et

1108 2571 1197 2612 apud
1217 2568 1429 2602 Gratianum
1455 2568 1490 2600 in
1519 2578 1620 2600 causa
1639 2567 1701 2602 28,
1727 2567 1948 2605 omittamus,
1976 2572 2008 2598 et
2032 2576 2096 2608 po-

1106 2620 1174 2653 tius
1193 2619 1294 2653 Pauli
1318 2619 1516 2652 doctrinam
1541 2629 1749 2663 sequamur,
1779 2629 1868 2663 quae
1886 2614 2097 2650 consolatio-

1107 2683 1186 2703 nem
1206 2670 1371 2714 proponit
1390 2669 1487 2701 omni
1507 2675 1665 2713 tempore
1683 2668 1750 2713 piis
1768 2669 1966 2702 salutarem.
1997 2665 2096 2699 Sem-
