2415 2942
10 995 19 1045 Ξ

10 1047 16 1068 ,ε

10 1099 13 1110 .

126 97 220 133 1265
345 95 446 132 XIII.

223 181 291 216 Sed
313 193 374 215 cur
396 182 514 227 inquit
530 181 681 223 Paulus,
710 183 918 216 traditiones
944 181 1116 216 humanas

122 233 270 277 speciem
298 230 427 266 habere
451 233 642 278 sapientiae
673 231 849 266 humanae
873 246 933 266 seu
961 241 1117 277 praetex-

123 291 197 324 tus,
227 284 285 327 qui
303 284 478 328 sapienter
496 284 636 327 cogitati
658 285 843 324 videntur,
872 297 949 317 cum
970 285 1005 316 in
1024 285 1116 317 mul-

124 334 168 368 tis
198 335 326 368 ritibus
351 335 533 368 manifesta
557 336 601 369 sit
623 335 812 368 crudelitas
838 347 895 368 seu
920 335 1116 378 turpitudo,

122 392 162 419 ut
176 386 213 417 in
231 386 441 418 mactatione
459 383 644 419 hominum
657 413 664 425 ,
694 386 730 418 in
748 384 1048 427 Bacchanalibus,
1077 387 1113 418 in

124 437 273 479 stupris,
315 436 425 470 multa
450 437 533 469 item
562 437 745 470 manifesta
772 437 973 477 mendacia,
1015 444 1055 470 ut
1079 437 1114 469 in

123 487 329 520 adoratione
346 493 559 525 statuarum,
587 488 700 520 autin
720 487 925 520 adoratione
952 488 1052 530 panis
1078 488 1112 520 in

123 537 469 580 circumgestatione,
498 550 599 583 quem
619 538 754 580 fingunt
771 537 884 571 Deum
907 539 1003 570 esse?
1043 538 1115 572 Re-

123 590 299 632 sponde-o:
337 588 510 622 Paulatim
543 589 585 621 ad
610 589 818 621 absurdiora
851 590 979 631 gradus
1013 589 1114 626 fiunt,

123 639 224 672 initia
248 646 362 672 autem
392 646 423 672 et
448 639 582 673 semina
612 640 729 672 minus
756 639 1042 682 conspiciuntur,
1076 646 1111 672 ut

124 689 270 723 dicitur:
299 689 389 723 Dato
407 702 478 723 uno
496 690 761 723 inconvenienti
780 690 887 723 multa
906 697 1114 733 sequuntur.

123 739 262 783 Augent
281 741 374 772 enim
394 741 525 773 diaboli
546 741 681 773 furores
700 741 736 772 in
757 741 885 783 impiis.
939 740 1115 785 Loquitur

123 802 203 833 ergo
232 790 362 824 Paulus
388 792 430 824 de
457 792 593 827 multis,
638 803 727 836 quae
751 792 868 824 minus
895 788 1026 825 habent
1052 793 1111 824 ab·

123 842 323 881 surditatis,
363 849 401 875 ut
425 842 527 875 initio
557 842 718 875 utilitatis
747 854 848 875 causa
883 843 1112 875 constitutum

124 900 192 931 est,
218 899 257 926 ut
285 900 351 925 tres
378 900 491 926 essent
510 893 687 937 praecipui
706 891 890 936 Episcopi,
917 892 1114 932 Romanus,

121 941 540 987 Constantinopolitanus
583 950 615 977 et
649 943 894 976 Alexandinus
911 972 918 983 ,
962 956 1111 988 quorum

124 994 253 1035 singuli
276 992 447 1027 haberent
471 995 694 1027 autoritatem
720 995 940 1027 convocandi
960 995 1113 1039 synodos

125 1044 335 1083 vicinorum,
361 1051 392 1077 et
411 1052 448 1078 ut
467 1046 507 1077 ad
528 1056 585 1078 eos
602 1045 697 1078 fieret
716 1046 921 1089 provocatio
938 1058 955 1078 a
975 1045 1111 1078 vicinis.

123 1095 190 1129 Hic
223 1095 466 1128 triumviratus
506 1094 660 1129 humano
696 1097 772 1129 iure
807 1097 1018 1130 constitutus
1052 1102 1112 1136 est,

123 1153 156 1180 et
176 1152 259 1179 tunc
282 1146 417 1179 utilitas
443 1148 551 1180 movit
577 1148 740 1191 synodos.
794 1146 917 1180 Postea
938 1159 1020 1179 vero
1037 1145 1112 1180 Ro-

125 1208 248 1229 manus
265 1196 358 1241 Papa
383 1198 492 1230 multa
512 1199 692 1241 tyrannice
719 1198 874 1238 affinxit,
905 1210 939 1231 se
961 1198 1037 1230 iure
1058 1197 1112 1229 di-

126 1248 209 1280 vino
228 1260 404 1281 summurn
424 1259 495 1280 esse
514 1247 791 1292 Episcoporum,
815 1246 942 1281 habere
962 1255 1112 1291 potesta-

126 1306 193 1332 tem
214 1299 390 1331 condendi
408 1300 568 1342 dogmata
586 1306 617 1332 et
637 1301 762 1337 cultus,
781 1311 814 1332 se
827 1297 956 1332 habere
974 1306 1113 1331 utrum-

125 1362 193 1394 que
209 1350 386 1392 gladium,
414 1350 567 1395 denique
588 1358 624 1384 ut
650 1351 685 1384 fit
704 1351 739 1383 in
758 1350 866 1388 aulis,
893 1350 994 1382 multi
1014 1361 1112 1392 prae-

124 1401 321 1444 stigiatores
358 1401 434 1433 sine
468 1403 574 1434 modo
604 1402 905 1446 amplificaverunt
942 1400 1112 1433 autorita-

124 1459 192 1485 tem
218 1452 445 1495 pontificiam.
498 1452 591 1485 Ante
611 1464 738 1495 paucos
763 1463 874 1485 annos
899 1451 1114 1494 scripserunt

126 1500 312 1542 monachi,
346 1503 563 1536 oblationem
589 1503 626 1536 in
646 1503 758 1536 Missa
783 1503 907 1535 mereri
934 1502 1114 1534 remissio-

127 1565 207 1586 nem
230 1560 456 1600 peccatorum
484 1566 523 1586 ex
547 1566 650 1596 opere
674 1561 828 1597 operato.
904 1553 940 1586 ld
968 1565 1045 1585 cum
1070 1552 1114 1584 sit

128 1603 312 1636 manifeste
335 1604 545 1643 absurdum,
590 1616 684 1637 nunc
709 1612 783 1637 arte
811 1610 931 1645 tegunt
957 1610 987 1635 et
1015 1614 1112 1634 vere-

128 1654 278 1687 cundius
301 1653 516 1699 loquuntur,
551 1662 581 1687 et
609 1662 726 1687 tamen
756 1666 904 1687 nervum
930 1652 1114 1685 idolatriae

131 1705 283 1738 retinent
298 1732 306 1741 ,
341 1712 373 1738 et
391 1704 499 1737 nvulta
517 1705 630 1738 aliena
647 1718 664 1738 a
690 1718 727 1737 re
745 1706 788 1738 de
815 1703 991 1738 sacrificiis
1017 1710 1049 1736 et
1074 1703 1116 1736 de
1136 1682 1140 1732 i

124 1753 323 1800 zauo'g'ffld‘q
356 1755 594 1788 Leviticorum
638 1756 886 1789 sacrificiorum
923 1754 1140 1804 cumulant,i

127 1818 216 1853 quae
235 1814 408 1839 ornantur
426 1807 561 1845 verbis,
589 1814 624 1840 ut
645 1808 686 1839 de
704 1804 892 1848 sophistica
912 1817 1032 1838 verum
1053 1814 1114 1842 est,

128 1860 222 1904 quod
242 1858 327 1891 dicit
347 1856 536 1899 Euripides
554 1858 588 1890 in
610 1857 823 1903 Hippolyto:
853 1855 887 1891 οἱ
907 1853 1009 1891 καλοῖ
1033 1853 1116 1889 λίαν
1138 1851 1141 1901 ²3

128 1906 227 1957 λόγοι
252 1916 412 1943 evertunt
437 1909 524 1941 bene
550 1910 729 1942 ordinatas
757 1909 870 1943 urbes.

129 1962 182 1994 lus
215 1958 271 1993 liic
305 1960 443 2005 inquit,
486 1957 614 1993 hahere
644 1960 851 1993 traditiones
876 1960 1025 2002 speciem
1056 1969 1116 1989 sen

129 2018 344 2056 praetextum
365 2011 566 2053 sapientiae.
620 2011 679 2045 Sic
703 2012 794 2043 enim
823 2012 1033 2053 interpretor
1057 2004 1114 2041 λό-

129 2075 218 2111 γον,
257 2063 353 2106 quasi
384 2063 501 2105 dicas,
545 2062 660 2095 Verba
688 2075 759 2094 non
792 2074 882 2099 rem,
927 2069 965 2094 ut
990 2058 1115 2092 Graeci

131 2115 256 2146 usitate
280 2115 322 2145 de
344 2113 437 2146 falsis
468 2114 704 2157 praetextibus
735 2114 873 2146 dicunt:
910 2109 1016 2157 λόγος
1042 2107 1117 2144 ἐστὶ

129 2162 192 2199 καὶ
215 2161 417 2210 πρόφασις,
448 2165 481 2197 id
509 2171 575 2204 est,
601 2165 706 2198 verba
726 2171 805 2198 sunt
830 2175 902 2197 non
922 2175 995 2203 rvs,
1020 2161 1116 2194 aliud

132 2216 351 2255 ostenditur,
379 2216 473 2248 aliud
499 2215 631 2256 agitur,
666 2223 701 2248 ut
728 2228 806 2249 cum
831 2214 978 2249 Carolus
1005 2212 1117 2256 impe-

132 2274 227 2301 rator
243 2267 431 2300 simulabat
449 2278 485 2299 se
503 2266 633 2299 bellum
657 2267 787 2300 inferre
812 2266 942 2299 nostris
965 2276 1038 2297 non
1061 2275 1117 2296 re—

130 2318 273 2362 ligionis
305 2329 424 2358 causa,
465 2313 572 2365 λόγος
599 2313 645 2362 ἦν
673 2315 736 2351 καὶ
766 2313 967 2363 πρόφασις,
1012 2315 1116 2348 verba

134 2376 233 2402 erant
257 2375 290 2402 et
318 2375 524 2413 praetextus.
579 2368 636 2402 Sic
660 2369 818 2414 loquitur
845 2364 1053 2401 Plutarchus
1080 2365 1117 2397 in

132 2419 304 2454 Eumene.
371 2418 420 2454 Ut
452 2427 566 2453 autem
598 2420 641 2453 ad
677 2419 877 2463 praestigias
912 2416 1118 2462 sophisticas

134 2478 212 2516 apte
235 2479 267 2505 et
292 2471 473 2515 perspicue
498 2471 772 2514 respondeatur,
799 2477 977 2514 utrunque
1000 2479 1118 2501 neces-

499 95 533 131 5.
561 94 860 132 ENARRATto
890 96 1043 132 EPIST.
1072 94 1219 131 PAULI
1251 94 1316 129 AD
1345 87 1696 129 COLOSSENSES.
1751 88 1854 124 CAP.
1885 87 1931 124 ΙΙ.

925 1908 1005 1941 ldeo
1026 1905 1116 1939 Pau·
1139 1937 1141 1943 ,

1140 1946 1142 1966 '⁸
1166 1959 1297 2003 species
1315 1956 1524 2000 sapientiae:
1553 1954 1658 1988 Solus
1675 1952 1769 1986 Deus
1793 1958 1843 1985 est
1869 1951 2022 1992 iusticia,
2057 1955 2151 1997 quod

136 2523 267 2557 sarium
292 2528 361 2561 est,
392 2534 495 2555 nosse
520 2523 634 2555 fontes
653 2534 771 2554 earum
791 2521 1053 2560 doctrinarum,
1080 2531 1119 2552 ex

132 2574 261 2620 quibus
278 2573 421 2606 materia
441 2573 689 2617 disputationis
712 2572 879 2611 sumitur,
908 2578 940 2604 et
959 2583 1031 2604 non
1048 2581 1120 2603 esse

135 2625 261 2659 rudem
279 2623 488 2665 dialectices,
506 2631 545 2658 ut
562 2636 640 2657 cum
657 2624 852 2657 defendunt
869 2621 1031 2666 Papistae
1048 2628 1121 2655 tra-

134 2675 284 2710 ditiones
299 2672 487 2716 humanas,
515 2672 623 2723 λόγος
641 2672 704 2709 καὶ
725 2670 909 2722 πρόφασις
926 2679 987 2709 est.

187 2727 373 2763 Mamm
393 2728 496 2761 Oriza.
526 2726 611 2762 Vos.
630 2728 710 2763 XV.

2058 91 2151 125 1266

1274 179 1451 223 Opportet
1477 178 1512 211 in
1531 174 1685 210 Ecclesia
1712 186 1783 207 esse
1801 174 1983 214 ordinem,
2010 181 2047 207 nt
2066 174 2157 208 Pau-

1170 232 1223 264 lus
1246 232 1380 277 inquit:
1411 227 1544 262 Omnia
1572 228 1694 259 decore
1719 232 1751 259 et
1776 225 1900 258 ordine
1926 225 2011 259 fiant
2034 225 2073 258 in
2090 224 2158 259 Ec-

1168 284 1281 316 clesia.
1335 280 1430 322 Ergo
1451 287 1606 323 pastores
1625 283 1768 320 possunt
1787 277 1936 308 condere
1953 278 2099 310 decreta.

1267 332 1479 375 Respondeo
1502 331 1543 362 ad
1564 337 1795 371 consequens:
1824 325 1974 359 Possunt
1994 328 2079 360 boni
2097 339 2155 360 or-

1167 385 1262 417 dinis
1290 395 1390 416 causa
1428 381 1667 414 consentiente
1692 375 1846 410 Ecclesia
1884 376 2001 420 aliqua
2034 378 2155 412 lectio-

1168 449 1251 469 num
1271 441 1329 468 aut
1346 435 1513 467 festorum
1531 428 1734 464 discrimina
1752 428 1882 467 facere,
1910 429 1967 459 sed
1986 429 2060 460 sine
2077 429 2156 472 opi-

1166 487 1272 520 nione
1299 486 1413 519 cultus
1438 492 1468 515 et
1494 483 1568 514 sine
1586 479 1755 521 opinione
1773 478 1997 511 necessitatis.
2050 478 2156 522 Papi-

1165 545 1235 571 stae
1261 543 1375 569 autem
1400 534 1534 565 addunt
1563 532 1664 564 falsas
1691 529 1878 571 opiniones
1901 529 2016 561 cultus
2042 536 2073 562 et
2093 542 2154 562 ne-

1165 587 1341 621 cessitatis.
1397 584 1469 617 Has
1493 584 1595 616 falsas
1619 580 1804 622 opiniones
1833 585 1949 612 taxare
1972 586 2004 612 et
2032 580 2155 613 tollere

1165 650 1303 672 necesse
1329 644 1396 677 est,
1424 646 1511 680 qnae
1536 634 1717 666 adduntur
1741 630 1833 662 dicto
1858 628 2007 662 Paulino
2031 638 2153 664 contra

1165 690 1333 733 regulam,
1354 699 1442 731 quae
1460 691 1551 718 vetat
1570 684 1648 728 plus
1665 692 1735 713 csse
1750 680 1787 712 in
1805 679 2031 713 conclusione
2048 693 2152 726 quam

1165 742 1201 773 in
1229 739 1439 784 praemissis.

1265 790 1406 833 Species
1428 784 1618 829 sapientiae
1642 788 1692 815 est
1717 788 1750 815 et
1776 780 1946 815 Osiandri
1973 783 2155 825 grandilo-

1164 842 1329 887 quentia‚
1358 852 1446 885 quae.
1464 835 1581 870 obruit
1602 833 1797 866 doctrinam
1822 831 2006 875 Evangelii
2032 835 2074 866 de
2099 835 2155 867 iu-

1163 894 1260 926 sticia
1284 892 1375 925 fidei.
1429 888 1501 922 Nos
1519 886 1733 919 affirmamus
1751 884 1787 916 in
1806 881 1870 917 hac
1888 885 2012 916 misera
2038 882 2154 917 homi..

1165 956 1248 977 num
1281 949 1406 976 natura
1440 949 1565 980 magua
1598 942 1754 978 peccata,
1797 940 1830 967 et
1858 945 2001 977 magnas
2032 936 2153 970 sordes

1164 1006 1326 1034 manere,
1355 991 1489 1026 etiamsi
1513 994 1654 1021 renatus
1679 992 1816 1028 accepta
1842 985 2049 1018 remissione
2072 999 2154 1030 pec-

1164 1053 1320 1079 catorum
1353 1055 1414 1088 per
1439 1042 1541 1073 fidem
1574 1040 1684 1071 factus
1711 1043 1760 1069 est
1793 1036 1962 1079 templum
1989 1036 2078 1077 Dei,
2121 1045 2154 1071 et

1165 1109 1244 1129 vere
1262 1097 1298 1129 in
1317 1107 1357 1128 eo
1376 1091 1531 1127 accendit
1549 1091 1640 1122 filius
1659 1100 1786 1120 novam
1803 1088 1916 1120 lucem
1936 1099 2019 1120 voce
2034 1087 2153 1121 Evan-

1164 1148 1266 1190 gelii,
1294 1153 1326 1179 et
1345 1147 1425 1178 dato
1443 1142 1577 1185 Spiritu
1595 1146 1714 1173 sancto
1732 1150 1842 1171 novos
1858 1144 1974 1171 motus
1992 1138 2029 1170 in
2049 1140 2152 1173 corde

1164 1199 1240 1232 ciet.
1294 1196 1441 1239 Semper
1463 1194 1572 1237 igitur
1591 1192 1627 1223 in
1654 1188 1719 1223 hac
1740 1189 1810 1222 vita
1829 1190 1978 1221 tenenda
1997 1196 2046 1222 est
2066 1202 2153 1222 con-

1163 1249 1309 1288 solatio,
1338 1253 1479 1280 renatos
1497 1245 1606 1277 iustos
1624 1253 1716 1276 esse,
1745 1240 1780 1272 id
1805 1247 1872 1279 est,
1901 1247 2058 1283 acceptos
2076 1240 2151 1275 Deo

1165 1306 1309 1344 propter
1332 1298 1561 1330 mediatorem
1586 1305 1647 1334 per
1671 1291 1947 1323 misericordiam
1975 1291 2046 1323 sola
2074 1292 2151 1329 fide,

1163 1350 1251 1383 sicut
1270 1349 1383 1383 David
1410 1345 1543 1390 inquit:
1569 1342 1649 1376 Non
1675 1341 1922 1374 iustificabitur
1947 1341 1982 1372 in
2007 1353 2153 1386 conspe-

1164 1408 1220 1435 ctu
1240 1408 1300 1434 tuo
1319 1399 1435 1432 omnis
1459 1396 1592 1428 vivens.
1644 1392 1712 1426 Hic
1732 1390 1909 1425 Osiander
1932 1393 2152 1434 magnificam

1164 1452 1313 1494 speciem
1333 1447 1524 1490 sapientiae
1543 1444 1701 1488 opponit.
1756 1442 1860 1476 Solus
1877 1441 1971 1475 Deus
1986 1450 2033 1476 est
2052 1443 2153 1478 iusti-

1164 1503 1233 1542 cia,
1261 1499 1355 1543 Ergo
1374 1498 1507 1532 habens
1524 1495 1651 1534 Deum,
1676 1492 1780 1527 habet
1801 1493 1985 1528 iusticiam.
2022 1493 2071 1527 lta
2091 1496 2153 1528 ab-

1164 1553 1261 1586 ducit
1288 1549 1452 1583 homines
1477 1561 1493 1580 a
1521 1552 1707 1588 conspectu
1742 1543 1963 1583 mediatoris,
2004 1552 2036 1578 et
2060 1546 2152 1580 delet

1163 1605 1287 1641 fidem,
1321 1602 1355 1634 id
1387 1607 1454 1638 est,
1493 1597 1655 1630 fiduciam
1680 1595 1958 1634 misericordiae,
1995 1602 2027 1629 et
2051 1596 2152 1631 docet

1165 1652 1325 1687 homines
1340 1652 1517 1685 confidere
1538 1648 1574 1680 in
1596 1646 1736 1691 propria
1756 1646 1924 1687 novitate,
1952 1657 2056 1690 quam
2076 1648 2150 1681 effi-

1163 1705 1208 1739 cit
1223 1703 1330 1738 Deus.

1264 1752 1327 1787 Est
1344 1752 1451 1795 igitur
1466 1749 1670 1793 imaginatio
1689 1746 1860 1781 Osiandri
1878 1748 2074 1790 corruptela
2088 1776 2096 1790 ‚
2119 1757 2151 1784 et

1164 1818 1236 1839 non
1262 1812 1310 1839 est
1341 1799 1566 1850 Zoyosmxt'a,
1602 1801 1660 1832 sed
1694 1799 1807 1842 reipsa
1838 1797 1976 1831 tollitur
2001 1811 2039 1832 ex
2066 1812 2151 1833 con-

1165 1864 1280 1899 spectu
1300 1855 1458 1888 doctrina
1480 1851 1672 1895 Evangelii,
1701 1857 1733 1882 et
1752 1856 1892 1881 movent
1911 1846 2071 1883 homiues
2091 1851 2150 1885 illa

1164 1904 1347 1951 θαύιιιατα
1370 1901 1563 1950 ῥημάτων,
1602 1901 1741 1936 lnsticia
1769 1900 1979 1940 essentialis,
2008 1908 2038 1934 et
2067 1899 2151 1936 haec

1167 2022 1287 2043 verum
1308 2015 1356 2041 est
1375 2008 1417 2040 de
1434 2018 1494 2040 sua
1513 2004 1649 2039 iusticia
1666 2011 1823 2042 aeterna,
1851 2009 1882 2035 et
1902 2002 2070 2036 immensa
2094 2004 2151 2037 iu-

1168 2061 1325 2101 dicante,
1354 2065 1513 2091 servante
1538 2064 1570 2090 et
1596 2057 1804 2094 damnante,
1832 2055 1876 2086 de
1899 2053 1994 2087 fonte
2017 2061 2047 2087 et
2070 2067 2151 2099 per-

1167 2112 1318 2145 fectione
1341 2109 1508 2143 iusticiae.
1561 2105 1606 2140 Et
1632 2105 1737 2139 simul
1763 2105 1955 2148 propositio
1981 2117 2059 2138 vera
2085 2113 2150 2140 est:

1169 2160 1383 2196 Obedientia
1410 2160 1472 2192 filii
1498 2165 1548 2192 est
1573 2157 1728 2196 iusticia,
1765 2168 1851 2199 quae
1875 2167 1939 2198 pro
1973 2156 2076 2189 nobis
2102 2163 2153 2191 est

1169 2214 1337 2258 pretium,
1383 2218 1414 2244 et
1441 2218 1489 2243 est
1514 2209 1723 2248 constituta,
1761 2213 1799 2239 ut
1830 2206 1874 2240 sit
1908 2206 1968 2241 illa
2003 2207 2152 2250 iusticia,

1168 2272 1312 2308 propter
1338 2274 1441 2307 quam
1465 2273 1529 2294 nos
1552 2260 1633 2293 iusti
1659 2265 1691 2292 et
1714 2257 1842 2300 accepti
1874 2257 1992 2292 simus.
2061 2256 2152 2292 Cum

1169 2327 1249 2358 ergo
1283 2314 1442 2348 additur:
1475 2312 1618 2345 Habens
1651 2308 1785 2347 Deum,
1826 2305 1931 2340 babet
1966 2309 2154 2351 iusticiam,

1169 2367 1343 2409 intelligas
1360 2371 1532 2410 quatenus
1550 2360 1670 2401 habet,
1691 2367 1730 2393 ut
1747 2359 1775 2391 si
1793 2359 1903 2391 dicas:
1932 2358 2036 2393 Solus
2053 2360 2151 2394 Deus

1169 2425 1217 2450 est
1237 2417 1428 2456 fortitudo,
1463 2413 1558 2457 Ergo
1584 2410 1717 2445 habens
1741 2409 2009 2450 fortitudinem,
2047 2408 2151 2444 habet

1168 2468 1295 2502 Deum.
1356 2466 1520 2500 Concedo
1546 2470 1718 2507 quatenus
1740 2458 1865 2501 habet,
1893 2467 1931 2494 ut
1954 2458 2154 2495 Alexander

1169 2519 1306 2552 fortiter
1325 2517 1499 2562 praelians
1515 2521 1671 2548 armatur
1685 2525 1701 2545 a
1717 2510 1812 2552 Deo,
1837 2511 1896 2544 sed
1920 2524 1992 2545 non
2010 2519 2153 2556 propte-

1169 2582 1226 2603 rea
1250 2570 1362 2602 iustus
1384 2574 1445 2602 est.
1498 2565 1547 2599 Ita
1563 2565 1701 2598 novitas
1717 2569 1767 2596 est
1784 2574 1872 2606 opus
1890 2560 1974 2604 Dei,
2001 2569 2034 2596 et
2051 2574 2153 2596 rena-

1170 2627 1226 2654 tus
1242 2618 1347 2653 habet
1365 2617 1498 2659 Deum,
1524 2617 1582 2650 sed
1602 2616 1668 2654 ita,
1693 2620 1732 2648 ut
1754 2614 1854 2658 prius
1875 2613 2019 2659 accipiat
2037 2613 2154 2658 impu-

1170 2678 1277 2706 tatam
1293 2669 1466 2704 iusticiam
1482 2674 1626 2715 propter
1643 2666 1754 2701 filium
1772 2664 1851 2699 fide.

1322 2720 1372 2757 80
