<?xml version="1.0" encoding="UTF-8"?>
<!DOCTYPE html PUBLIC "-//W3C//DTD XHTML 1.0 Transitional//EN"
    "http://www.w3.org/TR/xhtml1/DTD/xhtml1-transitional.dtd">
<html xmlns="http://www.w3.org/1999/xhtml" xml:lang="en" lang="en">
 <head>
  <title>
</title>
<meta http-equiv="Content-Type" content="text/html;charset=utf-8" />
  <meta name='ocr-system' content='tesseract 3.04.00' />
  <meta name='ocr-capabilities' content='ocr_page ocr_carea ocr_par ocr_line ocrx_word'/>
</head>
<body>
  <div class='ocr_page' id='page_1' title='image "./operaquaesupersu15melauoft/operaquaesupersu15melauoft_0286.png"; bbox 0 0 2415 2942; ppageno 0'>
   <div class='ocr_carea' id='block_1_1' title="bbox 273 80 346 118">
    <p class='ocr_par' dir='ltr' id='par_1_1' title="bbox 273 80 346 118">
     <span class='ocr_line' id='line_1_1' title="bbox 273 80 346 118; baseline -0.055 0"><span class='ocrx_word' id='word_1_1' title='bbox 273 80 346 118; x_wconf 84' lang='lat'>555</span> 
     </span>
    </p>
   </div>
   <div class='ocr_carea' id='block_1_2' title="bbox 276 155 1259 411">
    <p class='ocr_par' dir='ltr' id='par_1_2' title="bbox 276 155 1259 411">
     <span class='ocr_line' id='line_1_2' title="bbox 280 155 1254 209; baseline -0.011 -9"><span class='ocrx_word' id='word_1_2' title='bbox 280 174 369 200; x_wconf 80' lang='lat' dir='ltr'>stare</span> <span class='ocrx_word' id='word_1_3' title='bbox 388 176 473 209; x_wconf 86' lang='lat' dir='ltr'>quae</span> <span class='ocrx_word' id='word_1_4' title='bbox 492 160 548 195; x_wconf 84' lang='lat' dir='ltr'>bic</span> <span class='ocrx_word' id='word_1_5' title='bbox 567 159 763 205; x_wconf 85' lang='lat' dir='ltr'>pollicetur.</span> <span class='ocrx_word' id='word_1_6' title='bbox 817 156 1005 201; x_wconf 75' lang='lat' dir='ltr'>infigamus</span> <span class='ocrx_word' id='word_1_7' title='bbox 1030 168 1110 200; x_wconf 86' lang='lat' dir='ltr'>ergo</span> <span class='ocrx_word' id='word_1_8' title='bbox 1127 155 1254 190; x_wconf 88' lang='lat' dir='ltr'>animis</span> 
     </span>
     <span class='ocr_line' id='line_1_3' title="bbox 276 207 1259 252; baseline -0.01 -2"><span class='ocrx_word' id='word_1_9' title='bbox 276 216 342 250; x_wconf 80' lang='lat' dir='ltr'>boc</span> <span class='ocrx_word' id='word_1_10' title='bbox 367 216 497 247; x_wconf 86' lang='lat' dir='ltr'>dictum</span> <span class='ocrx_word' id='word_1_11' title='bbox 517 211 635 244; x_wconf 76' lang='lat' dir='ltr'>Pauli:</span> <span class='ocrx_word' id='word_1_12' title='bbox 670 209 748 242; x_wconf 79' lang='lat' dir='ltr'>Non</span> <span class='ocrx_word' id='word_1_13' title='bbox 773 209 879 252; x_wconf 89' lang='lat' dir='ltr'>pudet</span> <span class='ocrx_word' id='word_1_14' title='bbox 906 220 960 240; x_wconf 90' lang='lat' dir='ltr'>me</span> <span class='ocrx_word' id='word_1_15' title='bbox 984 207 1191 250; x_wconf 77' lang='lat' dir='ltr'>Evangelii,</span> <span class='ocrx_word' id='word_1_16' title='bbox 1219 213 1259 240; x_wconf 91' lang='lat' dir='ltr'>ut</span> 
     </span>
     <span class='ocr_line' id='line_1_4' title="bbox 277 256 1257 303; baseline -0.008 -5"><span class='ocrx_word' id='word_1_17' title='bbox 277 278 339 299; x_wconf 80' lang='lat' dir='ltr'>nos</span> <span class='ocrx_word' id='word_1_18' title='bbox 357 267 520 297; x_wconf 79' lang='lat' dir='ltr'>adversus</span> <span class='ocrx_word' id='word_1_19' title='bbox 537 261 665 295; x_wconf 88' lang='lat' dir='ltr'>iudicia</span> <span class='ocrx_word' id='word_1_20' title='bbox 686 259 876 303; x_wconf 88' lang='lat' dir='ltr'>impiorum</span> <span class='ocrx_word' id='word_1_21' title='bbox 893 259 1014 301; x_wconf 84' lang='lat' dir='ltr'>erigat.</span> <span class='ocrx_word' id='word_1_22' title='bbox 1051 256 1127 292; x_wconf 81' lang='lat' dir='ltr'>Etsi</span> <span class='ocrx_word' id='word_1_23' title='bbox 1142 264 1257 302; x_wconf 83' lang='lat' dir='ltr'>autem</span> 
     </span>
     <span class='ocr_line' id='line_1_5' title="bbox 278 306 1259 354; baseline -0.006 -6"><span class='ocrx_word' id='word_1_24' title='bbox 278 318 313 349; x_wconf 86' lang='lat' dir='ltr'>in</span> <span class='ocrx_word' id='word_1_25' title='bbox 341 314 482 347; x_wconf 62' lang='lat' dir='ltr'>exordio</span> <span class='ocrx_word' id='word_1_26' title='bbox 509 313 666 345; x_wconf 88' lang='lat' dir='ltr'>nondum</span> <span class='ocrx_word' id='word_1_27' title='bbox 693 311 847 354; x_wconf 88' lang='lat' dir='ltr'>disputat</span> <span class='ocrx_word' id='word_1_28' title='bbox 864 308 1015 350; x_wconf 87' lang='lat' dir='ltr'>Paulus,</span> <span class='ocrx_word' id='word_1_29' title='bbox 1041 315 1158 343; x_wconf 89' lang='lat' dir='ltr'>tamen</span> <span class='ocrx_word' id='word_1_30' title='bbox 1175 306 1259 342; x_wconf 86' lang='lat' dir='ltr'>baec</span> 
     </span>
     <span class='ocr_line' id='line_1_6' title="bbox 278 360 1002 411; baseline -0.01 -11"><span class='ocrx_word' id='word_1_31' title='bbox 278 363 390 411; x_wconf 55' lang='grc' dir='ltr'>ιζῧὶικὰ</span> <span class='ocrx_word' id='word_1_32' title='bbox 409 363 592 397; x_wconf 80' lang='lat' dir='ltr'>continent</span> <span class='ocrx_word' id='word_1_33' title='bbox 608 361 764 407; x_wconf 89' lang='lat' dir='ltr'>quinque</span> <span class='ocrx_word' id='word_1_34' title='bbox 779 360 881 395; x_wconf 88' lang='lat' dir='ltr'>utiles</span> <span class='ocrx_word' id='word_1_35' title='bbox 897 361 1002 393; x_wconf 92' lang='lat' dir='ltr'>locos.</span> 
     </span>
    </p>
   </div>
   <div class='ocr_carea' id='block_1_3' title="bbox 277 427 1263 676">
    <p class='ocr_par' dir='ltr' id='par_1_3' title="bbox 277 427 1263 676">
     <span class='ocr_line' id='line_1_7' title="bbox 379 427 1260 471; baseline -0.006 -7"><span class='ocrx_word' id='word_1_36' title='bbox 379 430 517 464; x_wconf 87' lang='lat' dir='ltr'>Primus</span> <span class='ocrx_word' id='word_1_37' title='bbox 535 436 584 463; x_wconf 91' lang='lat' dir='ltr'>est</span> <span class='ocrx_word' id='word_1_38' title='bbox 610 430 652 462; x_wconf 88' lang='lat' dir='ltr'>de</span> <span class='ocrx_word' id='word_1_39' title='bbox 678 429 774 462; x_wconf 87' lang='lat' dir='ltr'>cultu</span> <span class='ocrx_word' id='word_1_40' title='bbox 799 428 987 471; x_wconf 70' lang='lat' dir='ltr'>spirituali.</span> <span class='ocrx_word' id='word_1_41' title='bbox 1041 427 1104 462; x_wconf 89' lang='lat' dir='ltr'>Ait</span> <span class='ocrx_word' id='word_1_42' title='bbox 1127 438 1162 460; x_wconf 92' lang='lat' dir='ltr'>se</span> <span class='ocrx_word' id='word_1_43' title='bbox 1188 438 1260 460; x_wconf 89' lang='lat' dir='ltr'>ser-</span> 
     </span>
     <span class='ocr_line' id='line_1_8' title="bbox 278 476 1262 525; baseline -0.005 -11"><span class='ocrx_word' id='word_1_44' title='bbox 278 483 351 514; x_wconf 71' lang='lat' dir='ltr'>xire</span> <span class='ocrx_word' id='word_1_45' title='bbox 371 481 444 514; x_wconf 89' lang='lat' dir='ltr'>Deo</span> <span class='ocrx_word' id='word_1_46' title='bbox 464 482 500 514; x_wconf 91' lang='lat' dir='ltr'>iu</span> <span class='ocrx_word' id='word_1_47' title='bbox 517 481 663 525; x_wconf 89' lang='lat' dir='ltr'>spiritu,</span> <span class='ocrx_word' id='word_1_48' title='bbox 693 492 752 522; x_wconf 86' lang='lat' dir='ltr'>per</span> <span class='ocrx_word' id='word_1_49' title='bbox 770 491 897 512; x_wconf 90' lang='lat' dir='ltr'>munus</span> <span class='ocrx_word' id='word_1_50' title='bbox 912 478 1159 512; x_wconf 87' lang='lat' dir='ltr'>concionandi.</span> <span class='ocrx_word' id='word_1_51' title='bbox 1194 476 1262 510; x_wconf 88' lang='lat' dir='ltr'>Hic</span> 
     </span>
     <span class='ocr_line' id='line_1_9' title="bbox 277 529 1262 575; baseline -0.004 -10"><span class='ocrx_word' id='word_1_52' title='bbox 277 535 377 566; x_wconf 81' lang='lat' dir='ltr'>docet</span> <span class='ocrx_word' id='word_1_53' title='bbox 403 531 627 575; x_wconf 87' lang='lat' dir='ltr'>praecipuum</span> <span class='ocrx_word' id='word_1_54' title='bbox 653 531 785 563; x_wconf 89' lang='lat' dir='ltr'>cultum</span> <span class='ocrx_word' id='word_1_55' title='bbox 810 541 899 569; x_wconf 86' lang='lat' dir='ltr'>esse,</span> <span class='ocrx_word' id='word_1_56' title='bbox 926 531 1052 562; x_wconf 86' lang='lat' dir='ltr'>docere</span> <span class='ocrx_word' id='word_1_57' title='bbox 1075 536 1107 562; x_wconf 90' lang='lat' dir='ltr'>et</span> <span class='ocrx_word' id='word_1_58' title='bbox 1129 529 1262 562; x_wconf 82' lang='lat' dir='ltr'>discere</span> 
     </span>
     <span class='ocr_line' id='line_1_10' title="bbox 277 580 1263 626; baseline -0.005 -10"><span class='ocrx_word' id='word_1_59' title='bbox 277 582 530 624; x_wconf 80' lang='lat' dir='ltr'>Evangelium,</span> <span class='ocrx_word' id='word_1_60' title='bbox 558 582 652 626; x_wconf 87' lang='lat' dir='ltr'>quod</span> <span class='ocrx_word' id='word_1_61' title='bbox 680 580 880 613; x_wconf 81' lang='lat' dir='ltr'>meminisse</span> <span class='ocrx_word' id='word_1_62' title='bbox 903 580 1052 613; x_wconf 80' lang='lat' dir='ltr'>studiosi</span> <span class='ocrx_word' id='word_1_63' title='bbox 1074 586 1106 612; x_wconf 93' lang='lat' dir='ltr'>et</span> <span class='ocrx_word' id='word_1_64' title='bbox 1129 580 1179 623; x_wconf 91' lang='lat' dir='ltr'>pii</span> <span class='ocrx_word' id='word_1_65' title='bbox 1203 580 1263 611; x_wconf 93' lang='lat' dir='ltr'>de-</span> 
     </span>
     <span class='ocr_line' id='line_1_11' title="bbox 278 631 1213 676; baseline -0.004 -10"><span class='ocrx_word' id='word_1_66' title='bbox 278 635 383 676; x_wconf 86' lang='lat' dir='ltr'>bent,</span> <span class='ocrx_word' id='word_1_67' title='bbox 412 642 449 667; x_wconf 91' lang='lat' dir='ltr'>ut</span> <span class='ocrx_word' id='word_1_68' title='bbox 469 631 532 665; x_wconf 83' lang='lat' dir='ltr'>hos</span> <span class='ocrx_word' id='word_1_69' title='bbox 551 634 666 666; x_wconf 87' lang='lat' dir='ltr'>cultus</span> <span class='ocrx_word' id='word_1_70' title='bbox 682 632 814 664; x_wconf 84' lang='lat' dir='ltr'>maiore</span> <span class='ocrx_word' id='word_1_71' title='bbox 833 643 915 664; x_wconf 87' lang='lat' dir='ltr'>cura</span> <span class='ocrx_word' id='word_1_72' title='bbox 934 631 1007 663; x_wconf 87' lang='lat' dir='ltr'>Deo</span> <span class='ocrx_word' id='word_1_73' title='bbox 1027 636 1213 673; x_wconf 87' lang='lat' dir='ltr'>praestent.</span> 
     </span>
    </p>
   </div>
   <div class='ocr_carea' id='block_1_4' title="bbox 280 694 1265 987">
    <p class='ocr_par' dir='ltr' id='par_1_4' title="bbox 280 694 1265 987">
     <span class='ocr_line' id='line_1_12' title="bbox 382 694 1265 732; baseline -0.006 -1"><span class='ocrx_word' id='word_1_74' title='bbox 382 699 565 732; x_wconf 77' lang='lat' dir='ltr'>Secundus</span> <span class='ocrx_word' id='word_1_75' title='bbox 587 705 636 731; x_wconf 88' lang='lat' dir='ltr'>est</span> <span class='ocrx_word' id='word_1_76' title='bbox 655 698 697 730; x_wconf 84' lang='lat' dir='ltr'>de</span> <span class='ocrx_word' id='word_1_77' title='bbox 718 703 839 729; x_wconf 90' lang='lat' dir='ltr'>mutua</span> <span class='ocrx_word' id='word_1_78' title='bbox 858 696 1136 730; x_wconf 86' lang='lat' dir='ltr'>confirmatione.</span> <span class='ocrx_word' id='word_1_79' title='bbox 1173 694 1265 727; x_wconf 89' lang='lat' dir='ltr'>Pau-</span> 
     </span>
     <span class='ocr_line' id='line_1_13' title="bbox 280 745 1262 793; baseline -0.006 -10"><span class='ocrx_word' id='word_1_80' title='bbox 280 753 335 784; x_wconf 84' lang='lat' dir='ltr'>lus</span> <span class='ocrx_word' id='word_1_81' title='bbox 362 751 455 793; x_wconf 84' lang='lat' dir='ltr'>cupit</span> <span class='ocrx_word' id='word_1_82' title='bbox 484 749 563 781; x_wconf 86' lang='lat' dir='ltr'>illos</span> <span class='ocrx_word' id='word_1_83' title='bbox 590 750 714 780; x_wconf 84' lang='lat' dir='ltr'>docere</span> <span class='ocrx_word' id='word_1_84' title='bbox 737 754 768 779; x_wconf 92' lang='lat' dir='ltr'>et</span> <span class='ocrx_word' id='word_1_85' title='bbox 794 745 1019 785; x_wconf 80' lang='lat' dir='ltr'>confirmare,</span> <span class='ocrx_word' id='word_1_86' title='bbox 1047 759 1084 779; x_wconf 85' lang='lat' dir='ltr'>ac</span> <span class='ocrx_word' id='word_1_87' title='bbox 1109 745 1262 778; x_wconf 87' lang='lat' dir='ltr'>vicissim</span> 
     </span>
     <span class='ocr_line' id='line_1_14' title="bbox 280 795 1264 834; baseline -0.004 -2"><span class='ocrx_word' id='word_1_88' title='bbox 280 803 324 834; x_wconf 74' lang='lat' dir='ltr'>ab</span> <span class='ocrx_word' id='word_1_89' title='bbox 343 802 389 833; x_wconf 78' lang='lat' dir='ltr'>eis</span> <span class='ocrx_word' id='word_1_90' title='bbox 411 800 562 833; x_wconf 76' lang='lat' dir='ltr'>excitari.</span> <span class='ocrx_word' id='word_1_91' title='bbox 631 797 682 830; x_wconf 91' lang='lat' dir='ltr'>De</span> <span class='ocrx_word' id='word_1_92' title='bbox 703 795 766 829; x_wconf 84' lang='lat' dir='ltr'>hac</span> <span class='ocrx_word' id='word_1_93' title='bbox 785 804 904 829; x_wconf 86' lang='lat' dir='ltr'>mutua</span> <span class='ocrx_word' id='word_1_94' title='bbox 922 797 1186 829; x_wconf 84' lang='lat' dir='ltr'>confirmatione</span> <span class='ocrx_word' id='word_1_95' title='bbox 1210 797 1264 828; x_wconf 91' lang='lat' dir='ltr'>in-</span> 
     </span>
     <span class='ocr_line' id='line_1_15' title="bbox 283 846 1264 896; baseline -0.003 -15"><span class='ocrx_word' id='word_1_96' title='bbox 283 849 579 896; x_wconf 69' lang='lat' dir='ltr'>quithristusad</span> <span class='ocrx_word' id='word_1_97' title='bbox 596 848 752 881; x_wconf 82' lang='lat' dir='ltr'>Petrum:</span> <span class='ocrx_word' id='word_1_98' title='bbox 781 846 825 879; x_wconf 75' lang='lat' dir='ltr'>lit</span> <span class='ocrx_word' id='word_1_99' title='bbox 844 854 881 879; x_wconf 88' lang='lat' dir='ltr'>tn</span> <span class='ocrx_word' id='word_1_100' title='bbox 894 859 1082 879; x_wconf 81' lang='lat' dir='ltr'>conversus</span> <span class='ocrx_word' id='word_1_101' title='bbox 1098 847 1264 879; x_wconf 87' lang='lat' dir='ltr'>confirma</span> 
     </span>
     <span class='ocr_line' id='line_1_16' title="bbox 280 898 1265 941; baseline -0.005 -7"><span class='ocrx_word' id='word_1_102' title='bbox 280 905 405 935; x_wconf 81' lang='lat' dir='ltr'>fratres</span> <span class='ocrx_word' id='word_1_103' title='bbox 426 908 514 934; x_wconf 80' lang='lat' dir='ltr'>tuos.</span> <span class='ocrx_word' id='word_1_104' title='bbox 568 898 715 931; x_wconf 83' lang='lat' dir='ltr'>Prodest</span> <span class='ocrx_word' id='word_1_105' title='bbox 733 898 797 940; x_wconf 90' lang='lat' dir='ltr'>piis</span> <span class='ocrx_word' id='word_1_106' title='bbox 816 898 936 930; x_wconf 84' lang='lat' dir='ltr'>andire</span> <span class='ocrx_word' id='word_1_107' title='bbox 955 898 1093 940; x_wconf 86' lang='lat' dir='ltr'>piorum</span> <span class='ocrx_word' id='word_1_108' title='bbox 1117 905 1149 931; x_wconf 87' lang='lat' dir='ltr'>et</span> <span class='ocrx_word' id='word_1_109' title='bbox 1172 898 1265 941; x_wconf 87' lang='lat' dir='ltr'>peri·</span> 
     </span>
     <span class='ocr_line' id='line_1_17' title="bbox 282 949 867 987; baseline -0.007 -2"><span class='ocrx_word' id='word_1_110' title='bbox 282 961 397 987; x_wconf 89' lang='lat' dir='ltr'>torum</span> <span class='ocrx_word' id='word_1_111' title='bbox 418 949 615 983; x_wconf 85' lang='lat' dir='ltr'>testimonia</span> <span class='ocrx_word' id='word_1_112' title='bbox 634 950 677 981; x_wconf 90' lang='lat' dir='ltr'>de</span> <span class='ocrx_word' id='word_1_113' title='bbox 696 949 867 981; x_wconf 90' lang='lat' dir='ltr'>doctrina.</span> 
     </span>
    </p>
   </div>
   <div class='ocr_carea' id='block_1_5' title="bbox 283 1015 1281 2667">
    <p class='ocr_par' dir='ltr' id='par_1_5' title="bbox 283 1015 1281 2667">
     <span class='ocr_line' id='line_1_18' title="bbox 384 1015 1267 1060; baseline -0.002 -10"><span class='ocrx_word' id='word_1_114' title='bbox 384 1017 527 1050; x_wconf 82' lang='lat' dir='ltr'>Tertius</span> <span class='ocrx_word' id='word_1_115' title='bbox 552 1018 593 1050; x_wconf 90' lang='lat' dir='ltr'>de</span> <span class='ocrx_word' id='word_1_116' title='bbox 623 1016 814 1060; x_wconf 82' lang='lat' dir='ltr'>apostolico</span> <span class='ocrx_word' id='word_1_117' title='bbox 838 1015 964 1049; x_wconf 76' lang='lat' dir='ltr'>officio.</span> <span class='ocrx_word' id='word_1_118' title='bbox 1017 1016 1183 1056; x_wconf 83' lang='lat' dir='ltr'>Debitor,</span> <span class='ocrx_word' id='word_1_119' title='bbox 1211 1015 1267 1048; x_wconf 91' lang='lat' dir='ltr'>in-</span> 
     </span>
     <span class='ocr_line' id='line_1_19' title="bbox 283 1065 1265 1115; baseline -0.004 -12"><span class='ocrx_word' id='word_1_120' title='bbox 283 1071 378 1115; x_wconf 89' lang='lat' dir='ltr'>quit,</span> <span class='ocrx_word' id='word_1_121' title='bbox 406 1081 481 1102; x_wconf 87' lang='lat' dir='ltr'>snm</span> <span class='ocrx_word' id='word_1_122' title='bbox 499 1068 714 1112; x_wconf 70' lang='lat' dir='ltr'>sapientibus</span> <span class='ocrx_word' id='word_1_123' title='bbox 733 1074 763 1100; x_wconf 90' lang='lat' dir='ltr'>et</span> <span class='ocrx_word' id='word_1_124' title='bbox 784 1067 1044 1110; x_wconf 79' lang='lat' dir='ltr'>insipientibus.</span> <span class='ocrx_word' id='word_1_125' title='bbox 1099 1065 1265 1100; x_wconf 90' lang='lat' dir='ltr'>Gloriosa</span> 
     </span>
     <span class='ocr_line' id='line_1_20' title="bbox 283 1115 1266 1165; baseline -0.005 -11"><span class='ocrx_word' id='word_1_126' title='bbox 283 1121 438 1165; x_wconf 85' lang='lat' dir='ltr'>profecto</span> <span class='ocrx_word' id='word_1_127' title='bbox 462 1132 527 1152; x_wconf 80' lang='lat' dir='ltr'>vox</span> <span class='ocrx_word' id='word_1_128' title='bbox 549 1118 700 1152; x_wconf 72' lang='lat' dir='ltr'>videtur.</span> <span class='ocrx_word' id='word_1_129' title='bbox 759 1116 875 1150; x_wconf 82' lang='lat' dir='ltr'>Audet</span> <span class='ocrx_word' id='word_1_130' title='bbox 894 1115 1086 1161; x_wconf 75' lang='lat' dir='ltr'>Apostolus</span> <span class='ocrx_word' id='word_1_131' title='bbox 1111 1117 1266 1160; x_wconf 87' lang='lat' dir='ltr'>profiteri</span> 
     </span>
     <span class='ocr_line' id='line_1_21' title="bbox 284 1166 1266 1213; baseline -0.005 -8"><span class='ocrx_word' id='word_1_132' title='bbox 284 1184 318 1205; x_wconf 87' lang='lat' dir='ltr'>se</span> <span class='ocrx_word' id='word_1_133' title='bbox 340 1171 441 1203; x_wconf 85' lang='lat' dir='ltr'>etiam</span> <span class='ocrx_word' id='word_1_134' title='bbox 461 1169 633 1213; x_wconf 81' lang='lat' dir='ltr'>sapientes</span> <span class='ocrx_word' id='word_1_135' title='bbox 652 1180 749 1213; x_wconf 87' lang='lat' dir='ltr'>posse</span> <span class='ocrx_word' id='word_1_136' title='bbox 768 1169 902 1201; x_wconf 88' lang='lat' dir='ltr'>docere.</span> <span class='ocrx_word' id='word_1_137' title='bbox 955 1167 1080 1210; x_wconf 86' lang='lat' dir='ltr'>Qualis</span> <span class='ocrx_word' id='word_1_138' title='bbox 1103 1166 1186 1201; x_wconf 84' lang='lat' dir='ltr'>haec</span> <span class='ocrx_word' id='word_1_139' title='bbox 1211 1180 1266 1201; x_wconf 89' lang='lat' dir='ltr'>ar-</span> 
     </span>
     <span class='ocr_line' id='line_1_22' title="bbox 285 1218 1265 1264; baseline -0.004 -9"><span class='ocrx_word' id='word_1_140' title='bbox 285 1221 441 1264; x_wconf 74' lang='lat' dir='ltr'>rogantia</span> <span class='ocrx_word' id='word_1_141' title='bbox 468 1220 539 1253; x_wconf 66' lang='lat' dir='ltr'>visa</span> <span class='ocrx_word' id='word_1_142' title='bbox 572 1227 621 1253; x_wconf 90' lang='lat' dir='ltr'>est</span> <span class='ocrx_word' id='word_1_143' title='bbox 650 1219 852 1262; x_wconf 83' lang='lat' dir='ltr'>proceribus</span> <span class='ocrx_word' id='word_1_144' title='bbox 876 1218 1067 1262; x_wconf 82' lang='lat' dir='ltr'>Romanis,</span> <span class='ocrx_word' id='word_1_145' title='bbox 1106 1230 1265 1252; x_wconf 89' lang='lat' dir='ltr'>erronem</span> 
     </span>
     <span class='ocr_line' id='line_1_23' title="bbox 285 1269 1267 1314; baseline -0.004 -9"><span class='ocrx_word' id='word_1_146' title='bbox 285 1272 454 1306; x_wconf 88' lang='lat' dir='ltr'>Iudaeum</span> <span class='ocrx_word' id='word_1_147' title='bbox 478 1270 635 1314; x_wconf 91' lang='lat' dir='ltr'>polliceri</span> <span class='ocrx_word' id='word_1_148' title='bbox 659 1282 694 1302; x_wconf 88' lang='lat' dir='ltr'>se</span> <span class='ocrx_word' id='word_1_149' title='bbox 719 1270 821 1303; x_wconf 84' lang='lat' dir='ltr'>etiam</span> <span class='ocrx_word' id='word_1_150' title='bbox 848 1269 1045 1312; x_wconf 89' lang='lat' dir='ltr'>sapientum</span> <span class='ocrx_word' id='word_1_151' title='bbox 1063 1270 1267 1312; x_wconf 85' lang='lat' dir='ltr'>magistrum</span> 
     </span>
     <span class='ocr_line' id='line_1_24' title="bbox 286 1319 1268 1366; baseline -0.004 -11"><span class='ocrx_word' id='word_1_152' title='bbox 286 1322 381 1356; x_wconf 66' lang='lat' dir='ltr'>esse?</span> <span class='ocrx_word' id='word_1_153' title='bbox 416 1321 618 1366; x_wconf 79' lang='lat' dir='ltr'>plerunque</span> <span class='ocrx_word' id='word_1_154' title='bbox 642 1320 846 1353; x_wconf 86' lang='lat' dir='ltr'>excellentes</span> <span class='ocrx_word' id='word_1_155' title='bbox 873 1319 1023 1361; x_wconf 87' lang='lat' dir='ltr'>ingeniis</span> <span class='ocrx_word' id='word_1_156' title='bbox 1042 1327 1072 1352; x_wconf 88' lang='lat' dir='ltr'>et</span> <span class='ocrx_word' id='word_1_157' title='bbox 1097 1320 1268 1359; x_wconf 87' lang='lat' dir='ltr'>doctrina,</span> 
     </span>
     <span class='ocr_line' id='line_1_25' title="bbox 286 1370 1268 1417; baseline -0.003 -11"><span class='ocrx_word' id='word_1_158' title='bbox 286 1373 489 1417; x_wconf 88' lang='lat' dir='ltr'>praesertim</span> <span class='ocrx_word' id='word_1_159' title='bbox 515 1372 541 1403; x_wconf 92' lang='lat' dir='ltr'>si</span> <span class='ocrx_word' id='word_1_160' title='bbox 566 1372 703 1404; x_wconf 83' lang='lat' dir='ltr'>accedat</span> <span class='ocrx_word' id='word_1_161' title='bbox 721 1371 896 1414; x_wconf 79' lang='lat' dir='ltr'>persuasio</span> <span class='ocrx_word' id='word_1_162' title='bbox 914 1370 1106 1403; x_wconf 85' lang='lat' dir='ltr'>sanctitatis</span> <span class='ocrx_word' id='word_1_163' title='bbox 1125 1371 1167 1402; x_wconf 91' lang='lat' dir='ltr'>de</span> <span class='ocrx_word' id='word_1_164' title='bbox 1184 1381 1268 1410; x_wconf 89' lang='lat' dir='ltr'>sese,</span> 
     </span>
     <span class='ocr_line' id='line_1_26' title="bbox 287 1418 1268 1468; baseline -0.003 -12"><span class='ocrx_word' id='word_1_165' title='bbox 287 1423 438 1457; x_wconf 89' lang='lat' dir='ltr'>nimium</span> <span class='ocrx_word' id='word_1_166' title='bbox 457 1418 574 1468; x_wconf 60' lang='lat' dir='ltr'>se&#39;ipsi</span> <span class='ocrx_word' id='word_1_167' title='bbox 591 1421 831 1459; x_wconf 85' lang='lat' dir='ltr'>admirantur,</span> <span class='ocrx_word' id='word_1_168' title='bbox 859 1433 897 1453; x_wconf 89' lang='lat' dir='ltr'>ac</span> <span class='ocrx_word' id='word_1_169' title='bbox 915 1421 978 1452; x_wconf 91' lang='lat' dir='ltr'>sibi</span> <span class='ocrx_word' id='word_1_170' title='bbox 997 1421 1135 1453; x_wconf 88' lang='lat' dir='ltr'>divinos</span> <span class='ocrx_word' id='word_1_171' title='bbox 1153 1418 1268 1453; x_wconf 83' lang='lat' dir='ltr'>liono-</span> 
     </span>
     <span class='ocr_line' id='line_1_27' title="bbox 288 1471 1269 1516; baseline -0.004 -9"><span class='ocrx_word' id='word_1_172' title='bbox 288 1486 342 1508; x_wconf 87' lang='lat' dir='ltr'>res</span> <span class='ocrx_word' id='word_1_173' title='bbox 360 1473 469 1506; x_wconf 85' lang='lat' dir='ltr'>tribui</span> <span class='ocrx_word' id='word_1_174' title='bbox 490 1472 686 1515; x_wconf 83' lang='lat' dir='ltr'>postulant,</span> <span class='ocrx_word' id='word_1_175' title='bbox 714 1472 833 1516; x_wconf 90' lang='lat' dir='ltr'>quales</span> <span class='ocrx_word' id='word_1_176' title='bbox 861 1471 932 1503; x_wconf 88' lang='lat' dir='ltr'>vidi</span> <span class='ocrx_word' id='word_1_177' title='bbox 958 1471 1106 1516; x_wconf 87' lang='lat' dir='ltr'>aliquos.</span> <span class='ocrx_word' id='word_1_178' title='bbox 1160 1471 1269 1504; x_wconf 88' lang='lat' dir='ltr'>Tales</span> 
     </span>
     <span class='ocr_line' id='line_1_28' title="bbox 287 1519 1268 1566; baseline -0.006 -7"><span class='ocrx_word' id='word_1_179' title='bbox 287 1537 326 1559; x_wconf 87' lang='lat' dir='ltr'>ex</span> <span class='ocrx_word' id='word_1_180' title='bbox 343 1524 413 1557; x_wconf 83' lang='lat' dir='ltr'>alto</span> <span class='ocrx_word' id='word_1_181' title='bbox 431 1523 628 1566; x_wconf 89' lang='lat' dir='ltr'>despiciunt</span> <span class='ocrx_word' id='word_1_182' title='bbox 647 1521 813 1561; x_wconf 90' lang='lat' dir='ltr'>Paulum,</span> <span class='ocrx_word' id='word_1_183' title='bbox 849 1533 887 1554; x_wconf 87' lang='lat' dir='ltr'>ac</span> <span class='ocrx_word' id='word_1_184' title='bbox 911 1521 1071 1554; x_wconf 79' lang='lat' dir='ltr'>derident</span> <span class='ocrx_word' id='word_1_185' title='bbox 1095 1519 1186 1554; x_wconf 81' lang='lat' dir='ltr'>hanc</span> <span class='ocrx_word' id='word_1_186' title='bbox 1207 1534 1268 1553; x_wconf 91' lang='lat' dir='ltr'>vo-</span> 
     </span>
     <span class='ocr_line' id='line_1_29' title="bbox 288 1572 1268 1618; baseline -0.003 -11"><span class='ocrx_word' id='word_1_187' title='bbox 288 1587 379 1614; x_wconf 93' lang='lat' dir='ltr'>cem,</span> <span class='ocrx_word' id='word_1_188' title='bbox 421 1585 488 1618; x_wconf 90' lang='lat' dir='ltr'>qua</span> <span class='ocrx_word' id='word_1_189' title='bbox 516 1585 549 1606; x_wconf 89' lang='lat' dir='ltr'>se</span> <span class='ocrx_word' id='word_1_190' title='bbox 572 1573 812 1615; x_wconf 85' lang='lat' dir='ltr'>magistratum</span> <span class='ocrx_word' id='word_1_191' title='bbox 846 1583 918 1604; x_wconf 86' lang='lat' dir='ltr'>esse</span> <span class='ocrx_word' id='word_1_192' title='bbox 948 1572 1144 1614; x_wconf 89' lang='lat' dir='ltr'>sapientum</span> <span class='ocrx_word' id='word_1_193' title='bbox 1171 1572 1268 1606; x_wconf 89' lang='lat' dir='ltr'>dicit.</span> 
     </span>
     <span class='ocr_line' id='line_1_30' title="bbox 289 1622 1271 1666; baseline -0.004 -9"><span class='ocrx_word' id='word_1_194' title='bbox 289 1625 357 1659; x_wconf 84' lang='lat' dir='ltr'>Sed</span> <span class='ocrx_word' id='word_1_195' title='bbox 377 1636 441 1656; x_wconf 89' lang='lat' dir='ltr'>nos</span> <span class='ocrx_word' id='word_1_196' title='bbox 459 1624 724 1656; x_wconf 83' lang='lat' dir='ltr'>meminerimus</span> <span class='ocrx_word' id='word_1_197' title='bbox 737 1622 947 1666; x_wconf 83' lang='lat' dir='ltr'>Apostolum</span> <span class='ocrx_word' id='word_1_198' title='bbox 966 1633 1057 1659; x_wconf 89' lang='lat' dir='ltr'>esse,</span> <span class='ocrx_word' id='word_1_199' title='bbox 1082 1622 1143 1666; x_wconf 93' lang='lat' dir='ltr'>qui</span> <span class='ocrx_word' id='word_1_200' title='bbox 1168 1622 1271 1654; x_wconf 80' lang='lat' dir='ltr'>affert</span> 
     </span>
     <span class='ocr_line' id='line_1_31' title="bbox 288 1672 1270 1714; baseline -0.003 -7"><span class='ocrx_word' id='word_1_201' title='bbox 288 1687 361 1708; x_wconf 86' lang='lat' dir='ltr'>non</span> <span class='ocrx_word' id='word_1_202' title='bbox 400 1672 591 1707; x_wconf 81' lang='lat' dir='ltr'>humanam</span> <span class='ocrx_word' id='word_1_203' title='bbox 626 1673 846 1714; x_wconf 82' lang='lat' dir='ltr'>doctrinam,</span> <span class='ocrx_word' id='word_1_204' title='bbox 888 1674 947 1705; x_wconf 90' lang='lat' dir='ltr'>sed</span> <span class='ocrx_word' id='word_1_205' title='bbox 981 1672 1188 1705; x_wconf 87' lang='lat' dir='ltr'>coelestem:</span> <span class='ocrx_word' id='word_1_206' title='bbox 1233 1679 1270 1705; x_wconf 92' lang='lat' dir='ltr'>nt</span> 
     </span>
     <span class='ocr_line' id='line_1_32' title="bbox 288 1721 1271 1767; baseline -0.005 -8"><span class='ocrx_word' id='word_1_207' title='bbox 288 1724 403 1765; x_wconf 87' lang='lat' dir='ltr'>Elias,</span> <span class='ocrx_word' id='word_1_208' title='bbox 429 1724 604 1766; x_wconf 84' lang='lat' dir='ltr'>Elisaeus,</span> <span class='ocrx_word' id='word_1_209' title='bbox 630 1722 771 1767; x_wconf 80' lang='lat' dir='ltr'>Esaias,</span> <span class='ocrx_word' id='word_1_210' title='bbox 795 1730 893 1757; x_wconf 89' lang='lat' dir='ltr'>erant</span> <span class='ocrx_word' id='word_1_211' title='bbox 909 1721 1045 1766; x_wconf 81' lang='lat' dir='ltr'>Regum</span> <span class='ocrx_word' id='word_1_212' title='bbox 1071 1730 1102 1756; x_wconf 87' lang='lat' dir='ltr'>et</span> <span class='ocrx_word' id='word_1_213' title='bbox 1122 1722 1271 1755; x_wconf 79' lang='lat' dir='ltr'>Pontifi-</span> 
     </span>
     <span class='ocr_line' id='line_1_33' title="bbox 290 1774 1272 1818; baseline -0.003 -9"><span class='ocrx_word' id='word_1_214' title='bbox 290 1788 369 1809; x_wconf 88' lang='lat' dir='ltr'>cum</span> <span class='ocrx_word' id='word_1_215' title='bbox 396 1776 556 1809; x_wconf 90' lang='lat' dir='ltr'>doctores</span> <span class='ocrx_word' id='word_1_216' title='bbox 582 1782 614 1808; x_wconf 91' lang='lat' dir='ltr'>et</span> <span class='ocrx_word' id='word_1_217' title='bbox 644 1775 916 1818; x_wconf 83' lang='lat' dir='ltr'>gubernatores,</span> <span class='ocrx_word' id='word_1_218' title='bbox 950 1775 999 1807; x_wconf 92' lang='lat' dir='ltr'>sic</span> <span class='ocrx_word' id='word_1_219' title='bbox 1027 1774 1211 1807; x_wconf 74' lang='lat' dir='ltr'>audiamus</span> <span class='ocrx_word' id='word_1_220' title='bbox 1240 1780 1272 1806; x_wconf 90' lang='lat' dir='ltr'>et</span> 
     </span>
     <span class='ocr_line' id='line_1_34' title="bbox 290 1824 1270 1870; baseline -0.003 -11"><span class='ocrx_word' id='word_1_221' title='bbox 290 1825 453 1866; x_wconf 85' lang='lat' dir='ltr'>Paulum,</span> <span class='ocrx_word' id='word_1_222' title='bbox 481 1838 543 1859; x_wconf 91' lang='lat' dir='ltr'>nec</span> <span class='ocrx_word' id='word_1_223' title='bbox 562 1827 689 1870; x_wconf 88' lang='lat' dir='ltr'>pudeat</span> <span class='ocrx_word' id='word_1_224' title='bbox 704 1825 875 1869; x_wconf 85' lang='lat' dir='ltr'>sapientes</span> <span class='ocrx_word' id='word_1_225' title='bbox 891 1836 910 1858; x_wconf 79' lang='lat' dir='ltr'>a</span> <span class='ocrx_word' id='word_1_226' title='bbox 927 1824 1005 1857; x_wconf 91' lang='lat' dir='ltr'>Deo</span> <span class='ocrx_word' id='word_1_227' title='bbox 1024 1825 1166 1864; x_wconf 86' lang='lat' dir='ltr'>discere,</span> <span class='ocrx_word' id='word_1_228' title='bbox 1192 1836 1270 1857; x_wconf 89' lang='lat' dir='ltr'>cum</span> 
     </span>
     <span class='ocr_line' id='line_1_35' title="bbox 292 1873 1273 1920; baseline -0.003 -10"><span class='ocrx_word' id='word_1_229' title='bbox 292 1879 392 1911; x_wconf 91' lang='lat' dir='ltr'>toties</span> <span class='ocrx_word' id='word_1_230' title='bbox 419 1877 638 1920; x_wconf 85' lang='lat' dir='ltr'>experiamur</span> <span class='ocrx_word' id='word_1_231' title='bbox 668 1873 857 1908; x_wconf 84' lang='lat' dir='ltr'>humanam</span> <span class='ocrx_word' id='word_1_232' title='bbox 888 1875 1095 1920; x_wconf 89' lang='lat' dir='ltr'>sapientiam</span> <span class='ocrx_word' id='word_1_233' title='bbox 1123 1875 1273 1918; x_wconf 87' lang='lat' dir='ltr'>turpiter</span> 
     </span>
     <span class='ocr_line' id='line_1_36' title="bbox 291 1925 1274 1970; baseline -0.003 -10"><span class='ocrx_word' id='word_1_234' title='bbox 291 1925 504 1960; x_wconf 84' lang='lat' dir='ltr'>hallucinari</span> <span class='ocrx_word' id='word_1_235' title='bbox 527 1939 563 1959; x_wconf 91' lang='lat' dir='ltr'>ac</span> <span class='ocrx_word' id='word_1_236' title='bbox 583 1927 704 1970; x_wconf 92' lang='lat' dir='ltr'>procul</span> <span class='ocrx_word' id='word_1_237' title='bbox 722 1927 901 1964; x_wconf 87' lang='lat' dir='ltr'>deerrare,</span> <span class='ocrx_word' id='word_1_238' title='bbox 928 1933 967 1960; x_wconf 91' lang='lat' dir='ltr'>ut</span> <span class='ocrx_word' id='word_1_239' title='bbox 991 1938 1112 1958; x_wconf 88' lang='lat' dir='ltr'>omnes</span> <span class='ocrx_word' id='word_1_240' title='bbox 1136 1926 1274 1969; x_wconf 90' lang='lat' dir='ltr'>sapien-</span> 
     </span>
     <span class='ocr_line' id='line_1_37' title="bbox 291 1976 1274 2022; baseline -0.003 -11"><span class='ocrx_word' id='word_1_241' title='bbox 291 1984 342 2012; x_wconf 84' lang='lat' dir='ltr'>tes</span> <span class='ocrx_word' id='word_1_242' title='bbox 359 1978 490 2022; x_wconf 82' lang='lat' dir='ltr'>quaesti</span> <span class='ocrx_word' id='word_1_243' title='bbox 511 1984 602 2012; x_wconf 91' lang='lat' dir='ltr'>sunt.</span> <span class='ocrx_word' id='word_1_244' title='bbox 633 1976 677 2011; x_wconf 88' lang='lat' dir='ltr'>Et</span> <span class='ocrx_word' id='word_1_245' title='bbox 695 1977 792 2010; x_wconf 87' lang='lat' dir='ltr'>Deus</span> <span class='ocrx_word' id='word_1_246' title='bbox 807 1976 940 2021; x_wconf 88' lang='lat' dir='ltr'>inquit:</span> <span class='ocrx_word' id='word_1_247' title='bbox 970 1976 1117 2009; x_wconf 77' lang='lat' dir='ltr'>Perdam</span> <span class='ocrx_word' id='word_1_248' title='bbox 1135 1976 1274 2019; x_wconf 90' lang='lat' dir='ltr'>sapien-</span> 
     </span>
     <span class='ocr_line' id='line_1_38' title="bbox 293 2027 1272 2072; baseline -0.003 -12"><span class='ocrx_word' id='word_1_249' title='bbox 293 2029 376 2061; x_wconf 86' lang='lat' dir='ltr'>tiam</span> <span class='ocrx_word' id='word_1_250' title='bbox 403 2028 618 2071; x_wconf 84' lang='lat' dir='ltr'>sapientum.</span> <span class='ocrx_word' id='word_1_251' title='bbox 646 2034 683 2061; x_wconf 88' lang='lat' dir='ltr'>ut</span> <span class='ocrx_word' id='word_1_252' title='bbox 711 2028 864 2072; x_wconf 88' lang='lat' dir='ltr'>profecto</span> <span class='ocrx_word' id='word_1_253' title='bbox 891 2027 1050 2060; x_wconf 89' lang='lat' dir='ltr'>omnium</span> <span class='ocrx_word' id='word_1_254' title='bbox 1075 2034 1272 2070; x_wconf 86' lang='lat' dir='ltr'>temporum</span> 
     </span>
     <span class='ocr_line' id='line_1_39' title="bbox 294 2077 1274 2121; baseline -0.003 -10"><span class='ocrx_word' id='word_1_255' title='bbox 294 2077 460 2111; x_wconf 84' lang='lat' dir='ltr'>historiae</span> <span class='ocrx_word' id='word_1_256' title='bbox 484 2079 695 2115; x_wconf 88' lang='lat' dir='ltr'>ostendunt,</span> <span class='ocrx_word' id='word_1_257' title='bbox 739 2084 770 2110; x_wconf 85' lang='lat' dir='ltr'>et</span> <span class='ocrx_word' id='word_1_258' title='bbox 794 2077 999 2121; x_wconf 84' lang='lat' dir='ltr'>quotidiana</span> <span class='ocrx_word' id='word_1_259' title='bbox 1023 2077 1093 2110; x_wconf 91' lang='lat' dir='ltr'>vita</span> <span class='ocrx_word' id='word_1_260' title='bbox 1117 2083 1274 2109; x_wconf 86' lang='lat' dir='ltr'>testatur.</span> 
     </span>
     <span class='ocr_line' id='line_1_40' title="bbox 295 2127 1276 2171; baseline -0.002 -10"><span class='ocrx_word' id='word_1_261' title='bbox 295 2128 448 2161; x_wconf 88' lang='lat' dir='ltr'>Pertinet</span> <span class='ocrx_word' id='word_1_262' title='bbox 474 2136 588 2161; x_wconf 90' lang='lat' dir='ltr'>antem</span> <span class='ocrx_word' id='word_1_263' title='bbox 606 2129 647 2162; x_wconf 90' lang='lat' dir='ltr'>ad</span> <span class='ocrx_word' id='word_1_264' title='bbox 669 2128 830 2171; x_wconf 85' lang='lat' dir='ltr'>Apostoli</span> <span class='ocrx_word' id='word_1_265' title='bbox 855 2127 1009 2160; x_wconf 83' lang='lat' dir='ltr'>officium</span> <span class='ocrx_word' id='word_1_266' title='bbox 1026 2134 1193 2171; x_wconf 88' lang='lat' dir='ltr'>utrosque</span> <span class='ocrx_word' id='word_1_267' title='bbox 1212 2128 1276 2159; x_wconf 89' lang='lat' dir='ltr'>do-</span> 
     </span>
     <span class='ocr_line' id='line_1_41' title="bbox 295 2177 1275 2223; baseline -0.002 -12"><span class='ocrx_word' id='word_1_268' title='bbox 295 2191 383 2218; x_wconf 87' lang='lat' dir='ltr'>cere,</span> <span class='ocrx_word' id='word_1_269' title='bbox 408 2180 580 2223; x_wconf 82' lang='lat' dir='ltr'>sapientes</span> <span class='ocrx_word' id='word_1_270' title='bbox 596 2187 628 2212; x_wconf 86' lang='lat' dir='ltr'>et</span> <span class='ocrx_word' id='word_1_271' title='bbox 646 2179 861 2222; x_wconf 88' lang='lat' dir='ltr'>insipientes,</span> <span class='ocrx_word' id='word_1_272' title='bbox 877 2184 1106 2220; x_wconf 87' lang='lat' dir='ltr'>attemperare</span> <span class='ocrx_word' id='word_1_273' title='bbox 1122 2189 1156 2210; x_wconf 88' lang='lat' dir='ltr'>se</span> <span class='ocrx_word' id='word_1_274' title='bbox 1173 2177 1275 2210; x_wconf 89' lang='lat' dir='ltr'>etiam</span> 
     </span>
     <span class='ocr_line' id='line_1_42' title="bbox 296 2227 1277 2274; baseline 0.001 -14"><span class='ocrx_word' id='word_1_275' title='bbox 296 2230 337 2261; x_wconf 82' lang='lat' dir='ltr'>ad</span> <span class='ocrx_word' id='word_1_276' title='bbox 359 2229 586 2262; x_wconf 80' lang='lat' dir='ltr'>imbecillium</span> <span class='ocrx_word' id='word_1_277' title='bbox 605 2237 743 2274; x_wconf 85' lang='lat' dir='ltr'>captum</span> <span class='ocrx_word' id='word_1_278' title='bbox 762 2229 862 2261; x_wconf 88' lang='lat' dir='ltr'>debet</span> <span class='ocrx_word' id='word_1_279' title='bbox 876 2253 884 2266; x_wconf 89' lang='lat'>,</span> <span class='ocrx_word' id='word_1_280' title='bbox 911 2228 998 2262; x_wconf 88' lang='lat' dir='ltr'>sicut</span> <span class='ocrx_word' id='word_1_281' title='bbox 1013 2227 1143 2261; x_wconf 88' lang='lat' dir='ltr'>Paulus</span> <span class='ocrx_word' id='word_1_282' title='bbox 1162 2228 1277 2272; x_wconf 84' lang='lat' dir='ltr'>inquit</span> 
     </span>
     <span class='ocr_line' id='line_1_43' title="bbox 301 2276 1276 2318; baseline -0.001 -7"><span class='ocrx_word' id='word_1_283' title='bbox 301 2281 316 2311; x_wconf 92' lang='lat'>1</span> <span class='ocrx_word' id='word_1_284' title='bbox 339 2279 419 2312; x_wconf 88' lang='lat' dir='ltr'>Cor.</span> <span class='ocrx_word' id='word_1_285' title='bbox 437 2280 486 2313; x_wconf 83' lang='grc'>3.;</span> <span class='ocrx_word' id='word_1_286' title='bbox 517 2279 562 2314; x_wconf 85' lang='lat' dir='ltr'>Ut</span> <span class='ocrx_word' id='word_1_287' title='bbox 584 2280 803 2318; x_wconf 87' lang='lat' dir='ltr'>carnalibus,</span> <span class='ocrx_word' id='word_1_288' title='bbox 832 2285 869 2312; x_wconf 90' lang='lat' dir='ltr'>ut</span> <span class='ocrx_word' id='word_1_289' title='bbox 893 2278 1056 2313; x_wconf 70' lang='lat' dir='ltr'>infantili.</span> <span class='ocrx_word' id='word_1_290' title='bbox 1083 2278 1118 2311; x_wconf 90' lang='lat' dir='ltr'>in</span> <span class='ocrx_word' id='word_1_291' title='bbox 1136 2276 1276 2312; x_wconf 86' lang='lat' dir='ltr'>Christo</span> 
     </span>
     <span class='ocr_line' id='line_1_44' title="bbox 298 2328 1278 2373; baseline 0 -12"><span class='ocrx_word' id='word_1_292' title='bbox 298 2330 524 2364; x_wconf 84' lang='lat' dir='ltr'>concionatus</span> <span class='ocrx_word' id='word_1_293' title='bbox 539 2344 638 2370; x_wconf 90' lang='lat' dir='ltr'>sum,</span> <span class='ocrx_word' id='word_1_294' title='bbox 665 2330 752 2363; x_wconf 86' lang='lat' dir='ltr'>lacte</span> <span class='ocrx_word' id='word_1_295' title='bbox 778 2342 838 2362; x_wconf 88' lang='lat' dir='ltr'>vos</span> <span class='ocrx_word' id='word_1_296' title='bbox 857 2329 987 2373; x_wconf 83' lang='lat' dir='ltr'>potavi.</span> <span class='ocrx_word' id='word_1_297' title='bbox 1044 2328 1091 2362; x_wconf 87' lang='lat' dir='ltr'>lta</span> <span class='ocrx_word' id='word_1_298' title='bbox 1118 2330 1278 2362; x_wconf 89' lang='lat' dir='ltr'>doctores</span> 
     </span>
     <span class='ocr_line' id='line_1_45' title="bbox 298 2379 1278 2424; baseline 0.002 -13"><span class='ocrx_word' id='word_1_299' title='bbox 298 2387 331 2411; x_wconf 84' lang='lat' dir='ltr'>et</span> <span class='ocrx_word' id='word_1_300' title='bbox 347 2381 595 2422; x_wconf 82' lang='lat' dir='ltr'>gubernatores</span> <span class='ocrx_word' id='word_1_301' title='bbox 611 2379 847 2415; x_wconf 85' lang='lat' dir='ltr'>Ecclesiarum</span> <span class='ocrx_word' id='word_1_302' title='bbox 874 2387 1073 2424; x_wconf 83' lang='lat' dir='ltr'>proponant</span> <span class='ocrx_word' id='word_1_303' title='bbox 1095 2380 1217 2422; x_wconf 84' lang='lat' dir='ltr'>utilia,</span> <span class='ocrx_word' id='word_1_304' title='bbox 1246 2387 1278 2413; x_wconf 92' lang='lat' dir='ltr'>et</span> 
     </span>
     <span class='ocr_line' id='line_1_46' title="bbox 299 2429 1279 2475; baseline 0.002 -15"><span class='ocrx_word' id='word_1_305' title='bbox 299 2440 333 2461; x_wconf 87' lang='lat' dir='ltr'>se</span> <span class='ocrx_word' id='word_1_306' title='bbox 359 2430 400 2461; x_wconf 84' lang='lat' dir='ltr'>ad</span> <span class='ocrx_word' id='word_1_307' title='bbox 426 2431 633 2464; x_wconf 90' lang='lat' dir='ltr'>discentium</span> <span class='ocrx_word' id='word_1_308' title='bbox 657 2438 794 2475; x_wconf 87' lang='lat' dir='ltr'>captum</span> <span class='ocrx_word' id='word_1_309' title='bbox 819 2437 1058 2474; x_wconf 89' lang='lat' dir='ltr'>attemperent.</span> <span class='ocrx_word' id='word_1_310' title='bbox 1120 2429 1279 2474; x_wconf 79' lang='lat' dir='ltr'>Imperiti</span> 
     </span>
     <span class='ocr_line' id='line_1_47' title="bbox 300 2480 1280 2525; baseline 0 -13"><span class='ocrx_word' id='word_1_311' title='bbox 300 2487 331 2512; x_wconf 84' lang='lat' dir='ltr'>et</span> <span class='ocrx_word' id='word_1_312' title='bbox 352 2480 471 2517; x_wconf 84' lang='lat' dir='ltr'>rudes,</span> <span class='ocrx_word' id='word_1_313' title='bbox 500 2494 577 2514; x_wconf 91' lang='lat' dir='ltr'>cum</span> <span class='ocrx_word' id='word_1_314' title='bbox 603 2494 673 2515; x_wconf 90' lang='lat' dir='ltr'>non</span> <span class='ocrx_word' id='word_1_315' title='bbox 698 2481 848 2515; x_wconf 86' lang='lat' dir='ltr'>andiunt</span> <span class='ocrx_word' id='word_1_316' title='bbox 864 2481 991 2514; x_wconf 86' lang='lat' dir='ltr'>diserte</span> <span class='ocrx_word' id='word_1_317' title='bbox 1009 2480 1197 2525; x_wconf 80' lang='lat' dir='ltr'>explicata,</span> <span class='ocrx_word' id='word_1_318' title='bbox 1223 2480 1280 2512; x_wconf 91' lang='lat' dir='ltr'>in-</span> 
     </span>
     <span class='ocr_line' id='line_1_48' title="bbox 300 2531 1280 2578; baseline 0.002 -17"><span class='ocrx_word' id='word_1_319' title='bbox 300 2531 436 2562; x_wconf 88' lang='lat' dir='ltr'>terdum</span> <span class='ocrx_word' id='word_1_320' title='bbox 463 2531 564 2564; x_wconf 81' lang='lat' dir='ltr'>salsas</span> <span class='ocrx_word' id='word_1_321' title='bbox 590 2532 827 2575; x_wconf 81' lang='lat' dir='ltr'>persuasiones</span> <span class='ocrx_word' id='word_1_322' title='bbox 851 2531 1073 2575; x_wconf 89' lang='lat' dir='ltr'>concipiunt,</span> <span class='ocrx_word' id='word_1_323' title='bbox 1115 2537 1154 2564; x_wconf 90' lang='lat' dir='ltr'>ut</span> <span class='ocrx_word' id='word_1_324' title='bbox 1179 2542 1280 2578; x_wconf 90' lang='lat' dir='ltr'>saepe</span> 
     </span>
     <span class='ocr_line' id='line_1_49' title="bbox 300 2580 1281 2626; baseline 0.002 -15"><span class='ocrx_word' id='word_1_325' title='bbox 300 2581 545 2618; x_wconf 81' lang='lat' dir='ltr'>animadverti.</span> <span class='ocrx_word' id='word_1_326' title='bbox 599 2580 669 2614; x_wconf 81' lang='lat' dir='ltr'>lam</span> <span class='ocrx_word' id='word_1_327' title='bbox 696 2582 736 2613; x_wconf 84' lang='lat' dir='ltr'>ad</span> <span class='ocrx_word' id='word_1_328' title='bbox 764 2583 950 2626; x_wconf 84' lang='lat' dir='ltr'>imaginem</span> <span class='ocrx_word' id='word_1_329' title='bbox 969 2581 1070 2615; x_wconf 88' lang='lat' dir='ltr'>Pauli</span> <span class='ocrx_word' id='word_1_330' title='bbox 1096 2581 1281 2615; x_wconf 86' lang='lat' dir='ltr'>conferan-</span> 
     </span>
     <span class='ocr_line' id='line_1_50' title="bbox 300 2629 1280 2667; baseline 0.002 -4"><span class='ocrx_word' id='word_1_331' title='bbox 300 2639 355 2663; x_wconf 72' lang='lat' dir='ltr'>tur</span> <span class='ocrx_word' id='word_1_332' title='bbox 373 2629 557 2666; x_wconf 84' lang='lat' dir='ltr'>Pontifices</span> <span class='ocrx_word' id='word_1_333' title='bbox 580 2639 611 2665; x_wconf 90' lang='lat' dir='ltr'>et</span> <span class='ocrx_word' id='word_1_334' title='bbox 631 2629 808 2666; x_wconf 81' lang='lat' dir='ltr'>Monacbi.</span> <span class='ocrx_word' id='word_1_335' title='bbox 863 2631 992 2667; x_wconf 83' lang='lat' dir='ltr'>Paulus</span> <span class='ocrx_word' id='word_1_336' title='bbox 1013 2632 1062 2667; x_wconf 90' lang='lat' dir='ltr'>ait</span> <span class='ocrx_word' id='word_1_337' title='bbox 1086 2644 1120 2666; x_wconf 91' lang='lat' dir='ltr'>se</span> <span class='ocrx_word' id='word_1_338' title='bbox 1141 2632 1280 2666; x_wconf 87' lang='lat' dir='ltr'>debito-</span> 
     </span>
    </p>
   </div>
   <div class='ocr_carea' id='block_1_6' title="bbox 864 69 1692 108">
    <p class='ocr_par' dir='ltr' id='par_1_6' title="bbox 864 69 1692 108">
     <span class='ocr_line' id='line_1_51' title="bbox 864 69 1692 108; baseline 0.001 -2"><span class='ocrx_word' id='word_1_339' title='bbox 864 71 986 107; x_wconf 71' lang='lat' dir='ltr'>1³1-11L.</span> <span class='ocrx_word' id='word_1_340' title='bbox 1013 69 1128 108; x_wconf 76' lang='lat' dir='ltr'>MEL.</span> <span class='ocrx_word' id='word_1_341' title='bbox 1156 69 1366 106; x_wconf 82' lang='lat' dir='ltr'>SCRIPTA</span> <span class='ocrx_word' id='word_1_342' title='bbox 1395 69 1692 107; x_wconf 77' lang='lat' dir='ltr'>EXEGETICA.</span> 
     </span>
    </p>
   </div>
   <div class='ocr_carea' id='block_1_7' title="bbox 1295 1594 1304 2414">
    <p class='ocr_par' dir='ltr' id='par_1_7' title="bbox 1295 1594 1304 2414">
     <span class='ocr_line' id='line_1_52' title="bbox 1295 1594 1304 2414; baseline 0 0"><span class='ocrx_word' id='word_1_343' title='bbox 1295 1594 1304 2414; x_wconf 95' lang='lat' dir='ltr'> </span> 
     </span>
    </p>
   </div>
   <div class='ocr_carea' id='block_1_8' title="bbox 2218 71 2292 108">
    <p class='ocr_par' dir='ltr' id='par_1_8' title="bbox 2218 71 2292 108">
     <span class='ocr_line' id='line_1_53' title="bbox 2218 71 2292 108; baseline 0 0"><span class='ocrx_word' id='word_1_344' title='bbox 2218 71 2292 108; x_wconf 88' lang='grc'>556</span> 
     </span>
    </p>
   </div>
   <div class='ocr_carea' id='block_1_9' title="bbox 1311 157 2293 254">
    <p class='ocr_par' dir='ltr' id='par_1_9' title="bbox 1311 157 2293 254">
     <span class='ocr_line' id='line_1_54' title="bbox 1311 157 2293 203; baseline 0.001 -13"><span class='ocrx_word' id='word_1_345' title='bbox 1311 169 1383 191; x_wconf 88' lang='lat' dir='ltr'>rem</span> <span class='ocrx_word' id='word_1_346' title='bbox 1407 168 1499 201; x_wconf 89' lang='lat' dir='ltr'>esse,</span> <span class='ocrx_word' id='word_1_347' title='bbox 1527 163 1565 191; x_wconf 89' lang='lat' dir='ltr'>nt</span> <span class='ocrx_word' id='word_1_348' title='bbox 1588 158 1731 198; x_wconf 87' lang='lat' dir='ltr'>doceat,</span> <span class='ocrx_word' id='word_1_349' title='bbox 1759 164 1808 192; x_wconf 90' lang='lat' dir='ltr'>est</span> <span class='ocrx_word' id='word_1_350' title='bbox 1833 158 2005 203; x_wconf 85' lang='lat' dir='ltr'>obligatus</span> <span class='ocrx_word' id='word_1_351' title='bbox 2034 159 2200 192; x_wconf 86' lang='lat' dir='ltr'>mandato</span> <span class='ocrx_word' id='word_1_352' title='bbox 2226 157 2293 192; x_wconf 90' lang='lat' dir='ltr'>Dei</span> 
     </span>
     <span class='ocr_line' id='line_1_55' title="bbox 1311 206 2293 254; baseline 0 -13"><span class='ocrx_word' id='word_1_353' title='bbox 1311 209 1353 242; x_wconf 86' lang='lat' dir='ltr'>ad</span> <span class='ocrx_word' id='word_1_354' title='bbox 1372 206 1437 242; x_wconf 86' lang='lat' dir='ltr'>boc</span> <span class='ocrx_word' id='word_1_355' title='bbox 1455 219 1595 241; x_wconf 89' lang='lat' dir='ltr'>munus.</span> <span class='ocrx_word' id='word_1_356' title='bbox 1652 207 1699 242; x_wconf 87' lang='lat' dir='ltr'>At</span> <span class='ocrx_word' id='word_1_357' title='bbox 1722 207 1908 243; x_wconf 81' lang='lat' dir='ltr'>Pontifices</span> <span class='ocrx_word' id='word_1_358' title='bbox 1932 222 1975 243; x_wconf 93' lang='lat' dir='ltr'>ne</span> <span class='ocrx_word' id='word_1_359' title='bbox 1998 211 2124 244; x_wconf 89' lang='lat' dir='ltr'>volunt</span> <span class='ocrx_word' id='word_1_360' title='bbox 2150 209 2293 254; x_wconf 88' lang='lat' dir='ltr'>quidem</span> 
     </span>
    </p>
   </div>
   <div class='ocr_carea' id='block_1_10' title="bbox 1313 259 2316 2679">
    <p class='ocr_par' dir='ltr' id='par_1_10' title="bbox 1313 259 2316 2679">
     <span class='ocr_line' id='line_1_56' title="bbox 1313 259 2295 305; baseline 0.001 -13"><span class='ocrx_word' id='word_1_361' title='bbox 1313 260 1458 299; x_wconf 88' lang='lat' dir='ltr'>docere,</span> <span class='ocrx_word' id='word_1_362' title='bbox 1500 260 1557 292; x_wconf 88' lang='lat' dir='ltr'>sed</span> <span class='ocrx_word' id='word_1_363' title='bbox 1586 265 1720 292; x_wconf 86' lang='lat' dir='ltr'>tanturn</span> <span class='ocrx_word' id='word_1_364' title='bbox 1753 260 1935 305; x_wconf 87' lang='lat' dir='ltr'>tyrannico</span> <span class='ocrx_word' id='word_1_365' title='bbox 1961 272 2056 294; x_wconf 90' lang='lat' dir='ltr'>more</span> <span class='ocrx_word' id='word_1_366' title='bbox 2081 259 2295 293; x_wconf 87' lang='lat' dir='ltr'>dominatio-</span> 
     </span>
     <span class='ocr_line' id='line_1_57' title="bbox 1313 308 2295 344; baseline 0 -2"><span class='ocrx_word' id='word_1_367' title='bbox 1313 322 1393 342; x_wconf 89' lang='lat' dir='ltr'>nem</span> <span class='ocrx_word' id='word_1_368' title='bbox 1419 310 1519 344; x_wconf 90' lang='lat' dir='ltr'>tueri.</span> <span class='ocrx_word' id='word_1_369' title='bbox 1572 308 1880 343; x_wconf 80' lang='lat' dir='ltr'>Confirmaverunt</span> <span class='ocrx_word' id='word_1_370' title='bbox 1900 310 2096 344; x_wconf 87' lang='lat' dir='ltr'>idolatriam</span> <span class='ocrx_word' id='word_1_371' title='bbox 2117 312 2154 344; x_wconf 91' lang='lat' dir='ltr'>in</span> <span class='ocrx_word' id='word_1_372' title='bbox 2173 308 2295 344; x_wconf 81' lang='lat' dir='ltr'>Eccle-</span> 
     </span>
     <span class='ocr_line' id='line_1_58' title="bbox 1313 356 2294 404; baseline -0.001 -10"><span class='ocrx_word' id='word_1_373' title='bbox 1313 362 1379 399; x_wconf 90' lang='lat' dir='ltr'>sia,</span> <span class='ocrx_word' id='word_1_374' title='bbox 1414 356 1526 394; x_wconf 87' lang='lat' dir='ltr'>ortam</span> <span class='ocrx_word' id='word_1_375' title='bbox 1550 372 1568 393; x_wconf 87' lang='lat' dir='ltr'>a</span> <span class='ocrx_word' id='word_1_376' title='bbox 1595 360 1756 401; x_wconf 88' lang='lat' dir='ltr'>diabolo,</span> <span class='ocrx_word' id='word_1_377' title='bbox 1791 361 1956 394; x_wconf 83' lang='lat' dir='ltr'>videlicet</span> <span class='ocrx_word' id='word_1_378' title='bbox 1980 359 2294 404; x_wconf 86' lang='lat' dir='ltr'>prophanationem</span> 
     </span>
     <span class='ocr_line' id='line_1_59' title="bbox 1315 410 2297 452; baseline 0 -8"><span class='ocrx_word' id='word_1_379' title='bbox 1315 423 1440 444; x_wconf 82' lang='lat' dir='ltr'>coenae</span> <span class='ocrx_word' id='word_1_380' title='bbox 1465 410 1631 452; x_wconf 81' lang='lat' dir='ltr'>Domini,</span> <span class='ocrx_word' id='word_1_381' title='bbox 1664 411 1923 445; x_wconf 88' lang='lat' dir='ltr'>invocationem</span> <span class='ocrx_word' id='word_1_382' title='bbox 1952 411 2135 450; x_wconf 89' lang='lat' dir='ltr'>divorum,</span> <span class='ocrx_word' id='word_1_383' title='bbox 2167 410 2297 444; x_wconf 76' lang='lat' dir='ltr'>Mona-</span> 
     </span>
     <span class='ocr_line' id='line_1_60' title="bbox 1316 459 2297 502; baseline 0.001 -8"><span class='ocrx_word' id='word_1_384' title='bbox 1316 459 1478 502; x_wconf 72' lang='lat' dir='ltr'>ebatum,</span> <span class='ocrx_word' id='word_1_385' title='bbox 1517 470 1549 496; x_wconf 91' lang='lat' dir='ltr'>et</span> <span class='ocrx_word' id='word_1_386' title='bbox 1581 462 1721 495; x_wconf 89' lang='lat' dir='ltr'>similia.</span> <span class='ocrx_word' id='word_1_387' title='bbox 1787 461 2094 495; x_wconf 80' lang='lat' dir='ltr'>Confirmaverunt</span> <span class='ocrx_word' id='word_1_388' title='bbox 2132 461 2297 495; x_wconf 87' lang='lat' dir='ltr'>libidines</span> 
     </span>
     <span class='ocr_line' id='line_1_61' title="bbox 1317 511 2298 556; baseline 0 -12"><span class='ocrx_word' id='word_1_389' title='bbox 1317 513 1448 545; x_wconf 87' lang='lat' dir='ltr'>nefaria</span> <span class='ocrx_word' id='word_1_390' title='bbox 1467 513 1538 556; x_wconf 80' lang='lat' dir='ltr'>lege</span> <span class='ocrx_word' id='word_1_391' title='bbox 1563 514 1604 545; x_wconf 92' lang='lat' dir='ltr'>de</span> <span class='ocrx_word' id='word_1_392' title='bbox 1624 513 1810 547; x_wconf 88' lang='lat' dir='ltr'>coelibatu.</span> <span class='ocrx_word' id='word_1_393' title='bbox 1863 512 1965 545; x_wconf 90' lang='lat' dir='ltr'>Nunc</span> <span class='ocrx_word' id='word_1_394' title='bbox 1985 511 2173 551; x_wconf 86' lang='lat' dir='ltr'>admoniti,</span> <span class='ocrx_word' id='word_1_395' title='bbox 2201 523 2298 544; x_wconf 89' lang='lat' dir='ltr'>mor-</span> 
     </span>
     <span class='ocr_line' id='line_1_62' title="bbox 1317 562 2298 606; baseline -0.001 -11"><span class='ocrx_word' id='word_1_396' title='bbox 1317 563 1415 595; x_wconf 89' lang='lat' dir='ltr'>dicus</span> <span class='ocrx_word' id='word_1_397' title='bbox 1440 565 1589 597; x_wconf 88' lang='lat' dir='ltr'>retinent</span> <span class='ocrx_word' id='word_1_398' title='bbox 1608 564 1803 597; x_wconf 90' lang='lat' dir='ltr'>teterrimos</span> <span class='ocrx_word' id='word_1_399' title='bbox 1821 574 1954 596; x_wconf 84' lang='lat' dir='ltr'>errores</span> <span class='ocrx_word' id='word_1_400' title='bbox 1975 570 2006 597; x_wconf 85' lang='lat' dir='ltr'>et</span> <span class='ocrx_word' id='word_1_401' title='bbox 2030 562 2298 606; x_wconf 87' lang='lat' dir='ltr'>turpitudinem,</span> 
     </span>
     <span class='ocr_line' id='line_1_63' title="bbox 1318 613 2297 658; baseline -0.001 -12"><span class='ocrx_word' id='word_1_402' title='bbox 1318 626 1355 646; x_wconf 87' lang='lat' dir='ltr'>ac</span> <span class='ocrx_word' id='word_1_403' title='bbox 1372 626 1414 646; x_wconf 88' lang='lat' dir='ltr'>ne</span> <span class='ocrx_word' id='word_1_404' title='bbox 1432 614 1573 658; x_wconf 82' lang='lat' dir='ltr'>quidem</span> <span class='ocrx_word' id='word_1_405' title='bbox 1601 621 1807 658; x_wconf 83' lang='lat' dir='ltr'>praetexunt</span> <span class='ocrx_word' id='word_1_406' title='bbox 1834 614 2053 652; x_wconf 83' lang='lat' dir='ltr'>doctrinam,</span> <span class='ocrx_word' id='word_1_407' title='bbox 2080 613 2236 647; x_wconf 87' lang='lat' dir='ltr'>fatentur</span> <span class='ocrx_word' id='word_1_408' title='bbox 2262 623 2297 645; x_wconf 88' lang='lat' dir='ltr'>se</span> 
     </span>
     <span class='ocr_line' id='line_1_64' title="bbox 1318 664 2298 709; baseline 0 -13"><span class='ocrx_word' id='word_1_409' title='bbox 1318 676 1451 705; x_wconf 84' lang='lat' dir='ltr'>errare,</span> <span class='ocrx_word' id='word_1_410' title='bbox 1486 666 1542 698; x_wconf 89' lang='lat' dir='ltr'>sed</span> <span class='ocrx_word' id='word_1_411' title='bbox 1568 666 1668 699; x_wconf 89' lang='lat' dir='ltr'>aiunt</span> <span class='ocrx_word' id='word_1_412' title='bbox 1693 677 1795 709; x_wconf 92' lang='lat' dir='ltr'>opes,</span> <span class='ocrx_word' id='word_1_413' title='bbox 1830 665 2040 708; x_wconf 84' lang='lat' dir='ltr'>potentiam,</span> <span class='ocrx_word' id='word_1_414' title='bbox 2076 664 2298 697; x_wconf 84' lang='lat' dir='ltr'>autoritatem</span> 
     </span>
     <span class='ocr_line' id='line_1_65' title="bbox 1320 714 2300 759; baseline -0.001 -12"><span class='ocrx_word' id='word_1_415' title='bbox 1320 717 1611 759; x_wconf 86' lang='lat' dir='ltr'>propugnandam</span> <span class='ocrx_word' id='word_1_416' title='bbox 1647 727 1730 751; x_wconf 90' lang='lat' dir='ltr'>esse.</span> <span class='ocrx_word' id='word_1_417' title='bbox 1803 715 1886 755; x_wconf 66' lang='lat' dir='ltr'>Ideo</span> <span class='ocrx_word' id='word_1_418' title='bbox 1923 722 2058 749; x_wconf 87' lang='lat' dir='ltr'>tautum</span> <span class='ocrx_word' id='word_1_419' title='bbox 2095 714 2300 747; x_wconf 85' lang='lat' dir='ltr'>crudelitate</span> 
     </span>
     <span class='ocr_line' id='line_1_66' title="bbox 1319 764 2300 808; baseline -0.001 -11"><span class='ocrx_word' id='word_1_420' title='bbox 1319 766 1570 808; x_wconf 87' lang='lat' dir='ltr'>suppliciorum</span> <span class='ocrx_word' id='word_1_421' title='bbox 1592 767 1786 800; x_wconf 88' lang='lat' dir='ltr'>defendunt</span> <span class='ocrx_word' id='word_1_422' title='bbox 1804 778 1862 800; x_wconf 92' lang='lat' dir='ltr'>sua</span> <span class='ocrx_word' id='word_1_423' title='bbox 1882 767 2007 799; x_wconf 77' lang='lat' dir='ltr'>scelera</span> <span class='ocrx_word' id='word_1_424' title='bbox 2020 793 2028 806; x_wconf 94' lang='lat'>‚</span> <span class='ocrx_word' id='word_1_425' title='bbox 2055 771 2092 798; x_wconf 88' lang='lat' dir='ltr'>ut</span> <span class='ocrx_word' id='word_1_426' title='bbox 2109 764 2300 808; x_wconf 87' lang='lat' dir='ltr'>Nabugdo-</span> 
     </span>
     <span class='ocr_line' id='line_1_67' title="bbox 1319 815 2301 850; baseline -0.001 -2"><span class='ocrx_word' id='word_1_427' title='bbox 1319 828 1426 848; x_wconf 89' lang='lat' dir='ltr'>nosor</span> <span class='ocrx_word' id='word_1_428' title='bbox 1450 817 1548 850; x_wconf 89' lang='lat' dir='ltr'>iussit</span> <span class='ocrx_word' id='word_1_429' title='bbox 1573 817 1609 849; x_wconf 91' lang='lat' dir='ltr'>in</span> <span class='ocrx_word' id='word_1_430' title='bbox 1640 818 1817 850; x_wconf 84' lang='lat' dir='ltr'>fornacem</span> <span class='ocrx_word' id='word_1_431' title='bbox 1847 829 2023 850; x_wconf 84' lang='lat' dir='ltr'>accensam</span> <span class='ocrx_word' id='word_1_432' title='bbox 2057 815 2155 848; x_wconf 90' lang='lat' dir='ltr'>iniici</span> <span class='ocrx_word' id='word_1_433' title='bbox 2179 826 2301 848; x_wconf 86' lang='lat' dir='ltr'>omnes</span> 
     </span>
     <span class='ocr_line' id='line_1_68' title="bbox 1320 865 2302 911; baseline 0.001 -14"><span class='ocrx_word' id='word_1_434' title='bbox 1320 867 1379 911; x_wconf 90' lang='lat' dir='ltr'>qui</span> <span class='ocrx_word' id='word_1_435' title='bbox 1411 867 1545 900; x_wconf 88' lang='lat' dir='ltr'>nollent</span> <span class='ocrx_word' id='word_1_436' title='bbox 1570 868 1714 900; x_wconf 91' lang='lat' dir='ltr'>adorare</span> <span class='ocrx_word' id='word_1_437' title='bbox 1736 875 1895 902; x_wconf 88' lang='lat' dir='ltr'>statuam.</span> <span class='ocrx_word' id='word_1_438' title='bbox 1949 867 2092 901; x_wconf 86' lang='lat' dir='ltr'>Summa</span> <span class='ocrx_word' id='word_1_439' title='bbox 2119 865 2302 899; x_wconf 88' lang='lat' dir='ltr'>dissimili-</span> 
     </span>
     <span class='ocr_line' id='line_1_69' title="bbox 1320 916 2301 963; baseline -0.002 -13"><span class='ocrx_word' id='word_1_440' title='bbox 1320 918 1404 950; x_wconf 87' lang='lat' dir='ltr'>tudo</span> <span class='ocrx_word' id='word_1_441' title='bbox 1429 923 1478 950; x_wconf 91' lang='lat' dir='ltr'>est</span> <span class='ocrx_word' id='word_1_442' title='bbox 1502 917 1592 950; x_wconf 88' lang='lat' dir='ltr'>inter</span> <span class='ocrx_word' id='word_1_443' title='bbox 1619 916 1829 961; x_wconf 79' lang='lat' dir='ltr'>Apostolum</span> <span class='ocrx_word' id='word_1_444' title='bbox 1854 925 1887 951; x_wconf 94' lang='lat' dir='ltr'>et</span> <span class='ocrx_word' id='word_1_445' title='bbox 1910 925 2120 963; x_wconf 80' lang='lat' dir='ltr'>tyrannum,</span> <span class='ocrx_word' id='word_1_446' title='bbox 2149 923 2187 950; x_wconf 89' lang='lat' dir='ltr'>nt</span> <span class='ocrx_word' id='word_1_447' title='bbox 2209 917 2301 949; x_wconf 91' lang='lat' dir='ltr'>inter</span> 
     </span>
     <span class='ocr_line' id='line_1_70' title="bbox 1321 968 2302 1011; baseline 0 -12"><span class='ocrx_word' id='word_1_448' title='bbox 1321 968 1396 1011; x_wconf 89' lang='lat' dir='ltr'>pios</span> <span class='ocrx_word' id='word_1_449' title='bbox 1422 968 1562 1010; x_wconf 87' lang='lat' dir='ltr'>angelos</span> <span class='ocrx_word' id='word_1_450' title='bbox 1587 975 1619 1001; x_wconf 91' lang='lat' dir='ltr'>et</span> <span class='ocrx_word' id='word_1_451' title='bbox 1643 969 1813 1004; x_wconf 87' lang='lat' dir='ltr'>diabolos.</span> <span class='ocrx_word' id='word_1_452' title='bbox 1866 968 1954 1002; x_wconf 91' lang='lat' dir='ltr'>Nam</span> <span class='ocrx_word' id='word_1_453' title='bbox 1979 975 2012 1001; x_wconf 92' lang='lat' dir='ltr'>et</span> <span class='ocrx_word' id='word_1_454' title='bbox 2032 968 2115 1000; x_wconf 92' lang='lat' dir='ltr'>boni</span> <span class='ocrx_word' id='word_1_455' title='bbox 2143 968 2302 1000; x_wconf 87' lang='lat' dir='ltr'>doctores</span> 
     </span>
     <span class='ocr_line' id='line_1_71' title="bbox 1321 1016 2303 1063; baseline 0 -13"><span class='ocrx_word' id='word_1_456' title='bbox 1321 1024 1491 1050; x_wconf 84' lang='lat' dir='ltr'>vocantur</span> <span class='ocrx_word' id='word_1_457' title='bbox 1516 1018 1629 1061; x_wconf 83' lang='lat' dir='ltr'>angeli</span> <span class='ocrx_word' id='word_1_458' title='bbox 1647 1017 1712 1051; x_wconf 90' lang='lat' dir='ltr'>Dei</span> <span class='ocrx_word' id='word_1_459' title='bbox 1740 1019 1832 1062; x_wconf 91' lang='lat' dir='ltr'>apud</span> <span class='ocrx_word' id='word_1_460' title='bbox 1852 1016 2086 1056; x_wconf 84' lang='lat' dir='ltr'>Malachiam,</span> <span class='ocrx_word' id='word_1_461' title='bbox 2126 1025 2157 1051; x_wconf 92' lang='lat' dir='ltr'>et</span> <span class='ocrx_word' id='word_1_462' title='bbox 2181 1025 2303 1063; x_wconf 85' lang='lat' dir='ltr'>tyran-</span> 
     </span>
     <span class='ocr_line' id='line_1_72' title="bbox 1321 1066 2302 1111; baseline -0.002 -10"><span class='ocrx_word' id='word_1_463' title='bbox 1321 1080 1386 1101; x_wconf 90' lang='lat' dir='ltr'>nus</span> <span class='ocrx_word' id='word_1_464' title='bbox 1403 1075 1451 1101; x_wconf 89' lang='lat' dir='ltr'>est</span> <span class='ocrx_word' id='word_1_465' title='bbox 1471 1081 1548 1102; x_wconf 82' lang='lat' dir='ltr'>vere</span> <span class='ocrx_word' id='word_1_466' title='bbox 1564 1080 1734 1111; x_wconf 85' lang='lat' dir='ltr'>organum</span> <span class='ocrx_word' id='word_1_467' title='bbox 1744 1069 1877 1102; x_wconf 87' lang='lat' dir='ltr'>diaboli</span> <span class='ocrx_word' id='word_1_468' title='bbox 1896 1070 1931 1101; x_wconf 88' lang='lat' dir='ltr'>in</span> <span class='ocrx_word' id='word_1_469' title='bbox 1949 1071 2094 1102; x_wconf 86' lang='lat' dir='ltr'>mundo.</span> <span class='ocrx_word' id='word_1_470' title='bbox 2122 1067 2206 1102; x_wconf 89' lang='lat' dir='ltr'>Ideo</span> <span class='ocrx_word' id='word_1_471' title='bbox 2218 1066 2302 1100; x_wconf 74' lang='lat' dir='ltr'>haee</span> 
     </span>
     <span class='ocr_line' id='line_1_73' title="bbox 1322 1118 2302 1164; baseline -0.001 -13"><span class='ocrx_word' id='word_1_472' title='bbox 1322 1120 1425 1152; x_wconf 89' lang='lat' dir='ltr'>verba</span> <span class='ocrx_word' id='word_1_473' title='bbox 1444 1118 1545 1152; x_wconf 90' lang='lat' dir='ltr'>Pauli</span> <span class='ocrx_word' id='word_1_474' title='bbox 1562 1120 1749 1161; x_wconf 86' lang='lat' dir='ltr'>diligenter</span> <span class='ocrx_word' id='word_1_475' title='bbox 1764 1121 2016 1163; x_wconf 79' lang='lat' dir='ltr'>expendamuS,</span> <span class='ocrx_word' id='word_1_476' title='bbox 2047 1132 2134 1164; x_wconf 84' lang='lat' dir='ltr'>qnae</span> <span class='ocrx_word' id='word_1_477' title='bbox 2159 1119 2302 1164; x_wconf 88' lang='lat' dir='ltr'>quidem</span> 
     </span>
     <span class='ocr_line' id='line_1_74' title="bbox 1321 1168 2302 1211; baseline -0.002 -8"><span class='ocrx_word' id='word_1_478' title='bbox 1321 1176 1491 1203; x_wconf 88' lang='lat' dir='ltr'>testantur</span> <span class='ocrx_word' id='word_1_479' title='bbox 1519 1169 1705 1203; x_wconf 82' lang='lat' dir='ltr'>Pontifices</span> <span class='ocrx_word' id='word_1_480' title='bbox 1730 1171 1950 1203; x_wconf 87' lang='lat' dir='ltr'>adversantes</span> <span class='ocrx_word' id='word_1_481' title='bbox 1979 1168 2192 1211; x_wconf 80' lang='lat' dir='ltr'>Evangelio,</span> <span class='ocrx_word' id='word_1_482' title='bbox 2229 1180 2302 1202; x_wconf 90' lang='lat' dir='ltr'>non</span> 
     </span>
     <span class='ocr_line' id='line_1_75' title="bbox 1321 1218 2305 1265; baseline -0.001 -12"><span class='ocrx_word' id='word_1_483' title='bbox 1321 1232 1393 1253; x_wconf 89' lang='lat' dir='ltr'>esse</span> <span class='ocrx_word' id='word_1_484' title='bbox 1426 1218 1608 1253; x_wconf 86' lang='lat' dir='ltr'>habendos</span> <span class='ocrx_word' id='word_1_485' title='bbox 1652 1232 1714 1264; x_wconf 92' lang='lat' dir='ltr'>pro</span> <span class='ocrx_word' id='word_1_486' title='bbox 1747 1219 1932 1265; x_wconf 87' lang='lat' dir='ltr'>Episcopis</span> <span class='ocrx_word' id='word_1_487' title='bbox 1980 1231 2018 1252; x_wconf 89' lang='lat' dir='ltr'>ac</span> <span class='ocrx_word' id='word_1_488' title='bbox 2049 1219 2305 1253; x_wconf 82' lang='lat' dir='ltr'>successoribus</span> 
     </span>
     <span class='ocr_line' id='line_1_76' title="bbox 1321 1271 2303 1316; baseline -0.002 -12"><span class='ocrx_word' id='word_1_489' title='bbox 1321 1271 1598 1314; x_wconf 79' lang='lat' dir='ltr'>Apostolorum,</span> <span class='ocrx_word' id='word_1_490' title='bbox 1638 1272 1695 1304; x_wconf 87' lang='lat' dir='ltr'>sed</span> <span class='ocrx_word' id='word_1_491' title='bbox 1729 1271 1891 1304; x_wconf 88' lang='lat' dir='ltr'>vitandos</span> <span class='ocrx_word' id='word_1_492' title='bbox 1923 1277 2089 1315; x_wconf 82' lang='lat' dir='ltr'>tanquam</span> <span class='ocrx_word' id='word_1_493' title='bbox 2123 1277 2303 1316; x_wconf 87' lang='lat' dir='ltr'>tyrannos,</span> 
     </span>
     <span class='ocr_line' id='line_1_77' title="bbox 1322 1321 1911 1361; baseline 0.002 -8"><span class='ocrx_word' id='word_1_494' title='bbox 1322 1322 1447 1354; x_wconf 88' lang='lat' dir='ltr'>eiectos</span> <span class='ocrx_word' id='word_1_495' title='bbox 1464 1329 1557 1354; x_wconf 86' lang='lat' dir='ltr'>extra</span> <span class='ocrx_word' id='word_1_496' title='bbox 1571 1333 1691 1361; x_wconf 18' lang='lat' dir='ltr'>,veram</span> <span class='ocrx_word' id='word_1_497' title='bbox 1708 1321 1911 1357; x_wconf 87' lang='lat' dir='ltr'>Ecclesiam.</span> 
     </span>
     <span class='ocr_line' id='line_1_78' title="bbox 1322 1371 2304 1415; baseline -0.001 -12"><span class='ocrx_word' id='word_1_498' title='bbox 1322 1372 1413 1404; x_wconf 89' lang='lat' dir='ltr'>bitor</span> <span class='ocrx_word' id='word_1_499' title='bbox 1440 1373 1674 1405; x_wconf 85' lang='lat' dir='ltr'>conscientiae</span> <span class='ocrx_word' id='word_1_500' title='bbox 1706 1373 1859 1411; x_wconf 90' lang='lat' dir='ltr'>subditi,</span> <span class='ocrx_word' id='word_1_501' title='bbox 1904 1371 2011 1415; x_wconf 79' lang='lat' dir='ltr'>quare</span> <span class='ocrx_word' id='word_1_502' title='bbox 2041 1383 2110 1404; x_wconf 91' lang='lat' dir='ltr'>non</span> <span class='ocrx_word' id='word_1_503' title='bbox 2143 1372 2245 1403; x_wconf 86' lang='lat' dir='ltr'>debet</span> <span class='ocrx_word' id='word_1_504' title='bbox 2272 1371 2304 1403; x_wconf 87' lang='lat' dir='ltr'>ei</span> 
     </span>
     <span class='ocr_line' id='line_1_79' title="bbox 1323 1421 2305 1466; baseline -0.002 -11"><span class='ocrx_word' id='word_1_505' title='bbox 1323 1423 1430 1464; x_wconf 79' lang='lat' dir='ltr'>legem</span> <span class='ocrx_word' id='word_1_506' title='bbox 1449 1423 1648 1465; x_wconf 83' lang='lat' dir='ltr'>imponere,</span> <span class='ocrx_word' id='word_1_507' title='bbox 1677 1423 1789 1466; x_wconf 86' lang='lat' dir='ltr'>qualis</span> <span class='ocrx_word' id='word_1_508' title='bbox 1816 1429 1866 1455; x_wconf 90' lang='lat' dir='ltr'>est</span> <span class='ocrx_word' id='word_1_509' title='bbox 1890 1423 1943 1454; x_wconf 82' lang='lat' dir='ltr'>lex</span> <span class='ocrx_word' id='word_1_510' title='bbox 1967 1423 2008 1454; x_wconf 90' lang='lat' dir='ltr'>de</span> <span class='ocrx_word' id='word_1_511' title='bbox 2033 1421 2223 1461; x_wconf 85' lang='lat' dir='ltr'>coelibatu,</span> <span class='ocrx_word' id='word_1_512' title='bbox 2249 1421 2305 1453; x_wconf 85' lang='lat' dir='ltr'>cni</span> 
     </span>
     <span class='ocr_line' id='line_1_80' title="bbox 1323 1472 2306 1516; baseline -0.001 -12"><span class='ocrx_word' id='word_1_513' title='bbox 1323 1474 1395 1505; x_wconf 87' lang='lat' dir='ltr'>sine</span> <span class='ocrx_word' id='word_1_514' title='bbox 1411 1473 1599 1506; x_wconf 87' lang='lat' dir='ltr'>sceleribus</span> <span class='ocrx_word' id='word_1_515' title='bbox 1618 1480 1648 1506; x_wconf 87' lang='lat' dir='ltr'>et</span> <span class='ocrx_word' id='word_1_516' title='bbox 1669 1473 1862 1506; x_wconf 87' lang='lat' dir='ltr'>offensione</span> <span class='ocrx_word' id='word_1_517' title='bbox 1882 1472 1945 1506; x_wconf 84' lang='lat' dir='ltr'>Dei</span> <span class='ocrx_word' id='word_1_518' title='bbox 1968 1473 2208 1516; x_wconf 89' lang='lat' dir='ltr'>obtemperare</span> <span class='ocrx_word' id='word_1_519' title='bbox 2233 1482 2306 1504; x_wconf 89' lang='lat' dir='ltr'>non</span> 
     </span>
     <span class='ocr_line' id='line_1_81' title="bbox 1324 1522 2308 1569; baseline -0.001 -14"><span class='ocrx_word' id='word_1_520' title='bbox 1324 1530 1445 1567; x_wconf 71' lang='lat' dir='ltr'>potest.</span> <span class='ocrx_word' id='word_1_521' title='bbox 1498 1522 1634 1556; x_wconf 78' lang='lat' dir='ltr'>Deinde</span> <span class='ocrx_word' id='word_1_522' title='bbox 1653 1524 1818 1557; x_wconf 84' lang='lat' dir='ltr'>satellites</span> <span class='ocrx_word' id='word_1_523' title='bbox 1842 1530 2091 1569; x_wconf 81' lang='lat' dir='ltr'>tyrannorum,</span> <span class='ocrx_word' id='word_1_524' title='bbox 2121 1522 2308 1565; x_wconf 90' lang='lat' dir='ltr'>scriptores</span> 
     </span>
     <span class='ocr_line' id='line_1_82' title="bbox 1323 1571 2307 1618; baseline 0.001 -13"><span class='ocrx_word' id='word_1_525' title='bbox 1323 1581 1356 1606; x_wconf 85' lang='lat' dir='ltr'>ct</span> <span class='ocrx_word' id='word_1_526' title='bbox 1375 1571 1543 1606; x_wconf 82' lang='lat' dir='ltr'>Monacbi</span> <span class='ocrx_word' id='word_1_527' title='bbox 1565 1585 1652 1618; x_wconf 89' lang='lat' dir='ltr'>quos</span> <span class='ocrx_word' id='word_1_528' title='bbox 1677 1574 1826 1607; x_wconf 80' lang='lat' dir='ltr'>docent?</span> <span class='ocrx_word' id='word_1_529' title='bbox 1852 1573 2079 1616; x_wconf 74' lang='lat' dir='ltr'>sapientibus</span> <span class='ocrx_word' id='word_1_530' title='bbox 2105 1580 2307 1616; x_wconf 89' lang='lat' dir='ltr'>proponunt</span> 
     </span>
     <span class='ocr_line' id='line_1_83' title="bbox 1323 1623 2308 1667; baseline -0.001 -11"><span class='ocrx_word' id='word_1_531' title='bbox 1323 1624 1476 1667; x_wconf 84' lang='lat' dir='ltr'>pueriles</span> <span class='ocrx_word' id='word_1_532' title='bbox 1492 1624 1715 1664; x_wconf 84' lang='lat' dir='ltr'>traditiones,</span> <span class='ocrx_word' id='word_1_533' title='bbox 1742 1625 1785 1656; x_wconf 90' lang='lat' dir='ltr'>de</span> <span class='ocrx_word' id='word_1_534' title='bbox 1801 1624 1948 1664; x_wconf 85' lang='lat' dir='ltr'>vestitu,</span> <span class='ocrx_word' id='word_1_535' title='bbox 1974 1625 2016 1656; x_wconf 91' lang='lat' dir='ltr'>de</span> <span class='ocrx_word' id='word_1_536' title='bbox 2033 1623 2130 1663; x_wconf 88' lang='lat' dir='ltr'>cibis,</span> <span class='ocrx_word' id='word_1_537' title='bbox 2146 1623 2189 1656; x_wconf 78' lang='lat' dir='ltr'>de</span> <span class='ocrx_word' id='word_1_538' title='bbox 2207 1635 2308 1666; x_wconf 88' lang='lat' dir='ltr'>pom-</span> 
     </span>
     <span class='ocr_line' id='line_1_84' title="bbox 1324 1673 2309 1718; baseline 0.002 -13"><span class='ocrx_word' id='word_1_539' title='bbox 1324 1675 1376 1717; x_wconf 87' lang='lat' dir='ltr'>pis</span> <span class='ocrx_word' id='word_1_540' title='bbox 1404 1674 1692 1707; x_wconf 78' lang='lat' dir='ltr'>ceremoniarum.</span> <span class='ocrx_word' id='word_1_541' title='bbox 1768 1673 1841 1707; x_wconf 88' lang='lat' dir='ltr'>Has</span> <span class='ocrx_word' id='word_1_542' title='bbox 1864 1681 1992 1707; x_wconf 87' lang='lat' dir='ltr'>ornant</span> <span class='ocrx_word' id='word_1_543' title='bbox 2021 1680 2052 1707; x_wconf 90' lang='lat' dir='ltr'>et</span> <span class='ocrx_word' id='word_1_544' title='bbox 2076 1674 2218 1718; x_wconf 84' lang='lat' dir='ltr'>pingere</span> <span class='ocrx_word' id='word_1_545' title='bbox 2241 1673 2309 1707; x_wconf 90' lang='lat' dir='ltr'>iam</span> 
     </span>
     <span class='ocr_line' id='line_1_85' title="bbox 1327 1725 2309 1769; baseline -0.001 -12"><span class='ocrx_word' id='word_1_546' title='bbox 1327 1725 1526 1769; x_wconf 86' lang='lat' dir='ltr'>eloquentia</span> <span class='ocrx_word' id='word_1_547' title='bbox 1552 1725 1740 1768; x_wconf 90' lang='lat' dir='ltr'>incipiunt:</span> <span class='ocrx_word' id='word_1_548' title='bbox 1775 1725 1863 1759; x_wconf 90' lang='lat' dir='ltr'>sicut</span> <span class='ocrx_word' id='word_1_549' title='bbox 1888 1737 1982 1758; x_wconf 86' lang='lat' dir='ltr'>nunc</span> <span class='ocrx_word' id='word_1_550' title='bbox 2007 1725 2150 1769; x_wconf 86' lang='lat' dir='ltr'>qnidam</span> <span class='ocrx_word' id='word_1_551' title='bbox 2179 1725 2309 1767; x_wconf 82' lang='lat' dir='ltr'>allego-</span> 
     </span>
     <span class='ocr_line' id='line_1_86' title="bbox 1326 1775 2308 1818; baseline 0.001 -11"><span class='ocrx_word' id='word_1_552' title='bbox 1326 1775 1394 1808; x_wconf 90' lang='lat' dir='ltr'>rias</span> <span class='ocrx_word' id='word_1_553' title='bbox 1412 1781 1569 1817; x_wconf 87' lang='lat' dir='ltr'>gestuum</span> <span class='ocrx_word' id='word_1_554' title='bbox 1598 1775 1634 1807; x_wconf 91' lang='lat' dir='ltr'>iu</span> <span class='ocrx_word' id='word_1_555' title='bbox 1659 1775 1797 1818; x_wconf 88' lang='lat' dir='ltr'>templis</span> <span class='ocrx_word' id='word_1_556' title='bbox 1825 1775 2158 1816; x_wconf 83' lang='lat' dir='ltr'>comminiscuntur,</span> <span class='ocrx_word' id='word_1_557' title='bbox 2185 1776 2226 1808; x_wconf 90' lang='lat' dir='ltr'>ad</span> <span class='ocrx_word' id='word_1_558' title='bbox 2250 1787 2308 1808; x_wconf 87' lang='lat' dir='ltr'>ex-</span> 
     </span>
     <span class='ocr_line' id='line_1_87' title="bbox 1327 1825 2307 1870; baseline -0.001 -11"><span class='ocrx_word' id='word_1_559' title='bbox 1327 1827 1516 1859; x_wconf 87' lang='lat' dir='ltr'>cusandam</span> <span class='ocrx_word' id='word_1_560' title='bbox 1542 1826 1838 1869; x_wconf 87' lang='lat' dir='ltr'>superstitionem.</span> <span class='ocrx_word' id='word_1_561' title='bbox 1907 1825 2001 1858; x_wconf 81' lang='lat' dir='ltr'>Haec</span> <span class='ocrx_word' id='word_1_562' title='bbox 2029 1826 2189 1859; x_wconf 86' lang='lat' dir='ltr'>doctrina</span> <span class='ocrx_word' id='word_1_563' title='bbox 2221 1826 2307 1870; x_wconf 85' lang='lat' dir='ltr'>quid</span> 
     </span>
     <span class='ocr_line' id='line_1_88' title="bbox 1326 1876 2308 1921; baseline -0.001 -12"><span class='ocrx_word' id='word_1_564' title='bbox 1326 1877 1490 1909; x_wconf 90' lang='lat' dir='ltr'>conducit</span> <span class='ocrx_word' id='word_1_565' title='bbox 1508 1877 1747 1920; x_wconf 80' lang='lat' dir='ltr'>sapientibus?</span> <span class='ocrx_word' id='word_1_566' title='bbox 1774 1876 1833 1921; x_wconf 91' lang='lat' dir='ltr'>qui</span> <span class='ocrx_word' id='word_1_567' title='bbox 1852 1882 2062 1908; x_wconf 86' lang='lat' dir='ltr'>revocantur</span> <span class='ocrx_word' id='word_1_568' title='bbox 2078 1877 2118 1908; x_wconf 93' lang='lat' dir='ltr'>ad</span> <span class='ocrx_word' id='word_1_569' title='bbox 2139 1876 2308 1919; x_wconf 87' lang='lat' dir='ltr'>puerilem</span> 
     </span>
     <span class='ocr_line' id='line_1_89' title="bbox 1327 1922 2309 1971; baseline 0 -13"><span class='ocrx_word' id='word_1_570' title='bbox 1327 1927 1575 1970; x_wconf 82' lang='lat' dir='ltr'>disciplinam,</span> <span class='ocrx_word' id='word_1_571' title='bbox 1616 1934 1648 1960; x_wconf 88' lang='lat' dir='ltr'>et</span> <span class='ocrx_word' id='word_1_572' title='bbox 1679 1925 1807 1971; x_wconf 75' lang='grc' dir='ltr'><em>πτωχὰ</em></span> <span class='ocrx_word' id='word_1_573' title='bbox 1841 1927 2000 1970; x_wconf 71' lang='grc' dir='ltr'>στοιχεῖα</span> <span class='ocrx_word' id='word_1_574' title='bbox 2028 1922 2188 1970; x_wconf 84' lang='grc' dir='ltr'><strong><em>κόσμου,</em></strong></span> <span class='ocrx_word' id='word_1_575' title='bbox 2229 1938 2309 1959; x_wconf 87' lang='lat' dir='ltr'>cum</span> 
     </span>
     <span class='ocr_line' id='line_1_90' title="bbox 1327 1976 2310 2020; baseline 0.001 -11"><span class='ocrx_word' id='word_1_576' title='bbox 1327 1977 1449 2009; x_wconf 87' lang='lat' dir='ltr'>audire</span> <span class='ocrx_word' id='word_1_577' title='bbox 1477 1977 1645 2010; x_wconf 87' lang='lat' dir='ltr'>deberent</span> <span class='ocrx_word' id='word_1_578' title='bbox 1674 1977 1869 2010; x_wconf 83' lang='lat' dir='ltr'>doctrinam</span> <span class='ocrx_word' id='word_1_579' title='bbox 1897 1977 2051 2020; x_wconf 84' lang='lat' dir='ltr'>ignotam</span> <span class='ocrx_word' id='word_1_580' title='bbox 2073 1976 2222 2017; x_wconf 87' lang='lat' dir='ltr'>rationi,</span> <span class='ocrx_word' id='word_1_581' title='bbox 2267 1978 2310 2010; x_wconf 85' lang='lat' dir='ltr'>de</span> 
     </span>
     <span class='ocr_line' id='line_1_91' title="bbox 1328 2027 2312 2068; baseline 0.001 -9"><span class='ocrx_word' id='word_1_582' title='bbox 1328 2027 1555 2060; x_wconf 87' lang='lat' dir='ltr'>interioribus</span> <span class='ocrx_word' id='word_1_583' title='bbox 1579 2027 1694 2068; x_wconf 79' lang='lat' dir='ltr'>vitiis,</span> <span class='ocrx_word' id='word_1_584' title='bbox 1726 2029 1769 2060; x_wconf 90' lang='lat' dir='ltr'>de</span> <span class='ocrx_word' id='word_1_585' title='bbox 1786 2028 2025 2067; x_wconf 90' lang='lat' dir='ltr'>dubitatione,</span> <span class='ocrx_word' id='word_1_586' title='bbox 2052 2027 2312 2068; x_wconf 86' lang='lat' dir='ltr'>dedisfidentia,</span> 
     </span>
     <span class='ocr_line' id='line_1_92' title="bbox 1328 2078 2311 2122; baseline 0 -12"><span class='ocrx_word' id='word_1_587' title='bbox 1328 2079 1370 2111; x_wconf 89' lang='lat' dir='ltr'>de</span> <span class='ocrx_word' id='word_1_588' title='bbox 1395 2078 1577 2111; x_wconf 89' lang='lat' dir='ltr'>securitate</span> <span class='ocrx_word' id='word_1_589' title='bbox 1593 2105 1602 2119; x_wconf 94' lang='lat'>,</span> <span class='ocrx_word' id='word_1_590' title='bbox 1637 2079 1680 2111; x_wconf 91' lang='lat' dir='ltr'>de</span> <span class='ocrx_word' id='word_1_591' title='bbox 1702 2078 1934 2111; x_wconf 88' lang='lat' dir='ltr'>admiratione</span> <span class='ocrx_word' id='word_1_592' title='bbox 1958 2085 2096 2112; x_wconf 87' lang='lat' dir='ltr'>nostrae</span> <span class='ocrx_word' id='word_1_593' title='bbox 2120 2078 2311 2122; x_wconf 84' lang='lat' dir='ltr'>sapientiae</span> 
     </span>
     <span class='ocr_line' id='line_1_93' title="bbox 1330 2128 2310 2174; baseline -0.001 -13"><span class='ocrx_word' id='word_1_594' title='bbox 1330 2136 1362 2162; x_wconf 89' lang='lat' dir='ltr'>et</span> <span class='ocrx_word' id='word_1_595' title='bbox 1391 2128 1566 2167; x_wconf 87' lang='lat' dir='ltr'>iusticiae‚</span> <span class='ocrx_word' id='word_1_596' title='bbox 1612 2129 1655 2161; x_wconf 89' lang='lat' dir='ltr'>de</span> <span class='ocrx_word' id='word_1_597' title='bbox 1689 2129 1890 2162; x_wconf 83' lang='lat' dir='ltr'>infirmitate</span> <span class='ocrx_word' id='word_1_598' title='bbox 1920 2136 2107 2174; x_wconf 87' lang='lat' dir='ltr'>quaerente</span> <span class='ocrx_word' id='word_1_599' title='bbox 2141 2129 2310 2172; x_wconf 86' lang='lat' dir='ltr'>praesidia</span> 
     </span>
     <span class='ocr_line' id='line_1_94' title="bbox 1328 2177 2310 2222; baseline 0.001 -11"><span class='ocrx_word' id='word_1_600' title='bbox 1328 2177 1483 2212; x_wconf 84' lang='lat' dir='ltr'>humana</span> <span class='ocrx_word' id='word_1_601' title='bbox 1509 2185 1629 2212; x_wconf 85' lang='lat' dir='ltr'>contra</span> <span class='ocrx_word' id='word_1_602' title='bbox 1654 2181 1817 2213; x_wconf 88' lang='lat' dir='ltr'>mandata</span> <span class='ocrx_word' id='word_1_603' title='bbox 1844 2178 1919 2213; x_wconf 88' lang='lat' dir='ltr'>Dei.</span> <span class='ocrx_word' id='word_1_604' title='bbox 1981 2179 2078 2214; x_wconf 87' lang='lat' dir='ltr'>Sicut</span> <span class='ocrx_word' id='word_1_605' title='bbox 2102 2190 2197 2222; x_wconf 83' lang='lat' dir='ltr'>reges</span> <span class='ocrx_word' id='word_1_606' title='bbox 2223 2177 2310 2212; x_wconf 84' lang='lat' dir='ltr'>Iuda</span> 
     </span>
     <span class='ocr_line' id='line_1_95' title="bbox 1329 2229 2310 2276; baseline -0.001 -14"><span class='ocrx_word' id='word_1_607' title='bbox 1329 2230 1578 2272; x_wconf 86' lang='lat' dir='ltr'>confugiebant</span> <span class='ocrx_word' id='word_1_608' title='bbox 1602 2230 1670 2263; x_wconf 89' lang='lat' dir='ltr'>iam</span> <span class='ocrx_word' id='word_1_609' title='bbox 1690 2232 1732 2263; x_wconf 90' lang='lat' dir='ltr'>ad</span> <span class='ocrx_word' id='word_1_610' title='bbox 1750 2229 1932 2276; x_wconf 87' lang='lat' dir='ltr'>Assyrios,</span> <span class='ocrx_word' id='word_1_611' title='bbox 1961 2230 2028 2262; x_wconf 85' lang='lat' dir='ltr'>iam</span> <span class='ocrx_word' id='word_1_612' title='bbox 2047 2230 2088 2262; x_wconf 88' lang='lat' dir='ltr'>ad</span> <span class='ocrx_word' id='word_1_613' title='bbox 2107 2229 2310 2274; x_wconf 73' lang='lat' dir='ltr'>AegyptiOS,</span> 
     </span>
     <span class='ocr_line' id='line_1_96' title="bbox 1331 2279 2312 2323; baseline 0 -10"><span class='ocrx_word' id='word_1_614' title='bbox 1331 2293 1408 2313; x_wconf 90' lang='lat' dir='ltr'>cnm</span> <span class='ocrx_word' id='word_1_615' title='bbox 1426 2279 1501 2313; x_wconf 80' lang='lat' dir='ltr'>Deo</span> <span class='ocrx_word' id='word_1_616' title='bbox 1519 2281 1730 2314; x_wconf 86' lang='lat' dir='ltr'>diffiderent.</span> <span class='ocrx_word' id='word_1_617' title='bbox 1776 2279 1914 2314; x_wconf 87' lang='lat' dir='ltr'>Rursus</span> <span class='ocrx_word' id='word_1_618' title='bbox 1934 2280 2087 2323; x_wconf 89' lang='lat' dir='ltr'>erigendi</span> <span class='ocrx_word' id='word_1_619' title='bbox 2105 2286 2205 2313; x_wconf 87' lang='lat' dir='ltr'>erant</span> <span class='ocrx_word' id='word_1_620' title='bbox 2221 2279 2312 2313; x_wconf 85' lang='lat' dir='ltr'>veris</span> 
     </span>
     <span class='ocr_line' id='line_1_97' title="bbox 1331 2331 2312 2375; baseline -0.001 -12"><span class='ocrx_word' id='word_1_621' title='bbox 1331 2331 1633 2364; x_wconf 88' lang='lat' dir='ltr'>consolationibus</span> <span class='ocrx_word' id='word_1_622' title='bbox 1674 2331 1935 2375; x_wconf 87' lang='lat' dir='ltr'>spiritualibus,</span> <span class='ocrx_word' id='word_1_623' title='bbox 1988 2342 2032 2363; x_wconf 87' lang='lat' dir='ltr'>ne</span> <span class='ocrx_word' id='word_1_624' title='bbox 2072 2331 2312 2371; x_wconf 85' lang='lat' dir='ltr'>succumbant,</span> 
     </span>
     <span class='ocr_line' id='line_1_98' title="bbox 1331 2378 2313 2416; baseline -0.001 -2"><span class='ocrx_word' id='word_1_625' title='bbox 1331 2393 1409 2414; x_wconf 88' lang='lat' dir='ltr'>cum</span> <span class='ocrx_word' id='word_1_626' title='bbox 1432 2382 1634 2416; x_wconf 84' lang='lat' dir='ltr'>fefellerunt</span> <span class='ocrx_word' id='word_1_627' title='bbox 1657 2394 1715 2415; x_wconf 92' lang='lat' dir='ltr'>eos</span> <span class='ocrx_word' id='word_1_628' title='bbox 1738 2379 1890 2414; x_wconf 84' lang='lat' dir='ltr'>humana</span> <span class='ocrx_word' id='word_1_629' title='bbox 1914 2380 2058 2414; x_wconf 86' lang='lat' dir='ltr'>consilia</span> <span class='ocrx_word' id='word_1_630' title='bbox 2082 2387 2141 2414; x_wconf 85' lang='lat' dir='ltr'>aut</span> <span class='ocrx_word' id='word_1_631' title='bbox 2166 2378 2313 2414; x_wconf 85' lang='lat' dir='ltr'>humani</span> 
     </span>
     <span class='ocr_line' id='line_1_99' title="bbox 1332 2431 2313 2476; baseline 0.001 -12"><span class='ocrx_word' id='word_1_632' title='bbox 1332 2443 1477 2468; x_wconf 83' lang='lat' dir='ltr'>erroreS.</span> <span class='ocrx_word' id='word_1_633' title='bbox 1544 2431 1638 2466; x_wconf 85' lang='lat' dir='ltr'>Haec</span> <span class='ocrx_word' id='word_1_634' title='bbox 1661 2440 1711 2466; x_wconf 89' lang='lat' dir='ltr'>est</span> <span class='ocrx_word' id='word_1_635' title='bbox 1735 2432 1931 2475; x_wconf 89' lang='lat' dir='ltr'>sapientum</span> <span class='ocrx_word' id='word_1_636' title='bbox 1957 2432 2136 2471; x_wconf 83' lang='lat' dir='ltr'>doctrina,</span> <span class='ocrx_word' id='word_1_637' title='bbox 2177 2431 2213 2464; x_wconf 91' lang='lat' dir='ltr'>in</span> <span class='ocrx_word' id='word_1_638' title='bbox 2245 2443 2313 2476; x_wconf 76' lang='lat' dir='ltr'>qua</span> 
     </span>
     <span class='ocr_line' id='line_1_100' title="bbox 1332 2481 2312 2526; baseline 0 -11"><span class='ocrx_word' id='word_1_639' title='bbox 1332 2484 1453 2516; x_wconf 85' lang='lat' dir='ltr'>crescit</span> <span class='ocrx_word' id='word_1_640' title='bbox 1471 2483 1602 2526; x_wconf 89' lang='lat' dir='ltr'>agnitio</span> <span class='ocrx_word' id='word_1_641' title='bbox 1618 2482 1695 2517; x_wconf 90' lang='lat' dir='ltr'>Dei.</span> <span class='ocrx_word' id='word_1_642' title='bbox 1745 2481 1935 2524; x_wconf 86' lang='lat' dir='ltr'>Quomodo</span> <span class='ocrx_word' id='word_1_643' title='bbox 1958 2483 2125 2516; x_wconf 87' lang='lat' dir='ltr'>erudiunt</span> <span class='ocrx_word' id='word_1_644' title='bbox 2143 2482 2312 2526; x_wconf 88' lang='lat' dir='ltr'>insipien-</span> 
     </span>
     <span class='ocr_line' id='line_1_101' title="bbox 1334 2532 2313 2577; baseline 0 -11"><span class='ocrx_word' id='word_1_645' title='bbox 1334 2533 1406 2566; x_wconf 79' lang='lat' dir='ltr'>tes?</span> <span class='ocrx_word' id='word_1_646' title='bbox 1432 2532 1511 2566; x_wconf 94' lang='lat' dir='ltr'>Duo</span> <span class='ocrx_word' id='word_1_647' title='bbox 1528 2545 1651 2576; x_wconf 87' lang='lat' dir='ltr'>genera</span> <span class='ocrx_word' id='word_1_648' title='bbox 1669 2533 1848 2566; x_wconf 87' lang='lat' dir='ltr'>doctrinae</span> <span class='ocrx_word' id='word_1_649' title='bbox 1866 2539 2012 2576; x_wconf 85' lang='lat' dir='ltr'>regnant</span> <span class='ocrx_word' id='word_1_650' title='bbox 2031 2534 2123 2577; x_wconf 77' lang='lat' dir='ltr'>apud</span> <span class='ocrx_word' id='word_1_651' title='bbox 2149 2534 2313 2566; x_wconf 85' lang='lat' dir='ltr'>adversa-</span> 
     </span>
     <span class='ocr_line' id='line_1_102' title="bbox 1334 2581 2316 2629; baseline 0.001 -14"><span class='ocrx_word' id='word_1_652' title='bbox 1334 2584 1425 2616; x_wconf 88' lang='lat' dir='ltr'>rios:</span> <span class='ocrx_word' id='word_1_653' title='bbox 1462 2581 1676 2629; x_wconf 81' lang='lat' dir='ltr'>Labyrinthi</span> <span class='ocrx_word' id='word_1_654' title='bbox 1699 2583 1942 2628; x_wconf 89' lang='lat' dir='ltr'>quaestionum</span> <span class='ocrx_word' id='word_1_655' title='bbox 1967 2583 2004 2616; x_wconf 92' lang='lat' dir='ltr'>in</span> <span class='ocrx_word' id='word_1_656' title='bbox 2030 2583 2316 2626; x_wconf 80' lang='lat' dir='ltr'>Longobardum,</span> 
     </span>
     <span class='ocr_line' id='line_1_103' title="bbox 1333 2634 2313 2679; baseline 0.002 -13"><span class='ocrx_word' id='word_1_657' title='bbox 1333 2646 1421 2678; x_wconf 85' lang='lat' dir='ltr'>quos</span> <span class='ocrx_word' id='word_1_658' title='bbox 1447 2646 1490 2668; x_wconf 93' lang='lat' dir='ltr'>ne</span> <span class='ocrx_word' id='word_1_659' title='bbox 1516 2634 1580 2679; x_wconf 90' lang='lat' dir='ltr'>ipsi</span> <span class='ocrx_word' id='word_1_660' title='bbox 1609 2634 1749 2679; x_wconf 84' lang='lat' dir='ltr'>quidem</span> <span class='ocrx_word' id='word_1_661' title='bbox 1776 2634 1987 2679; x_wconf 86' lang='lat' dir='ltr'>professores</span> <span class='ocrx_word' id='word_1_662' title='bbox 2019 2634 2244 2678; x_wconf 85' lang='lat' dir='ltr'>intelligunt:</span> <span class='ocrx_word' id='word_1_663' title='bbox 2279 2641 2313 2668; x_wconf 83' lang='lat' dir='ltr'>et</span> 
     </span>
    </p>
   </div>
   <div class='ocr_carea' id='block_1_11' title="bbox 1963 1319 2350 1364">
    <p class='ocr_par' dir='ltr' id='par_1_11' title="bbox 1963 1319 2350 1364">
     <span class='ocr_line' id='line_1_104' title="bbox 1963 1319 2350 1364; baseline 0 -10"><span class='ocrx_word' id='word_1_664' title='bbox 1963 1319 2157 1364; x_wconf 86' lang='lat' dir='ltr'>Episcopus</span> <span class='ocrx_word' id='word_1_665' title='bbox 2176 1327 2224 1353; x_wconf 87' lang='lat' dir='ltr'>est</span> <span class='ocrx_word' id='word_1_666' title='bbox 2244 1322 2304 1354; x_wconf 85' lang='lat' dir='ltr'>de-</span> <span class='ocrx_word' id='word_1_667' title='bbox 2345 1352 2350 1357; x_wconf 78' lang='grc'><em>,</em></span> 
     </span>
    </p>
   </div>
  </div>
 </body>
</html>
