2415 2942
48 194 154 222 tatem
179 186 431 228 conscientiae,
459 193 491 220 et
516 186 616 229 erigit
642 186 678 219 in
700 185 866 219 omnibus
890 186 1032 229 pavori„

7 248 16 273 ‘1
46 240 112 273 bus
130 245 162 272 et
180 237 443 273 afflictionibus.
482 237 604 271 Tertio
622 237 739 270 addita
757 242 805 268 est
824 236 1030 271 consolatio.

14 285 15 290 ¹
148 289 407 333 Propositionis
424 289 585 333 repetitio
602 294 662 323 est.
698 286 876 319 lustificati
894 298 933 319 ex
950 286 1028 318 fide.

146 338 304 374 Effectus
321 340 419 380 fidei,
448 351 512 383 pax
531 346 580 372 est
597 350 674 381 erga
694 336 826 377 Deum,
863 348 921 369 seu
944 348 1029 380 gau-

43 391 143 425 dium
170 391 414 426 conscientiae.
469 389 552 423 Ideo
570 389 742 433 sequitur:
771 387 896 420 Pacem
919 385 1027 420 habe-

42 454 122 476 mus
144 453 224 485 erga
253 440 367 475 Deum
400 453 462 486 per
493 439 687 473 Dominum
721 444 879 471 nostrum
913 437 1027 471 Iesum

42 491 236 527 Christum.
291 491 408 535 Pergit
441 491 583 525 effectus
614 501 906 533 commemorare,
943 487 1028 522 haec

44 543 128 577 fides
153 550 323 577 sustentat
345 550 376 576 et
403 542 603 576 consolatur
621 552 684 573 nos
708 541 744 573 in
764 540 1026 576 afflictionibus.

41 592 89 628 Et
106 593 163 628 hic
179 594 261 629 facit
278 590 486 627 rhetoricam
504 592 756 635 gradationem,
774 603 833 624 seu
850 599 887 625 ut
899 590 1025 624 Graeci

42 652 167 679 vocant
186 643 362 689 κλῄιιακα,
388 650 426 677 111
442 644 570 676 clarius
595 643 689 676 cerni
707 642 835 688 possit,
863 643 924 676 ubi
943 642 1027 676 fides

42 697 231 729 exercenda
251 697 305 729 sit.

141 744 282 790 κλίμαξ.

140 796 340 830 'l'ribulatio
365 795 582 840 patientiam.
631 797 638 805 ‘

140 847 311 880 Patientia
342 846 595 890 probationem.

142 898 306 930 Probatio
332 910 425 939 spem
445 897 560 930 efficit.

140 947 227 992 Spes
251 956 365 981 autem
391 960 463 980 non
493 946 688 981 confundit.

92 997 132 1031 ln
159 999 334 1042 prioribus
360 999 525 1041 gradibus
552 997 648 1041 ponit
667 1008 826 1040 causam,
851 1008 912 1030 cur
928 996 1023 1031 Deus

41 1050 202 1092 adfligat,
229 1049 380 1089 scilicet,
407 1062 477 1081 non
503 1049 699 1091 1110811131,
728 1049 785 1081 sed
807 1054 844 1080 ut
868 1049 1021 1081 occasio-
1047 1066 1048 1070 =

41 1113 120 1134 nem
142 1098 331 1133 habeamus
355 1100 564 1132 exercendae
581 1099 679 1139 fidei,
706 1106 738 1132 et
757 1106 794 1132 ut
820 1099 855 1130 in
881 1096 935 1131 1115
954 1101 1019 1132 du-

40 1159 138 1185 retur
154 1158 185 1184 81
204 1151 430 1184 confirmetur
451 1151 555 1186 fides,
584 1162 642 1182 seu
661 1162 749 1193 spes.

40 1214 128 1246 opus
146 1208 193 1234 est
211 1201 313 1233 fidem
332 1213 350 1234 a
366 1212 423 1245 spe
436 1200 612 1234 subtiliter
628 1201 811 1241 divellere,
827 1208 909 1234 sunt
927 1201 1021 1234 enim

41 1252 179 1297 cognati
205 1252 359 1285 affectus.

144 1302 255 1335 Addit
280 1314 418 1335 causam
445 1302 651 1335 efficientem
671 1302 772 1342 fidei,
807 1313 887 1334 nam
906 1301 1020 1346 Spiri—

39 1361 96 1387 tus
113 1360 250 1386 sanctus
265 1353 394 1385 effusus
412 1352 448 1384 in
467 1360 603 1386 sanctos
621 1352 722 1385 efficit
742 1352 863 1393 fidem,
887 1359 924 1386 ut
942 1364 1021 1385 sen-

39 1405 128 1438 tiant
146 1415 180 1436 se
199 1415 216 1436 a
230 1401 305 1436 Deo
326 1403 436 1445 diligi.

141 1453 277 1487 Deinde
294 1453 484 1486 consolatio
503 1454 670 1498 sequitur,
690 1453 733 1486 ab
752 1454 1022 1498 amplificatione

41 1505 170 1539 amoris
188 1503 251 1537 Dei
270 1516 347 1547 erga
373 1516 437 1537 nos
455 1511 582 1540 sumta.
627 1504 715 1538 Nam
734 1505 1022 1549 desperabundae

39 1555 272 1589 conscientiae
290 1555 453 1588 dubitant
469 1556 512 1587 de
528 1567 646 1588 amore
658 1555 721 1588 Dei
740 1566 819 1597 erga
836 1567 912 1590 nos,
945 1556 1022 1589 Has

41 1606 143 1648 erigit
160 1605 290 1639 Paulus
302 1631 311 1649 ‚
329 1606 598 1649 amplificatione
615 1606 744 1639 amoris
761 1605 838 1641 Dei.
879 1604 925 1640 Et
941 1614 1023 1640 sunt

41 1654 299 1700 enthymemata
324 1668 363 1688 ex
388 1656 518 1688 maiore
536 1657 649 1690 ducta.
700 1656 736 1689 Si
755 1657 883 1701 recepti
903 1669 1023 1691 sumus

43 1707 78 1739 in
99 1706 255 1748 gratiam,
272 1718 348 1739 cum
367 1704 480 1738 adhuc
497 1713 692 1749 peccatores
707 1718 871 1748 essemus,
890 1716 1023 1753 quanto

44 1757 154 1800 magis
179 1757 353 1789 iustificati
377 1768 471 1789 nunc
498 1757 739 1790 servabimur'?
790 1757 867 1791 Hoc
896 1757 1024 1805 enthy-

44 1819 156 1840 mema
175 1808 355 1851 repetitur.
408 1806 451 1840 Et
469 1815 548 1840 sunt
570 1808 718 1841 insertae
736 1809 1024 1850 amplificationes

45 1870 82 1891 ex
100 1869 224 1899 genere
238 1858 371 1892 mortis.
409 1858 519 1890 Nemo
539 1871 616 1891 cum
639 1860 760 1898 debet,
780 1859 931 1892 libenter
948 1873 1022 1892 mo-

43 1909 142 1943 ritur.
197 1906 244 1942 At
267 1906 428 1941 Christus
452 1916 613 1942 mortuus
636 1916 683 1942 est
709 1921 771 1953 pro
795 1911 916 1950 nobis,
945 1912 1024 1956 qui-

42 1961 107 1993 bus
134 1956 224 1991 nihil
244 1959 405 1994 debebat.

145 2008 323 2043 Hactenus
352 2009 530 2054 quaestio,
559 2009 654 2053 Quid
680 2011 724 2045 sit
757 2012 892 2045 iusticia
917 2011 1023 2046 Chri-

47 2061 175 2099 stiana,
202 2060 328 2103 agitata
354 2067 419 2100 est,
447 2068 480 2094 et
504 2062 662 2094 absoluta
686 2063 886 2103 contentio,
918 2076 1023 2108 quam

47 2111 95 2144 518
118 2117 243 2144 vocant
267 2108 433 2146 rhetores,
483 2111 571 2145 Nam
596 2113 833 2152 confirmatio,
861 2126 950 2159 quae
974 2122 1024 2148 est

46 2162 81 2194 in
113 2161 337 2195 contentione
370 2162 554 2205 praecipua
588 2175 686 2207 pars,
728 2171 936 2208 pertractata
963 2172 1023 2206 est,

46 2219 76 2245 et
94 2212 233 2245 additus
251 2210 442 2256 Epilogus,
469 2213 529 2257 qui
546 2214 721 2248 clauderet
738 2215 1022 2259 disputationem.

46 2263 147 2296 Nunc
173 2263 280 2295 veluti
301 2275 431 2295 novum
461 2264 587 2297 librum
614 2264 792 2304 instituet,
819 2279 900 2299 nam
925 2267 1022 2300 finita

48 2314 289 2353 contentione,
336 2314 462 2358 incipit
495 2315 669 2358 simplices
708 2328 807 2349 voces
843 2318 1024 2362 explicare,

49 2376 133 2408 quae
150 2364 187 2396 in
205 2362 269 2398 hac
284 2365 520 2398 controversia
541 2366 745 2411 praecipuae
764 2374 857 2403 sunt.
893 2368 1023 2413 Estque

49 2411 149 2455 11388,
180 2421 219 2449 111
240 2413 462 2449 Aristotelico
487 2428 583 2449 more
605 2417 736 2456 dicam,
765 2415 940 2457 ἀνάλυσις
960 2431 1023 2463 με-

48 2462 193 2509 Rodium*-
234 2466 345 2511 Supra
364 2467 477 2510 posuit
496 2468 790 2511 propositionem,
815 2481 936 2502 omnes
954 2481 1024 2502 esse

49 2516 114 2548 sub
133 2523 279 2559 peccato.
332 2517 433 2551 Nunc
451 2518 609 2552 dissolvit
631 2520 787 2552 membra
811 2521 1023 2564 propositio-

48 2567 119 2606 nis,
138 2572 168 2598 et
187 2567 285 2601 docet
301 2569 396 2601 unde
411 2568 453 2602 sit
475 2576 651 2613 peccatum
670 2577 700 2603 et
717 2571 777 2615 qui
794 2571 864 2604 sint
883 2571 1024 2605 effectus

46 2617 188 2664 peccati.
225 2616 333 2653 Docet
349 2619 428 2652 item
441 2647 448 2659 ,
466 2620 528 2667 qui
549 2620 617 2654 sint
632 2621 717 2664 legis
734 2621 886 2656 effectus.
919 2621 1020 2667 Item,

46 2668 129 2712 quid
146 2668 189 2702 sit
205 2669 324 2712 gratia.

360 99 458 136 XIII.
490 101 520 135 1.
559 97 952 135 ANNOTATIONES
983 98 1031 133 IN
1059 98 1211 135 EPIST.
1240 97 1384 134 PAULl
1414 96 1478 133 AD
1507 96 1770 134 ROMANOS.

1049 837 1051 853 ζ
1075 857 1131 878 rea
1150 845 1237 877 sicut
1257 856 1318 888 per
1337 856 1446 876 unum
1470 841 1652 877 hominem
1671 851 1734 877 etc.

1048 918 1049 929 2
1075 896 1265 930 sententias
1291 896 1408 929 tradit.

803 1147 903 1182 Nihil
926 1151 1019 1183 8111111
1046 1177 1048 1188 ,

2001 100 2072 135 458

1085 186 1217 219 ctrinae
1248 183 1488 225 Christianae,
1532 197 1620 231 quos
1651 185 1711 230 qui
1744 197 1813 218 non
1844 192 1955 227 tenet,
1996 199 2067 219 non

1086 244 1195 280 potest
1216 237 1409 279 intelligere
1426 237 1480 270 vel
1499 238 1581 282 quid
1601 237 1643 269 sit
1660 235 1910 279 Evaugefium,
1936 238 1988 270 vel
2008 250 2069 270 cur

1084 288 1286 330 apparuerit
1304 286 1476 321 Christus.
1529 287 1726 330 Diligenter
1744 288 1851 330 igitur
1866 289 2068 322 meminerit

1082 337 1208 378 lector,
1236 338 1451 381 superiorem
1470 336 1650 382 Epistolae
1676 346 1808 382 partem
1832 339 1937 373 fuisse
1955 351 2068 386 quan-

1081 388 1160 420 dam
1192 388 1467 422 contentionem.
1529 388 1629 421 Hauc
1661 401 1742 421 vero
1774 402 1863 434 quae
1896 391 2066 436 sequitur,

1079 439 1255 482 pertinere
1282 440 1322 471 ad
1351 451 1425 471 eam
1446 437 1657 472 Dialecticae
1683 447 1834 483 partem,
1871 453 1958 485 quae
1983 443 2068 474 sim-

1079 489 1184 533 plices
1207 501 1308 522 voces
1329 490 1470 533 definit,
1498 502 1536 523 38
1554 490 1662 523 veluti
1681 502 1811 523 novum
1831 491 1964 524 librum
1983 504 2066 532 esse,

1078 541 1138 585 qui
1164 547 1280 573 tamen
1303 541 1436 586 aliquid
1464 542 1551 575 lucis
1574 541 1694 574 afferet
1718 542 1937 575 contentioni
1961 554 2067 587 supra

1078 592 1271 627 absolutae.

1165 694 1408 748 Comparatio
1426 696 1589 741 Peccali‚
1624 696 1739 745 Legis
1763 703 1793 732 et
1813 696 1982 734 Gratiae.

1178 792 1245 827 Hic
1272 793 1396 837 incipit
1419 793 1462 825 de
1487 804 1587 825 causa
1607 793 1737 836 pcccati
1758 793 1889 826 dicere:
1919 793 2066 837 Propte-

1785 842 1831 878 Et
1854 845 1979 878 ordine
2005 844 2065 878 1135

1433 951 1538 981 Causa
1561 954 1707 991 pcccati.

1176 1004 1361 1038 Peccatum
1403 1016 1464 1048 per
1506 1003 1619 1037 Adam
1660 1012 1889 1049 propagatum
1932 1013 1979 1039 est
2026 1006 2061 1039 in

1073 1068 1195 1090 0111085
1224 1063 1388 1100 [10518105.

1406 1111 1561 1154 Effectus
1583 1113 1723 1152 peccati.

1175 1157 1240 1191 Per
1265 1164 1443 1201 peccatum
1472 1169 1566 1190 mors
1592 1157 1742 1200 pervasit
1772 1157 1813 1189 ad
1845 1168 1967 1190 omnes
1998 1153 2063 1189 ho-

1073 1209 1195 1241 mines.

1480 1265 1671 1305 Αἶτιολογιίι.

1176 1316 1268 1360 Quia
1293 1328 1416 1349 omnes
1445 1325 1690 1361 peccaverunt.

1328 1381 1589 1412 Circumstantia
1618 1393 1716 1422 quam
1740 1383 1809 1415 diu.

1175 1432 1291 1468 Etiam
1311 1448 1389 1467 811111
1411 1436 1462 1468 lex
1480 1437 1559 1468 data
1581 1443 1686 1477 esset,
1715 1444 1832 1469 tamen
1858 1446 2063 1472 manserunt

1073 1493 1251 1530 peccatum
1269 1494 1300 1518 et
1318 1499 1410 1518 mors
1428 1487 1463 1518 111
1483 1489 1616 1519 mundo
1629 1514 1637 1526 ,
1658 1500 1721 1520 nec
1741 1489 1893 1522 abolevit
1912 1490 1963 1522 lex
1982 1501 2061 1533 pec—

1074 1544 1187 1571 catum
1213 1544 1246 1570 et
1275 1544 1436 1570 mortem.

1342 1593 1616 1630 circumstantia,
1641 1595 1686 1624 acl
1707 1605 1796 1634 quw.

1175 1645 1276 1678 Mors
1299 1647 1407 1680 saevit
1424 1647 1459 1678 in
1477 1647 1555 1679 illos
1580 1647 1703 1686 8113111,
1732 1650 1791 1693 qui
1815 1660 1885 1681 non
1909 1649 2059 1682 admise-

1074 1703 1157 1730 runt
1185 1697 1334 1730 actualia
1359 1704 1516 1741 peccata,
1545 1704 1584 1730 ut
1602 1710 1777 1732 vocamus.

1173 1746 1242 1780 Hic
1266 1748 1361 1781 locus
1385 1755 1530 1781 testatur
1551 1761 1672 1781 omnes
1691 1747 1852 1782 homines
1868 1751 1962 1784 nasci
1980 1764 2059 1784 curn

1075 1805 1228 1842 peccato.
1283 1798 1320 1831 ld
1340 1811 1433 1831 nunc
1451 1806 1576 1832 vocant
1594 1807 1771 1843 peccatum
1792 1801 1948 1844 originis,
1967 1801 2059 1835 Pau-

1077 1851 1130 1882 lus
1157 1861 1228 1881 non
1259 1850 1393 1882 addidit
1424 1862 1616 1893 cognomen
1635 1876 1643 1889 ,
1684 1853 1817 1884 tametsi
1843 1854 1886 1885 de
1920 1861 2059 1897 peccato

1078 1900 1224 1942 originis
1248 1898 1340 1933 haud
1367 1901 1474 1933 dubie
1504 1901 1673 1946 loquitur.
1726 1902 1794 1936 Sed
1824 1909 1903 1947 apte
1936 1905 2058 1937 eodem

1078 1951 1221 1983 nomine
1244 1959 1418 1994 peccatum
1440 1952 1587 1995 originis
1604 1959 1633 1985 et
1653 1953 1786 1986 fructus
1805 1955 2058 1997 complectitur.

1077 2001 1198 2035 Postea
1223 2003 1333 2035 sancti
1358 2003 1423 2035 viri
1449 2004 1557 2036 coacti
1582 2011 1663 2037 sunt
1685 2004 1881 2037 discernere
1904 2006 2059 2049 appella-

1077 2053 1207 2092 tiones,
1233 2055 1363 2096 peccati
1389 2053 1570 2096 originalis
1596 2062 1629 2088 et
1655 2056 1818 2096 actualis,
1854 2068 1931 2088 cum
1958 2057 2057 2100 impii

1076 2102 1254 2144 pelagiani
1280 2115 1409 2137 nomen
1433 2105 1562 2148 peccati
1580 2105 1827 2150 detorquerent
1855 2112 1989 2140 tantum
2014 2109 2056 2140 ad

1076 2154 1223 2187 actualia
1248 2154 1400 2197 flagitia,
1434 2167 1505 2188 non
1531 2156 1572 2189 ad
1594 2163 1739 2189 naturae
1762 2158 1943 2196 morbum,
1970 2159 2060 2192 sicut

1077 2211 1194 2238 nostra
1215 2211 1326 2239 aetate
1350 2206 1492 2251 quidam
1515 2204 1691 2251 prophani
1718 2208 1877 2241 doctores
1902 2206 2059 2252 philoso-

1075 2253 1239 2299 phantur.

1445 2313 1538 2344 Unde
1565 2316 1692 2352 gratia.

1177 2365 1320 2407 Gratia,
1362 2374 1393 2401 81
1419 2368 1552 2400 donum
1576 2379 1638 2410 per
1659 2367 1824 2411 gratiam,
1866 2381 1926 2413 per
1948 2381 2059 2404 unum

1077 2416 1189 2450 lesum
1211 2415 1390 2451 Christum
1411 2418 1576 2450 exuberat
1595 2417 1630 2450 in
1650 2419 1790 2452 multos.

1178 2468 1315 2501 Nomen
1340 2469 1448 2512 gratia
1473 2468 1645 2511 significat
1673 2470 1913 2503 remissionem
1940 2483 2059 2514 pecca-

1075 2526 1214 2559 torum,
1263 2531 1321 2552 seu
1346 2526 1383 2552 ut
1407 2519 1630 2561 grammatice
1654 2532 1845 2563 exponam,
1891 2522 2058 2556 favorem.

1077 2570 1216 2604 Donum
1245 2582 1306 2613 per
1330 2570 1474 2613 gratiam
1500 2570 1671 2612 significat
1690 2570 1864 2615 Spiritum
1890 2580 2060 2613 sanctum,

1076 2622 1135 2666 qui
1161 2621 1355 2653 effunditur
1381 2620 1418 2653 in
1444 2622 1548 2653 corda
1584 2633 1724 2663 eorum,
1765 2623 1893 2668 quibus
1923 2630 2059 2666 peccata

376 2670 491 2716 Atque
510 2669 547 2704 hi
564 2678 644 2706 sunt
667 2672 846 2718 praecipui
869 2673 936 2707 loci
959 2674 1023 2708 do-
1074 2672 1326 2710 remittuntur,
1355 2671 1415 2717 qui
1441 2671 1633 2706 sanctificat
1657 2679 1690 2707 et
1713 2673 1863 2707 vivificat
1878 2680 1911 2708 et
1929 2685 2058 2707 novam
