2415 2942
103 120 201 159 1017
350 118 452 155 XIII.

101 205 246 251 spernit.
287 202 393 239 Item:
421 201 578 238 Obedite
595 205 800 249 praepositis
818 205 952 238 vestris.
981 204 1084 238 Item:

100 257 171 301 Qui
187 258 277 290 bene
292 262 480 300 praesunt,
506 256 639 300 duplici
658 254 793 289 honore
811 257 908 299 digni
925 263 1018 290 sunt.

199 306 253 341 De
271 304 336 340 hac
354 307 631 350 interrogatione
649 314 681 340 et
700 305 756 340 his
773 307 874 340 dictis
899 307 1002 351 plane
1029 318 1085 339 re-

99 359 269 401 sponden.
322 356 567 392 Certissimnm
592 365 642 392 est
666 356 750 391 haec
773 369 846 390 non
872 358 1085 391 constituere

98 407 367 454 Episcopis.aut
389 408 595 442 Pastoribus
620 420 768 452 regnum
802 416 896 442 extra
922 407 1086 450 Evange-

99 461 207 501 lium,
235 472 298 493 nec
320 460 476 494 tribuere
502 459 550 492 eis
575 465 782 503 potestatem
809 459 969 503 proprias
994 460 1086 501 leges

99 511 300 550 condendi,
341 511 431 544 sicut
462 521 559 553 reges
590 509 684 543 Deus
717 510 866 544 armavit
899 511 1086 543 autoritate

99 563 276 595 condendi
300 562 391 604 leges
415 562 458 594 de
484 560 636 604 politicis
661 561 822 603 negotiiS.
885 560 953 594 Sed
980 559 1085 594 simul

100 610 166 645 hoc
185 613 367 645 sciendum
383 618 444 651 est,
472 611 670 655 pastoribus
689 619 779 644 recte
797 613 1005 645 docentibus
1025 613 1085 644 de-

100 663 176 696 beri
194 663 432 697 obedientiam
446 662 483 694 in
499 659 575 702 his,
601 673 690 707 quae
713 668 796 696 sunt
818 663 959 706 propria
978 662 1087 695 mini-

98 714 195 747 sterii
231 712 441 756 evangelici,
475 712 558 757 quia
592 713 825 746 certissimum
860 720 909 746 est
946 724 1086 757 peccare

98 765 297 799 mortaliter
312 775 433 797 omnes
449 763 609 796 nolentes
625 764 770 797 obedire
794 765 968 797 mandatis
994 764 1086 796 divi-

97 816 171 856 nis,
211 827 300 861 quae
332 821 433 848 sonat
464 826 530 847 vox
555 815 717 858 pastoris.
778 816 881 848 Item:
919 815 1086 848 Nolentes

97 867 242 899 obedire
265 866 302 898 in
324 865 587 905 iurisdictione,
613 878 702 910 qnae
730 872 780 898 est
804 866 945 909 propria
966 864 1085 899 Evan-

97 917 189 960 gelii.
256 915 303 951 Ut
327 928 406 949 cum
430 916 642 949 Ambrosius
665 914 908 950 Theodosium
935 917 1084 960 impera-

97 975 227 1008 torem,
254 974 286 1001 et
310 966 461 1000 Basilius
491 965 675 1001 Valentem
699 967 946 1012 imperatorem
967 974 1084 1001 arcent

97 1030 116 1052 a
140 1018 402 1052 communIOne.

146 1100 221 1140 Cui
237 1100 413 1137 honorem
434 1100 566 1136 debitis
578 1131 586 1144 ,
614 1102 763 1137 tribuite
780 1100 954 1137 honorem
971 1108 1033 1139 etc.

199 1171 315 1205 Antea
339 1170 377 1203 in
403 1181 529 1213 genere
554 1170 643 1204 dixit
666 1172 708 1203 de
732 1171 953 1210 obedientia,
988 1183 1083 1204 nunc

96 1223 224 1267 gradus
250 1222 373 1256 recitat
400 1222 538 1254 interna
563 1228 596 1255 et
622 1228 763 1254 externa
786 1222 920 1261 officia,
958 1220 1083 1254 Hono-

98 1286 190 1314 rem,
217 1273 420 1311 Timorem,
447 1271 617 1312 Tributa‚
647 1271 848 1316 Vectigalia.
911 1271 978 1305 Hic
996 1285 1083 1317 pon-

99 1326 181 1358 dera
199 1323 452 1357 vocabulorum
473 1323 752 1357 considerentur.

200 1374 324 1408 Honos
347 1380 396 1407 est
424 1373 460 1405 in
489 1373 606 1406 anima
633 1374 761 1406 noticia
789 1374 989 1416 adprobans
1019 1374 1082 1405 ali-

98 1426 183 1472 quid
216 1431 360 1469 propter
388 1425 592 1457 mandatum
620 1425 706 1462 Dei,
748 1431 780 1457 et
818 1425 898 1468 quia
924 1423 1019 1457 Deus
1053 1425 1082 1455 ei

97 1476 333 1511 communicat
360 1474 568 1518 sapientiam
600 1486 698 1508 suam
730 1481 763 1507 et
791 1475 989 1507 iusticiam:
1026 1482 1082 1508 ant

98 1527 182 1574 quia
207 1533 258 1560 est
280 1537 450 1569 organum
477 1526 669 1569 sapientiae
695 1532 726 1558 et
750 1525 906 1557 iusticiae
931 1524 1016 1564 Dei,
1052 1533 1084 1559 et

98 1585 148 1613 est
166 1578 310 1621 diligere
327 1577 415 1609 illud
435 1576 528 1609 iuxta
546 1576 708 1609 ordinem
727 1589 743 1608 a
760 1574 833 1608 Deo
850 1577 1033 1609 sancitum.

197 1627 261 1661 Est
292 1627 401 1669 igitur
434 1623 546 1658 honos
578 1638 657 1669 erga
692 1626 913 1668 magistratus
945 1627 1084 1666 noticia,

99 1691 188 1724 quae
212 1678 369 1722 agnoscit
395 1685 425 1710 et
451 1678 595 1717 fatetur,
624 1677 785 1710 ordinem
812 1677 994 1720 politicum
1012 1690 1083 1711 esse

98 1741 185 1774 opus
210 1728 293 1769 Dei,
330 1735 364 1762 et
387 1729 587 1761 conservari
612 1740 629 1761 a
657 1727 750 1767 Deo,
785 1735 817 1761 et
841 1729 1082 1771 magistratum

97 1792 169 1814 esse
184 1781 364 1813 custodem
383 1779 466 1822 legis
482 1778 568 1819 Dei,
595 1785 627 1812 et
642 1780 679 1812 in
698 1792 734 1811 ea
753 1779 910 1811 custodia
928 1780 1082 1823 conspici

99 1832 331 1875 praesentiam
349 1828 415 1863 Dei
433 1831 470 1862 in
486 1841 615 1873 genere
632 1827 787 1863 humano
800 1854 808 1868 ‚
837 1837 868 1862 et
890 1830 1004 1863 lucere
1029 1843 1085 1863 sa-

98 1883 265 1926 pientiam
292 1890 324 1915 et
351 1881 524 1914 iusticiam
543 1879 619 1915 Dei.
671 1880 715 1913 Et
741 1887 790 1913 est
817 1881 962 1924 diligere
987 1882 1083 1913 ordi-

99 1945 178 1966 nem
205 1939 240 1966 et
264 1943 448 1977 personas,
479 1932 646 1965 habentes
672 1929 889 1976 προαίρεσιν
914 1939 1004 1964 recte.
1033 1932 1083 1964 fa-

98 1984 231 2025 ciendi,
266 1995 355 2029 quae
383 1990 465 2016 sunt
489 1995 618 2026 organa
645 1983 758 2015 divini
790 1983 946 2024 ordinis,
979 1990 1011 2016 et
1037 1984 1083 2016 sic

99 2035 268 2078 diligere,
307 2042 346 2068 ut
377 2045 440 2067 nos
474 2035 525 2067 illi
554 2034 691 2076 fastigio
729 2034 957 2067 subiiciamus
990 2034 1083 2066 iuxta

99 2092 280 2129 praecepta
305 2083 383 2117 Dei.
442 2084 547 2126 Item,
573 2093 688 2129 petere
714 2097 732 2118 a
757 2083 852 2126 Deo,
885 2092 924 2118 ut
945 2085 1017 2128 ipse
1042 2085 1083 2118 sit

100 2143 215 2170 custos
233 2134 336 2168 huius
353 2135 405 2168 sui
421 2136 578 2172 ordinis,
606 2143 637 2171 et
656 2142 749 2178 regat
767 2147 840 2176 eos,
870 2137 998 2180 quibus
1016 2143 1083 2170 tra-

101 2188 191 2221 didit
214 2187 415 2230 imperium.
475 2185 569 2219 Haec
600 2187 729 2219 noticia
759 2193 791 2219 et
813 2187 1021 2229 approbatio
1048 2187 1083 2219 in

99 2245 235 2278 mente,
263 2237 349 2270 etin
370 2236 551 2270 voluntate
577 2237 738 2277 dilectio,
766 2238 937 2271 subiectio
957 2246 987 2270 et
1009 2250 1086 2281 pre-

101 2289 190 2322 catio
214 2300 277 2333 pro
305 2287 461 2332 imperiis
487 2294 567 2320 sunt
594 2288 735 2331 proprie
760 2285 885 2322 honos.
947 2289 1087 2321 Deinde

101 2340 200 2382 signa
223 2346 360 2372 aeterna
394 2336 540 2371 honoris
574 2350 663 2383 quae
695 2338 764 2371 sint
794 2345 917 2371 notum
944 2347 1014 2380 est,
1049 2348 1087 2373 ut

102 2391 239 2423 flectere
261 2402 375 2433 genua
399 2390 570 2433 significat
597 2389 855 2423 subiectionem
881 2390 933 2422 sui
961 2390 998 2422 in
1026 2402 1088 2423 vo-

103 2442 250 2476 luntate.

204 2490 257 2524 De
275 2489 398 2523 officiis
421 2491 642 2534 magistratus
666 2491 866 2534 complexus
892 2497 941 2524 est
958 2490 1088 2525 Paulus

103 2553 293 2580 summam,
329 2553 407 2573 cum
432 2542 498 2582 ait,
534 2554 605 2575 esse
632 2542 831 2574 ministrum
856 2540 938 2581 Dei,
967 2549 1003 2575 ut
1024 2555 1086 2586 pu-
1114 2556 1115 2574 t

525 2592 570 2626 Et
592 2605 727 2626 snmma
754 2590 1003 2636 comprehendi
1025 2606 1085 2637 po·
1111 2598 1115 2638 ξ

104 2594 177 2626 niat
194 2591 282 2626 male
297 2591 474 2624 facientes.

103 2650 169 2678 test
193 2644 229 2676 in
261 2641 325 2676 hac
357 2641 586 2677 definitione:
627 2643 854 2684 Magistratus
889 2652 937 2677 est
971 2653 1085 2676 custos

505 120 540 157 3.
566 118 864 156 ENARRATIO
891 119 1045 158 EPIST.
1073 116 1221 156 PAULI
1248 119 1319 156 AD
1346 118 1609 158 ROMANOS.
1661 121 1763 160 CAP.
1789 123 1886 159 XIII.

2034 126 2130 160 1018

1139 206 1249 248 plina.
1302 205 1405 240 Hanc
1424 208 1666 242 definitionem
1687 209 1891 244 intueantur
1909 222 2030 243 omnes
2055 223 2129 244 ma·

1138 257 1319 298 gistratns‚
1355 265 1388 292 et
1411 259 1564 302 cogitent
1588 272 1658 294 esse
1685 273 1845 294 normam
1869 261 1975 295 totius
1999 263 2127 306 guber-

1137 307 1303 340 nationis.

1238 354 1363 402 Φάρος
1379 359 1550 402 significat
1567 361 1746 395 ordinaria
1763 363 1894 396 tributa
1913 375 1952 396 ex
1971 363 2104 398 fundis.

1244 406 1353 447 Τέλος
1371 410 1543 453 significat
1560 424 1615 452 ea,
1650 425 1738 458 quae
1755 415 1961 457 penduntur
1976 422 2007 448 et
2024 416 2128 448 rebus

1139 457 1283 491 aliunde
1310 461 1476 496 advectis,
1543 462 1636 505 Quia
1670 464 1853 507 praesidiis
1885 477 1974 509 opus
1999 472 2049 499 est
2083 466 2127 498 ad

1140 507 1361 553 prohibenda
1379 511 1563 546 latrocinia
1583 513 1621 545 in
1639 514 1716 549 viis.

1243 559 1315 593 Iam
1353 562 1414 606 qui
1449 563 1600 596 debebat
1632 576 1704 597 esse
1739 566 1865 598 modus
1901 565 2128 606 tributorum,

1140 612 1331 645 ostendunt
1350 613 1455 646 verba
1476 611 1663 647 Iohannis:
1686 614 1805 649 Estote
1823 617 1978 649 contenti
1995 616 2128 659 stipen-

1140 662 1208 694 diis
1234 663 1369 698 vestris.
1422 663 1466 697 Et
1490 665 1601 697 sciant
1626 666 1799 709 principes
1822 678 1857 699 se
1883 677 2023 711 quoque
2045 667 2129 699 sub-

1141 712 1247 746 iectos
1273 724 1345 746 esse
1370 714 1434 758 legi
1461 715 1620 749 divinae:
1657 716 1737 749 Non
1766 717 1897 750 furtum
1916 717 2031 749 facies,
2084 715 2128 750 Et

1140 771 1279 797 servent
1311 765 1576 799 distinctionem
1612 768 1872 807 dominiorum,
1918 767 2030 801 sciant
2060 768 2128 800 alia

1141 825 1211 847 esse
1237 815 1366 849 civium
1400 817 1560 860 propria,
1603 818 1670 850 alia
1697 819 1872 862 ipsorum,
1910 825 1951 852 ut
1973 819 2128 851 ostendit

1142 863 1286 898 historia
1311 868 1354 899 de
1379 867 1479 900 vinea
1503 867 1630 904 Nabot.
1692 869 1759 903 Sed
1786 867 1979 914 [Jovtuclm
2006 880 2127 911 regum

1140 923 1170 949 et
1194 917 1394 960 principum
1420 930 1521 962 saepe
1547 931 1619 952 non
1643 928 1725 954 sunt
1752 927 1936 955 contentae
1962 919 2128 964 legitimis

1141 968 1380 1010 pensionibus.
1433 968 1527 1002 Hinc
1544 977 1624 1004 sunt
1643 971 1804 1014 querelae
1821 979 1968 1005 veteres:
1997 967 2126 1015 ταμίαι

1140 1016 1278 1063 λαμιάι.
1329 1019 1373 1053 Et
1387 1018 1627 1054 Nazianzenus
1648 1023 1782 1067 inquit:
1810 1021 1944 1055 Briarei
1964 1024 2127 1057 manibus

1140 1081 1260 1113 rapere
1280 1071 1532 1113 gubernatores
1549 1084 1588 1105 ex
1606 1074 1728 1118 populi
1750 1074 1986 1108 facultatibus.

1355 1151 1514 1189 Reddite
1538 1155 1708 1191 omnibus
1733 1155 1906 1193 debitum.

1242 1221 1282 1254 In
1303 1222 1370 1254 fine
1388 1224 1476 1257 redit
1494 1224 1535 1256 ad
1555 1225 1729 1267 generalia
1748 1231 1928 1269 praecepta
1941 1249 1949 1262 ,
1978 1237 2065 1269 quae
2084 1225 2126 1257 ad

1140 1284 1263 1305 omnes
1291 1274 1488 1316 pertinent,
1525 1286 1563 1308 ac
1593 1276 1716 1319 repetit
1741 1288 1914 1309 summam
1945 1276 2126 1308 doctrinae

1139 1324 1180 1355 de
1207 1324 1309 1355 bonis
1333 1326 1520 1367 operibns,
1556 1326 1598 1358 de
1623 1338 1690 1370 qua
1716 1326 1882 1370 proponit
1902 1327 2125 1368 decalogum:

1139 1374 1220 1418 quia
1253 1386 1389 1406 necesse
1426 1382 1474 1408 est
1506 1375 1609 1408 fidem
1646 1383 1679 1410 et
1712 1389 1817 1421 opera
1859 1377 1929 1420 regi
1964 1389 2124 1421 expresso

1141 1425 1247 1457 verbo
1272 1423 1361 1465 Dei,
1397 1426 1490 1458 iuxta
1516 1424 1598 1460 haec
1629 1428 1741 1461 dicta:
1785 1427 1945 1460 Lucerna
1978 1428 2126 1471 pedibus

1141 1476 1225 1508 ineis
1249 1475 1393 1508 verbum
1420 1484 1530 1509 tuum.
1587 1476 1671 1511 Item
1696 1479 1731 1511 in
1759 1476 1938 1512 Ezechiele
1965 1479 2041 1512 20.:
2086 1479 2124 1511 ln

1141 1526 1330 1570 praeceptis
1347 1527 1432 1559 meis
1448 1528 1634 1561 ambulate.
1679 1529 1762 1563 Item
1783 1530 1818 1561 in
1832 1529 2015 1563 Numeris:
2044 1528 2124 1562 Non

1139 1577 1359 1611 fornicentur
1381 1577 1473 1610 oculi
1500 1579 1624 1617 vestri,
1658 1587 1697 1614 ut
1722 1581 1908 1614 ambuletis
1929 1582 2124 1614 secundnm

1139 1627 1366 1671 cogitationes
1387 1636 1515 1661 vestras
1533 1636 1595 1662 etc.

1243 1677 1339 1718 Item,
1355 1678 1498 1712 Frustra
1519 1692 1572 1712 me
1593 1681 1713 1713 colunt
1733 1681 1906 1714 mandatis
1926 1679 2125 1716 hominum.

1138 1728 1184 1763 Et
1210 1727 1337 1763 Matth.
1354 1727 1406 1763 5.:
1441 1729 1521 1762 'Non
1548 1732 1627 1763 veni
1651 1732 1786 1764 solvere
1811 1733 1939 1775 legem,
1974 1734 2031 1765 sed
2058 1734 2126 1765 im-

1139 1782 1244 1825 plere.
1299 1779 1445 1814 Necesse
1466 1788 1516 1814 est
1535 1782 1642 1824 igitur
1664 1783 1699 1815 in
1719 1781 1874 1816 Ecclesia
1894 1785 2044 1827 proponi
2065 1786 2125 1816 de-

1139 1832 1296 1872 calogum
1309 1857 1317 1871 ‚
1343 1838 1376 1865 et
1396 1843 1473 1864 eum
1492 1833 1647 1865 enarrari
1665 1833 1751 1866 sicut
1773 1842 1937 1868 enarrant
1953 1833 2125 1875 Christus,

1138 1880 1335 1926 Prophetae
1353 1890 1383 1915 et
1403 1883 1583 1926 Apostoli,
1612 1891 1644 1917 et
1661 1896 1797 1928 semper
1817 1885 1851 1917 in
1869 1883 2024 1918 Ecclesia
2043 1887 2125 1918 inde

1138 1946 1248 1978 usque
1273 1946 1289 1966 a
1314 1934 1490 1978 principio
1520 1935 1644 1968 mundi
1664 1936 1730 1969 fuit
1749 1937 1867 1968 eadem
1887 1937 2042 1979 decalogi
2062 1939 2125 1969 do-

1139 1993 1262 2019 ctrina.

1240 2034 1424 2069 Caeterum
1442 2036 1619 2080 qnomodo
1642 2036 1870 2080 intelligenda
1896 2038 1939 2071 sit
1965 2037 2124 2071 doctrina

1139 2088 1181 2119 de
1207 2087 1418 2119 liberatione
1447 2100 1464 2118 a
1500 2087 1592 2130 lege,
1628 2099 1731 2131 snpra
1756 2090 1887 2122 dictum
1913 2095 1981 2129 est,
2015 2096 2045 2122 et
2071 2101 2124 2121 se-

1139 2138 1260 2182 quenti
1286 2138 1397 2179 capite
1423 2139 1542 2170 eadem
1571 2139 1756 2181 explicatio
1783 2147 1968 2183 repetetur.
2022 2139 2125 2173 Nunc

1140 2189 1407 2221 considerentur
1434 2189 1522 2221 (licta
1547 2189 1668 2231 legalia
1695 2188 1760 2222 hoc
1790 2191 1890 2223 loco:
1932 2189 2127 2223 Persolvite

1140 2240 1304 2271 omuibus
1325 2239 1493 2272 debitum.
1547 2239 1620 2272 Istc
1638 2252 1721 2272 voce
1741 2241 1985 2284 complectitur
2008 2242 2126 2274 omnia

1141 2290 1252 2322 officia
1286 2290 1320 2321 in
1358 2290 1522 2323 societate
1554 2292 1753 2323 necessaria,
1832 2290 1931 2325 Iubet
1959 2293 2127 2335 praestari

1142 2353 1214 2373 non
1232 2341 1343 2373 solum
1361 2341 1513 2374 debitam
1530 2341 1763 2374 obedientiam
1782 2343 2042 2386 superioribus,
2067 2344 2126 2376 sed

1143 2392 1246 2424 etiam
1266 2392 1408 2424 caeteris
1425 2392 1542 2424 debita
1559 2392 1693 2433 officia,
1723 2393 1944 2436 parentibnS,
1974 2394 2126 2437 coniugi,

1143 2443 1289 2480 liberis,
1330 2443 1496 2476 familiae.
1565 2441 1663 2476 lubet
1697 2443 1778 2476 item
1816 2444 1852 2476 in
1888 2446 2126 2478 contractibus

1142 2494 1339 2537 cuicunque
1364 2505 1418 2525 res
1444 2492 1578 2525 debitas
1602 2500 1633 2526 et
1652 2495 1835 2537 pecuniam
1855 2496 2008 2527 debitam
2029 2494 2127 2528 exhi-

1143 2545 1234 2584 beri,
1263 2546 1355 2576 iuxta
1375 2550 1597 2587 praereptum
1618 2544 1791 2587 decalogi:
1807 2542 1907 2578 ’Non
1926 2547 2056 2578 furtum
2075 2547 2126 2578 fa-
2150 2566 2152 2568 v

1142 2596 1219 2627 cies.
1272 2594 1431 2627 Psalvnus
1448 2593 1509 2628 27.
1537 2594 1668 2639 inquit:
1709 2594 1839 2637 impius
1865 2604 1986 2629 mutuo
2010 2596 2127 2636 sumit,

1142 2654 1172 2679 et
1190 2658 1261 2678 non
1281 2646 1412 2684 reddit,
1440 2645 1552 2677 iustus
1576 2653 1691 2679 autem
1716 2649 1902 2680 miseretur
1919 2655 1950 2680 et
1968 2647 2127 2690 largitur.

103 2694 204 2738 legis,
230 2693 392 2728 videlicet
406 2694 587 2741 utriusque
603 2696 743 2729 tabulae
762 2696 798 2728 in
818 2702 958 2729 externa
978 2695 1081 2729 disci·
1110 2692 1114 2747 i
1140 2698 1190 2731 Ac
1207 2696 1378 2741 repetitur
1398 2696 1476 2729 ideo
1494 2693 1550 2729 hic
1566 2697 1774 2740 decalogus,
1803 2706 1838 2731 nt
1855 2699 2002 2730 sciamus
2021 2705 2127 2731 totam
