2415 2942
96 1314 101 1315 ’
123 1321 224 1342 vores
239 1309 482 1343 conscientiae.

135 107 204 143 841
413 105 514 143 Xlll.

138 200 281 238 propter
303 204 389 238 quas
410 192 504 228 Deus
530 205 687 238 expressa
713 206 797 227 voce
822 191 912 227 hanc
937 194 1046 237 ipsam
1071 196 1122 228 le-

137 256 212 288 gem
231 251 330 278 antea
356 245 393 276 in
426 245 602 278 creatione
628 245 804 278 mentibus
826 245 986 285 insitam,
1022 258 1120 289 repe-

135 295 234 336 tivit,
252 303 286 330 et
302 296 501 328 testimonia
522 296 671 329 illustria
690 296 844 336 addidit,
871 303 902 329 et
918 296 1023 328 scribi
1043 309 1118 329 eam

133 346 254 390 iussit..
306 345 396 379 Nam
422 354 498 389 post
525 354 671 380 naturae
698 344 872 379 humanae
895 347 1118 390 depravatio—

132 409 212 430 nem
240 397 278 429 in
301 397 478 430 mentibus
501 405 549 431 est
572 398 700 439 caligo,
736 403 769 430 et
795 397 945 430 multum
964 399 1118 436 ,dubita-

132 448 285 482 tionum.
326 446 372 481 Et
391 448 561 493 paulatim
581 449 669 481 mala
688 447 843 490 exempla
870 449 1042 490 augebant
1062 462 1117 482 ca-

132 499 289 542 liginem.
357 498 425 532 Sed
448 500 490 531 de
521 497 575 531 his
602 498 756 531 materiis
789 498 875 530 alibi
908 510 1009 542 saepe
1034 500 1117 536 dixi,

131 547 177 583 Et
200 550 335 584 discant
360 549 535 590 iuniores,
572 549 656 594 quid
690 560 769 581 vere
789 548 831 581 sit
858 547 931 582 Lex
960 557 1117 591 naturae,

132 606 164 633 et
184 608 324 633 teneant
341 600 495 643 regulam
513 612 531 632 a
549 600 726 632 veteribus
750 599 932 634 traditam:
960 600 1115 634 Violatio

130 651 218 683 iuris
235 659 380 684 naturae
397 658 443 684 est
462 657 642 695 peccatum
667 650 837 694 mortale,
866 651 955 685 sicut
973 652 1114 686 violatio

130 701 218 736 iuris
234 702 358 737 divini.

213 782 327 832 Quod
349 782 444 817 talia
461 783 646 832 facientes
675 780 786 829 digni
808 787 920 817 morte
935 783 1030 818 'sinu

230 852 324 886 Mira
349 852 504 895 profecto
527 851 699 885 sententia
727 857 795 892 est,
824 853 918 896 quod
944 852 1011 892 ait,
1047 849 1112 884 lio-

126 903 239 936 mines
262 903 471 935 naturaliter
502 902 717 945 intelligere,
754 903 879 945 dignos
903 910 1016 936 morte
1041 914 1112 935 csse

125 966 266 993 omnes,
302 953 361 998 qni
388 953 521 986 violant
548 954 638 996 leges
665 960 823 988 naturae.
884 953 953 987 Sed
980 953 1112 987 Paulus

125 1017 198 1038 non
216 1005 374 1049 loquitur
394 1005 435 1036 de
455 1004 595 1047 politica
612 1004 889 1047 gubernatione,
918 1016 1007 1049 qnae
1033 1012 1110 1037 tan-

124 1064 198 1091 tum
216 1063 355 1089 externa
379 1055 467 1088 sacta
492 1054 774 1099 punitz'Vernm
798 1056 841 1087 de
867 1056 998 1089 iudicio
1026 1068 1108 1099 pro—

125 1107 203 1151 prio
235 1108 272 1139 in
305 1107 474 1150 cuiusque
515 1106 744 1146 conscientia,
793 1106 953 1139 intuente
983 1105 1108 1139 Deum.

123 1159 175 1191 Ac
209 1158 321 1190 multo
354 1157 459 1189 altius
490 1156 690 1199 introspicit
732 1163 865 1190 mentes
906 1155 1108 1197 hominum,

125 1220 230 1253 quam
264 1207 319 1240 vel
344 1205 529 1251 Epicurei,
565 1208 620 1239 vel
645 1204 875 1253 ¹[hypocr-itae,
910 1207 970 1252 qui
996 1209 1107 1240 securi

122 1266 155 1293 et
173 1258 260 1291 ebrii
280 1258 541 1301 voluptatibus,
564 1270 634 1290 non
660 1265 739 1290 sunt
762 1258 893 1300 experti
919 1269 1019 1290 veros
1046 1271 1106 1302 pa-

536 1308 616 1341 Non
643 1309 772 1341 iudicat
796 1308 899 1349 Saul,
936 1321 971 1341 se
994 1317 1106 1342 morte

121 1360 268 1403 dignum
296 1371 387 1398 esse,
430 1371 508 1392 eum
542 1366 663 1392 contra
697 1360 901 1392 mandatum
930 1359 1104 1393 Samuelis

120 1410 233 1455 parcit
248 1410 318 1453 regi
338 1410 486 1453 captivo,
540 1409 606 1443 Sed
638 1417 722 1443 tunc
748 1410 905 1452 agnoscit
924 1411 1103 1443 conscicn-

119 1461 188 1502 tia,
216 1461 400 1506 quodlibet
418 1467 596 1505 peccatum
616 1468 728 1494 morte
745 1461 890 1503 dignum
913 1473 1003 1500 esse,
1024 1474 1101 1494 cum

119 1512 278 1546 intuetur
300 1511 434 1552 Deum,
470 1518 501 1544 et
534 1512 639 1545 sentit
666 1512 753 1544 iram
779 1512 862 1552 Dei,
898 1519 931 1546 et
953 1519 1103 1555 reputat,

119 1570 292 1608 quantum
317 1562 448 1595 malum
473 1562 516 1595 sit
542 1563 713 1604 neglectio
730 1561 813 1603 Dei,
840 1563 895 1595 vel
919 1571 1102 1596 contuma—

121 1614 174 1646 cia
192 1614 357 1646 adversus
371 1611 498 1645 Deum.
550 1613 591 1645 In
616 1611 682 1645 boc
704 1613 836 1646 iudicio
859 1613 979 1646 vident
1003 1627 1101 1646 men—

118 1670 186 1704 tes,
212 1670 391 1707 peccatum
417 1674 488 1695 esse
512 1675 584 1695 non
602 1669 738 1695 tantum
755 1664 1012 1697 deformitatem
1030 1665 1100 1697 dis-

117 1714 325 1747 sentientem
356 1714 400 1746 ab
434 1711 619 1746 harmonia
653 1720 817 1754 naturae,
850 1715 906 1746 sed
932 1715 1098 1758 quiddam

118 1777 237 1803 reum,
264 1770 296 1797 et
315 1765 519 1797 damnatum
538 1776 653 1797 coram
673 1765 770 1802 Deo,
799 1770 832 1797 et
858 1762 947 1797 hanc
964 1773 1099 1798 sontem

117 1822 279 1848 naturam
296 1821 440 1858 propter
458 1821 670 1847 contemtum
681 1813 746 1847 Dei
764 1815 904 1857 dignam
924 1826 996 1848 esse
1018 1813 1100 1849 hor-

115 1867 235 1899 rendis
254 1865 375 1908 poenis
394 1871 426 1898 et
445 1865 693 1900 destructione.
748 1864 861 1898 Adam
886 1878 963 1898 cum
982 1873 1097 1909 gusta-

115 1923 168 1950 ret
199 1928 343 1960 pomum
375 1922 495 1949 contra
528 1917 753 1956 mandatnm,
787 1917 1026 1957 existimabat,
1065 1918 1098 1950 id

114 1967 244 2000 sactum
271 1978 342 1999 non
365 1968 482 2009 magni
509 1968 678 2000 momenti
704 1979 785 2001 esse.
841 1967 1007 2000 Nondum
1035 1966 1099 2002 hos

114 2015 311 2050 horrendos
328 2024 478 2050 terrores
497 2018 728 2051 conscientiae
747 2025 907 2061 expertus
924 2026 1009 2060 erat,
1038 2021 1098 2065 qui

113 2065 205 2101 hanc
227 2067 389 2100 miseram
422 2075 582 2101 naturam
608 2069 815 2113 opprimunt
848 2078 969 2103 morte.
1030 2070 1098 2103 Po-

115 2125 188 2152 stea
216 2130 300 2151 vero
330 2118 534 2161 obiurgatus
564 2132 582 2152 a
604 2118 697 2160 Deo,
741 2121 883 2163 agnovit
919 2128 1096 2164 peccatum

113 2180 187 2202 esse
220 2168 474 2212 neglectionem
511 2181 571 2202 seu
607 2177 820 2203 contemtum
857 2170 942 2211 Dei,
991 2175 1096 2206 sensit

112 2219 214 2253 irasci
231 2218 345 2252 Deum
357 2244 366 2258 ‚
395 2221 549 2263 expavit,
577 2227 609 2254 et
626 2222 798 2254 extinctus
815 2229 902 2255 esset
919 2224 1097 2266 magnitu-

113 2271 196 2303 dine
220 2271 371 2310 doloris,
407 2271 475 2304 nisi
501 2271 621 2304 divina
659 2272 889 2315 promissione
920 2286 958 2306 ex
985 2283 1095 2308 morte

115 2328 296 2355 revocatus
313 2329 412 2355 esset.
463 2321 547 2363 Lex,
569 2323 683 2368 inquit
702 2322 844 2364 Paulus,
874 2331 922 2357 est
939 2326 1094 2368 potentia

113 2371 254 2413 peccati.
307 2371 358 2406 Ita
381 2373 435 2406 lex
462 2380 608 2406 naturae
639 2374 675 2406 in
706 2375 884 2407 mentibus
908 2372 1092 2409 bominum

113 2422 242 2455 iudicat
258 2430 288 2456 et
305 2424 449 2457 damnat
475 2432 664 2468 peccatum.
722 2423 765 2457 Et
790 2426 825 2457 in
845 2426 934 2458 veris
951 2429 1092 2469 pavori-

110 2472 176 2504 bus
191 2474 359 2514 ostendit,
385 2473 499 2507 Deum
523 2475 623 2509 irasci
647 2476 814 2509 omuibus
842 2477 1008 2520 peccatis,
1035 2490 1091 2510 ex-

112 2523 219 2556 ternis
237 2530 269 2557 et
288 2524 526 2564 interioribus,

210 2572 263 2607 De
297 2572 362 2608 hoc
391 2588 472 2609 vero
502 2576 635 2610 iudicio
664 2578 826 2622 propriae
855 2579 1089 2613 conscientiae

107 2624 266 2669 loquitur
288 2623 344 2659 hic
368 2625 514 2667 Paulus,
547 2641 587 2661 ac
620 2630 765 2662 damnat
791 2642 862 2661 non
889 2630 1002 2663 solum
1030 2623 1084 2663 exss

104 2681 201 2709 terna
221 2676 362 2717 delicta,
392 2679 450 2712 sed
474 2679 575 2712 etiam
599 2679 799 2714 universam
822 2680 1084 2715 immunditiem

569 108 604 143 5.
638 104 935 143 ENARRATIO
965 106 1118 147 EPIST.
1146 108 1292 146 PAULt
1319 109 1385 146 AD
1413 109 1676 149 ROMANOS.
1728 113 1834 151 CAP.
1861 117 1889 151 Ι.

2096 122 2168 158 842

1174 197 1400 237 interiorem,
1437 199 1656 232 aversionem
1683 213 1701 234 a
1725 199 1818 243 Deo,
1852 204 2091 239 dubitationes
2117 209 2161 241 de

1173 245 1266 287 Deo,
1295 260 1432 280 coccam
1452 251 1690 292 securitatem,
1718 259 1751 285 et
1773 261 1988 288 contemtum
2016 257 2099 297 Dei,
2126 266 2159 292 et

1172 310 1294 330 omnes
1314 310 1438 345 pravas
1456 300 1726 343 inclinationes,
1755 310 1785 336 et
1812 313 1966 339 errantes
1984 309 2157 351 cupidita—

1171 354 1232 383 tes.
1287 348 1370 381 Ideo
1389 357 1525 383 accusat
1540 363 1612 384 non
1630 354 1742 385 solum
1760 355 1924 390 facientes
1938 384 1946 398 ‚
1963 359 2021 390 sed
2041 360 2156 401 etiam,

1169 405 1207 432 ut
1224 396 1281 432 hic
1306 400 1483 440 nominat,
1511 400 1847 446 συνευδοκοῦντας,
1875 407 1909 439 id
1936 415 2002 449 est,
2031 410 2091 454 qui
2117 411 2154 444 in

1169 461 1229 482 sua
1246 458 1373 483 nutura
1393 451 1521 483 similia
1540 453 1622 485 vitia
1641 462 1807 495 cernunt,
1827 464 1858 489 et
1875 459 1918 489 ab
1936 459 1984 490 eis
2002 472 2073 493 non
2092 462 2154 494 ab—

1170 497 1331 541 horrent,
1359 513 1422 533 nec
1442 502 1586 543 dolent,
1614 516 1692 536 cum
1715 506 1905 540 titillantur
1931 506 1986 541 his
2012 512 2083 544 suis
2101 512 2153 544 vi·-

1169 551 1236 585 tiis.
1291 551 1496 596 Erumpunt
1516 560 1630 587 autem
1649 555 1709 587 alii
1729 557 1884 590 adfectus
1902 558 1937 590 iu
1956 561 2043 595 aliis.
2088 561 2152 597 At-

1167 602 1254 635 ticus
1272 614 1344 635 non
1365 610 1413 636 est
1435 603 1605 643 incestus,
1633 617 1704 637 uon
1725 607 1804 640 fecit
1822 610 1960 641 caedem
1980 613 2154 654 manibus,

1166 654 1223 685 sed
1251 661 1365 686 tamen
1397 654 1554 694 dubitat,
1591 668 1635 688 an
1661 655 1756 689 Deus
1779 666 1875 691 curet
1896 657 2072 702 humana,
2106 676 2151 696 an

1166 704 1305 747 puniat,
1334 717 1377 737 an
1401 706 1561 738 exaudiat
1589 704 1769 747 homines,
1803 711 1930 750 gaudet
1954 712 2019 743 sibi
2046 714 2151 746 eximi

1166 762 1295 788 metum
1323 756 1445 788 iudicii
1467 756 1578 788 dix-ini
1610 758 1816 791 academicis
1839 761 2151 805 disputationibus,

1165 807 1301 849 quaerit
1324 818 1422 839 suam
1453 808 1745 851 tranquillitatem
1770 810 1845 842 sine
1870 812 2048 853 agnitione
2072 813 2149 856 Dei,

1164 864 1196 890 et
1213 858 1318 890 sentit
1337 858 1427 900 ipse,
1456 869 1490 890 se
1509 856 1639 892 babere
1654 859 1781 893 multos
1805 869 1921 895 motus
1945 864 2149 899 aberrantes

1163 920 1179 940 a
1196 908 1271 950 lege
1287 916 1441 941 naturae.

1264 958 1431 991 Nominat
1459 959 1551 992 enim
1578 959 1709 994 Paulus
1735 959 1792 995 bic
1818 963 2149 1009 ovraevdoxofiz‘ra9‚

1162 1021 1233 1042 non
1259 1016 1296 1042 ut
1321 1010 1356 1042 in
1382 1011 1458 1042 soro
1485 1011 1655 1051 dicimus,
1683 1015 1957 1055 consentientes,
1986 1018 2046 1062 qui
2072 1031 2147 1052 ma—

1162 1060 1284 1093 nifeste
1317 1060 1486 1094 adiuvant
1517 1068 1575 1094 aut
1601 1063 1795 1096 defendunt
1821 1066 1970 1099 aliorum
1998 1069 2147 1104 scelera:

1161 1113 1217 1143 sed
1242 1123 1319 1151 eos,
1357 1112 1416 1156 qui
1442 1112 1477 1143 iu
1504 1124 1563 1144 sua
1599 1120 1725 1146 natura
1752 1115 1942 1149 titillantur
1971 1119 2148 1153 similibus

1160 1162 1470 1199 inclinationibus,
1500 1163 1634 1195 etiamsi
1654 1176 1708 1196 eas
1728 1177 1798 1197 non
1820 1168 2014 1209 proferunt.
2055 1169 2146 1203 Nam

1160 1210 1317 1247 εὐδοκεῖ)
1340 1213 1550 1256 generaliter
1570 1221 1630 1253 est,
1648 1215 1820 1248 benevolo
1838 1218 1956 1252 animo
1977 1232 2048 1252 esse
2067 1233 2147 1264 erga

1158 1263 1312 1307 aliquid,
1352 1270 1389 1296 ut
1415 1260 1559 1297 eddom?
1578 1262 1688 1310 ξένῳ,
1725 1266 1759 1298 id
1785 1274 1852 1305 est,
1896 1276 1946 1302 est
1972 1271 2143 1305 benevolo

1157 1315 1276 1345 animo
1303 1326 1381 1356 erga
1410 1312 1603 1356 hospitem,
1639 1328 1710 1347 non
1740 1323 1790 1349 est
1816 1318 1928 1351 aliena
1956 1321 2146 1358 voluntate.

1158 1362 1304 1398 eddom?
1326 1362 1550 1411 Myoitefzsotg,
1586 1366 1708 1409 recipit
1734 1367 1838 1403 dicta.
1892 1370 2031 1404 Atticus
2057 1384 2146 1407 συν-

1156 1412 1302 1448 ευδοκεῖ
1333 1411 1550 1461 ([ιλοσόφοις
1579 1419 1806 1461 καταγελῶσι
1842 1422 1919 1454 τῶν
1952 1420 2143 1457 πιστεύον-

1154 1478 1252 1510 των,
1290 1464 1380 1501 sirm
1407 1464 1576 1510 τιμωρίας
1599 1466 1702 1506 τινὰς
1729 1467 1937 1515 ἀνθρώπων
1956 1471 2049 1516 μετὰ
2073 1471 2146 1508 θά-

1154 1529 1280 1552 νατον.
1351 1516 1403 1550 Ex
1437 1518 1566 1550 talibus
1596 1520 1763 1563 exemplis
1802 1523 1901 1555 verbi
1935 1523 2144 1567 significatio

1153 1568 1234 1601 satis
1254 1568 1404 1611 intelligi
1424 1574 1547 1611 potest.

1529 1690 1664 1745 Caput
1702 1694 1759 1734 ΙΙ.

1257 1764 1297 1797 In
1317 1766 1461 1798 secundi
1479 1764 1613 1810 Capitis
1632 1768 1734 1801 initio
1752 1770 1850 1804 addit
1869 1773 2144 1817 conclusionem,

1154 1817 1296 1860 proprie
1326 1817 1559 1859 pertinentem
1585 1820 1625 1850 ad
1648 1816 1738 1852 banc
1765 1823 2019 1857 accusationem
2052 1826 2142 1860 inte-

1152 1868 1286 1900 riorum
1311 1868 1490 1900 vitiorum.
1560 1867 1653 1911 Ergo
1682 1877 1713 1902 ct
1740 1877 1797 1911 tu,
1833 1874 1893 1916 qui
1919 1874 2069 1915 iudicas,
2105 1877 2141 1910 id

1152 1926 1221 1959 cst,
1249 1917 1307 1962 qui
1328 1930 1530 1963 quanquam
1549 1932 1619 1952 nou
1641 1922 1724 1953 sacis
1742 1930 1881 1956 externa
1902 1925 2029 1959 scelera
2043 1952 2051 1965 ‚
2080 1929 2140 1961 sed

1152 1969 1324 2002 tamenin
1350 1977 1466 2002 mente
1493 1977 1524 2002 et
1550 1972 1654 2003 corde
1678 1972 1827 2006 similem
1854 1972 1960 2008 hahes
1985 1978 2140 2011 immun-

1150 2020 1288 2060 ditiem,
1315 2031 1395 2051 reus
1414 2031 1448 2052 es
1463 2033 1579 2052 coram
1600 2021 1685 2057 Deo.

1252 2069 1484 2116 Syllogismus
1507 2071 1641 2114 integer
1659 2080 1717 2106 est.
1772 2073 1813 2107 Iu
1838 2076 1906 2109 fine
1932 2077 2059 2120 prioris
2082 2092 2139 2113 ca-

1152 2121 1233 2165 pitis
1262 2122 1428 2154 recitatur
1457 2123 1585 2155 maior:
1615 2124 1726 2166 Digni
1757 2134 1869 2159 morte
1898 2135 1978 2161 sunt
2002 2142 2137 2169 omnes,

1149 2185 1226 2205 cum
1249 2179 1389 2205 externa
1408 2173 1534 2205 scelera
1554 2174 1739 2213 facientes,
1769 2183 1843 2209 tum
1862 2190 1944 2211 vero
1968 2179 2046 2218 aiii,
2076 2182 2136 2226 qui

1149 2224 1252 2256 falsas
1277 2223 1464 2267 opiniones
1490 2226 1531 2256 de
1560 2223 1633 2257 Deo
1658 2226 1693 2258 in
1721 2234 1837 2260 mente
1870 2229 2135 2273 circumferunt,

1148 2281 1178 2307 et
1201 2272 1330 2307 habent
1347 2275 1489 2307 vitiosas
1509 2276 1756 2309 inclinationes
1773 2278 1807 2309 in
1826 2281 1929 2312 corde
1954 2281 2134 2324 plurimas.

1148 2325 1316 2370 Sequitur
1341 2325 1459 2358 minor
1481 2327 1516 2358 in
1541 2328 1694 2360 secundo
1719 2328 1845 2372 capite:
1875 2329 1931 2363 Tu
1956 2332 2016 2376 qui
2040 2333 2134 2366 iudi-

1145 2388 1199 2409 cas
1215 2377 1374 2416 aherum,
1399 2377 1482 2409 facis
1502 2379 1633 2416 eadem,
1662 2379 1695 2410 id
1715 2385 1774 2416 est,
1794 2380 1854 2423 qui
1874 2381 1963 2424 regis
1983 2380 2128 2418 honeste

1146 2434 1304 2460 externas
1321 2428 1473 2460 actiones
1486 2455 1493 2467 ,
1516 2435 1547 2460 et
1568 2428 1699 2461 iudicas
1717 2441 1773 2461 eos
1794 2436 1928 2464 tantum
1946 2434 2130 2478 displicere

1144 2477 1236 2519 Deo,
1264 2479 1325 2523 qui
1341 2479 1494 2511 externis
1510 2479 1645 2511 delictis
1666 2480 1791 2522 polluti
1809 2489 1910 2523 sunt,
1944 2496 2008 2517 nec
2030 2486 2130 2519 dam-

1143 2542 1203 2562 nas
1230 2530 1400 2573 teipsum,
1443 2530 1500 2561 sed
1528 2529 1660 2562 iudicas
1693 2536 1724 2562 te
1751 2531 1880 2565 iustum
1907 2545 1979 2568 esse
2010 2548 2127 2570 coram

1144 2581 1220 2613 Deo
1245 2589 1389 2624 propter
1412 2587 1570 2613 externas
1592 2581 1745 2614 actiones
1765 2579 1948 2626 honestas,
1974 2587 2058 2619 facis
2076 2595 2127 2621 ta-

1140 2645 1219 2664 men
1240 2634 1380 2670 eadem,
1409 2631 1443 2662 id
1461 2637 1526 2668 est,
1556 2628 1662 2664 habes
1681 2632 1809 2665 similia
1836 2635 1919 2668 vitia
1948 2637 1984 2669 in
2010 2645 2127 2671 mente

1139 2690 1169 2717 et
1187 2684 1308 2717 corde:
1337 2681 1486 2716 Dubitas
1503 2693 1546 2714 an
1564 2682 1658 2716 Deus
1677 2690 1772 2718 curet
1790 2681 1963 2729 humana,
1990 2699 2033 2721 an
2060 2702 2126 2734 pu·-
