2415 2942
96 94 192 133 1169
251 91 352 130 XIII.

95 181 166 215 vita
200 185 364 221 aeterna,
399 186 433 213 et
460 180 504 214 de
537 180 664 222 modo,
704 192 774 225 quo
806 179 978 223 accipitur
1013 179 1084 212 vita

94 238 235 266 aeterna
252 237 367 275 certo,
394 242 476 265 curn
493 243 596 265 nemo
611 231 679 275 legi
695 230 900 270 satisfaciat,
930 237 962 264 et
980 242 1084 263 nemo

94 283 139 316 sit
154 282 230 316 sine
245 288 401 325 peccato.

195 331 286 366 Cum
304 329 391 366 haec
412 338 566 378 quatuor
582 338 786 376 argumenta
805 331 909 365 simul
933 332 1083 365 coniun-

94 389 246 426 guntur,
280 390 424 417 movent
457 381 618 416 homines
651 394 722 415 non
748 381 963 427 Cyclopicos.
1036 380 1084 416 Et

92 446 173 467 cum
189 441 308 478 postea
322 433 455 468 accedit
474 444 596 466 sensus
614 433 736 467 iudicii
755 432 822 466 Dei
839 433 874 466 in
899 433 1082 477 agnitione

91 491 336 529 peccatorum,
367 491 400 518 et
419 483 615 518 consolatio
630 496 670 517 ac
688 483 876 517 vivificatio
902 484 938 516 in
965 485 1082 521 corde,

91 535 212 578 agnito
242 535 318 568 filio
336 533 422 576 Dei,
448 535 485 568 in
513 532 568 567 his
591 535 747 568 motibus
769 534 922 578 Spiritus
944 541 1083 567 sanctus

91 583 201 620 trahit
217 593 250 621 et
266 586 450 619 confirmat
474 587 598 626 corda,
624 592 664 618 ut
688 585 756 618 iam
782 586 944 618 convinci
971 597 1006 618 se
1030 585 1082 617 fa-

91 643 256 680 teantur,
282 643 315 670 et
332 635 526 680 Evangelio
549 636 710 669 assentiri
736 636 872 669 firmius
896 636 1080 679 incipiant.

89 686 187 721 Haec
213 687 259 721 ita
281 687 371 721 fiunt
401 687 438 720 in
462 688 646 727 omnibus,
683 686 743 730 qui
770 687 931 720 exercitia
960 687 1080 728 poeni-

91 738 223 772 tentiae
239 738 461 782 intelligunt,
485 744 516 771 et
535 739 577 770 de
597 735 661 771 hac
679 738 945 771 confirmatione
965 737 1081 781 loqui-

91 795 150 823 tur
172 788 324 829 Paulus,
359 800 437 822 cum
463 788 530 829 ait,
574 789 610 821 2.
636 785 799 823 Corinth.
822 789 867 824 1.:
906 786 1003 821 Deus
1033 794 1081 821 est

94 846 232 880 autem,
272 839 333 884 qni
361 839 544 872 confirmat
569 850 633 872 nos
660 839 697 871 in
722 836 923 881 Christum,
964 838 1024 883 qui
1051 844 1083 871 et

90 890 192 924 unxit
207 897 239 923 et
256 889 456 932 obsignavit
472 901 536 923 nos
548 915 557 927 ,
584 897 615 923 et
635 890 731 923 dedit
748 892 956 923 arrabonem
977 889 1083 932 spiri-

92 947 148 974 tus
167 940 202 972 in
221 941 326 972 corda
344 946 477 975 nostra.
529 939 573 974 Et
591 939 744 974 Roman.
767 942 820 975 8.:
849 940 1002 984 Spiritus
1025 941 1083 972 dat

92 991 332 1025 testimonium
351 991 495 1034 spiritui
520 998 661 1031 nostro,
686 994 780 1036 qnod
798 991 906 1024 simus
928 991 990 1023 filii
1007 989 1083 1024 Dei.

90 1039 138 1075 Et
159 1042 190 1076 1.
204 1040 326 1075 Iohan.
345 1043 398 1076 2:
428 1040 557 1075 Unctio
575 1043 675 1076 docet
694 1054 755 1075 vos
771 1043 812 1075 de
825 1042 1001 1075 omnibus.
1038 1040 1081 1073 Et

91 1090 204 1125 Hebr.
228 1092 304 1126 11.:
337 1092 446 1125 Fides
472 1093 677 1126 nominatur
701 1091 864 1140 ἔλεγχος,
897 1094 990 1137 quod
1017 1089 1083 1124 hoe

92 1143 199 1175 modo
212 1169 221 1183 ‚
244 1149 282 1176 ut
299 1143 393 1184 dixi,
416 1143 674 1176 convincantur
690 1152 841 1184 mentes,
862 1151 894 1177 et
910 1144 1009 1176 firma
1026 1142 1084 1175 fiat

92 1193 258 1227 assentio.
310 1193 360 1227 Ita
381 1200 411 1227 et
428 1194 464 1226 in
482 1191 548 1227 hoc
567 1194 678 1237 capite
696 1195 811 1239 inquit
829 1194 976 1227 Paulus:
1003 1193 1083 1226 Ali-

93 1255 181 1289 quos
199 1244 317 1278 audita
337 1256 472 1278 summa
493 1245 671 1278 doctrinae
694 1245 730 1277 in
756 1256 943 1288 congressu
959 1242 1082 1277 Eccle-

94 1295 183 1333 siae,
208 1303 242 1329 et
265 1296 352 1329 facta
371 1295 559 1328 collatione
576 1297 617 1328 ad
640 1293 799 1329 ethnicos
814 1307 967 1334 errores,
991 1292 1083 1328 trabi

94 1357 114 1379 a
131 1345 266 1389 Spiritu
285 1353 416 1383 sancto,
444 1353 477 1379 et
492 1346 583 1379 flecti
602 1347 643 1379 ad
661 1347 943 1390 amplectendum
963 1343 1084 1378 Evan-

93 1396 236 1439 gelium.
293 1396 398 1429 Tales
415 1396 532 1441 inquit
559 1396 678 1437 fateri,
707 1399 800 1442 quod
827 1409 907 1429 vere
924 1395 1019 1429 Deus
1041 1395 1084 1429 sit

93 1447 132 1480 in
149 1445 323 1488 Ecclesia,
347 1448 381 1480 id
401 1454 470 1486 est,
499 1447 657 1480 sentiunt
684 1459 719 1480 se
745 1460 763 1480 a
780 1446 856 1481 Deo
873 1444 986 1487 trahi,
1013 1453 1084 1479 ter-

92 1498 185 1538 reri,
213 1506 246 1532 et
270 1510 391 1532 rursus
414 1498 499 1541 erigi
526 1510 564 1531 ac
583 1498 773 1541 vivificari,
801 1505 832 1531 et
849 1499 1004 1531 fatentur
1021 1498 1084 1530 do-

93 1549 241 1582 ctrinam
262 1561 378 1581 veram
398 1560 487 1585 esse,
516 1556 548 1582 et
565 1549 826 1591 amplectuntur
840 1561 925 1582 eam.

195 1598 291 1631 Haec
307 1599 460 1631 narratio
481 1599 651 1639 ostendit,
679 1600 857 1642 quomodo
880 1606 914 1632 et
941 1598 1085 1631 collecta

94 1656 127 1682 et
151 1655 251 1682 aucta
277 1649 320 1683 sit
346 1648 522 1689 Ecclesia,
558 1661 636 1682 cum
663 1650 851 1682 veniebant
873 1647 1017 1682 Ethnici
1043 1649 1085 1680 ad

93 1700 307 1733 audiendam
335 1700 544 1733 doctrinam.
598 1699 644 1732 Et
671 1700 793 1732 eodem
824 1701 930 1733 modo
948 1699 1086 1742 colligi-

94 1756 152 1786 tur
169 1748 323 1785 Ecclesia
341 1751 507 1784 omnibus
528 1750 760 1794 temporibus.

247 1830 386 1869 Πάντα
412 1831 504 1879 πρὸς
530 1831 735 1879 οἰκοδομὴν
755 1831 934 1881 γινέσθω.

197 1901 342 1946 Repetit
367 1908 611 1945 praeceptum,
639 1902 733 1946 quod
753 1908 785 1935 et
802 1913 905 1945 supra
933 1900 1089 1941 tradidit,

97 1961 137 1989 ut
163 1954 390 1987 considerent
422 1953 604 1996 doctores,
648 1953 732 1997 qnid
761 1951 934 1985 Ecclesiae
969 1952 1089 1995 prosit,

98 2005 282 2044 videlicet,
306 2005 349 2036 ad
368 2005 624 2046 agnoscendam
643 2003 871 2036 necessariam
892 2003 1087 2035 doctrinam

100 2057 143 2090 de
160 2055 308 2098 singulis
325 2054 492 2090 articulis.
528 2053 666 2087 Deinde
684 2055 727 2086 ad
748 2054 937 2087 flectendos
955 2054 1090 2086 animos

102 2108 145 2141 ad
174 2106 446 2150 poenitentiam,
490 2106 533 2138 ad
559 2105 801 2147 corrigendam
827 2105 1011 2148 profanam
1037 2116 1090 2137 se-

103 2158 299 2191 curitatem.
352 2155 476 2189 Postea
494 2157 535 2189 ad
562 2156 839 2189 consolationem
860 2156 1018 2199 piorum,
1047 2156 1089 2187 ad

100 2209 321 2242 excitandam
352 2207 475 2249 fidem,
518 2207 798 2248 invocationem,
833 2217 929 2251 spem
962 2212 992 2238 et
1021 2205 1088 2238 lae-

101 2259 214 2294 titiam
237 2259 273 2291 in
292 2258 387 2296 Deo,
411 2259 453 2290 ad
473 2259 599 2290 ardens
617 2258 772 2290 studium
795 2269 897 2290 verae
922 2256 1090 2289 obedien-

101 2311 180 2344 tiae.
232 2308 328 2342 Haec
345 2316 376 2342 et
396 2309 523 2341 similia
544 2309 788 2352 complectitur
806 2309 912 2340 verbo
931 2307 1091 2340 aedifica-

103 2361 229 2401 tionis,
255 2361 417 2394 alludens
433 2361 475 2392 ad
497 2359 751 2392 extructionem
770 2359 931 2394 aedificii.

207 2410 339 2445 Contra
363 2423 435 2443 non
459 2410 667 2450 aedificant,
701 2410 736 2442 id
764 2416 831 2450 est,
867 2421 940 2442 non
969 2409 1092 2441 iuvant

104 2460 298 2496 Ecclesiam
319 2462 540 2495 recitationes
557 2473 629 2494 non
651 2461 860 2494 intellectae.
898 2459 1092 2493 Destruunt

401 91 438 130 4.
464 91 804 132 COMMENTAR.
831 92 882 130 IN
907 90 1059 128 EPIST.
1086 86 1234 125 PAULI
1258 85 1326 123 AD
1353 86 1677 126 CORINTHIOS.
1733 91 1838 129 CAP.
1866 95 1968 132 XIV.

1194 176 1397 222 Προφῆται
1422 172 1462 209 δὲ·
1488 171 1557 210 δύο
1580 172 1604 221 ἢ
1627 178 1724 223 τρεῖς
1750 178 1977 217 λαλείτωσαν
1999 191 2062 220 etc.

1234 241 1303 276 Hic
1323 250 1463 284 monet,
1491 243 1654 276 ordinem
1679 250 1890 281 servandum
1917 262 1989 283 esse
2009 252 2044 284 in
2063 252 2128 285 do-

1132 293 1256 327 cendo.
1309 291 1354 326 Et
1381 294 1485 327 simul
1514 294 1646 327 iudices
1670 298 1871 339 constituit,
1902 303 1995 344 quod
2024 304 2126 335 valde

1133 344 1281 387 dignum
1303 351 1353 377 cst
1371 345 1664 378 consideratione.
1717 347 1796 380 Non
1820 351 1895 384 vult
1918 352 1951 383 in
1971 351 2125 386 Ecclesia

1133 395 1277 428 concedi
1303 395 1480 428 licentiam
1509 397 1694 438 spargendi
1723 400 1896 440 quaslibet
1926 404 2125 445 opiniones,

1132 447 1193 478 sed
1211 445 1287 478 vult
1304 445 1452 477 iudicari
1474 446 1683 482 doctrinam.
1738 447 1805 482 Hic
1823 452 2024 486 contiiietur
2039 456 2126 487 ordo

1131 497 1351 541 synodorum
1374 503 1406 528 et
1439 496 1653 530 iudiciorum
1672 499 1713 529 de
1731 500 1908 545 doctrina,
1938 505 1980 536 de
1999 506 2128 550 quibus

1133 544 1217 580 haec
1233 554 1384 592 quatuor
1401 547 1655 580 consideranda
1676 556 1773 582 sunt:

1234 606 1260 640 1.
1289 605 1389 648 Quae
1414 617 1584 648 personae
1607 606 1678 639 sint
1700 607 1832 642 iudices
1850 611 1892 643 de
1911 613 2072 647 doctrina
2088 614 2126 647 in

1285 655 1452 690 Ecclesia.

1233 714 1280 748 Il.
1306 714 1407 757 Quae
1438 715 1482 748 sit
1513 727 1655 756 norma,
1698 716 1793 750 iuxta
1831 730 1935 762 quam
1966 722 2127 757 iudicau-

1288 767 1371 798 dum
1397 772 1456 800 est.

1236 823 1297 857 ΙΙΙ.
1328 823 1519 866 Quomodo
1536 822 1731 857 iudicatum
1752 825 1873 859 valeat.

1236 882 1299 917 lV.
1330 882 1430 925 Quae
1448 882 1492 915 sit
1511 882 1679 916 executio.

1207 941 1260 976 De
1278 942 1390 985 prima
1409 940 1632 985 quaestione,
1659 940 1754 973 aliud
1784 949 1832 975 est
1858 943 1955 988 loqui
1979 946 2022 978 de
2045 958 2129 979 nor-

1137 1006 1210 1032 ma,
1235 993 1330 1025 aliud
1351 993 1392 1024 de
1416 991 1585 1034 personiS.
1641 989 1692 1023 De
1724 1004 1846 1025 norma
1876 1006 1947 1027 non
1979 997 2126 1030 dubium

1138 1051 1208 1085 est,
1234 1043 1440 1086 simpliciter
1456 1053 1616 1074 normam
1636 1053 1707 1074 esse
1726 1043 2038 1085 capita'doctrinae
2057 1054 2127 1080 tra—

1140 1096 1210 1128 dita
1231 1095 1267 1127 in
1286 1094 1425 1137 scriptis
1443 1090 1657 1136 propheticis
1675 1100 1706 1125 et
1725 1095 1946 1136 apostolicis,
1980 1105 2011 1130 et
2031 1111 2127 1131 com-

1138 1143 1309 1191 prehensa
1335 1145 1372 1176 in
1403 1143 1581 1188 symbolis.
1645 1141 1690 1176 Et
1717 1142 1801 1176 haec
1826 1158 1948 1179 norma
1975 1156 2023 1182 est
2049 1156 2128 1181 tan—

1140 1209 1244 1242 quam
1274 1206 1430 1229 summus
1454 1194 1574 1226 iudex.
1642 1193 1709 1227 Sed
1736 1195 1816 1238 quia
1846 1196 1913 1228 iam
1939 1199 1982 1230 de
2007 1211 2128 1242 perso-

1140 1248 1194 1280 nis
1218 1247 1417 1291 quaeritur,
1443 1251 1480 1277 nt
1506 1251 1537 1277 et
1556 1244 1686 1277 Paulus
1710 1246 1752 1276 de
1780 1250 1937 1288 personis
1958 1249 2128 1294 loquitur,

1139 1306 1170 1332 et
1190 1298 1226 1330 in
1245 1295 1308 1330 hac
1325 1297 1395 1328 vita
1415 1296 1452 1328 in
1478 1296 1690 1328 refutatione
1712 1308 1892 1336 errorum,
1921 1299 1957 1331 in
1983 1312 2129 1343 congre-

1141 1348 1302 1392 gastone,
1328 1357 1494 1390 personas
1514 1346 1649 1389 aliquas
1668 1353 1806 1388 oportet
1823 1359 1883 1380 sna
1902 1361 1985 1382 voce
2012 1358 2045 1384 et
2064 1363 2127 1384 suo

1139 1398 1342 1433 testimonio
1370 1397 1548 1430 adversari
1575 1397 1781 1430 errantibus.
1827 1398 1910 1432 Ideo
1934 1401 2127 1444 disputatio

1139 1457 1208 1491 est,
1251 1460 1339 1494 quae
1368 1449 1437 1481 sint
1462 1447 1542 1479 illae
1576 1459 1755 1490 personae.
1829 1448 1960 1484 Paulus
1994 1453 2127 1497 inquit:

1141 1500 1309 1534 Sedentes
1326 1500 1500 1537 iudicent,
1529 1498 1561 1530 id
1588 1504 1656 1537 est,
1683 1511 1804 1532 omnes
1829 1501 2027 1543 auditores,
2055 1516 2127 1537 non

1140 1558 1178 1584 ut
1206 1551 1241 1582 in
1275 1549 1474 1588 seditione,
1513 1548 1587 1580 sinc
1611 1549 1754 1586 ordine,
1800 1551 1856 1582 sed
1893 1563 1954 1585 suo
1981 1554 2128 1599 quisque

1140 1602 1234 1639 loco,
1271 1607 1309 1632 nt
1333 1607 1450 1643 postca
1476 1599 1591 1643 inquit
1617 1597 1765 1632 Paulus:
1801 1599 1933 1634 Omnia
1961 1604 2046 1638 fiant
2071 1617 2129 1638 or-

1140 1652 1235 1686 dine.
1290 1650 1394 1683 Item:
1424 1649 1518 1682 Deus
1544 1661 1616 1681 non
1637 1657 1686 1682 est
1713 1659 1814 1685 antor
1838 1650 2124 1694 ‹mammolas-c„

1142 1701 1192 1735 Ita
1228 1708 1260 1735 et
1292 1699 1419 1735 Matth.
1448 1700 1504 1734 18.
1539 1701 1707 1743 scriptum
1737 1709 1807 1734 est:
1853 1702 1916 1735 Dic
1943 1703 2129 1740 Ecclesiae.

1140 1752 1235 1786 Haec
1252 1753 1358 1785 verba
1376 1764 1447 1784 non
1466 1751 1715 1793 intelliguntur
1732 1753 1773 1785 de
1797 1753 1904 1794 impio
1923 1763 2041 1797 coetu,
2067 1758 2127 1801 qni

1142 1803 1345 1837 dominatur
1377 1803 1414 1834 in
1437 1801 1591 1834 Ecclesia
1628 1802 1738 1835 titulis
1774 1801 2054 1847 Episwporum,
2097 1815 2128 1841 et

1141 1862 1258 1888 tamen
1289 1860 1338 1887 est
1368 1851 1479 1885 bostis
1507 1864 1587 1885 vera
1616 1853 1817 1893 doctrinae,
1857 1858 1915 1887 sed
1948 1859 1990 1889 de
2015 1866 2128 1898 coetu,

1141 1906 1199 1950 qui
1221 1917 1292 1938 non
1308 1905 1396 1937 falso
1414 1910 1507 1937 tenet
1525 1915 1655 1936 nomen
1675 1901 1868 1945 Ecclesiae,
1892 1908 2010 1950 quales
2030 1917 2129 1943 erant

1142 1962 1258 1989 coetus
1273 1962 1357 1989 tunc
1376 1967 1392 1988 a
1411 1954 1520 1987 Paulo
1541 1954 1688 1987 collecti.
1738 1954 1778 1988 In
1801 1952 1866 1988 boc
1883 1964 1983 1990 coetu
2001 1960 2127 1993 ordine

1143 2007 1310 2040 dicantur
1342 2005 1534 2039 sententiae
1566 2016 1584 2037 a
1617 2006 1824 2039 docentibus
1858 2014 1887 2039 et
1921 2010 2130 2051 senioribus,

1141 2058 1231 2090 sicut
1249 2057 1285 2089 in
1305 2055 1401 2089 Actis
1426 2056 1536 2099 capite
1555 2054 1611 2088 15.
1638 2057 1784 2090 dicitur:
1813 2056 2023 2101 Congregati
2048 2069 2129 2095 sunt

1142 2108 1305 2152 Apostoli
1334 2115 1365 2140 et
1387 2107 1558 2144 seniores,
1587 2113 1625 2139 ut
1650 2108 1910 2141 considerarent
1935 2107 2024 2143 lianc
2049 2124 2130 2144 cau-

1142 2171 1227 2192 sam.
1272 2158 1393 2191 Postea
1414 2158 1448 2189 in
1467 2158 1651 2190 condendo
1669 2159 1806 2192 decreto
1821 2186 1827 2195 ,
1857 2171 1927 2191 non
1947 2161 2012 2193 soli
2031 2160 2127 2203 Apo-

1144 2210 1224 2243 stoli
1248 2216 1307 2242 ant
1332 2209 1486 2241 seniores
1510 2215 1652 2241 sumunt
1675 2209 1740 2241 sibi
1759 2217 1961 2253 potestatem
1982 2210 2129 2258 ὀλιγαρ-

1140 2257 1272 2305 χικὴν,
1314 2260 1372 2293 sed
1410 2259 1516 2292 totins
1551 2257 1727 2291 Ecclesiae
1763 2272 1952 2293 consensus
1987 2265 2129 2304 accedit,

1144 2311 1238 2344 iuxta
1265 2309 1350 2343 haec
1377 2311 1503 2342 verba:
1541 2308 1645 2342 Tunc
1678 2310 1790 2343 visum
1819 2319 1866 2344 est
1889 2312 2069 2355 Apostolis
2096 2322 2129 2348 et

1144 2360 1361 2406 Presbyteris
1380 2373 1457 2393 cum
1481 2367 1551 2393 tota
1578 2357 1743 2395 Ecclesia.
1799 2360 1843 2395 Et
1869 2370 1985 2403 postea
2010 2376 2130 2398 rurs-ns

1145 2412 1290 2445 dicitur:
1329 2410 1489 2455 Apostoli
1516 2417 1548 2443 et
1574 2409 1774 2454 Presbyteri
1798 2419 1828 2446 et
1852 2413 1985 2449 fratres,
2046 2416 2128 2448 Non

1146 2463 1257 2496 voluit
1277 2462 1429 2506 Spiritus
1448 2467 1586 2494 sanctus
1612 2461 1646 2493 in
1663 2459 1815 2495 Ecclesia
1834 2465 2051 2508 tyrannicam
2072 2474 2129 2499 aut

106 2514 210 2546 etiam
235 2520 402 2558 tanquam
422 2513 619 2545 aedificium
647 2512 802 2544 curiosae
821 2511 1042 2556 quaestiones
1062 2517 1095 2543 et
1119 2505 1121 2538 ’ὲ
1145 2511 1393 2556 oligarcliicam
1420 2518 1623 2554 potestatem
1657 2514 1885 2554 constituere,
1931 2517 1988 2547 sed
2013 2517 2128 2549 audiri

105 2561 313 2609 labyrinthi,
341 2575 429 2608 quae
448 2570 582 2596 mentes
600 2563 782 2606 implicant
803 2562 1096 2601 dubitationibus,

108 2621 141 2647 et
160 2614 302 2657 pariunt
318 2614 439 2648 odium
465 2614 667 2654 doctrinae,
697 2620 864 2658 tanquam
886 2613 1039 2646 incertae
1063 2619 1095 2645 et

107 2665 303 2708 ambiguae.

158 2714 346 2748 Memmii.
366 2717 469 2749 Orza.
499 2714 584 2749 Vox..
603 2716 682 2751 XV.

1147 2564 1223 2607 pios
1246 2563 1357 2596 voluit
1385 2562 1488 2595 etiam
1514 2561 1551 2594 in
1576 2562 1741 2601 gradibus
1765 2563 2013 2603 inferioribus,
2040 2567 2130 2601 sicut

1148 2612 1206 2648 bic
1240 2615 1355 2658 inquit
1381 2612 1535 2646 Paulus:
1578 2612 1727 2646 Potestis
1758 2615 1886 2657 singuli
1918 2616 2049 2658 dicere,
2092 2626 2132 2652 ut

1149 2677 1272 2698 omnes
1294 2664 1442 2698 discant.
1505 2661 1610 2697 Item:
1641 2662 1680 2698 Si
1698 2664 1802 2698 fucrit
1827 2667 1971 2699 sedendi
1997 2668 2131 2701 revela-

1296 2714 1344 2749 74
