2415 2942
92 89 164 124 993
370 86 468 122 xm.

155 174 313 208 Primum
341 181 456 207 autem
482 172 539 206 hic
566 187 702 208 necesse
726 181 776 208 est
792 175 981 217 diligenter
1001 188 1087 208 con-

97 226 247 258 siderare
281 225 469 258 discrimen
507 226 598 258 inter
633 227 792 269 politiam
826 225 1018 259 Mosaicam
1056 233 1087 260 et

96 276 344 320 promissiones
370 278 411 309 de
431 276 579 317 'Mc-ssia,
608 277 737 322 quibus
761 283 899 309 aeterna
926 276 1085 310 Ecclesia
1111 287 1114 325 J

94 328 282 369 colligitur,

194 377 327 411 Causae
352 379 456 411 etiam
485 378 772 419 considerentur,
815 390 878 411 cur
903 379 1014 412 deleta
1040 379 1084 411 sit

94 429 216 472 politia
254 428 405 464 Iudaica.

193 480 329 520 Prima,
373 487 410 513 ut
437 478 531 512 Deus
564 479 763 512 ostenderet
796 479 885 512 iram
916 481 1083 514 adversus

95 529 211 565 hostes
238 529 384 564 Christi.

194 581 367 621 Secunda,
385 587 422 614 ut
441 581 638 614 ostenderet
661 580 911 622 promissiones
929 580 1081 615 Messiae

93 633 339 675 intelligendas
366 644 437 666 esse
454 633 496 664 de
513 631 617 663 bonis
643 632 806 665 aeternis,

195 683 337 722 Tertia,
378 690 416 716 ut
441 683 641 715 ostenderet
667 694 772 724 opera
798 682 883 726 legis
909 696 980 716 non
1008 695 1080 716 esse

90 735 274 768 iusticiam.

190 784 340 828 Quarta,

89 836 282 870 tolleretur.

191 886 342 928 Quinta,
378 891 417 917 nt
439 884 567 918 deletio
587 884 662 918 eins
690 886 834 928 politiae
853 893 1000 919 testetur
1017 899 1077 929 ap-

89 938 244 981 paruisse
266 936 449 974 Messiam,
479 936 559 980 quia
585 948 743 979 expressa
773 938 991 980 praedictum
1012 938 1077 971 suit

88 988 253 1021 Messinm
282 987 316 1019 in
343 988 497 1019 secundo
522 988 652 1030 templo
680 989 971 1022 concionaturum
994 1001 1076 1030 esse,

90 1047 120 1072 et
140 1047 327 1072 venturum
346 1045 457 1070 stante
484 1038 540 1070 illa
561 1039 694 1081 politia.

190 1089 364 1123 Discernit
394 1090 498 1128 igitur
524 1089 653 1121 Paulus
678 1087 742 1122 hoc
773 1090 849 1122 loro
875 1090 1033 1133 politiam
1057 1102 1074 1123 a

89 1141 295 1173 collectione
328 1139 522 1177 Ecclesiae,
562 1149 593 1173 et
618 1142 778 1174 adfirmat
805 1141 1074 1182 promissionem

90 1194 132 1224 de
154 1191 281 1224 Massia
309 1188 423 1223 adbuc
449 1192 623 1233 pertinere
647 1194 687 1223 aad
715 1191 909 1231 Israelitas,
938 1193 1073 1225 etiamsi

89 1254 236 1285 regnum
263 1242 415 1275 deletum
443 1249 500 1276 est.
558 1241 624 1274 Hic
643 1243 750 1285 igitur
771 1243 863 1276 inter
881 1244 1002 1275 ruinas
1019 1256 1071 1275 re-

88 1306 237 1336 gnorum
264 1305 400 1325 necesse
427 1300 476 1325 est
503 1293 610 1332 scire,
648 1300 762 1326 tamen
789 1292 981 1326 E‹·clesiam
1008 1293 1071 1326 Dei

87 1356 287 1377 mansuram
309 1356 398 1382 esse,
427 1345 513 1375 sicut
533 1342 708 1376 Dominus
729 1345 801 1387 ipse
827 1344 960 1388 iuquit,
988 1358 1074 1377 ven-

87 1404 183 1429 turas
210 1407 281 1427 esse
313 1406 499 1436 regnorum
533 1396 807 1431 destructiones,
851 1397 908 1426 sed
939 1396 1071 1429 interea

86 1459 120 1480 se
133 1444 322 1488 Ecclesiam
343 1452 560 1477 servaturum
578 1457 668 1482 esse,
697 1446 783 1478 sicut
803 1445 934 1489 inquit:

187 1496 274 1530 Ecce
300 1508 360 1538 ego
388 1496 568 1528 vobiscum
594 1508 669 1529 sum
701 1508 811 1541 usqne
838 1498 879 1529 ad
905 1508 1071 1529 consum-

387 789 424 816 ut
451 784 690 827 praerogativa
718 784 830 827 gentis
867 783 1079 818 Israeliticae

20 1557 21 1582 ζ
49 1580 56 1586 ,
86 1549 279 1581 mationem
304 1548 420 1580 seculi.

188 1598 289 1630 ltem:
320 1597 378 1630 lsti
404 1597 476 1629 dies
503 1597 807 1631 abbreviabuntur
836 1605 979 1642 propter
1001 1598 1072 1630 ele-

85 1657 170 1683 ctos.

184 1698 289 1731 ltem:
318 1697 393 1730 Erit
414 1698 501 1730 sicut
520 1698 554 1729 in
575 1698 697 1730 diebus
714 1698 829 1739 Noae,
865 1711 956 1732 unus
974 1711 1072 1732 assu-

84 1758 216 1788 metur,
243 1757 273 1782 et
295 1750 381 1781 alter
398 1749 616 1793 relinquetur
636 1757 699 1784 etc.

186 1800 230 1834 Et
271 1799 394 1832 Esaiae
419 1800 476 1834 59.
515 1800 664 1833 affirmat
697 1812 835 1844 semper
870 1813 1071 1834 mansuram

86 1865 157 1887 esse
184 1851 391 1884 Ecclesiam:
435 1850 510 1882 Hoc
535 1858 584 1884 est
611 1851 732 1883 foedus
759 1864 873 1884 meum
900 1864 978 1883 cum
1013 1853 1072 1889 cis,

86 1904 169 1938 dicit
197 1902 389 1939 Dominus,
419 1901 570 1944 Spiritus
590 1914 703 1942 meus,
738 1904 795 1947 qui
822 1910 866 1934 est
897 1904 931 1935 in
959 1910 1010 1942 te,
1040 1910 1070 1935 et

85 1958 192 1988 verba
220 1966 312 1994 mea,
344 1966 430 1998 quae
447 1954 546 1996 posui
568 1953 603 1985 in
622 1966 681 1984 ore
700 1960 780 1993 tuo,
810 1966 880 1985 non
908 1956 1069 1986 recedent

85 2009 128 2041 ab
155 2018 213 2037 ore
239 2012 318 2047 tuo,
349 2013 376 2036 vt
407 2005 448 2036 de
466 2016 525 2036 ore
544 2004 686 2036 seminis
705 2005 753 2037 tui
779 2005 944 2048 deinceps
963 2013 992 2038 et
1014 2018 1068 2037 us-

84 2069 153 2103 que
175 2057 210 2088 in
235 2056 499 2099 sempiternum.

190 2107 290 2139 tum:
323 2106 397 2139 Hoc
415 2107 516 2139 facite
536 2108 646 2139 donec
666 2107 815 2139 veniam.

137 2159 321 2196 Secundo,
357 2169 493 2189 necesse
523 2166 571 2190 est
599 2159 701 2190 etiam
730 2158 882 2201 cogitare
912 2169 1000 2201 quae
1025 2157 1069 2190 sit

84 2219 118 2245 et
137 2210 196 2243 ubi
221 2210 264 2241 sit
281 2207 455 2244 Ecclesia,
485 2209 666 2249 videlicet,
696 2206 780 2241 llaec
805 2209 996 2241 multitudo
1020 2216 1069 2241 est

82 2261 258 2300 Ecclesia,
309 2259 443 2291 etiamsi
476 2266 524 2292 est
558 2260 594 2291 in
628 2259 859 2292 dissimilibus
895 2260 1069 2303 imperiis,

84 2325 172 2358 quae
198 2311 421 2355 amplectitur
451 2310 692 2354 incorruptam
724 2311 918 2343 doctrinam
949 2308 1067 2343 Evan-

85 2364 184 2406 gelii,
211 2363 302 2395 iuxta
322 2362 472 2394 dictum:
497 2359 592 2394 Oves
611 2373 707 2394 meae
725 2374 843 2394 vocem
869 2373 980 2393 meam
1006 2374 1065 2394 au-

87 2415 200 2449 diunt.
237 2413 338 2446 ltem:
366 2412 470 2445 Pater
488 2413 662 2446 sanctifica
681 2425 737 2445 eos
757 2413 791 2445 iu
812 2412 976 2453 veritate,
996 2424 1067 2444 ser-

85 2478 143 2499 mo
167 2472 246 2498 tuus
270 2471 317 2497 est
340 2464 477 2497 veritas.

140 2516 281 2555 Tertio,
323 2517 472 2548 tenenda
505 2521 552 2547 est
587 2515 690 2547 etiam
721 2514 925 2548 consolatio.
977 2514 1065 2547 Cum

86 2568 179 2600 enim
203 2566 388 2610 aspicimus
407 2579 510 2609 regna
532 2567 637 2608 impia
659 2567 849 2608 potentiam
870 2578 907 2598 ac
927 2576 1068 2607 magnas

86 2618 248 2652 victorias
265 2629 401 2657 eornm,
429 2625 459 2650 et
478 2618 741 2650 multitudinem
762 2617 964 2660 impiorum,
993 2623 1067 2649 tur-

83 2670 215 2702 bantur
233 2668 359 2707 animi,
386 2676 423 2702 ut
441 2669 638 2710 disputent,
671 2682 714 2702 an
739 2680 819 2702 casu
838 2667 956 2701 omnia
974 2667 1068 2708 fiant,

135 2720 319 2754 blmAxrn.
340 2721 441 2753 Ofsn.
471 2718 543 2754 Ver
576 2722 653 2756 XV.

516 87 550 124 3.
583 86 882 124 ENARRATIO
910 87 1065 124 EPIST.
1091 84 1236 121 PAULI
1265 86 1335 119 AD
1360 83 1621 122 ROMANOS.
1674 88 1779 125 CAP.
1807 91 1869 126 XI.

1113 173 1117 243 l

1112 245 1115 285 l

1110 336 1113 380 1

1102 441 1112 978 l

2060 99 2134 134 994

1141 179 1199 205 aut
1223 184 1267 204 an
1293 172 1345 204 illi
1367 172 1482 215 potius
1502 171 1576 206 Deo
1603 175 1782 218 placeant,
1813 180 1873 223 qui
1893 183 2042 217 maxime
2062 186 2128 219 sso-

1142 231 1219 256 rent
1239 224 1393 266 potentia
1414 231 1443 256 et
1461 226 1678 259 antecellunt
1697 231 1851 265 caeteris,

1242 273 1373 306 Contra
1393 273 1475 307 baec
1492 278 1684 318 spectacula
1711 289 1912 322 praemonet
1936 296 2001 317 nos
2020 284 2124 328 Deus,

1139 331 1170 356 et
1190 324 1343 357 affirmat
1361 324 1552 358 Ecclesiam
1576 328 1735 370 exiguam
1760 343 1851 373 esse,
1888 342 1920 367 et
1944 347 2017 368 eam
2045 345 2126 370 tan-

1110 383 1112 392 ·
1140 382 1212 408 tum
1234 387 1324 415 esse,
1354 388 1441 419 quae
1461 377 1698 421 incorruptam
1724 382 1921 417 doctrinam
1938 384 2125 431 Evangelii

1139 426 1381 469 amplectitur,
1410 427 1544 459 etiamsi
1565 429 1629 460 alia
1649 442 1727 472 pars
1745 435 1881 474 generis
1900 432 2045 471 humani
2061 452 2123 472 an-

1138 477 1265 510 tecellit
1285 477 1438 520 potentia
1461 486 1490 510 et
1506 479 1733 514 uuiltitudine
1749 490 1812 517 etc.
1862 485 1946 520 Vult
1969 500 2032 521 nos
2050 503 2123 523 non

1136 528 1314 560 discedere
1334 540 1349 560 a
1370 529 1477 561 verbo
1499 527 1561 561 Dei
1583 538 1695 563 motos
1720 544 1780 565 scu
1805 536 2035 572 multitudine
2063 553 2123 574 seu

1139 579 1292 621 potentia
1323 579 1495 613 aliorum:
1545 581 1622 612 ideo
1652 580 1755 616 Esaia
1789 586 1820 619 1.
1853 587 1999 622 dicitur:
2044 590 2122 625 Nisi

1135 629 1308 663 Dominus
1334 630 1530 674 reliquisset
1559 633 1662 664 nobis
1687 645 1827 676 semen,
1856 638 1944 672 sicut
1966 640 2121 676 Sodoma

1134 681 1214 714 facti
1239 693 1400 714 essemus.

1235 731 1358 764 Esaiae
1385 730 1461 765 34..·
1508 731 1553 766 Ut
1579 746 1656 766 cum
1693 747 1819 778 paucae
1846 751 1934 773 uvae
1967 743 2122 788 reliquae

1134 790 1214 815 sunt
1237 783 1271 815 iu
1298 784 1549 825 racematioiie,
1581 785 1627 817 sic
1655 795 1758 820 erunt
1784 788 1821 821 iu
1849 797 1938 824 terra
1963 792 2121 829 levantes

1135 846 1255 866 vocem
1278 842 1308 867 ot
1337 834 1518 866 laudantes
1541 834 1744 872 Dominum.

1233 883 1357 917 Esaiae
1380 883 1457 920 65.;
1495 885 1537 919 Ut
1563 887 1598 918 iu
1622 889 1730 920 sterili
1751 889 1949 932 vindemia,
1977 895 2038 928 ubi
2065 896 2120 929 in-

1133 943 1234 969 venta
1257 937 1361 969 fuerit
1381 950 1464 973 uva,
1495 938 1645 977 dicetur,
1674 938 1882 976 Benedictio
1901 943 2060 980 Domini.

1233 985 1448 1021 EtCluistus
1467 988 1596 1031 iuquit:
1617 988 1723 1023 Mutii
1744 994 1868 1031 vocati,
1889 996 1988 1038 pauci
2008 998 2119 1032 electi.

1131 1036 1175 1071 Et
1206 1045 1321 1071 tamen
1351 1036 1384 1070 hi
1421 1041 1519 1082 pauci
1554 1041 1652 1072 inulti
1683 1050 1783 1082 suut,
1825 1045 1915 1078 sicut
1943 1043 2008 1079 hoc
2043 1049 2119 1081 loco

1131 1089 1347 1132 significatur
1379 1102 1417 1122 cx
1452 1091 1545 1123 dicto
1577 1094 1618 1123 ad
1653 1091 1789 1126 Etiam:
1843 1095 1989 1141 Reliqui
2030 1097 2117 1132 milli

1129 1148 1260 1184 septem
1281 1142 1412 1181 millia,
1437 1154 1524 1186 quae
1546 1155 1616 1174 nou
1636 1144 1872 1179 adoraverunt
1892 1146 1987 1182 Baal.
2024 1149 2119 1183 Haec

1129 1193 1320 1225 necessaria
1361 1194 1520 1225 doctrina
1560 1194 1593 1224 iu
1632 1195 1807 1238 priuripio
1849 1196 1953 1231 liuius
1996 1201 2118 1244 capitis

1128 1244 1380 1280 continentur,
1423 1244 1552 1276 scilicet
1575 1246 1618 1276 de
1643 1246 1848 1280 discrimine
1878 1250 2039 1291 politiae,
2085 1260 2119 1286 et

1128 1294 1372 1338 promissionis
1406 1296 1449 1326 de
1475 1295 1575 1327 honis
1608 1298 1780 1341 aeternis,
1825 1306 1856 1332 et
1882 1302 1924 1332 de
1951 1299 2118 1344 Ecclesia,

1127 1357 1216 1389 quae
1241 1351 1273 1378 et
1300 1345 1414 1389 qualis
1441 1346 1494 1378 sit.

1250 1425 1353 1461 Νυηι
1374 1427 1426 1460 ila
1447 1427 1693 1475 impegerunt,
1729 1435 1766 1463 ul
1792 1430 1986 1468 caderent?

1228 1493 1429 1538 propositio
1449 1507 1553 1538 supra
1577 1496 1734 1530 instituta
1754 1501 1941 1541 repetitur:
1969 1502 2047 1536 Non
2069 1506 2116 1539 sic

1128 1545 1350 1587 impegerunt
1374 1545 1509 1582 ludaei,
1538 1547 1628 1578 utin
1649 1555 1718 1580 tota
1738 1558 1840 1590 gente
1859 1563 1961 1585 nemo
1980 1555 2023 1587 sit
2047 1558 2115 1589 sal-

1127 1598 1274 1630 vandus,
1311 1595 1416 1629 Ratio
1435 1605 1555 1639 argute
1575 1599 1721 1639 cogitata
1740 1607 1801 1638 est,
1814 1613 1875 1634 nec
1896 1611 1946 1636 est
1965 1606 2115 1641 obscura

1127 1647 1310 1687 sententia,
1329 1655 1481 1679 sumtum
1505 1655 1554 1680 est
1572 1649 1665 1680 enim
1685 1660 1933 1691 argumentum
1955 1667 1992 1688 ex
2013 1669 2114 1692 causa

1126 1698 1240 1738 finali,
1270 1696 1335 1730 lloc
1364 1699 1484 1730 modo:
1516 1698 1648 1731 Gentes
1675 1709 1833 1745 receptae
1861 1713 1961 1746 sunt,
1992 1715 2029 1741 ut
2056 1708 2114 1744 lu-

1127 1749 1201 1780 daei
1232 1756 1468 1791 provocentur
1493 1751 1534 1781 ad
1564 1752 1799 1793 credendum,
1838 1767 1915 1788 cum
1942 1759 2114 1795 videbunt

1125 1798 1360 1842 Evangelium
1398 1801 1433 1832 in
1468 1799 1645 1833 Gentibus
1671 1803 1791 1836 efficax
1828 1817 1916 1844 esse,
1959 1809 2045 1843 sicut
2076 1812 2111 1845 iu

1127 1850 1226 1883 Mose
1246 1852 1413 1895 scriptum
1439 1858 1507 1883 est:
1538 1851 1744 1886 provocabo
1769 1867 1827 1887 vos
1848 1869 1918 1890 non
1941 1859 1973 1891 in
1999 1870 2112 1903 gente.

1129 1901 1238 1944 Igitur
1263 1914 1401 1935 necesse
1427 1910 1475 1935 est
1500 1903 1638 1947 aliquos
1663 1917 1733 1937 esse
1756 1907 1911 1951 reliquos
1936 1910 2026 1944 inter
2052 1912 2112 1946 Iu-

1126 1955 1248 1993 daeos,
1283 1954 1342 1998 qui
1375 1954 1543 1986 credituri
1568 1961 1665 1987 sunt:
1712 1969 1880 2000 quorsum
1906 1962 1998 1994 euim
2024 1976 2111 2007 opus

1125 2016 1196 2036 esse
1221 2004 1402 2047 provocari
1424 2004 1585 2044 Iudaeos,
1613 2007 1638 2037 si
1666 2008 1754 2039 nulli
1783 2011 1949 2043 credituri
1975 2017 2111 2049 esseut?

1124 2055 1351 2100 Consequens
1370 2057 1417 2087 sic
1437 2057 1574 2090 attexit:
1607 2056 1726 2090 Ruina
1747 2067 1857 2093 vestra
1878 2064 2005 2104 profuit
2025 2079 2109 2108 gen-

1124 2107 1236 2144 tibus,
1271 2109 1327 2139 sed
1354 2119 1425 2139 non
1454 2107 1660 2149 simpliciter
1686 2110 1808 2150 ruina,
1840 2110 1968 2145 Verum
1997 2118 2108 2151 multo

1125 2158 1232 2198 magJS
1261 2158 1444 2200 plenitudo
1473 2165 1604 2196 vestra,
1646 2160 1679 2190 id
1707 2168 1773 2199 est,
1817 2174 1894 2204 pars
1921 2164 2108 2201 incolumis

1124 2210 1318 2249 creditura,
1353 2221 1440 2253 quae
1469 2211 1691 2252 provocanda
1719 2212 1783 2244 fuit
1808 2215 1962 2255 gentium
1991 2230 2107 2252 exem-

1124 2261 1200 2301 plo:
1227 2267 1310 2293 sunt
1328 2272 1408 2302 ergo
1427 2261 1554 2304 reliqui
1578 2261 1670 2294 inter
1696 2260 1840 2295 ludaeos
1865 2273 2106 2304 convertendi.

1123 2310 1223 2343 Hanc
1240 2311 1410 2355 reliquam
1430 2318 1564 2355 partem
1585 2312 1742 2345 nominat
1758 2313 2040 2360 Pleuitmlinem,
2070 2322 2106 2355 id

1123 2368 1190 2401 est,
1237 2363 1533 2405 complementum
1569 2362 1723 2405 integrae
1750 2363 1924 2400 Ecclesiae
1957 2381 2105 2406 conver-

1123 2414 1247 2447 tendae
1272 2425 1311 2445 ex
1335 2414 1468 2445 semine
1494 2410 1668 2448 Abrahae.

1225 2463 1298 2497 Hac
1323 2464 1580 2506 simplicissima
1612 2464 1842 2506 explicatione
1868 2473 2024 2505 contenti
2056 2474 2104 2507 si-

1122 2527 1222 2555 mus,
1265 2523 1297 2549 et
1323 2516 1443 2557 longas
1475 2514 1624 2547 aliorum
1652 2515 1909 2558 disputationes
1934 2517 1999 2556 hoc
2024 2524 2101 2559 loco

1122 2567 1284 2610 relinquo
1312 2566 1586 2598 considerationi
1611 2572 1642 2598 et
1668 2566 1798 2599 iudicio
1825 2570 2014 2606 seniorum.

1223 2617 1281 2651 Sic
1299 2623 1330 2649 et
1349 2624 1464 2660 postea
1490 2616 1715 2659 amplificatio
1742 2619 1902 2656 additur:
1945 2622 1982 2656 Si
2005 2626 2099 2659 ahie-

1121 2667 1189 2702 ctio
1207 2667 1417 2701 ludaeorum
1436 2667 1586 2712 profuit,
1614 2680 1719 2713 quam
1745 2669 1896 2712 gloriosa
1917 2675 1981 2707 erit
2000 2678 2100 2711 resti-

1267 2719 1315 2752 63
