2415 2942
184 118 276 154 1391

745 106 870 141 PIllL.
900 104 1014 142 MEL.
1043 102 1254 140 SCRIPTA
1283 101 1581 140 ExEGEthA.
1637 102 1651 110 ”

2119 109 2216 145 1392

194 204 340 248 podiunt
357 200 523 234 officium,
541 207 622 228 mox
639 193 738 227 addit
755 191 1022 236 responsionem
1043 190 1085 223 ad
1105 202 1180 222 eam
1204 189 1208 209 ¹
1234 196 1374 228 monet,
1418 189 1600 235 inquiens:
1646 190 1830 225 Attendite
1862 190 2027 235 lectioni,
2060 194 2221 228 consola-

194 255 453 300 ‹piaestioneiii,
481 259 569 293 quae
585 245 721 291 opponi
752 250 902 288 poterat:
940 240 1045 276 Unde
1074 241 1182 284 igitur

198 308 317 338 vivent
347 300 534 335 docentes‘.>
576 296 779 340 Respondet
807 292 988 338 proposita
1015 293 1183 325 similitu-

201 358 299 389 dine:
330 352 491 395 Agricola
519 351 656 383 fruatur
682 359 744 380 suo
772 346 912 384 labore,
944 344 990 378 ita
1017 344 1183 378 docentes

204 422 216 439 x
229 409 333 439 ictuin
355 402 504 436 habeant
522 413 560 433 ex
577 399 764 432 collatione
776 395 964 430 Ecclesiae.
993 393 1073 427 Hoc
1086 406 1184 438 prae-

203 465 341 502 ceptum
359 466 458 497 saepe
479 451 665 495 repetitum
683 455 752 487 est,
779 447 860 492 quia
876 458 958 479 vero
976 446 1072 479 addit
1094 445 1186 478 Pan-

204 510 258 541 lus
287 505 585 539 admonitionem:
629 495 836 533 Considera
873 494 974 544 quod
997 495 1097 537 dico,
1131 493 1187 529 del

205 558 276 592 tihi
295 555 484 590 Dominus
503 551 725 586 inlellcelum
743 549 781 583 in
802 547 988 589 ominibus,
1018 548 1189 591 significat

207 622 279 643 non
303 614 439 642 tantum
466 605 562 650 loqui
586 616 620 637 se
649 604 692 636 de
719 602 876 634 mercede
903 599 1097 641 corporali,
1129 598 1187 631 sed

208 663 311 694 etiam
333 661 374 691 de
393 659 609 689 incremento
631 655 808 687 donorum
822 679 829 691 ,
848 662 936 695 qnae
957 650 1107 683 fideliter
1127 650 1190 681 do-

208 711 368 745 centibus
387 714 489 751 anget
515 706 621 740 Deus.
675 703 721 737 Ut
748 703 900 744 agricola
925 701 1078 745 primum
1104 700 1191 733 srui-

211 772 268 795 tur
289 773 350 794 suo
379 760 515 796 labore,
551 757 599 790 sic
622 757 746 789 doctor
764 753 875 785 fidelis
901 751 1052 795 primum
1079 751 1191 794 perci-

213 815 281 856 piet
307 812 360 844 sui
387 810 517 843 laboris
544 806 714 852 praemia,
747 804 910 837 accendet
934 801 1029 835 Deus
1057 801 1092 834 in
1118 802 1193 845 ipso

214 865 382 897 maiorem
401 862 531 897 lucem,
559 858 671 890 mains
692 856 801 888 robur
820 854 919 893 fidei,
947 860 979 885 et
997 853 1064 885 alia
1090 853 1194 892 dona,

213 916 294 959 quia
313 913 462 945 fideliter
482 912 600 946 docet,
629 908 715 940 sicut
745 904 912 949 parabola
939 905 982 936 de
1009 904 1196 946 negocian-

214 967 308 999 tibus
331 965 449 1005 docet,
483 961 595 994 Lucae
622 959 697 992 19.:
745 955 901 989 Habenti
927 955 1088 996 dabitur,
1123 960 1157 988 et
1180 965 1197 986 a

213 1029 285 1050 non
304 1013 455 1048 habente
472 1012 575 1046 etiam
594 1011 627 1043 id
647 1009 740 1055 qnod
760 1005 864 1040 habet
882 1006 1070 1040 auferetur.

217 1125 374 1160 Praesta
399 1128 430 1157 le
453 1120 663 1155 ministr-mn
691 1122 776 1151 recle
800 1121 978 1151 secantem
1001 1126 1198 1150 sermonem

580 1169 745 1204 veritalis
767 1174 826 1204 etc.

322 1259 494 1294 Existimo
522 1263 671 1291 sunnam
699 1266 771 1287 esse
796 1249 1039 1297 metaphoram
1063 1264 1081 1285 a
1108 1251 1200 1285 divi-

221 1316 317 1348 sione
350 1310 589 1344 membrorum
619 1307 655 1339 in
683 1305 854 1343 victimis,
893 1315 978 1349 quas
1003 1315 1076 1337 non
1100 1303 1201 1337 licuit

220 1375 348 1400 temere
381 1360 523 1405 partiri,
567 1359 626 1391 sed
663 1363 782 1401 pectus
816 1362 849 1388 et
874 1352 1016 1387 harmos
1043 1354 1201 1397 oportuit

221 1413 379 1449 abscindi
399 1412 441 1443 ab
458 1411 579 1453 adipe,
607 1415 639 1441 et
658 1407 732 1440 dari
749 1405 1013 1447 sacerdotibus,
1040 1405 1099 1448 qni
1119 1405 1201 1437 inde

222 1465 445 1499 victitabant:
474 1459 612 1504 Adeps,
649 1469 769 1494 renes,
807 1456 917 1488 canda
943 1456 1202 1490 cremabantur.

221 1517 267 1551 Et
290 1518 341 1549 lex
367 1526 438 1546 non
455 1512 568 1545 solum
597 1507 884 1551 significationis,
919 1506 976 1538 sed
1006 1505 1108 1538 etiam
1134 1505 1204 1538 uti-

223 1568 329 1602 litatis
347 1565 518 1598 rationem
540 1559 714 1600 adhibuit,
733 1557 894 1592 attribuit
913 1556 1006 1589 enim
1026 1568 1080 1589 eas
1092 1563 1205 1600 partes

222 1616 479 1653 sacerdotibus,
514 1624 601 1657 qnae
621 1617 702 1644 sunt
721 1609 828 1651 magis
855 1619 1041 1647 carnosae,
1068 1608 1202 1652 reliqua

224 1667 540 1704 comburebantur.
594 1663 710 1695 (janda
729 1659 1080 1703 significabatomnes
1096 1659 1206 1691 actio-

223 1733 284 1754 nes
301 1717 499 1752 relercndas
523 1725 594 1747 esse
620 1713 661 1745 ad
682 1711 794 1745 Denin
825 1717 993 1755 tanquam
1021 1710 1063 1742 ad
1089 1710 1206 1742 finem.

225 1773 344 1815 Adeps
376 1779 436 1800 seu
469 1765 645 1810 pinguedo
670 1762 886 1806 significabat
912 1761 1017 1803 rigari
1044 1761 1163 1793 omnia
1188 1772 1206 1793 a

226 1824 313 1857 Deo.
374 1817 490 1852 Renes
514 1814 759 1860 significabant
783 1812 939 1847 carnales
966 1811 1110 1846 affectus
1136 1823 1207 1845 esse

225 1871 440 1907 cremandos.

327 1930 384 1964 Ab
416 1929 474 1961 illa
501 1927 608 1971 igitur
632 1931 705 1958 arte
730 1924 871 1957 secandi
898 1922 1076 1956 victimam
1102 1920 1211 1955 sumit

226 1981 514 2019 similitudinem,
555 1989 633 2010 cum
670 1976 766 2009 iubet
798 1981 889 2008 recte
920 1973 1027 2007 secari
1061 1973 1208 2006 verbum

225 2034 304 2069 Dei.
355 2029 610 2074 Complectitur
625 2035 740 2061 autem
760 2026 963 2058 universam
989 2024 1209 2066 diligentiam

227 2092 320 2119 recte
337 2081 505 2120 docendi,
535 2087 566 2113 et
585 2079 668 2124 quia
686 2078 721 2110 in
748 2076 907 2109 docendo
933 2075 1151 2108 divisionum
1178 2080 1210 2108 et

229 2135 474 2169 definitionum
494 2142 618 2173 magna
640 2129 690 2161 vis
712 2136 776 2162 est:
816 2129 993 2160 doctorem
1014 2133 1132 2160 tenere
1149 2137 1210 2158 ne-

231 2198 323 2221 cesse
353 2192 404 2218 est
436 2183 595 2216 ordinem
629 2179 869 2213 membrorum
900 2177 1006 2211 totius
1030 2177 1210 2210 doctrinae

231 2245 321 2271 recte
339 2235 587 2270 distributum,
616 2238 654 2265 ut
671 2230 893 2262 manifestum
911 2235 979 2268 est,
1014 2225 1210 2261 horrendas

233 2287 456 2320 confusiones
483 2283 598 2328 sequi,
639 2281 780 2327 quando
807 2292 877 2312 non
902 2286 994 2312 recte
1018 2280 1210 2312 miscentur

233 2350 356 2379 genera
376 2336 632 2371 doctrinarum,
660 2331 761 2375 Legis
787 2338 819 2364 et
845 2329 1050 2373 Evangelii,
1078 2330 1210 2363 doctri·
1234 2337 1236 2362 ζ’

234 2401 296 2422 nae
314 2387 505 2432 spiritualis
521 2393 552 2419 et
571 2383 744 2427 politicae.
790 2380 1006 2415 Assuesaciat
1024 2381 1125 2413 etiam
1147 2381 1211 2413 do·
1234 2388 1236 2423 ξ

232 2449 307 2473 ctor
324 2439 519 2476 auditores,
555 2443 592 2470 ut
619 2435 690 2478 ipse
714 2445 854 2478 quoque
879 2433 1053 2475 integrum
1081 2431 1211 2465 doctri-
1235 2431 1237 2435 ’

233 2503 296 2524 nae
314 2501 438 2532 corpus
456 2495 569 2520 inente.
594 2482 891 2528 comprehendere
916 2483 1069 2526 possint,
1103 2490 1135 2516 et
1159 2482 1212 2514 vi-

233 2546 335 2574 deant
354 2540 477 2573 sei-iem
503 2537 764 2575 membrorum,
797 2534 917 2575 initia,
954 2533 1213 2578 progressiones
1236 2545 1238 2590 4

237 2602 265 2624 nt
289 2592 410 2625 exitus.
463 2588 556 2622 Ilaec
580 2586 750 2619 sententia
777 2585 880 2619 etiam
910 2591 1054 2618 testatur
1078 2584 1213 2628 placere

232 2642 307 2676 Deo
339 2641 453 2674 studia
485 2638 712 2676 discentium,
748 2636 831 2681 quia
857 2648 961 2669 nemo
986 2642 1098 2679 potest
1122 2643 1212 2669 recte

233 2698 355 2727 docere
381 2692 447 2724 nisi
477 2688 658 2728 didicerit,
697 2686 786 2720 sicut
810 2693 841 2720 et
872 2698 975 2731 supra
1003 2687 1034 2720 1.
1059 2685 1153 2720 Tim.
1180 2685 1214 2719 4.

1235 241 1326 275 tioni
1345 247 1377 274 et
1396 242 1589 276 doctrinae.

1328 355 1555 406 Prophanus
1576 358 1764 394 verborum
1783 358 1987 394 inanitates
2005 360 2131 397 vitato.

1341 442 1553 487 Gangraena
1586 445 1798 477 vocabulum
1827 452 1878 479 est
1911 445 2040 480 factum
2070 458 2088 479 a
2116 447 2222 481 verbo

1238 492 1425 543 γραιίἐιν,
1461 497 1554 539 qnod
1582 496 1752 538 siguificat
1782 497 1957 533 arrodere.
2015 495 2080 531 Est
2104 505 2222 532 autem

1241 547 1371 580 malum
1388 547 1526 579 saevius
1542 559 1668 579 cancro
1680 574 1688 586 ,
1721 559 1826 580 urens
1843 555 1875 581 et
1893 548 2063 582 arrodens
2083 560 2225 582 carnem

1241 605 1275 631 et
1297 608 1392 637 ossa,
1436 605 1473 630 ut
1499 598 1614 631 statim
1642 598 1738 631 velut
1765 598 1800 631 in
1825 599 1976 631 cinerem
2010 600 2226 642 redigantur.

1242 648 1289 682 At
1321 648 1387 680 nisi
1419 649 1615 681 membrum
1640 649 1707 682 cito
1737 650 1979 693 praecidatur,
2012 651 2139 684 occidit
2163 647 2228 684 ho-

1248 711 1391 732 minem.

1347 774 1420 807 llae
1451 775 1603 818 imagine
1636 776 1809 820 significat
1844 777 1954 821 impia
1981 778 2162 821 dogmata,
2197 785 2231 812 et

1246 826 1404 860 celeriter
1437 826 1503 859 late
1536 827 1672 869 vagari,
1721 835 1753 861 et
1786 828 1888 861 valde
1921 828 2118 872 perniciosa
2147 841 2232 863 esse.

1248 877 1327 920 Qua
1349 878 1384 909 in
1402 888 1437 909 re
1456 888 1528 909 non
1552 877 1666 909 solum
1691 878 1825 911 vanitas
1852 885 1886 912 et
1908 879 2031 913 levitas
2057 877 2232 914 humanae

1249 935 1393 962 naturae
1411 929 1631 971 agnoscenda
1655 935 1687 961 et
1712 929 1928 972 deploranda
1953 937 2022 969 est,
2056 942 2145 975 quae
2170 932 2231 964 de·

1250 980 1397 1013 lectatur
1422 979 1633 1018 mendaciis,
1668 980 1725 1011 sed
1755 980 1858 1011 etiam
1883 980 2108 1013 diabolorum
2131 982 2234 1014 mali·

1250 1031 1296 1065 tia
1310 1057 1318 1069 ‚
1354 1037 1384 1063 et
1404 1030 1558 1073 potentia
1577 1030 1833 1062 consideranda
1852 1037 1919 1071 est,
1947 1030 2007 1074 qui
2026 1031 2143 1072 gratis,
2161 1032 2236 1065 sine

1250 1082 1324 1115 ullo
1356 1092 1418 1113 suo
1447 1081 1673 1113 incommodo
1702 1087 1871 1124 spargunt
1895 1087 1929 1114 et
1953 1081 2161 1116 confirmant
2185 1090 2237 1116 te-

1252 1140 1323 1166 tros
1355 1132 1513 1175 furores,
1556 1138 1693 1165 tantum
1718 1139 1755 1165 ut
1783 1131 1898 1165 Deum
1924 1133 2135 1167 contumelia
2160 1133 2236 1167 affi-

1251 1184 1364 1224 ciant,
1391 1190 1423 1217 et
1442 1183 1525 1216 odio
1543 1180 1677 1217 Christi
1696 1184 1848 1227 perdunt
1871 1181 2041 1218 homines.

1354 1254 1657 1291 Cohorrescamus
1676 1257 1779 1290 etiam
1799 1257 1991 1300 cogitantes
2008 1257 2051 1290 de
2069 1259 2238 1301 potentia,

1253 1310 1295 1343 de
1318 1320 1385 1354 qua
1416 1309 1549 1342 dictum
1577 1315 1627 1343 est
1646 1308 1762 1342 Lucae
1781 1309 1860 1344 22:
1896 1308 2004 1342 Satan
2031 1308 2175 1342 intravit
2201 1310 2238 1343 iu

1254 1373 1341 1393 euin.
1389 1358 1440 1393 Ac
1460 1360 1553 1393 idola
1572 1357 1711 1393 ethnica
1730 1360 1890 1393 omnium
1912 1366 2110 1404 temporum
2129 1372 2241 1394 mun-

1254 1412 1309 1451 di,
1337 1408 1592 1450 Bacchanalia,
1626 1408 1800 1444 humanae
1824 1410 2002 1451 victimae,
2038 1417 2070 1444 et
2097 1411 2158 1444 alii
2183 1412 2240 1445 fu-

1255 1473 1372 1502 rores,
1415 1468 1497 1494 sunt
1520 1461 1720 1495 testimonia
1749 1461 1824 1494 eins
1851 1462 2047 1504 potentiae,
2081 1469 2114 1495 et
2148 1462 2240 1496 inter

1255 1524 1331 1552 eos,
1360 1511 1420 1556 qni
1451 1512 1629 1544 nominari
1654 1512 1780 1545 volunt
1804 1510 1960 1545 Ecclesia
1979 1510 2066 1551 Dei,
2102 1524 2240 1557 semper

1257 1563 1403 1596 suerunt
1423 1562 1532 1595 multa
1551 1568 1638 1595 tetra
1654 1562 1900 1597 deliramenta.

1356 1636 1476 1671 Etiam
1518 1644 1676 1681 tempora
1718 1637 1834 1670 vicina
1869 1638 2069 1682 apostolicis
2108 1637 2243 1673 habue-

1258 1695 1338 1723 runt
1360 1688 1582 1732 turpissimas
1599 1695 1729 1728 sectas,
1766 1689 1970 1734 inquinatas
1992 1689 2242 1725 abominandis

1257 1740 1490 1785 opinionibus
1523 1746 1556 1773 et
1587 1739 1858 1773 confusionibus
1885 1740 2088 1776 libidinum.
2147 1741 2244 1776 Haec

1258 1791 1414 1835 exempla
1449 1791 1705 1824 consideranda
1737 1797 1838 1831 sunt,
1872 1798 1912 1825 ut
1938 1791 2046 1825 simus
2072 1804 2244 1826 memores

1260 1842 1545 1886 gravissimarum
1566 1842 1852 1876 admonitionum
1872 1838 2002 1878 Manli.
2020 1842 2097 1877 26.:
2121 1841 2245 1885 Orate,

1260 1906 1303 1926 ne
1337 1892 1475 1926 intretis
1507 1893 1543 1925 in
1576 1893 1816 1928 tentationem.
1880 1892 1965 1928 lteni
1992 1895 2024 1928 1.
2044 1893 2137 1928 Petri
2163 1896 2242 1932 iilt.:

1260 1944 1433 1978 Diabolus
1458 1951 1626 1989 tanquam
1660 1945 1714 1977 leo
1749 1944 1892 1988 rugiens
1925 1945 2107 1986 circumit,
2138 1958 2246 1991 quae-

1260 2007 1339 2029 rens
1358 2007 1460 2041 quem
1480 1996 1634 2029 devoret.
1686 1993 1867 2029 Exuscitet
1886 1995 1922 2028 in
1948 1995 2052 2029 nobis
2078 1997 2244 2040 cogitatio

1261 2046 1519 2091 periculorum,
1550 2046 1712 2079 timorem
1732 2053 1765 2080 et
1794 2046 2076 2087 invocationem,
2115 2060 2159 2082 ne
2181 2060 2245 2092 op-

1261 2098 1458 2141 primamur
1490 2097 1614 2138 otiosi,
1657 2097 1789 2138 securi,
1824 2097 1933 2137 ebrii,
1969 2104 2030 2132 aut
2054 2098 2246 2144 voluptati—

1261 2151 1348 2189 bus,
1386 2155 1446 2182 aut
1465 2148 1680 2186 ambitione,
1717 2155 1776 2182 aut
1802 2148 1880 2181 aliis
1906 2149 2178 2193 cupiditatibus,
2213 2158 2247 2185 et

1234 2205 1418 2244 {opponat
1461 2199 1544 2231 sides
1579 2199 1756 2244 potentiae
1791 2200 2016 2233 diabolorum
2053 2201 2244 2243 potentiam

1232 2235 1413 2312 lebasti,

1234 2328 1235 2332 ,
1262 2313 1355 2335 meas
1372 2313 1412 2334 ex
1430 2300 1594 2334 manibus
1621 2301 1718 2335 meis.

1449 2250 1509 2294 qni
1529 2250 1615 2284 dicit
1634 2247 1758 2286 Iulian.
1780 2250 1852 2284 1o.:
1887 2250 2000 2284 Nemo
2027 2251 2140 2294 rapiet
2162 2264 2244 2286 oves

1777 2300 1864 2335 ltern
1893 2302 1924 2335 1.
1948 2299 2140 2336 lohan.3.:
2170 2299 2246 2346 Ap-

1262 2353 1379 2396 paruit
1422 2351 1515 2384 filius
1557 2351 1643 2396 Dei,
1684 2359 1723 2386 ut
1767 2353 1924 2387 destruat
1963 2363 2068 2396 opera
2103 2353 2247 2390 diaboli.

1260 2405 1345 2438 Item
1365 2402 1476 2438 Gene.
1493 2405 1542 2438 3.:
1572 2402 1700 2437 Semen
1718 2403 1878 2437 mulieris
1898 2402 2117 2437 conculcabit
2143 2412 2247 2450 caput

1267 2462 1450 2499 serpentis.

1369 2530 1679 2567 Considerandum
1698 2538 1729 2565 et
1747 2529 1812 2565 hoc
1838 2536 1908 2571 est,
1944 2532 2038 2575 quod
2061 2531 2249 2566 fascinatos

1264 2595 1283 2616 a
1310 2582 1454 2615 diaholo
1481 2581 1612 2615 Paulus
1646 2582 1781 2627 inquit,
1817 2581 1986 2625 paulatim
2020 2581 2056 2614 in
2079 2583 2247 2616 maiorem

1264 2634 1480 2677 impietatem
1514 2644 1634 2671 ruere,
1668 2633 1757 2666 sicut
1787 2632 1873 2665 alibi
1908 2632 2011 2676 dicit,
2054 2630 2169 2667 Roma
2199 2635 2248 2668 l.:

1268 2683 1435 2718 Tradidit
1451 2694 1509 2717 eos
1528 2683 1565 2716 in
1586 2684 1774 2728 reprobum
1791 2694 1943 2719 sensum.
