2415 2942
0 2031 1 2037 ¹
51 2035 226 2072 facienda,
254 2034 406 2077 prospici
431 2046 503 2066 non
527 2032 685 2076 possint?

2 2168 3 2172 ,
51 2136 176 2176 losias‚
204 2146 349 2168 movens
375 2135 505 2167 bellum
533 2135 666 2168 infelix.

0 2615 7 2644 ἐ
42 2604 223 2645 ficatione,
263 2604 356 2647 quod
381 2603 490 2635 simus
514 2603 596 2635 iusti
621 2602 704 2641 fide,

92 76 188 113 1069
268 75 367 111 ΧΙΙΙ.

185 162 349 208 Denique
372 163 569 208 quotitiana
590 165 745 209 exempla
763 171 843 198 sunt
863 165 900 198 in
923 177 1067 209 conspe-

86 220 143 249 ctu
166 214 332 246 omnibus
356 214 539 250 aetatibus.
591 214 707 249 Multa
733 216 826 248 enim
843 223 876 249 et
894 214 1068 250 horrenda

85 271 223 309 peccata
247 272 330 299 sunt
347 261 523 298 humanae
541 266 748 310 sapientiae,
775 278 848 299 non
865 273 955 300 recte
975 268 1068 301 iudi-

84 315 194 349 cantis
209 316 252 348 de
267 314 354 349 Deo.
410 314 494 349 Ideo
511 323 581 350 tam
599 328 720 361 aspere
737 317 904 351 adversus
921 329 994 350 eam
1012 317 1068 351 hic

85 366 314 399 concionatur
340 365 490 408 Paulus,
525 374 558 401 et
580 367 678 401 iubet
699 379 777 408 eOS,
815 369 876 413 qui
902 369 1067 403 videntur

84 417 152 450 sibi
177 418 350 460 sapientes
375 417 412 450 in
436 415 503 450 hoc
528 419 682 459 mundo,
717 418 753 450 id
779 426 847 460 est,
881 427 1065 465 sequentes

83 466 259 501 humanae
282 468 430 501 rationis
454 469 604 509 iudicia,
636 476 675 503 ut
691 469 777 503 fiant
794 470 912 511 stulti,
946 471 981 503 id
1001 478 1064 512 est,

83 525 274 562 agnoscant
301 517 392 552 hanc
424 520 630 563 sapientiam
655 531 729 553 non
755 531 828 554 esse
857 522 1062 565 sapientiam

79 568 289 612 Evangelii:
337 571 396 602 sed
423 571 466 603 de
489 569 555 604 Dei
581 571 730 604 essentia
758 578 790 605 et
816 572 996 606 voluntate
1021 585 1061 605 ex

77 620 188 664 ipsius
226 621 457 664 patefactione
489 621 727 661 tiudicandum
764 633 857 663 esse,
899 630 933 657 et
972 623 1061 657 sicut

77 671 201 704 iisdem
233 669 429 704 Corinthiis
460 671 497 704 in
525 673 678 705 secunda
715 670 875 716 Epistola
918 674 1060 717 scribit,

76 730 238 766 oportere
262 722 435 767 captivam
459 723 540 756 duci
563 723 737 757 rationem
754 725 799 758 ad
817 725 1057 758 obediendum

74 771 227 809 Christo.

438 897 574 951 Caput
612 898 689 940 IV.

172 1014 214 1049 In
231 1015 343 1060 capite
361 1021 508 1061 quarto,
536 1020 721 1059 postquam
746 1020 848 1048 antea
871 1014 908 1048 in
929 1026 1055 1059 genere

69 1079 189 1102 omnes
210 1067 430 1110 obiurgavit,
457 1064 649 1099 humanam
674 1065 880 1109 sapientiam
903 1078 1054 1112 sequen-

69 1127 118 1154 tes
141 1131 180 1152 ac
203 1119 419 1152 discedentes
441 1129 459 1150 a
478 1123 568 1151 meta
590 1116 794 1160 Evangelii,
821 1129 917 1150 nunc
936 1120 1053 1151 nomi-

67 1171 176 1204 natim
201 1169 372 1203 ministris
395 1168 643 1208 concionatur,
669 1175 702 1200 et
720 1179 798 1209 eos,
825 1180 895 1212 quo
918 1170 961 1202 ad
985 1171 1051 1201 mi-

67 1221 252 1254 nisterium
279 1220 422 1260 attinet,
454 1219 536 1252 facit
558 1219 719 1262 aequales
737 1225 905 1262 potestate
921 1226 954 1253 et
976 1221 1050 1253 effi-

66 1272 176 1314 cacia,
205 1278 238 1304 et
260 1271 366 1304 simul
389 1271 510 1310 docet,
539 1270 658 1313 quales
681 1281 752 1302 esse
775 1276 954 1312 oporteat,
982 1272 1048 1303 sci-

65 1330 118 1356 cet
136 1322 265 1357 fideles.
305 1319 357 1354 Ac
374 1321 528 1354 breviter
546 1318 603 1352 hic
620 1320 791 1362 significat
812 1320 1047 1354 ministerium

64 1385 136 1407 esse
162 1373 279 1406 efficax
306 1384 366 1415 per
390 1368 590 1409 Christum,
624 1382 697 1403 non
720 1367 884 1403 humanis
902 1372 1046 1405 viribus.
1072 1383 1073 1393 ³

62 1423 129 1457 Sed
158 1423 319 1456 minister
342 1422 387 1455 sit
411 1422 542 1462 fidelis,

61 1483 92 1508 et
110 1481 202 1508 recte
223 1475 345 1507 doceat
363 1473 581 1513 doctrinam,
609 1484 681 1505 non
705 1469 828 1505 habeat
848 1473 1044 1507 affectatam

59 1525 318 1569 ignorantiam,
345 1536 409 1557 nec
430 1524 473 1558 sit
491 1524 689 1567 negligens,
716 1531 753 1556 ut
778 1523 898 1557 multis
918 1525 1044 1558 seculis

57 1575 224 1621 Episcopi
240 1576 310 1608 fere
327 1575 364 1607 in
382 1582 455 1608 toto
473 1575 557 1608 orbe
575 1582 748 1608 terrarum
761 1601 768 1614 ‚
792 1574 1042 1609 intellexerunt

58 1627 274 1667 doctrinam,
302 1638 365 1658 nec
383 1633 472 1658 recte
490 1625 607 1658 doceri
625 1631 848 1659 curaverunt.
902 1625 952 1659 Ex
974 1638 1040 1671 qua
1066 1621 1069 1643 ¹

57 1678 269 1721 negligentia
292 1677 476 1721 praecipue
502 1688 596 1709 nunc
621 1675 734 1709 existit
757 1673 841 1708 haec
863 1672 1040 1710 horrenda
1066 1715 1068 1726 ι

53 1729 269 1773 perturbatio
293 1728 388 1761 orbis
415 1734 598 1760 terrarum.

591 1421 626 1453 id
653 1428 721 1459 est,
755 1428 846 1454 recte
873 1421 1047 1466 intelligat
1070 1437 1072 1442 ’

419 75 454 111 4.
481 74 819 116 COMMENTAR.
847 77 898 114 IN
923 77 1075 115 EPIST.
1102 76 1250 114 PAULI
1275 74 1344 112 AD
1371 76 1696 117 CORINTHIOS.
1751 81 1855 119 CAP.
1885 84 1949 121 1V.

1070 1412 1072 1434 ἒ
1100 1410 1196 1443 braei
1219 1411 1444 1445 maledictum
1469 1413 1645 1449 dicebant.

157 1778 376 1824 Proponitur
401 1786 517 1811 autem
550 1776 605 1811 bic
633 1777 752 1820 regula
777 1778 969 1811 necessaria
996 1780 1039 1811 ad

54 1831 302 1875 gubernandas
319 1830 478 1862 omnium
499 1829 729 1862 conscientias
746 1829 781 1860 in
800 1828 870 1862 vita
892 1830 1038 1873 privata,

53 1891 85 1916 et
121 1893 330 1927 quacunque
365 1880 683 1914 administratione.
753 1878 901 1921 Quaerit
943 1880 1038 1913 enim

54 1933 284 1966 conscientia:
339 1931 530 1974 Quomodo
556 1930 763 1964 satisfaciam
796 1931 910 1964 officio
937 1944 1036 1970 meo,

53 1997 129 2018 cum
155 1983 342 2016 difficultas
358 1982 400 2015 sit
420 1982 597 2015 maxima?
623 1988 655 2014 et
676 1982 804 2019 multa,
835 1994 921 2027 quae
937 1990 1036 2017 erant

736 2032 781 2065 Et
805 2044 906 2076 saepe
932 2034 1034 2066 bonis

51 2085 207 2118 consiliis
237 2096 309 2117 non
337 2085 570 2127 respondeant
596 2084 765 2117 eventus?
818 2083 916 2118 Sicut
942 2092 1034 2118 errat

148 2194 353 2229 Consolatio
381 2192 437 2227 hic
461 2194 660 2226 dulcissima
685 2195 911 2238 proponitur:
940 2193 1031 2228 Satis

47 2255 96 2281 est
120 2258 191 2280 esse
216 2246 372 2284 fidelem,
408 2246 443 2278 id
471 2252 539 2284 est,
579 2245 671 2278 bona
703 2246 915 2279 conscientia
939 2253 1030 2279 recte
1056 2281 1057 2285 Ἰ

46 2301 170 2331 docere
197 2304 230 2331 et
252 2298 382 2337 facere,
420 2308 508 2341 quae
525 2302 615 2329 recta
635 2307 707 2328 esse
725 2296 876 2335 iudicas,
904 2309 941 2329 re
957 2309 1029 2329 me-

47 2349 156 2382 diocri
195 2348 395 2392 diligentia,
444 2348 537 2379 bona
574 2347 786 2380 conscientia
824 2316 1057 2490 deliberata!

1049 2492 1054 2506 Ι

4 2414 5 2420 ’
45 2401 197 2434 Accedat
213 2406 327 2433 autem
344 2399 428 2431 fides
441 2425 449 2439 ,
466 2410 533 2442 qua
553 2408 674 2431 sumus
692 2397 794 2439 iusti,
818 2398 854 2430 id
873 2405 939 2435 est,
959 2410 1026 2443 qua

45 2463 191 2494 persona
209 2451 320 2494 placet
334 2457 365 2483 et
386 2449 554 2493 petimus,
581 2455 619 2482 ut
635 2448 731 2482 Deus
756 2461 820 2482 nos
842 2449 1024 2492 gubernet.

45 2502 138 2535 Haec
154 2501 271 2543 regula
289 2501 485 2544 praeluceat
501 2500 667 2533 omnibus
683 2500 774 2532 vitae
790 2500 998 2534 actionibus.

146 2551 261 2585 Simul
287 2559 400 2585 autem
427 2549 483 2584 hic
500 2551 669 2584 inseritur
684 2551 843 2584 doctrina
861 2553 903 2584 de
922 2551 1021 2584 iusti-

753 2609 895 2646 propter
917 2599 1020 2635 Chri-
1045 2620 1048 2650 5

41 2664 132 2688 stum
145 2682 153 2696 ‚
176 2666 248 2688 non
265 2661 408 2698 propter
424 2654 598 2688 iusticiam
617 2661 755 2689 nostrae
774 2653 1019 2695 conscientiae,
1043 2655 1047 2696 ἶ

2017 88 2113 124 1070

1125 176 1326 210 quanquam
1343 166 1462 199 adesse
1482 174 1514 201 et
1539 164 1629 201 hanc
1647 176 1803 213 oportet,
1831 172 1889 204 sed
1916 172 2026 206 multa
2053 186 2109 206 re-

1124 216 1219 261 liqua
1254 224 1335 249 sunt
1361 225 1496 260 peccata
1520 218 1739 262 ignorantiae
1767 229 1799 254 et
1830 222 2048 263 omissionis,
2077 231 2109 257 et

1123 267 1226 300 multi
1256 266 1376 300 vitiosi
1407 268 1569 308 affectus,
1612 283 1701 315 quae
1731 273 1822 306 mala
1857 275 2108 309 condonantur

1121 317 1276 351 credenti
1293 325 1436 362 propter
1455 321 1697 357 mediatorem.

1221 375 1360 409 Deinde
1388 378 1551 421 obiurgat
1576 390 1649 413 sese
1675 381 1754 414 aliis
1785 384 2015 426 praeferentes
2048 387 2102 418 vel

1119 433 1298 471 potestate,
1315 427 1371 460 vel
1389 428 1541 462 efficacia
1562 431 1767 472 ministeiii,
1783 434 1838 466 vel
1856 443 1998 479 propter
2016 436 2102 470 alias

1118 490 1254 511 causas:
1288 477 1352 511 etsi
1370 486 1452 513 sunt
1469 480 1621 514 ministri
1639 490 1730 516 recte
1747 484 1912 518 facientes
1931 487 2101 527 officium,

1116 536 1234 573 postea
1251 529 1330 562 Deo
1348 529 1519 563 iudicium
1539 532 1692 577 relinqui
1716 534 1830 573 iubet,
1857 537 1917 580 qui
1934 549 2012 580 prix
2015 545 2101 570 atim

1116 580 1343 614 antecellant:
1374 580 1409 613 id
1435 593 1507 614 non
1534 589 1583 615 est
1606 585 1715 616 nostri
1743 585 1878 621 iudicii.
1933 587 2002 621 Sed
2034 601 2099 622 nos

1116 631 1158 664 de
1185 631 1347 664 doctrina
1375 631 1595 675 singulorum
1619 634 1823 669 iudicemus.

1215 688 1263 724 Et
1304 691 1463 736 sequitur
1505 704 1626 725 rursus
1668 696 1857 737 asperrima
1897 697 2096 740 obiurgatio

1114 752 1254 782 eorum,
1295 742 1356 786 qui
1390 753 1427 775 se
1459 743 1661 785 praeferunt
1692 746 1788 786 aliis,
1832 747 1894 780 ubi
1929 750 2098 792 proponit

1114 792 1310 836 exemplum
1346 793 1617 837 Apostolorum,
1651 798 1747 842 quod
1786 797 1901 842 ipsum
1938 800 2097 834 continet

1113 843 1390 877 consolationem
1420 844 1605 888 insignem.
1658 848 1719 880 Ait
1745 848 1935 892 Apostolos
1967 851 2096 884 volun-

1112 900 1180 927 tate
1196 892 1262 927 Dei
1278 894 1327 928 ita
1344 894 1434 938 regi,
1461 903 1498 928 ut
1515 908 1599 939 prae
1621 898 1757 942 reliqua
1772 898 1927 935 Ecclesia
1949 902 2096 935 subiecti

1111 945 1180 978 sint
1200 945 1313 984 cruci,
1347 945 1418 980 sint
1437 947 1633 990 spectacula
1650 947 1796 992 Angelis
1816 958 1848 985 et
1865 950 2092 994 Hominibus,

1109 995 1181 1029 imo
1199 997 1375 1031 ducantur
1391 1008 1463 1030 esse
1476 994 1708 1043 καθάρματα
1726 1008 1758 1034 et
1778 1000 2028 1049 περιψήματα.

1208 1054 1285 1089 Hae
1303 1062 1385 1090 sunt
1402 1057 1656 1100 appellationes
1678 1061 1838 1093 omnium
1863 1063 2094 1103 tristissimae,

1107 1105 1342 1149 significantes
1374 1108 1597 1141 acerbissima
1634 1110 1715 1143 odia
1754 1109 1950 1148 hominum.
2002 1113 2092 1146 »Nam

1105 1154 1290 1203 κάθαρμα
1309 1165 1341 1192 et
1362 1157 1554 1203 περίψημα
1580 1160 1750 1203 significat
1773 1163 1867 1195 idem
1893 1166 1987 1208 quod
2017 1165 2092 1206 pia—

1105 1208 1222 1240 culum
1232 1208 1386 1249 Latinis,
1414 1210 1449 1242 id
1468 1217 1535 1250 est,
1564 1222 1636 1244 rem
1650 1213 1772 1251 talem,
1797 1226 1884 1258 quae
1902 1216 1970 1248 nisi
1988 1216 2092 1248 tolla-

1103 1265 1180 1299 tur,
1207 1265 1297 1292 totas
1322 1266 1441 1303 gentes
1466 1261 1619 1304 polluat,
1649 1270 1681 1296 et
1708 1264 1797 1297 iram
1820 1263 1900 1298 Dei
1923 1268 2091 1299 adversus

1102 1315 1191 1342 totas
1212 1316 1329 1350 gentes
1350 1310 1476 1346 irritet.
1530 1310 1577 1345 Ut
1591 1310 1752 1357 Oedipus
1771 1322 1820 1348 est
1835 1316 2012 1360 piaculum
2031 1330 2092 1349 sen

1100 1357 1302 1404 κάθαρμα,
1332 1360 1415 1405 quia
1438 1367 1585 1395 matrem
1611 1364 1710 1398 duxit
1729 1377 1887 1402 uxorem.
1941 1368 1998 1401 Sic
2018 1367 2090 1401 He-

1700 1414 1746 1450 Et
1762 1418 1870 1452 multa
1890 1426 1970 1452 sunt
1990 1420 2089 1452 simi-

1070 1465 1071 1474 *
1098 1461 1145 1495 lia
1170 1462 1342 1496 vocabula
1370 1463 1464 1506 apud
1491 1462 1663 1504 Graecos,
1694 1474 1748 1501 ut:

1285 1515 1522 1568 Γᾶποτρόπαιος.
1772 1524 1784 1565 Ἰ

1301 1560 1534 1601 προςτοόπαιος.

1299 1603 1431 1642 μιαρὸς,
1452 1605 1585 1643 μίασμα.

1300 1644 1486 1685 κατάρατος.
1504 1646 1670 1689 ἐπιίοατος.

1300 1687 1420 1727 ἀραῖος.

1300 1742 1337 1770 τη
1355 1731 1416 1783 dot}
1438 1730 1550 1770 ξἰοχος.

1299 1776 1337 1813 τῆ
1347 1772 1414 1825 ἀρᾷ
1431 1773 1614 1812 ἔιεχόιιειος.

1298 1806 1429 1856 ἔξώλῃς,
1453 1817 1605 1857 προώὶης.

1093 1851 1248 1894 Synouy-
1297 1858 1424 1898 πανιόλι
1429 1871 1453 1893 ς.

1093 1906 1161 1933 ma,
1176 1907 1261 1935 quae
1295 1900 1463 1940 βδέλυγμα.

1092 1942 1226 1977 pariter
1296 1941 1461 1983 ἁλιτήριος.

1089 1980 1228 2021 signe-‘fi'-
1295 1985 1414 2025 ἐναγὴς.
1438 1985 1520 2026 ι’ἱγος.
1817 1987 1885 2018 His
1929 1990 2081 2031 κίίθαθόςι

1090 2031 1168 2054 cant
1190 2036 1257 2055 rem
1294 2026 1447 2068 cimorum.
1801 2042 1883 2062 con-

1061 2075 1062 2080 *
1088 2068 1210 2097 tollen·
1263 2072 1497 2123 ζπιαὶαιιιαῖος.
1772 2101 1788 2124 Γ
1806 2080 1883 2103 tra·
1927 2076 2045 2115 ἕιίεγὴς.

1088 2110 1163 2139 (Iam
1210 2121 1256 2140 ιιι*
1290 2112 1457 2152 ἐςάμστος.
1772 2130 1775 2165 1
1801 2120 1855 2146 ria

1090 2163 1202 2183 rerum
1289 2156 1445 2193 diddensi.
1771 2168 1773 2199 j
1791 2165 1877 2189 sunt.
1927 2160 2022 2196 ὅσιος.

1085 2202 1211 2226 unsara
1289 2194 1474 2238 καθάρσιον.
1770 2202 1772 2229 1

1086 2239 1137 2267 vel
1167 2242 1252 2278 μία-
1289 2241 1383 2279 κηλὶς.

1084 2282 1205 2312 culum.
1289 2281 1452 2322 κάθαρμα.

1287 2328 1462 2365 περίψημα.

1287 2366 1418 2403 ἀνόσιος.

1286 2410 1517 2450 ἓπικατάοατος.

1283 2451 1432 2493 αποᾳρὰς
1454 2451 1631 2490 ἅνθρωπος.

1285 2500 1347 2530 τοῖς
1360 2495 1532 2546 μιάσμασιν
1550 2491 1734 2532 ἐιεχόιιειος

1282 2538 1451 2577 καθαρμὸς
1472 2535 1651 2576 ἅνθρωπος.

1283 2591 1459 2618 ᾳίζζῌῐίῑκθζι

1279 2621 1487 2662 ιῖπεῤῥιμὲιός.

1264 2662 1295 2713 [6
1309 2664 1355 2694 ἐπὶ
1370 2664 1524 2706 καθάρσει
1538 2667 1594 2705 τῆς
1608 2664 1734 2700 πόλεως.
1760 2675 1762 2694 ι
