2415 2942
122 69 217 106 1077
283 66 383 102 thL

121 157 188 194 tia,
213 166 287 187 non
312 164 412 198 posse
435 152 601 186 invocare
618 151 752 193 Deum,
779 151 862 196 quia
889 157 1009 185 contra
1037 151 1111 184 eius

121 207 336 240 voluntatem
355 204 503 237 scientes
522 211 555 237 et
571 203 727 236 volentes
745 203 833 247 lapsi
853 213 984 235 sumus.
1010 201 1112 235 Hanc

119 255 353 291 conscientiae
377 255 579 288 servitutem
605 261 638 288 et
664 251 760 287 hunc
785 260 942 293 reatum,
969 251 1026 286 hic
1052 265 1112 285 vo-

125 314 180 340 cat.
204 307 315 350 redigi
343 306 380 338 in
412 305 627 339 servitutem.

120 369 191 391 esse
210 357 292 391 talia
305 384 314 397 ,
341 368 428 401 quae
445 368 540 389 ream
559 355 693 388 faciunt
708 354 972 392 conscientiam,
998 355 1034 387 id
1052 360 1112 393 est,

123 420 212 454 quae
238 407 419 441 excutiunt
436 406 610 451 Spiritum
637 411 808 440 sanctum.
870 404 972 438 Talia
996 413 1111 439 autem

125 466 226 497 sunt,
255 470 344 504 quae
372 464 530 502 pugnant
557 468 636 489 cum
662 456 737 499 lege
762 456 908 496 morali,
945 456 1026 500 quia
1056 467 1112 488 ea-
1138 459 1139 462 ’

123 511 204 543 dem
230 516 280 543 est
304 509 467 542 voluntas
483 507 637 552 Spiritus
663 507 792 546 sancti,
830 514 862 539 et
887 507 972 549 legis
996 518 1111 539 mora-

124 560 187 600 lis,
216 571 306 605 quae
325 567 375 593 est
395 566 534 592 aeterna
553 565 585 591 et
603 558 747 590 immota
764 558 936 601 sapientia
957 557 1032 592 Dei.

229 610 332 644 Nunc
371 618 504 643 caetera
521 635 530 648 ‚
573 620 662 653 quae
695 615 910 652 sequuntur,
954 608 1113 651 planiora

123 668 225 696 sunt:
256 659 343 694 Esca
362 660 496 700 ventri,
525 666 557 692 et
576 666 696 691 venter
715 659 819 697 escis,
846 658 940 691 Deus
964 657 1059 691 hunc
1082 665 1115 691 et

124 711 216 746 hanc
234 713 407 752 destruet,
433 711 469 742 id
488 717 548 749 est,
574 710 643 742 cibi
661 716 693 743 et
713 716 834 742 venter
851 709 1006 742 serviens
1025 710 1114 742 vitae

126 763 268 797 nortali
299 767 381 795 sunt
409 772 463 794 res
487 760 681 804 periturae,
709 772 772 793 nec
797 761 975 804 pertinent
1001 761 1041 793 ad
1061 761 1115 792 iu-

126 815 260 846 sticiam
286 813 430 855 spiritus
458 818 519 844 aut
540 811 811 851 conscientiam,
847 823 909 843 nec
926 818 1008 844 sunt
1029 811 1115 844 lucis

126 871 182 897 aut
209 863 366 896 iusticiae
391 869 553 896 aeternae
581 862 681 895 initia
706 862 742 894 in
760 868 895 903 mente,
923 873 986 894 nec
1005 862 1115 905 impe-

126 916 228 948 diunt
256 913 429 957 Spiritum
459 920 637 947 sanctum:
682 913 761 945 ideo
799 920 881 947 sunt
912 910 1115 957 adiapliora.

126 965 223 998 Ilaec
248 976 408 997 concessa
433 971 526 997 sunt.

232 1015 300 1049 Sed
320 1015 482 1048 scortatio
507 1014 688 1047 dissimilis
712 1020 779 1054 est,
812 1025 900 1058 quae
924 1020 974 1047 est
998 1025 1116 1057 perso—

129 1079 257 1100 narum
284 1066 536 1099 contaminatio
567 1073 689 1098 contra
722 1065 939 1098 voluntatem
970 1063 1052 1105 Dei,
1079 1076 1117 1098 ac

130 1125 315 1162 propterea
335 1118 487 1149 duorum
505 1116 736 1149 conscientias
761 1128 779 1148 a
795 1113 894 1149 Deo
919 1116 1057 1155 avellit,
1085 1122 1118 1149 et

129 1182 204 1202 reas
223 1168 314 1201 sacit.
369 1167 451 1201 Ideo
470 1166 599 1200 Paulus
617 1167 716 1200 dicit:
747 1166 883 1210 Corpus
904 1173 1018 1200 autem
1045 1178 1116 1199 non

129 1218 353 1256 scortationi,
389 1220 446 1250 sed
476 1217 629 1251 Domino
654 1218 798 1258 serviat,
833 1218 867 1249 id
894 1225 960 1257 est,
997 1224 1119 1249 venter

130 1277 264 1303 creatus
285 1275 334 1302 est
353 1269 395 1301 ad
415 1269 510 1301 cibos
531 1275 673 1300 naturae
689 1268 936 1301 convenientes
954 1268 1029 1300 sine
1045 1268 1116 1300 dis-

130 1321 177 1353 cri
198 1320 290 1352 nine.
361 1319 429 1353 Sed
455 1330 581 1362 corpus
606 1330 667 1351 seu
692 1330 839 1362 persona
866 1319 1029 1351 ordinata
1056 1325 1116 1355 est,

129 1378 166 1404 ut
185 1370 258 1403 Deo
277 1369 423 1409 serviat,
451 1370 510 1414 qui
539 1381 640 1411 vagas
660 1369 826 1402 libidines
850 1366 1055 1412 prohibuit,
1085 1375 1118 1402 et

131 1420 354 1454 horribiliter
373 1421 421 1452 eis
440 1420 613 1453 irascitur⁴
670 1419 752 1452 Ideo
778 1432 857 1452 cum
884 1431 1031 1463 persona
1051 1420 1118 1452 iam

132 1472 274 1516 propria
298 1469 363 1503 Dei
395 1482 468 1503 esse
501 1471 643 1508 debeat,
688 1483 761 1504 non
792 1470 895 1503 faciat
928 1471 1118 1504 libidinum

132 1522 374 1562 confusiones,
414 1527 530 1565 spreto
561 1521 687 1553 ordine
717 1520 804 1561 Dei,
843 1521 932 1554 sicut
962 1522 1121 1554 fecerunt

133 1573 240 1609 Nero.
259 1572 460 1609 Ptolemaei,
479 1579 510 1604 et
529 1572 652 1614 ingens
669 1572 860 1604 multitudo
880 1569 1077 1605 hominum.

237 1622 313 1656 Erit
337 1629 452 1655 autem
478 1623 586 1664 magis
611 1622 765 1655 dilucida
799 1622 902 1655 lectio
930 1621 1051 1662 Pauli,
1096 1622 1121 1654 si

136 1677 245 1718 σῶμα
276 1673 452 1716 intelligas
468 1674 510 1706 de
531 1684 695 1715 persona,
723 1680 761 1706 ut
779 1673 864 1706 olim
886 1672 1125 1717 loquebantur

136 1725 285 1764 Graeci,
327 1730 360 1757 et
387 1725 461 1758 vult
487 1724 616 1757 Paulus
651 1724 693 1756 de
718 1735 783 1756 usu
814 1723 977 1756 ordinato
1006 1736 1125 1768 perso-

136 1788 202 1810 nae
223 1775 334 1820 loqui.

242 1826 526 1859 Fundamentum
545 1831 659 1858 autem
687 1824 989 1858 dissimilitudinis
1014 1825 1056 1857 de
1078 1823 1126 1857 ci-

137 1878 192 1912 bis
214 1884 247 1911 et
264 1878 307 1909 de
326 1887 412 1918 vago
432 1877 622 1909 concubitu
637 1903 646 1916 ,
666 1873 732 1908 hoc
747 1883 815 1916 est,
842 1877 937 1920 quod
956 1887 1012 1915 ea,
1038 1887 1127 1919 quae

139 1936 221 1963 sunt
239 1927 324 1970 legis
343 1927 505 1967 moralis,
535 1927 685 1959 affirmat
704 1938 775 1959 esse
793 1927 984 1959 necessaria
998 1951 1008 1966 ‚
1046 1926 1127 1970 quia

141 1981 196 2013 lex
221 1978 364 2012 moralis
392 1984 443 2010 est
467 1978 540 2021 ipsa
567 1978 620 2010 lex
643 1985 782 2011 aeterna
800 1978 836 2010 in
855 1984 971 2010 mente
996 1977 1128 2014 divina,

141 2037 174 2063 et
200 2030 362 2062 voluntas
381 2028 535 2071 Spiritus
562 2029 692 2069 sancti,
720 2029 781 2072 qui
809 2028 1046 2061 obedientiam
1075 2028 1130 2059 in-

143 2087 221 2113 coat
249 2079 398 2112 similem
434 2080 607 2112 voluntati
643 2080 804 2120 divinae,
845 2086 884 2112 ut
914 2091 1018 2122 supra
1045 2078 1130 2111 dixi.

143 2131 282 2174 Pugnat
298 2136 413 2163 autem
433 2126 653 2164 horribiliter
672 2142 750 2164 cum
769 2131 950 2164 voluntate
967 2128 1032 2163 Dei
1051 2129 1131 2162 libi-

145 2183 270 2216 dinum
293 2180 464 2216 confusio.

544 2290 600 2325 De
635 2289 725 2324 dicto
738 2302 746 2324 ε

348 2358 475 2394 Erunt
493 2357 565 2394 duo
587 2359 625 2393 in
644 2371 787 2393 carnem
807 2372 932 2394 unam.

252 2435 306 2471 Ex
342 2437 437 2471 dicto
463 2435 630 2471 Genesis:
667 2435 784 2470 Erunt
820 2437 890 2469 duo
927 2436 963 2468 in
999 2446 1139 2468 carnem

152 2501 278 2529 unam,
305 2489 412 2522 sumit
428 2488 560 2522 Paulus
583 2494 830 2532 argumentum
853 2499 871 2520 a
895 2486 1142 2526 similitudine,

155 2541 250 2585 quod
285 2547 403 2584 postea
440 2541 606 2575 recitabo.
668 2538 815 2572 Necesse
839 2545 889 2571 est
916 2538 1011 2570 enim
1043 2537 1142 2581 prius

157 2589 271 2624 teneri
296 2591 476 2634 propriam
499 2598 532 2626 et
557 2591 712 2624 nativam
731 2589 940 2622 sententiam
960 2589 1034 2622 eius
1050 2589 1145 2627 dieti,

155 2642 251 2686 quod
285 2641 388 2675 multi
419 2641 554 2677 indocti
585 2648 710 2687 putant
737 2641 846 2675 otiose
873 2639 1026 2685 positum
1061 2650 1144 2679 esse,

437 66 473 101 4.
501 64 846 102 COMMENTAR.
874 65 923 101 IN
949 64 1103 100 EPIS'r.
1133 60 1280 97 PAULI
1312 59 1378 96 AD
1406 58 1730 96 CORINTHIOS.
1786 60 1892 97 CAP.
1921 61 1987 99 vl.

695 303 805 347 Negat
837 315 917 346 ergo
950 314 1112 336 concessa
1138 330 1139 336 ,

2058 64 2156 100 1078

1166 147 1265 193 quasi
1282 153 1419 181 tantum
1436 143 1504 179 hoc
1521 145 1632 187 dicat,
1658 147 1752 191 quod
1774 147 1942 181 omnibus
1957 155 2080 182 notum
2100 157 2160 190 est,

1166 200 1211 232 ita
1231 199 1409 232 conditam
1428 209 1500 231 esse
1520 203 1683 230 naturam
1702 195 1901 239 homiuum,
1929 205 1967 232 ut
1986 211 2024 232 ex
2046 199 2159 234 Maris

1165 256 1197 283 et
1213 249 1402 283 Foeminae
1421 248 1801 291 coniunctionegenus
1817 247 2012 283 humanum
2029 262 2158 294 propa—

1163 301 1318 346 gandum
1339 300 1393 335 sit.
1447 297 1524 332 Etsi
1540 306 1658 332 autem
1677 311 1751 332 eam
1771 301 1981 334 sententiam
1998 302 2154 345 comple-

1163 351 1271 384 ctitur
1289 351 1391 383 etiam
1409 350 1470 382 illa
1490 349 1606 383 brevis
1622 350 1764 390 concio,
1791 358 1908 384 tamen
1935 351 2041 384 simul
2067 364 2153 384 con-

1164 402 1252 435 tinet
1277 407 1458 444 praecepta
1493 401 1536 432 de
1567 401 1673 433 modo
1704 401 1940 443 generationis
1957 428 1964 442 ‚
2002 399 2069 435 hoc
2095 410 2156 442 est,

1165 452 1274 484 sancit
1299 451 1389 494 leges
1415 452 1458 482 de
1483 451 1649 494 coniugio
1672 458 1703 483 et
1723 450 1966 494 prohibitione
1989 464 2155 496 vagarum

1138 542 1140 552 ⁴
1164 503 1375 541 libidinum,
1403 508 1435 534 et
1460 512 1600 541 veram,
1627 501 1798 544 integram
1817 509 1851 536 et
1869 503 2042 536 eruditam
2069 504 2155 536 defi-

1165 554 1338 587 nitionem
1356 551 1512 594 coniugii
1535 552 1714 595 proponit.

1268 612 1358 646 Cum
1385 611 1479 643 enim
1508 610 1678 654 praecipit
1702 610 1800 653 iungi
1825 622 1956 643 marem
1981 617 2013 645 et
2031 611 2158 645 foemi-

1141 690 1142 694 ,
1166 675 1267 704 nam,
1303 659 1467 706 prohihet
1496 661 1581 694 alias
1606 661 1874 695 commixtiones
1899 673 1976 694 cum
2006 659 2072 695 hoc
2098 674 2156 695 or—

1166 715 1250 748 dine
1267 720 1414 746 naturae
1432 718 1638 756 pugnante&

1268 771 1359 807 Cum
1382 771 1447 805 ait:
1482 768 1607 811 Duo,
1651 767 1820 814 prohibet
1850 780 1953 812 vagas
1980 770 2156 808 libidines.

1168 822 1290 858 Unum
1308 834 1437 856 marem
1460 822 1534 855 vult
1551 822 1733 864 alligatum
1759 831 1831 853 esse
1847 821 1889 853 ad
1908 833 2013 854 unam
2030 823 2156 855 foemi-

1167 887 1270 915 nam,
1305 881 1337 907 et
1361 885 1468 906 unam
1492 873 1683 906 foeminam
1714 872 1789 904 vult
1813 871 1991 914 alligatam
2016 884 2088 906 esse
2113 875 2157 907 ad

1167 937 1278 959 unum
1297 936 1439 958 marem.
1494 922 1593 956 Talis
1622 923 1689 956 fuit
1711 922 1823 966 prima
1851 929 1997 956 naturae
2014 924 2157 957 institu-

1168 977 1234 1018 tio,
1263 988 1281 1009 a
1308 987 1374 1020 qua
1395 981 1510 1018 postea
1536 973 1796 1018 aliquantulum
1821 973 1977 1007 discessit
2001 971 2156 1009 humana

1169 1027 1373 1067 infirmitas,
1401 1026 1573 1059 tolerante
1592 1024 1684 1066 Deo,
1713 1024 1855 1069 quando
1874 1031 2009 1068 recepta
2029 1031 2078 1058 est
2094 1038 2160 1059 710-

1169 1074 1357 1125 λυγαμιά,
1391 1076 1438 1109 ita
1464 1084 1601 1116 tamen,
1627 1082 1667 1108 ut
1691 1075 1752 1109 uni
1782 1074 1858 1107 viro
1883 1075 2160 1118 adiungerentur

1170 1130 1287 1174 plures
1314 1128 1493 1167 mulieres,
1521 1138 1593 1158 non
1611 1126 1673 1158 uni
1690 1125 1830 1158 mulieri
1850 1125 1969 1169 plures
1987 1127 2065 1159 viri.

1270 1186 1455 1220 Postremo
1491 1185 1566 1218 vult
1600 1186 1702 1219 etiam
1733 1184 2022 1218 coniunctionem
2059 1185 2158 1219 illam

1170 1239 1274 1272 maris
1300 1245 1333 1270 et
1362 1235 1537 1269 foeminae
1573 1242 1777 1280 perpetuam
1811 1242 1842 1269 et
1875 1235 2158 1269 indissolubilem

1171 1301 1261 1329 esse,
1296 1300 1373 1321 cum
1402 1287 1463 1320 ait:
1496 1286 1611 1319 Erunt
1645 1287 1681 1319 in
1709 1297 1849 1319 carnem
1872 1298 1999 1326 unam,
2035 1287 2072 1319 id
2099 1293 2160 1328 est,

1171 1338 1453 1382 inseparabiliter
1470 1336 1592 1370 iuncti.
1629 1336 1755 1370 Unitas
1775 1336 1868 1369 enim
1887 1335 2059 1379 significat
2073 1337 2159 1370 vin-

1171 1391 1289 1424 culum
1314 1396 1502 1432 perpetuae
1529 1387 1813 1427 coniunctionis,
1857 1394 1889 1420 et
1914 1385 2079 1430 prohibet
2104 1388 2161 1421 di-

1172 1441 1282 1474 vortia
1298 1467 1306 1480 ‚
1335 1439 1451 1485 qualia
1468 1450 1563 1472 nunc
1581 1445 1663 1472 sunt
1676 1437 1844 1478 Turcica,
1862 1444 1894 1470 et
1913 1438 2056 1473 fuerunt
2075 1439 2159 1472 olim

1172 1492 1333 1525 omnium
1362 1491 1433 1523 fere
1458 1489 1636 1531 gentium,
1664 1489 1734 1521 imo
1754 1496 1787 1522 et
1809 1489 2035 1524 Iudaeorum.
2090 1488 2159 1523 Sed

1174 1551 1289 1576 tamen
1314 1546 1346 1574 et
1367 1541 1509 1585 Moyses
1528 1540 1788 1584 aliquantulum
1811 1539 1940 1572 laxavit
1966 1537 2057 1572 hanc
2079 1552 2160 1583 par-

1176 1593 1338 1630 ticulam,
1374 1592 1546 1624 tolerante
1561 1589 1657 1627 Deo,
1693 1596 1834 1633 propter
1858 1590 2034 1632 ingentem
2062 1591 2161 1624 infir-

1175 1644 1331 1677 mitatem
1354 1640 1538 1675 hominum
1564 1648 1642 1684 post
1670 1641 1818 1684 lapsum.
1881 1640 1970 1673 Nam
1998 1638 2083 1674 haec
2108 1642 2163 1675 lex

1177 1696 1213 1727 in
1250 1692 1380 1726 Genesi
1414 1692 1602 1735 descriptio
1634 1698 1683 1725 est
1715 1691 1948 1735 pulcerrimae
1979 1692 2165 1734 societatis,

1177 1745 1291 1790 qualis
1316 1744 1353 1776 in
1379 1750 1503 1776 natura
1527 1742 1662 1785 integra
1687 1742 1826 1782 fuisset,
1855 1749 1886 1775 et
1906 1753 1978 1775 esse
2005 1743 2164 1778 debehat.

1178 1795 1220 1829 Et
1241 1793 1401 1828 Christus
1425 1793 1616 1826 Ecclesiam
1642 1794 1684 1826 de
1712 1790 1776 1825 hac
1797 1793 1909 1836 prima
1933 1793 2046 1826 forma
2071 1806 2166 1827 com-

1180 1846 1366 1879 monefacit
1381 1842 1511 1880 Matth.
1530 1843 1586 1880 19,
1610 1851 1648 1878 ut
1675 1851 1795 1888 postea
1819 1844 1975 1878 dicemus
1999 1844 2037 1876 in
2055 1846 2166 1888 capite

1179 1898 1338 1941 septimo.

1281 1954 1382 1989 Nihil
1411 1955 1539 1998 affingo
1572 1953 1735 1988 concioni
1768 1953 1820 1986 illi
1849 1953 1887 1987 in
1912 1952 2069 1994 Genesi,
2110 1955 2168 1988 sed

1181 2006 1267 2041 haec
1290 2006 1483 2049 sententia,
1510 2018 1614 2051 quam
1640 2005 1804 2044 recitavi,
1831 2017 1929 2046 vera,
1963 2005 2109 2048 simplex
2138 2013 2171 2039 et

1183 2058 1325 2102 propria
1352 2065 1402 2090 est
1426 2057 1499 2091 eius
1524 2057 1614 2098 loci,
1642 2068 1746 2102 quam
1769 2056 1797 2089 si
1822 2057 1900 2100 quis
1923 2056 2172 2094 considerabit,

1185 2109 1359 2153 intelliget
1382 2108 1471 2141 illud
1506 2108 1639 2141 dictum
1670 2118 1744 2140 non
1773 2107 1884 2141 otiose
1911 2107 2065 2150 positum
2090 2118 2172 2147 esse,

1184 2162 1242 2195 sed
1261 2161 1304 2193 de
1329 2160 1434 2193 rebus
1459 2158 1621 2192 maximis
1645 2157 1871 2198 concionari,
1900 2166 1932 2191 et
1951 2155 2034 2190 hinc
2061 2158 2172 2191 extrui

1186 2210 1429 2245 definitionem
1455 2209 1637 2253 coniugii,
1681 2220 1785 2254 quam
1815 2209 1853 2241 in
1886 2208 1998 2253 capite
2026 2209 2173 2253 septimo

1188 2262 1424 2298 recitabimus.

1292 2329 1394 2363 Nunc
1422 2328 1599 2363 intellecta
1630 2326 1748 2361 nativa
1781 2326 1954 2359 sententia
1979 2326 2176 2359 considere·

1191 2390 1250 2417 tur
1269 2387 1512 2423 argumentum
1532 2378 1653 2418 Pauli,
1679 2378 1739 2422 qui
1766 2377 1930 2410 transfert
1954 2377 2086 2410 dictum
2104 2378 2176 2410 Ge—

1192 2433 1285 2466 nesis
1317 2432 1358 2465 ad
1386 2431 1590 2473 coniugium
1616 2428 1798 2472 spirituale
1822 2427 1885 2460 filii
1910 2428 1977 2461 Dei
2003 2434 2035 2461 et
2055 2425 2176 2461 Eccle-

1195 2485 1263 2517 siae
1284 2510 1293 2523 ‚
1335 2489 1375 2516 ut
1403 2482 1486 2515 facit
1519 2480 1623 2513 etiam
1652 2480 1689 2512 in
1725 2478 1884 2523 Epistola
1915 2479 1959 2511 ad
1990 2476 2179 2522 Ephesios:

1200 2534 1312 2568 [uncti
1355 2533 1435 2566 estis
1469 2532 1543 2564 filio
1573 2527 1683 2571 Dei,
1724 2537 1757 2563 et
1789 2530 1867 2562 facti
1901 2530 2057 2562 membra
2093 2529 2178 2563 eius.

1198 2584 1291 2628 Ergo
1304 2596 1374 2617 non
1387 2583 1460 2616 sitis
1475 2581 1631 2615 membra
1647 2587 1841 2614 scortorum
1859 2580 2018 2622 vagantia
2035 2585 2065 2611 et
2083 2580 2181 2612 aber-

1200 2636 1312 2671 rantia
1338 2647 1357 2669 a
1382 2634 1454 2667 filio
1474 2631 1576 2681 Dei.
1632 2632 1782 2697 mainus
1801 2639 1834 2665 et
1860 2630 2013 2665 coniunx
2037 2637 2183 2674 possunt

1635 2682 1682 2716 68
