2415 2942
275 121 347 159 115

444 205 498 240 ΕΙ
515 202 664 240 credidit
686 203 759 251 ipse
772 229 782 243 ,
810 205 840 234 el
858 197 986 233 domus
1004 197 1092 234 eius.

368 283 471 317 Prior
487 284 582 315 locus
600 288 647 313 est
665 277 860 321 exemplum
877 275 1038 308 infirmae
1053 273 1146 313 fidei,
1171 285 1260 319 quae

278 342 392 368 tamen
412 334 592 377 impetrat,
620 331 712 374 quod
732 328 829 372 petit.
881 326 982 360 Alter
997 326 1093 359 locus
1107 332 1157 358 est
1175 337 1259 358 con-

278 384 428 417 firmatio
451 389 568 416 secuta
590 387 772 420 eventum,
801 385 834 413 et
855 377 1046 410 multorum
1066 375 1259 410 conversio.

277 434 359 468 Post
377 433 557 466 victoriam
577 432 661 464 fides
679 431 715 463 sit
731 429 923 468 ardentior,
950 428 1038 461 sicut
1056 426 1187 460 Paulus
1204 426 1260 458 in-

277 485 368 529 quit:
406 483 572 516 Probatio
607 493 702 526 spem
733 480 855 520 efficit,
889 491 967 512 cum
992 478 1200 511 dimicamus
1227 483 1260 509 et

277 534 468 574 vincimus,
496 534 723 566 confirmatur
747 531 831 563 fides
858 536 888 562 et
912 540 1006 573 spes,
1034 535 1072 561 ut
1098 529 1260 571 deinceps

276 585 426 619 alacrius
438 592 655 628 expectemus
672 582 838 615 auxilium
850 580 927 619 Dei,
945 587 975 612 et
991 576 1199 614 2.Cori1nh.
1212 579 1259 612 1.:

276 633 501 680 Responsum
536 634 658 667 mortis
690 633 725 665 in
753 632 855 664 nobis
882 628 1089 667 habuimus,
1125 636 1162 662 ut
1188 640 1259 661 non

278 687 385 720 simus
401 686 614 719 confidentes
632 686 666 717 in
686 683 798 722 nohis,
815 683 872 715 sed
890 682 924 713 in
942 680 1027 720 Deo,
1046 680 1105 724 qui
1126 679 1259 712 exusci-

277 744 326 771 tat
344 743 518 777 mortuos,
546 736 606 780 qui
627 748 665 768 ex
691 741 784 768 tanta
804 740 913 765 morte
934 731 1096 763 liberavit
1121 742 1200 769 1105,
1227 735 1261 762 et
1286 753 1288 768 ,

278 787 424 828 liberat,
451 787 486 819 111
514 799 616 831 quem
643 795 838 829 speramus⁷
866 782 960 827 quod
982 787 1016 814 et
1047 781 1171 814 iterum
1197 791 1260 811 nos
1286 783 1288 828 j

278 838 491 872 liberaturus
535 838 595 877 sit,
641 834 892 868 adim-:unibus
930 831 1053 863 vestris
1088 830 1260 873 precibus,

279 887 466 933 Utrunque
489 889 589 920 docet
615 887 707 931 quod
731 884 824 916 Deus
849 883 939 915 sinat
966 893 1030 913 nos
1050 881 1151 913 obrui
1178 892 1260 922 pro-

278 940 375 972 cellis
407 938 658 976 afflictionum,
704 942 742 968 ut
776 935 947 966 discamus
983 931 1142 964 timorem
1176 928 1261 970 Dei,

278 990 503 1023 emendemus
520 987 750 1023 securitatem,
779 986 996 1026 deponamus
1015 981 1177 1014 fiduciam
1196 992 1261 1012 no-

278 1040 357 1079 stri,
382 1038 470 1072 sicut
496 1038 589 1071 Deus
614 1048 727 1078 regem
752 1031 1082 1068 Nabuchodonosor
1107 1031 1261 1075 punivit,

277 1097 316 1124 ut
347 1092 536 1134 deponeret
564 1088 726 1120 fiduciam
757 1085 827 1118 sui:
863 1095 983 1116 rursus
1015 1083 1117 1115 etiam
1150 1083 1261 1122 docet,

278 1141 371 1185 quod
396 1140 519 1173 liberet
545 1150 626 1178 nos,
659 1144 697 1170 ut
723 1135 922 1169 testimonia
949 1132 1138 1166 habeamus
1161 1144 1261 1179 prae-

278 1192 408 1224 sentiae
433 1197 465 1223 et
488 1188 749 1222 misericordiae
771 1186 862 1224 eius,
891 1185 982 1229 quod
1005 1195 1084 1216 vere
1108 1183 1260 1226 opitule-

277 1249 346 1275 tur.
400 1241 497 1275 Sicut
515 1239 609 1282 Agar
625 1239 741 1271 adiuta
759 1237 795 1268 in
819 1236 923 1269 exilio
941 1241 1132 1267 monstrato
1152 1234 1261 1273 sonte,

277 1299 395 1337 postea
420 1292 457 1324 fit
488 1291 622 1323 11110101
655 1290 689 1321 111
716 1288 799 1328 fide,
840 1293 872 1319 et
901 1285 1032 1317 maiore
1063 1284 1260 1317 constantia

277 1349 432 1387 expectat
456 1341 625 1374 auxilium
650 1339 736 1378 Dei,
763 1338 850 1370 sicut
874 1343 904 1369 et
930 1336 964 1368 in
988 1336 1080 1368 dicto
1109 1334 1259 1367 Paulino

277 1393 429 1427 dicitur:
472 1391 542 1434 Qui
571 1399 602 1424 et
627 1391 753 1423 iterum
782 1387 944 1420 liberabit
970 1398 1053 1424 1105,
1088 1392 1149 1418 010.
1209 1384 1260 1417 110

277 1443 399 1477 crescit
428 1450 458 1475 et
485 1442 711 1474 confirmatur
739 1439 822 1471 fides
853 1438 889 1470 in
919 1435 984 1469 1100
1013 1436 1146 1474 aulico,
1182 1447 1259 1467 cum

277 1494 445 1538 comperit
463 1505 534 1525 non
553 1493 658 1524 fuisse
682 1490 815 1523 irritam
837 1488 1061 1533 petitionem,
1089 1493 1260 1519 0110010-

276 1552 335 1578 tur
352 1544 484 1577 familia
500 1543 701 1577 testimonio
721 1540 897 1579 miraculi,
924 1545 961 1571 ut
981 1538 1048 1569 iam
1065 1538 1182 1569 credat
1199 1548 1260 1568 au-

276 1602 387 1629 torem
406 1594 564 1627 beneficii
583 1605 653 1626 esse
670 1591 847 1626 Messiam.
900 1588 1005 1621 Tales
1027 1595 1108 1621 sunt
1133 1587 1260 1619 libera-

276 1647 407 1686 tiones,
436 1645 519 1678 tales
544 1651 624 1676 51101
648 1642 832 1679 victoriae,
859 1640 945 1673 tales
969 1635 1139 1680 triumphi
1155 1635 1260 1670 Chri-

275 1697 338 1737 sti,
373 1708 459 1740 quos
490 1695 726 1735 intelligemus
757 1699 860 1731 tuuc,
895 1701 973 1723 cum
1008 1687 1287 1730 glorificabitur*

867 114 995 153 PHIL.
1019 113 1135 150 MEL.
1168 106 1379 148 SCRIPTA
1411 104 1710 146 EXEGETICAA

274 1745 449 1787 Ecclesia,
477 1746 655 1790 quomodo
681 1744 717 1776 111
737 1743 868 1775 talibus
891 1739 1087 1772 actionibus
1112 1739 1260 1782 praelia-

275 1804 330 1830 tus
350 1797 393 1830 sit
410 1809 487 1830 cum
506 1796 667 1836 diabolo,
694 1801 732 1828 ut
749 1794 867 1837 plures
885 1803 903 1824 a
922 1789 1055 1835 laqueis
1073 1789 1146 1822 eius
1171 1789 1259 1821 libe-

275 1854 378 1882 raret.

649 1969 784 2022 Caput
830 1967 885 2009 V.

452 2050 584 2087 Postea
603 2050 827 2098 eratseslum
845 2045 1082 2083 Iudaeorum.

375 2127 429 2163 Ex
447 2130 533 2162 serie
551 2126 717 2161 historiae
739 2131 880 2168 apparet
897 2122 1011 2156 adhuc
1028 2123 1082 2166 agi
1107 2123 1257 2165 primum

276 2193 408 2215 annum
437 2192 456 2213 a
480 2179 653 2223 baptismo
676 2174 827 2214 Christi,
855 2182 887 2206 et
910 2176 1053 2213 festum,
1081 2174 1179 2206 cuius
1202 2171 1259 2207 hic

276 2233 314 2265 fit
334 2231 476 2271 mentio,
499 2230 666 2262 scribitur
683 2241 700 2260 a
720 2226 851 2271 Cyritto
868 2237 939 2257 esse
956 2224 1170 2264 Pentecoste,
1198 2225 1257 2269 qui

277 2282 394 2322 addit,
428 2293 467 2313 eo
495 2281 550 2313 die
573 2280 714 2312 solitum
744 2277 905 2318 angelum
930 2277 972 2307 de
1000 2275 1094 2308 coelo
1116 2276 1259 2307 descen-

277 2334 379 2370 dere,
407 2337 438 2363 et
457 2328 545 2363 hanc
563 2330 730 2373 piscinam
749 2328 899 2368 agitare,
926 2333 964 2358 ut
983 2332 1163 2358 sanaretur
1186 2326 1257 2368 pri-
1283 2353 1286 2393 ἱ

277 2394 374 2422 mus,
400 2381 461 2424 qui
485 2382 708 2413 inferebatur.
762 2377 922 2411 Dicimus
946 2384 1060 2409 antem
1083 2377 1125 2408 de
1151 2377 1254 2408 mira·
1283 2395 1285 2421 1

278 2433 366 2467 culis
382 2429 514 2465 Christi
532 2431 663 2474 ubique
681 2429 798 2461 eadem
816 2428 850 2460 in
870 2438 1012 2467 genere,
1041 2438 1128 2470 quae
1145 2433 1175 2458 et
1201 2424 1257 2459 hic
1283 2457 1285 2475 ι

277 2483 430 2517 breviter
454 2489 584 2528 repeto.
638 2479 814 2513 Primum:
844 2477 1014 2511 Miracula
1042 2483 1093 2509 tot
1117 2483 1147 2508 et
1172 2489 1256 2509 con-
1282 2477 1284 2555 ⁴

277 2533 435 2575 gruentia
459 2538 541 2565 sunt
560 2530 776 2568 testimonia,
804 2527 869 2561 hoc
890 2528 1056 2567 verbum,
1083 2528 1175 2571 quod
1199 2524 1255 2559 hic
1282 2556 1284 2580 γ

277 2585 401 2617 (100101
417 2582 564 2626 spargit,
591 2593 671 2614 vere
695 2580 854 2612 divinum
877 2591 966 2616 esse,
995 2585 1025 2612 et
1043 2578 1219 2610 doctorem
1238 2589 1255 2609 a
1281 2585 1283 2609 t

277 2633 353 2668 Deo
375 2634 518 2667 missum
543 2643 631 2672 esse,
662 2631 741 2675 quia
765 2642 819 2662 res
841 2629 1012 2666 ostendit,
1040 2640 1118 2661 eum
1142 2627 1254 2660 iuvari
1280 2659 1282 2666 ,

278 2696 297 2718 0
312 2683 398 2720 Deo.
451 2684 631 2722 Secundo,
660 2680 743 2715 haec
765 2680 931 2715 miracula
950 2678 1148 2714 testimonia
1174 2685 1255 2712 sunt
1279 2667 1282 2701 Ι

1283 2422 1285 2437 ‘'
1310 2431 1359 2456 tes
1375 2421 1580 2456 horribilem
1598 2423 1683 2455 iram
1703 2421 1765 2455 Dei
1786 2424 1951 2454 adversus
1968 2427 2114 2464 peccata.

2224 111 2295 148 116

1311 193 1487 238 potentiae
1504 194 1644 228 divinae
1663 195 1699 228 in
1724 191 1792 229 hoc
1808 195 1963 231 doctore.
2015 194 2113 231 Sicut
2130 193 2187 231 bic
2203 196 2295 232 01010

1311 244 1479 279 affirmat:
1506 244 1613 280 Pater
1636 258 1734 279 meus
1752 246 1945 280 etiamnum
1971 254 2152 291 operatur,
2179 254 2211 281 et
2231 259 2294 291 ego

1311 307 1449 339 operor,
1471 308 1559 341 quae
1576 297 1635 330 ille
1651 297 1743 338 facit,
1763 303 1795 330 et
1811 296 1904 330 filius
1919 296 2081 331 similiter
2097 298 2190 333 facit.
2225 296 2295 332 Hic

1311 346 1461 379 affirmat
1479 344 1639 381 Christus
1660 345 1744 380 haec
1765 347 1874 386 sacta,
1901 353 1935 381 et
1951 348 1995 381 ab
2018 355 2160 382 aeterno
2186 355 2296 393 patre,

1312 402 1345 430 et
1365 408 1384 429 a
1409 408 1480 429 sese
1505 397 1591 433 fieri.
1649 396 1782 443 Estque
1809 398 1946 440 insigne
1972 398 2229 440 testimonium,
2255 405 2296 433 ut

1313 454 1431 491 postea
1448 447 1593 489 dicetur,
1620 449 1663 482 de
1681 449 1800 482 divina
1818 455 1940 482 natura
1959 448 2033 482 filii.
2067 448 2202 490 Tertio,
2225 449 2296 482 mi·

1313 498 1428 530 racula
1454 504 1535 531 sunt
1560 499 1716 543 exempla
1740 499 2033 543 promissionum,
2059 510 2147 544 quae
2165 510 2229 533 nos
2250 500 2294 533 ad

1312 549 1500 592 petendum
1518 556 1549 582 et
1567 551 1798 593 expetendum
1814 549 1983 583 auxilium
2001 561 2142 582 movere
2156 550 2296 591 debent,

1313 599 1456 642 perinde
1474 606 1512 632 ut
1527 599 1620 642 ipsae
1638 600 1886 642 promissiones
1909 608 1941 634 et
1957 600 2074 633 omnia
2098 600 2296 634 referantur

1312 650 1356 682 ad
1378 646 1468 681 banc
1491 650 1719 683 senteutiam:
1751 648 1928 694 Apparuit
1948 651 2041 684 filius
2064 649 2150 692 Dei,
2176 657 2215 684 ut
2234 651 2296 684 de-

1313 705 1424 731 struat
1441 711 1546 744 opera
1566 699 1709 736 diaboli.
1762 699 1810 734 Ut
1826 708 1957 734 certum
1975 701 2019 735 sit
2034 701 2166 734 destrui
2184 713 2202 734 a
2220 701 2293 735 filio

1313 747 1377 781 Dei
1397 756 1574 792 peccatum
1593 756 1624 782 et
1643 756 1810 791 mortem,
1835 761 1935 794 saepe
1952 751 2045 784 tollit
2067 751 2226 792 morbos,
2260 757 2295 786 et

1313 799 1495 833 resuscitat
1517 808 1692 842 mortuos,
1719 812 1799 844 ergo
1824 807 1857 834 et
1882 813 1946 833 nos
1969 801 2024 833 vel
2050 808 2208 843 peccato,
2239 802 2295 835 vel

1313 850 1441 893 peccati
1463 851 1585 894 poeuis
1608 852 1746 892 obruti,
1774 851 2016 894 confugiamus
2041 852 2084 884 ad
2100 849 2295 894 Christum,

1313 907 1345 932 et
1363 907 1517 943 petamus
1537 908 1568 935 et
1594 908 1812 945 expectemus
1834 902 2092 934 liberationem.
2145 900 2194 934 Hi
2212 909 2295 936 sunt

1313 951 1444 990 0111105,
1472 951 1532 996 qui
1558 953 1743 995 praecipuo
1767 950 1902 985 bonore
1925 951 2020 985 hunc
2036 951 2201 985 Messiam
2219 952 2295 985 affi-

1313 1001 1429 1040 ciunt,
1464 1009 1496 1034 et
1528 1015 1600 1035 non
1624 1003 1873 1045 intelliguntur
1899 1003 1942 1035 ab
1967 1000 2120 1036 humana
2144 1003 2293 1042 ratione,

1314 1051 1388 1084 sine
1411 1051 1487 1084 luce
1505 1049 1699 1095 Evangelii.
1750 1052 1840 1086 Nam
1866 1051 2039 1085 humanae
2057 1060 2188 1087 mentes
2211 1060 2295 1088 sunt

1313 1109 1497 1145 occupatae
1514 1102 1741 1146 opinionibus
1759 1104 1854 1146 legis,
1881 1110 1913 1136 et
1927 1115 2063 1146 semper
2082 1104 2234 1137 afferunt
2249 1104 2294 1137 ad

1313 1150 1427 1185 Deum
1453 1149 1542 1184 hanc
1567 1150 1844 1196 philosophiam,
1878 1154 1925 1186 sic
1949 1165 2028 1186 vere
2050 1147 2141 1187 coles
2166 1152 2293 1193 Deum,

1313 1203 1340 1236 si
1361 1203 1503 1235 eximias
1522 1204 1667 1237 virtutes
1684 1204 1725 1235 ad
1745 1205 1859 1247 ipsum
1877 1204 2016 1244 assereS,
2043 1201 2103 1237 has
2121 1204 2202 1248 quia
2220 1216 2294 1237 non

1313 1253 1432 1293 affers,
1460 1265 1532 1286 non
1551 1266 1585 1286 es
1603 1255 1731 1299 dignus
1749 1254 1823 1287 eius
1841 1254 2057 1289 muneribus.
2111 1253 2295 1288 Praeterea

1313 1304 1504 1336 absurdum
1523 1311 1573 1337 est
1594 1316 1612 1337 a
1631 1304 1705 1337 Deo
1729 1311 1861 1347 petere,
1888 1311 1926 1337 ut
1945 1310 2103 1338 accurrat
2127 1305 2169 1337 ad
2196 1311 2294 1338 tuam

1313 1354 1458 1394 febrim,
1489 1355 1532 1387 ad
1557 1363 1650 1388 tuam
1675 1355 1849 1398 inopiam,
1876 1361 1908 1388 et
1927 1355 1968 1386 ad
1994 1355 2205 1388 domandam
2229 1355 2296 1388 011-

1314 1416 1417 1449 quam
1435 1405 1575 1437 stultam
1595 1406 1842 1449 cupiditatem,
1868 1417 1929 1438 cur
1944 1405 2016 1447 ipse
2041 1417 2115 1437 eam
2142 1417 2215 1439 non
2238 1417 2294 1439 re-

1286 1481 1288 1488 .
1313 1455 1460 1498 primis?
1493 1453 1568 1488 Hae
1584 1456 1850 1498 imaginationes
1867 1456 2001 1488 duriter
2019 1462 2177 1488 exercent
2194 1467 2294 1488 men-

1313 1512 1362 1537 tes
1397 1503 1589 1544 humanas,
1626 1509 1683 1539 sed
1720 1506 1894 1539 discamus
1929 1506 2009 1539 ideo
2042 1506 2187 1539 missum
2223 1517 2295 1540 esse

1312 1555 1424 1588 filium
1443 1555 1518 1594 Dei,
1543 1558 1620 1590 ideo
1638 1557 1765 1589 editam
1784 1569 1902 1589 vocem
1921 1554 2115 1599 Evangelii,
2140 1563 2178 1590 ut
2195 1557 2293 1590 illam

1314 1603 1573 1650 philosophiam
1602 1608 1749 1640 rationis
1783 1604 1957 1639 humanae
1984 1608 2226 1647 emendemus,
2261 1614 2294 1640 et

1313 1657 1461 1688 sciamus
1487 1670 1565 1690 vere
1599 1659 1712 1691 cultus
1736 1656 1799 1690 Dei
1832 1669 1922 1697 esse,
1962 1664 2078 1699 petere
2106 1657 2294 1696 auxilium,

1312 1708 1401 1739 sicut
1424 1704 1585 1741 Christus
1610 1708 1740 1752 iuquit:
1769 1707 1854 1740 Sine
1879 1719 1934 1739 me
1962 1705 2051 1739 nibil
2078 1707 2219 1750 potestis
2241 1707 2294 1740 fa-

1312 1769 1400 1790 cere.
1434 1756 1528 1791 Haec
1545 1759 1587 1791 de
1604 1758 1783 1791 miraculis
1799 1757 1836 1789 111
1855 1768 1980 1800 genere
1997 1757 2124 1790 dixisse
2141 1757 2223 1791 satis
2239 1757 2294 1793 sit.

1361 1847 1525 1894 Angelus
1555 1853 1652 1883 slalo
1675 1853 1828 1896 tempore
1854 1846 2087 1882 descendebat
2117 1847 2155 1881 in
2182 1848 2292 1895 pisci-

1415 1912 1515 1935 nam.

1389 1966 1503 2000 Multa
1519 1968 1661 2001 fuerunt
1677 1967 1844 2001 miracula
1861 1968 1897 2000 in
1913 1964 1980 2000 hoc
1994 1966 2136 2010 populo,
2164 1967 2292 2011 quihus

1313 2017 1406 2051 Deus
1432 2019 1670 2051 testimonium
1688 2019 1784 2051 dedit
1800 2019 1906 2051 verbo
1924 2029 2005 2056 suo,
2033 2018 2124 2050 iuter
2146 2030 2233 2062 quae
2258 2025 2291 2052 et

1312 2066 1378 2101 1100
1407 2072 1663 2102 numerandum
1688 2076 1755 2109 est,
1787 2070 1879 2113 quod
1913 2069 1949 2101 in
1981 2068 2053 2111 ipsa
2077 2066 2291 2110 Pentecoste,

1312 2120 1500 2164 quotannis
1517 2126 1762 2162 compererunt
1784 2132 1910 2163 aquam
1930 2119 1973 2152 ab
2000 2118 2122 2161 angelo
2146 2120 2292 2160 moveri,

1312 2177 1342 2203 et
1370 2171 1539 2213 primum,
1572 2171 1630 2214 qui
1659 2177 1732 2213 post
1756 2178 1886 2207 motam
1909 2181 2033 2214 aquam
2066 2169 2291 2210 inferebatur,

1313 2221 1445 2259 sanari,
1480 2233 1543 2253 nec
1564 2221 1712 2253 dubium
1740 2228 1809 2260 est,
1844 2221 1929 2265 quin
1954 2218 2047 2252 hunc
2072 2219 2165 2251 diem
2190 2220 2290 2253 datae

1311 2272 1396 2313 legis
1416 2283 1542 2304 ornare
1561 2269 1626 2304 hoc
1649 2272 1848 2304 testimonio
1876 2270 2096 2314 peculiariter
2114 2267 2208 2302 Deus
2227 2283 2289 2304 vo-

1311 2322 1425 2357 luerit.
1468 2322 1622 2365 Angelus
1639 2323 1852 2355 conturbans
1870 2333 1993 2365 aquam
2005 2345 2013 2357 ‚
2041 2319 2212 2362 significat
2227 2333 2290 2354 vo-

1311 2386 1382 2405 cem
1402 2374 1504 2416 leg-is,
1532 2374 1798 2405 conturbantem
1825 2370 2069 2410 conscientias,
2099 2381 2289 2413 agnoscen-

2165 2420 2233 2454 Sed
2251 2422 2287 2455 id

1310 2475 1364 2514 sit,
1400 2487 1472 2507 non
1503 2481 1541 2507 ut
1567 2480 1707 2517 pereant
1729 2473 1956 2505 conturbatae
1981 2478 2134 2511 mentes,
2165 2473 2222 2513 sed
2249 2479 2287 2506 ut

1310 2525 1484 2568 primitiae
1507 2525 1706 2562 salventur,
1734 2524 1812 2555 ideo
1837 2529 1972 2555 tantum
1992 2522 2126 2564 primus
2141 2523 2288 2555 sanaba—

1308 2582 1375 2608 tur.
1439 2575 1528 2613 Nam
1551 2587 1615 2607 vox
1637 2574 1722 2615 legis
1742 2573 1927 2606 conturbat
1949 2572 2153 2605 universum
2180 2583 2287 2615 genus

1308 2624 1522 2664 humanum,
1550 2629 1607 2658 sed
1625 2626 1804 2658 salvantur
1820 2623 2006 2667 primitiae,
2035 2622 2068 2654 id
2087 2629 2147 2660 est,
2175 2623 2286 2662 electi,

1308 2676 1368 2722 qui
1389 2683 1584 2721 agnoscunt
1604 2676 1715 2710 filium
1738 2675 1828 2716 Dei,
1863 2671 1947 2707 haec
1971 2673 2015 2708 sit
2040 2673 2154 2707 brevis
2178 2673 2286 2717 signi-
