2415 2942
496 109 579 146 XII.

190 195 254 232 Est
269 203 302 231 et
319 208 486 231 numerus
503 197 639 231 dierum
658 203 750 231 certo
768 196 1006 240 conscriptus,
1034 203 1074 230 ut

89 247 344 293 significaretur
360 248 551 282 discrimen
568 249 660 282 vitae
677 248 714 280 in
736 245 800 280 hac
816 253 941 280 natura
959 256 1072 294 ψυχι-

87 302 156 346 κῇ,
189 306 229 334 ut
258 306 420 340 vocatur,
456 305 487 333 et
516 298 660 333 alterius
694 297 801 338 vitae,
836 297 872 329 in
898 309 966 342 qua
992 310 1072 356 vere

87 353 271 386 sabbatum
299 350 571 390 celebrabimus,
615 360 693 383 cum
723 346 808 381 haec
839 354 965 382 natura
996 361 1072 382 sine

87 403 168 437 cibo
192 408 224 435 et
247 408 331 445 potu
350 407 383 434 et
400 400 622 445 generatione
638 399 728 432 vivet
746 410 839 431 novo
858 399 985 440 modo,
1013 412 1072 433 co-

86 466 161 487 ram
185 453 306 486 fruens
328 458 470 500 aspectu
486 450 566 485 Dei.
618 449 707 483 Nam
723 449 782 482 illa
799 461 910 490 nova,
939 456 971 483 et
987 451 1071 484 illu-

88 504 168 539 stris
194 503 325 536 noticia
349 509 382 536 et
404 500 607 545 glorificatio
631 498 715 541 Dei,
741 500 807 534 erit
830 512 910 534 vera
935 502 1070 535 sabbati

87 553 296 593 celebratio,
329 559 361 586 et
389 557 662 585 consentaneum
689 558 740 585 est
764 563 804 584 ex
828 548 896 584 hoc
920 564 1068 586 numero

87 606 223 640 dierum
254 603 387 636 dictum
415 600 516 635 Eliae
545 608 699 635 sumtum
729 613 818 635 esse:
859 601 926 636 Sex
958 603 1068 636 millia

85 655 258 693 mundus,
285 660 318 687 et
344 659 462 696 postea
486 652 551 685 erit
576 652 777 687 destructio.
831 651 926 686 Hinc
951 654 1068 687 existi-

83 711 183 738 mant
200 703 364 737 consectis
379 715 436 736 sex
454 703 612 736 millibus
628 715 824 744 annorum,
850 704 1014 748 deinceps
1033 705 1069 737 in

84 754 280 800 septenario
311 753 452 787 initium
482 754 557 787 sore
587 754 684 787 illius
712 766 825 787 novae
854 761 887 788 et
908 762 1069 789 aeternae

83 807 198 847 vitae,
223 805 262 839 in
287 817 355 850 qua
372 803 528 838 Ecclesia
545 803 611 838 Dei
634 805 671 837 in
696 805 766 838 vita
786 812 954 849 perpetua
978 819 1069 847 vere,

82 857 160 891 sine
188 856 336 898 caligine
369 861 403 888 et
429 861 588 899 peccato,
621 856 852 889 sanctificabit
875 858 1070 898 sabbatum,

81 907 185 941 faciet
205 913 322 940 sancta
346 918 470 950 opera,
500 918 616 939 coram
640 913 757 940 cernet
773 905 909 951 Deum,
938 914 971 941 et
996 909 1069 941 eius

80 957 250 991 immensa
274 956 444 1001 sapientia
467 957 615 990 fruetur.
667 957 773 990 Hanc
797 969 868 990 esse
893 958 1069 1002 principa-

80 1009 151 1042 lem
180 1007 470 1050 significationem
504 1007 638 1041 sabbati
670 1019 793 1042 omnes
825 1010 1001 1051 sentiunt,
1037 1017 1069 1043 et

81 1065 227 1094 testatur
240 1057 399 1103 Epistola
417 1059 460 1091 ad
478 1055 645 1094 Ebraeos.

92 113 164 151 121

183 1133 251 1168 Sed
274 1140 314 1167 ut
336 1133 442 1166 nobis
466 1133 504 1167 in
526 1133 703 1166 creatione
725 1140 885 1176 paratum
910 1142 959 1169 est
979 1136 1067 1169 illud

79 1185 284 1222 sabbatum,
311 1184 357 1216 ita
379 1191 562 1228 postquam
583 1191 706 1217 natura
723 1182 877 1218 hominis
895 1186 989 1230 lapsa
1006 1194 1068 1227 est,

79 1235 176 1270 Deus
209 1235 306 1279 prius
328 1235 513 1268 sabbatum
536 1234 606 1267 alio
632 1236 737 1268 modo
764 1238 996 1277 consecravit,
1030 1245 1067 1270 ut

81 1286 184 1320 nobis
201 1285 398 1318 restitueret
415 1285 580 1318 amissum
596 1285 734 1320 festum.
788 1285 876 1318 Nam
894 1287 985 1320 filins
1002 1287 1066 1320 Dei

79 1344 193 1370 morte
216 1347 276 1368 sua
303 1336 370 1378 egit
388 1336 593 1373 sabbatum,
621 1348 700 1369 cum
717 1336 852 1380 quievit
871 1344 945 1370 toto
959 1339 1065 1381 septi—

79 1399 136 1420 mo
160 1387 216 1419 die
239 1386 275 1418 in
298 1386 479 1429 sepulcro,
508 1383 565 1418 hic
587 1385 680 1419 Deus
703 1387 933 1420 inenarrabili
959 1390 1065 1422 modo

77 1437 230 1483 quievit,
266 1443 298 1469 et
329 1436 410 1481 quia
441 1436 533 1469 filins
557 1437 620 1470 suit
649 1437 684 1469 in
706 1438 888 1481 sepulcro,
923 1446 955 1472 et
982 1440 1063 1484 quia

77 1495 178 1533 pater
196 1487 372 1533 quiescere
389 1499 467 1519 eum
487 1494 560 1521 toto
577 1488 638 1520 illo
658 1488 733 1528 die,
761 1495 927 1533 tanquam
947 1492 1064 1523 deser-

77 1547 171 1580 tum,
195 1538 364 1582 permisit,
417 1536 494 1571 Hoc
520 1539 702 1572 sabbatum
727 1539 838 1573 multo
865 1541 980 1573 minus
1003 1543 1064 1574 de-

79 1589 204 1624 clarari
227 1595 360 1632 potest,
388 1601 493 1633 qnam
518 1589 678 1623 futurum
697 1590 784 1623 illud
799 1618 808 1631 ,
836 1592 895 1623 sed
916 1599 954 1625 nt
971 1593 1064 1625 filius

78 1648 158 1674 ante
175 1640 311 1672 sabbati
330 1639 438 1672 futuri
457 1637 646 1681 honorem,
674 1640 771 1683 prius
787 1641 823 1673 in
839 1649 951 1675 morte
965 1643 1064 1687 quie-

78 1691 149 1728 vit,
184 1690 231 1722 ita
261 1690 396 1722 sabbati
426 1687 598 1722 honorem
627 1697 697 1724 tota
724 1690 877 1725 Ecclesia
905 1693 1022 1727 incoat
1045 1706 1062 1726 a

79 1740 185 1774 simili
208 1740 343 1779 Quiete,
371 1751 430 1772 seu
449 1741 657 1781 cessatione,
684 1741 719 1773 id
738 1748 806 1781 est,
831 1754 848 1774 a
868 1751 998 1781 morte,
1025 1745 1062 1777 in

78 1803 146 1836 qua
171 1781 234 1823 etsi
258 1790 386 1823 deserti
411 1789 592 1830 videmur,
619 1797 735 1823 tamen
759 1799 852 1824 certo
880 1795 1061 1828 resuscita-

76 1843 196 1875 bimur
218 1841 260 1873 ad
290 1838 460 1872 honorem
485 1841 616 1873 aeterni
644 1842 792 1876 sabbati.
846 1841 983 1876 Harum
1008 1858 1062 1878 re-

75 1905 154 1926 rum
179 1891 385 1934 magnitudo
411 1902 483 1923 non
507 1891 589 1924 satis
614 1892 783 1925 declarari
806 1894 921 1927 verbis
942 1902 1063 1938 potest,

77 1944 134 1976 scd
167 1942 222 1986 pia
254 1941 482 1974 meditatione
512 1942 696 1984 cogitanda
728 1950 795 1985 est,
826 1951 866 1978 ut
896 1945 934 1978 in
960 1958 1063 1979 cruce

74 1995 247 2028 discamus
266 1990 331 2025 hoc
345 2003 417 2024 esse
435 1992 576 2025 initium
596 1993 743 2029 sabbati.

174 2067 429 2102 Discernantur
456 2067 565 2110 igitur
597 2069 752 2103 sabbata.
820 2068 979 2104 Primum
1012 2080 1061 2106 est

75 2119 366 2164 paedagogicum,
405 2118 568 2151 videlicet
606 2120 803 2154 ceremonia
835 2121 996 2156 instituta
1028 2131 1059 2157 et

74 2170 225 2204 docendi
248 2180 366 2209 causa,
391 2175 422 2202 et
439 2175 478 2201 ut
496 2171 680 2204 admoneat
700 2167 862 2204 homines
880 2174 922 2205 de
939 2174 1059 2208 futuro

72 2221 236 2260 sabbato,
271 2219 307 2251 in
341 2231 411 2264 quo
434 2217 546 2252 Deum
575 2221 723 2264 perfecte
746 2233 993 2265 agnoscemus,
1028 2233 1059 2259 et

73 2272 148 2306 sine
171 2271 245 2304 ullo
270 2276 409 2313 peccato
429 2270 703 2312 celebrabimus,
732 2270 816 2306 baec
832 2275 934 2308 tacite
950 2276 1058 2319 signi-

71 2323 150 2357 ficat
177 2323 230 2355 lex
259 2322 377 2354 futura
405 2332 477 2354 esse
509 2328 542 2354 et
568 2319 651 2355 haec
678 2325 886 2368 paedagogia
913 2338 983 2359 non
1009 2334 1058 2361 est

69 2374 219 2413 tradita,
256 2379 294 2407 ut
310 2371 489 2406 Christum
514 2379 628 2416 regat,
659 2374 719 2418 qui
744 2386 815 2408 non
844 2374 949 2410 habet
971 2390 1059 2422 opus

71 2424 278 2469 disciplina,
314 2425 373 2456 sed
397 2423 533 2468 reliqua
560 2431 642 2457 sunt
669 2425 832 2468 sabbata,
863 2440 951 2472 quae
975 2441 1058 2472 pro—

71 2475 147 2520 prie
165 2476 207 2508 ad
225 2472 403 2510 Christum
422 2475 613 2519 pertinent.
665 2474 827 2509 Alterum
845 2477 882 2511 in
899 2491 968 2523 quo
985 2480 1058 2524 ipse

72 2526 219 2571 quiescit
242 2526 279 2559 in
300 2531 411 2559 morte
430 2537 489 2558 seu
505 2526 685 2569 sepulcro,
712 2533 879 2573 tanquam
900 2531 1056 2565 desertus

69 2589 88 2610 a
107 2576 193 2612 Deo.
245 2575 405 2610 Alterum
430 2576 466 2608 in
493 2590 563 2622 quo
586 2578 738 2612 celebrat
762 2586 895 2622 patrem
915 2588 1055 2615 aeterno

69 2626 217 2663 honore.
275 2626 370 2661 Haec
393 2628 536 2661 sabbata
562 2629 685 2662 eodem
714 2631 820 2663 modo
845 2631 948 2664 etiam
973 2640 1057 2667 sunt

68 2677 264 2721 Ecclesiae,
289 2678 372 2712 inde
389 2690 499 2724 usque
517 2680 560 2714 ab
576 2680 692 2718 initio.
744 2681 791 2716 Ut
802 2682 894 2717 Abel
909 2684 1056 2719 sustinet

632 108 931 148 ENARRATIO
960 109 1011 146 IN
1035 110 1214 148 EVANG.
1245 110 1462 150 IOANNIS.
1520 113 1622 153 CAP.
1653 117 1696 152 V.

2045 122 2117 158 122

1125 209 1281 240 crucem,
1309 206 1342 233 et
1366 199 1454 235 iacet
1475 201 1512 234 in
1540 208 1654 236 morte
1677 202 1773 237 velut
1798 203 1956 237 desertus
1980 216 1997 238 a
2023 204 2113 245 Deo,

1123 249 1182 281 sed
1214 257 1331 293 postea
1355 252 1580 286 resuscitatus
1603 251 1748 287 habebit
1770 255 1962 297 gloriosum
1988 257 2115 289 sabba-

1123 304 1212 332 tum.
1274 300 1457 335 Hactenus
1489 304 1561 336 dixi
1597 305 1639 337 de
1673 317 1742 338 una
1772 305 1962 353 particula:
2009 305 2114 340 Pater

1122 360 1219 382 meus
1240 362 1351 395 usque
1369 354 1472 385 modo
1490 362 1673 398 operatur3
1702 363 1735 390 et
1751 356 1894 390 recitavi
1914 357 2113 391 doctrinam

1121 397 1315 441 Ecclesiae,
1344 403 1387 434 de
1410 405 1564 445 generali
1591 406 1726 439 actione
1750 419 1809 440 seu
1835 415 2000 451 perpetua
2026 421 2113 441 con·

1122 451 1319 484 servatione
1337 453 1443 486 totius
1461 462 1626 495 naturae,
1651 463 1682 490 et
1699 458 1742 489 de
1758 458 1928 491 mirandis
1946 459 2111 502 operibus

1121 498 1187 534 Dei
1204 501 1241 534 in
1259 500 1427 537 Ecclesia.
1481 503 1595 538 Venio
1611 507 1655 539 ad
1672 509 1861 541 secundam
1878 517 2026 553 partem.

1466 611 1519 648 Et
1542 627 1606 661 ego
1629 629 1764 664 operor.

1223 686 1300 722 Hoc
1331 689 1463 723 dictum
1488 698 1606 734 postea
1632 693 1794 735 pluribus
1816 694 1932 727 verbis
1955 695 2110 729 declara-

1120 745 1193 772 tur:
1223 738 1326 782 Quod
1347 748 1443 784 pater
1458 741 1550 783 facit,
1578 743 1660 776 facit
1678 744 1770 777 filins
1786 745 1958 781 similiter.
2006 745 2105 780 Item:

1121 788 1254 823 Omnia
1272 792 1426 825 ostendit
1443 792 1533 833 filio,
1561 806 1649 839 quae
1665 795 1746 829 facit
1766 803 1872 840 pater,
1899 804 1961 831 etc.
2015 796 2111 831 Haec

1120 841 1213 874 dicta
1246 849 1474 876 recensentur
1504 844 1596 877 inter
1620 845 1812 879 clarissima
1839 848 2038 881 testimonia
2066 851 2110 881 de

1121 891 1209 931 filio,
1238 894 1330 936 quod
1354 894 1398 926 sit
1422 895 1465 926 de
1487 896 1681 929 substantia
1702 898 1829 940 patris,
1857 905 1889 930 et
1907 899 2013 932 simul
2030 911 2108 932 curn

1121 950 1219 986 pater
1241 944 1459 985 condiderit,
1489 952 1521 979 et
1539 954 1708 981 sustentet
1726 960 1797 989 res,
1825 949 1914 982 sicut
1931 961 2034 993 supra
2054 950 2110 982 di-

1120 1000 1213 1026 ctum
1247 1001 1313 1027 est:
1349 992 1480 1028 Omnia
1513 1008 1574 1040 per
1607 998 1721 1041 ipsum
1757 1000 1972 1041 factasunt,
2008 1007 2041 1034 et
2065 1002 2108 1033 ad

1120 1043 1210 1077 Heb.
1232 1044 1277 1077 1.:
1307 1044 1437 1078 Ferens
1459 1048 1577 1079 omnia
1602 1049 1710 1081 verbo
1734 1049 1874 1083 virtutis
1893 1062 1984 1084 suae.
2035 1050 2109 1084 Has

1119 1096 1310 1127 sententias
1341 1096 1376 1128 in
1403 1097 1627 1131 invocatione
1649 1100 1753 1132 nobis
1780 1112 2035 1144 proponamus,
2070 1110 2108 1135 ut

1119 1146 1322 1179 invocantes
1351 1147 1468 1179 Deum
1499 1155 1679 1181 aeternum
1712 1157 1844 1192 patrem
1872 1150 1949 1184 Iesu
1974 1150 2109 1186 Christi

1119 1197 1338 1228 conditorem
1370 1203 1402 1230 et
1435 1206 1716 1232 conservatorem
1743 1213 1881 1242 rernm,
1916 1203 2108 1246 cogitemus

1118 1247 1222 1278 simul
1264 1258 1341 1279 cum
1389 1254 1486 1290 patre
1519 1249 1630 1282 filium
1668 1258 1701 1284 et
1735 1252 1908 1295 Spiritum
1945 1261 2106 1286 sanctum

1117 1296 1237 1329 omnia
1267 1298 1466 1331 condidisse
1494 1306 1525 1332 et
1557 1313 1782 1342 conservare,
1812 1310 1844 1336 et
1871 1304 1974 1336 simul
2002 1305 2107 1337 invo-

1117 1359 1251 1387 cemus,
1286 1355 1319 1381 et
1353 1349 1541 1392 dirigentes
1566 1352 1825 1386 invocationem
1852 1356 1893 1387 ad
1923 1353 2106 1388 Christum

1117 1399 1366 1440 mediatorem,
1400 1407 1438 1433 ut
1467 1413 1530 1445 pro
1557 1403 1660 1435 nobis
1686 1404 1897 1446 intercedat,
1933 1418 2014 1439 vere
2038 1413 2106 1439 sta-

1116 1456 1255 1483 tuamus
1279 1462 1358 1483 eum
1383 1462 1453 1483 esse
1472 1453 1769 1497 omnipotentem,
1797 1462 1830 1488 et
1848 1468 1911 1489 nos
1931 1457 2107 1497 exaudire,

1117 1507 1150 1533 et
1169 1507 1302 1543 patrem
1322 1513 1465 1544 prorsus
1482 1503 1573 1535 idem
1592 1505 1699 1548 velle,
1730 1508 1823 1549 quod
1843 1508 1915 1540 vult
1933 1508 2043 1545 filins,
2072 1515 2105 1542 et

1117 1552 1212 1596 quod
1243 1558 1386 1585 testatus
1409 1560 1458 1586 est
1481 1565 1516 1586 se
1541 1555 1640 1590 velle.
1705 1555 1900 1599 Cogitanda
1925 1566 1974 1592 est
1996 1559 2105 1601 igitur

1116 1600 1200 1635 haec
1217 1603 1386 1635 sententia
1405 1603 1497 1637 inter
1515 1607 1744 1649 precandum:
1773 1607 1876 1641 Pater
1886 1621 1982 1642 meus
1994 1621 2105 1654 usque

1116 1654 1221 1686 modo
1253 1661 1436 1696 operatur,
1471 1663 1504 1689 et
1534 1667 1595 1699 ego
1627 1669 1763 1701 operor.
1825 1658 1921 1693 Haec
1950 1661 2104 1693 breviter

1115 1704 1294 1736 monuisse
1319 1705 1400 1737 satis
1425 1705 1487 1746 sit,
1512 1714 1551 1740 ut
1578 1707 1687 1740 lector
1709 1706 1776 1742 hoc
1800 1711 2042 1744 testimonium
2060 1712 2103 1744 de

1115 1755 1300 1788 divinitate
1331 1755 1396 1787 filii
1428 1757 1606 1798 observet,
1641 1766 1674 1792 et
1699 1771 1814 1793 secum
1839 1761 1895 1804 pie
1918 1763 2102 1805 expendat.

1114 1805 1185 1838 Nec
1208 1805 1287 1838 volo
1313 1818 1491 1839 recensere
1508 1807 1726 1843 Samosateni
1753 1818 1784 1844 et
1804 1810 1880 1844 Arii
1905 1813 2102 1846 cavillatio-

1114 1868 1193 1895 nes,
1235 1856 1364 1900 quibus
1402 1858 1543 1891 eludere
1585 1857 1679 1893 hunc
1713 1861 1828 1894 locum
1859 1864 1976 1896 conati
2007 1871 2102 1899 sunt.

1113 1905 1202 1939 Nam
1235 1907 1465 1950 perspicuitas
1497 1910 1580 1943 dicti
1613 1917 1708 1945 tanta
1735 1919 1802 1953 est,
1837 1920 1875 1947 ut
1900 1914 2100 1948 labefactari

1113 1957 1268 2000 speciose
1301 1970 1374 1990 non
1407 1959 1526 2002 possit.
1592 1960 1681 1994 Nam
1716 1962 1835 1996 ludaei
1866 1966 2100 2008 agnoscebant

1113 2005 1293 2041 Christum
1312 2020 1347 2041 se
1365 2021 1514 2056 aequare
1533 2010 1620 2047 Deo.

1214 2064 1348 2100 Eodem
1373 2069 1524 2112 pertinet
1546 2069 1697 2106 dictum:
1731 2071 1834 2106 Pater
1856 2074 1974 2107 omnia
1998 2087 2100 2109 mon-

1112 2124 1196 2151 strat
1214 2117 1284 2150 filio
1298 2145 1306 2158 ,
1335 2131 1415 2163 ergo
1433 2121 1587 2165 aequalis
1605 2130 1654 2157 est
1671 2123 1838 2168 sapientia
1856 2126 1962 2168 patris
1980 2133 2011 2160 et
2026 2127 2101 2168 filii,

1111 2168 1159 2201 sic
1175 2174 1207 2201 et
1224 2171 1416 2211 potentiam
1433 2178 1575 2215 aequat,
1604 2174 1674 2207 imo
1689 2175 1768 2208 facit
1786 2187 1820 2207 se
1839 2176 1971 2209 socium
1989 2178 2100 2211 actio-

1111 2219 1167 2251 nis
1200 2219 1292 2260 Dei,
1332 2233 1420 2266 quae
1450 2223 1511 2256 ille
1545 2225 1645 2265 facit,
1688 2226 1781 2258 filius
1814 2227 1976 2260 similiter
2005 2228 2099 2262 facit.

1111 2269 1235 2303 Postea
1266 2278 1298 2304 et
1333 2269 1503 2306 honorem
1527 2283 1672 2320 aequat,
1707 2284 1745 2310 ut
1769 2288 1892 2309 omnes
1919 2276 2097 2313 honorent

1109 2321 1241 2360 filium,
1277 2322 1367 2356 sient
1396 2322 1572 2359 honorant
1597 2334 1740 2370 patrem.
1803 2327 1897 2361 Haec
1922 2331 2096 2364 sententia

1109 2372 1235 2415 repetit
1257 2374 1474 2417 superiores,
1502 2388 1582 2408 nam
1609 2375 1665 2410 hic
1693 2385 1742 2412 est
1766 2375 1880 2412 honos
1904 2392 2023 2421 verus,
2051 2382 2096 2414 de

1109 2434 1180 2467 qno
1197 2434 1302 2467 snpra
1322 2425 1426 2458 dixit:
1455 2425 1630 2460 Tribuere
1650 2428 1855 2463 immensam
1873 2432 2093 2479 sapientiam,

1108 2479 1141 2507 et
1158 2475 1350 2518 potentiam
1370 2476 1501 2520 pariter
1520 2479 1607 2521 patri
1623 2486 1657 2513 et
1675 2480 1760 2517 filio.

1209 2532 1324 2567 Venio
1355 2536 1397 2567 ad
1429 2535 1566 2569 tertiam
1598 2540 1828 2581 sententiam,
1863 2540 2025 2576 videlicet
2050 2544 2092 2576 ad

1108 2584 1369 2617 conclusionem
1395 2586 1604 2621 refutantem
1628 2588 1789 2624 ludaeos:
1819 2591 1922 2626 Pater
1946 2606 2016 2626 non
2043 2600 2093 2627 est

1107 2635 1257 2673 otiosus,
1302 2648 1365 2669 nec
1394 2643 1534 2671 tenetur
1563 2641 1698 2674 carnali
1731 2644 1951 2686 paedagogia.
2017 2644 2091 2686 Ego

1107 2697 1171 2730 ago
1201 2697 1280 2720 cum
1310 2693 1428 2732 patre,
1464 2695 1498 2723 et
1518 2687 1611 2724 nibil
1635 2692 1744 2733 facio,
1776 2694 1844 2728 nisi
1869 2695 1963 2740 quod
1990 2695 2090 2729 video
