2415 2942
115 71 214 111 1057

789 68 1037 107 EPISTOLA
1063 66 1469 106 NUNCUPATORIA.

2044 80 2141 117 1058

114 158 234 193 fideles
253 155 436 191 ministros
447 154 570 198 Verbi,
585 155 793 200 disciplinae
810 156 1038 201 laxationem,
1054 157 1106 190 ef-
1128 164 1130 178 ¹
1154 155 1384 189 necessariam
1409 167 1499 195 esse,
1527 162 1564 190 ut
1591 156 1666 190 sine
1693 157 1772 198 illa,
1808 163 2037 206 quantumvis
2062 178 2136 200 cre-

113 211 246 243 frenem
263 208 522 242 contumaciam
540 207 754 248 iuventutis,
777 214 810 241 et
823 207 974 241 aliorum
995 207 1101 242 vitio-

113 272 192 294 rum
225 265 375 302 segetem
410 259 526 292 indies
562 258 780 292 uberrimam
814 265 1128 299 succrescentem,¹

112 322 203 356 quae
225 310 317 342 mala
344 309 510 350 intuens,
537 321 611 342 non
640 315 753 353 potest
777 320 851 341 non
877 306 1104 342 vehementer

112 361 232 395 animo
250 360 405 405 percelli,
433 367 467 394 et
484 360 662 393 interdum
681 359 836 403 quassari
852 359 1021 393 fluctibus
1036 361 1102 393 du-

111 412 349 455 bitationum,
377 411 576 454 ambigens,
604 421 648 443 an
667 407 725 442 hic
749 416 868 444 coetus
894 411 1004 454 possit
1030 422 1103 443 esse
1126 436 1128 453 :

112 460 289 502 Ecclesia,
316 461 353 494 in
377 474 448 507 quo
473 468 610 495 tantum
631 460 679 493 sic
698 460 965 494 distractionum
979 486 988 500 ,
1017 473 1102 494 con—

112 513 295 547 fusionum
309 539 318 553 ,
344 519 378 547 et
395 512 594 545 enormium
612 510 792 545 vitiorum.

215 569 377 614 Augetur
393 569 450 605 hic
466 571 569 604 dolor
587 570 670 614 piis,
696 581 774 602 cum
793 570 913 604 vident
929 568 984 604 bis
1003 583 1102 604 scan-

113 622 203 656 dalis
226 628 260 655 et
278 622 568 656 distractionibus
585 632 688 654 verae
704 619 880 653 Ecclesiae
899 622 1101 654 confirmari

114 680 148 707 et
166 673 327 706 roborari
346 673 383 705 in
398 685 467 706 una
486 679 583 717 parte
599 671 819 711 pontificios,
845 679 884 705 nt
903 672 986 704 inde
1004 685 1103 715 prae-

115 730 232 758 textus
257 723 453 767 arripiant,
487 723 617 768 quibus
642 729 674 756 et
699 722 885 765 parricidia
912 734 973 756 sua
998 735 1101 756 excn—
1127 752 1128 757 ,

114 782 208 813 sent,
238 780 271 808 et
290 774 553 807 ldolomaniam
578 785 676 806 suam
700 773 891 816 speciosius
910 779 1043 816 tegant,
1072 781 1104 807 et

113 825 252 870 aliquos
273 825 465 857 imbecilles
482 825 526 858 ab
545 824 661 867 agnita
679 823 825 857 veritate
846 825 889 856 ad
915 836 1013 857 suam
1037 825 1102 857 im-

112 876 278 921 pietatem
304 873 495 911 retrahant.

115 928 224 964 ritus,
264 933 300 960 et
335 926 522 965 sectarios,
557 933 596 959 ut
631 937 712 959 suos
749 937 885 958 errores
922 927 1103 970 pestiferos

115 988 275 1021 spargere
297 977 470 1010 efficacius
486 984 519 1010 et
543 976 725 1009 venditare
751 977 856 1020 vulgo
882 977 1105 1021 plausibilius

113 1028 267 1073 possint,
302 1027 504 1061 monstratis
522 1028 628 1068 vitiis,
652 1027 818 1067 dissidiis,
845 1035 876 1061 et
894 1028 1105 1071 profanitate

119 1077 225 1112 huius
254 1078 363 1122 partis
383 1105 391 1119 ,
433 1091 521 1122 quae
550 1080 593 1111 de
630 1077 850 1122 possessione
880 1078 1130 1123 incorruptae}

115 1129 296 1163 doctrinae
313 1129 386 1162 sola
408 1130 589 1172 gloriatur.

215 1187 291 1221 Hac
309 1188 499 1221 miserabili
518 1188 651 1232 specie,
680 1194 712 1221 et
730 1200 864 1221 summa
883 1189 1106 1221 deformitate

114 1237 293 1273 Ecclesiae
310 1239 346 1271 in
366 1237 428 1271 bac
439 1247 611 1282 postrema
628 1245 765 1271 senecta
777 1239 916 1278 mundi,
932 1251 1010 1271 cnm
1028 1239 1106 1283 pio-

116 1302 195 1323 rum
216 1289 324 1322 animi
351 1287 444 1322 haud
475 1289 582 1322 dubie
607 1286 828 1322 horribiliter
853 1290 1107 1327 excrucientur,

115 1340 301 1373 muniendi
320 1346 401 1373 sunt
419 1341 508 1373 veris
525 1339 847 1377 consolationibus,
876 1346 914 1372 nt
933 1347 964 1372 et
987 1351 1107 1372 causas

116 1391 352 1431 considerent,
380 1391 473 1423 unde
493 1388 576 1423 haec
596 1390 687 1422 mala
708 1390 867 1430 existant,
885 1402 928 1422 ne
947 1402 984 1422 ea
999 1391 1107 1422 verbo

114 1441 181 1475 Dei
217 1447 249 1473 et
285 1440 505 1473 sanctissimo
540 1440 739 1473 ministerio
784 1440 880 1474 illius
919 1441 1132 1484 imputent‚²

115 1494 174 1525 sed
194 1492 338 1525 credant
366 1492 502 1535 aspergi
518 1491 695 1525 Ecclesiae
713 1504 731 1523 a
749 1491 891 1524 diabolo
912 1504 972 1535 per
990 1489 1105 1524 homi-
1130 1506 1132 1529 1

119 1554 182 1575 nes
213 1543 326 1582 leves,
365 1544 554 1586 superbos,
590 1543 766 1583 curiosos,
800 1542 966 1586 profanos
997 1549 1030 1576 et
1054 1554 1107 1575 se-

117 1604 230 1627 curos,

222 1651 364 1685 Deinde
379 1650 490 1683 sciant
508 1651 619 1684 filium
638 1651 718 1693 Dei,
744 1658 777 1684 et
791 1651 1109 1695 ipsiusApostOIOS,
1131 1666 1132 1686 ι

118 1701 203 1736 haec
229 1703 303 1746 ipsa
339 1702 429 1733 mala
462 1702 694 1745 praedixisse,
732 1709 765 1735 et
792 1702 934 1746 quidem
963 1709 1108 1735 ventura

119 1754 333 1787 cumulatius
358 1753 619 1796 praemonuisse
641 1753 731 1785 circa
754 1760 926 1795 postrema
946 1759 1104 1796 tempora

118 1805 242 1837 mundi
257 1831 265 1843 ‚
293 1810 325 1836 et
350 1810 467 1836 tamen
488 1803 592 1835 simul
613 1803 815 1847 promisisse
842 1803 1107 1846 perpetuitatem

120 1855 318 1894 Ecclesiae,
355 1856 521 1886 adversus
556 1867 661 1898 quam
685 1854 804 1887 nullae
830 1861 950 1897 portae
977 1854 1109 1886 infero*

117 1918 195 1939 rum
213 1906 283 1938 siut
306 1905 570 1947 praevaliturae.

220 1963 395 1997 Omnium
416 1970 532 1996 autem
553 1963 843 2006 efficacissimum,
872 1974 949 1994 meo
966 1962 1107 2006 quidem

119 2016 269 2053 indicio,
297 2015 490 2046 remedium
514 2015 680 2046 adversus
707 2012 769 2046 has
795 2013 1034 2046 dubitationes
1065 2014 1107 2044 de

119 2064 295 2101 Ecclesia,
324 2073 419 2097 ortas
444 2076 483 2096 ex
510 2072 697 2107 conspectu
725 2064 960 2108 praesentium
985 2064 1109 2096 confu-

118 2117 258 2150 sionum
282 2122 313 2148 et
339 2115 532 2154 malorum,
559 2116 712 2148 sumitur
737 2128 775 2148 ex
795 2115 1048 2159 Apostolorum
1072 2126 1110 2146 ac

119 2167 306 2213 praecipue
323 2165 425 2198 Pauli
449 2165 608 2209 scriptis,
635 2167 681 2199 ita
701 2166 876 2209 pingentis
894 2165 947 2197 sui
975 2173 1109 2208 tempo-

118 2218 167 2251 ris
184 2217 375 2257 Ecclesias‚
405 2222 443 2248 ut
471 2223 606 2249 constet
626 2228 682 2249 eas
700 2229 771 2249 non
794 2217 899 2249 modo
918 2217 993 2249 sine
1010 2216 1109 2247 infir—
1133 2237 1134 2240 ,

118 2268 239 2302 mitate
257 2274 290 2300 et
309 2267 428 2299 naevis
446 2278 518 2299 non
537 2267 661 2305 fuisse,
690 2268 748 2300 sed
774 2267 877 2300 etiam
895 2267 1109 2299 deformatas

118 2319 224 2353 fuisse
243 2319 342 2352 tetris
358 2317 531 2351 scandalis
554 2325 585 2350 et
602 2318 879 2352 confusionibus.

224 2384 272 2419 Ut
288 2385 381 2418 enim
400 2396 495 2417 nunc
519 2383 609 2417 nibil
628 2385 743 2417 dicam
760 2385 802 2417 de
820 2383 985 2417 Ecclesiis
1002 2383 1112 2418 Gala-

121 2444 255 2477 tarum,
289 2448 379 2481 quae
412 2442 488 2479 post
521 2435 712 2469 discessum
738 2436 813 2468 divi
838 2435 956 2474 Pauli,
993 2448 1012 2468 a
1039 2449 1108 2481 quo

123 2488 298 2520 sinceram
339 2485 523 2528 Evangelii
567 2487 766 2520 doctrinam
819 2494 1049 2530 acceperant,
1093 2499 1112 2520 a

124 2537 436 2581 pseudoapostolis
457 2539 502 2570 ita
530 2538 690 2571 turbatae
713 2538 869 2578 fuerant,
894 2544 931 2571 ut
957 2544 1048 2571 totae
1069 2539 1111 2570 ad

124 2588 303 2622 Iudaicam
331 2589 615 2632 superstitionem
634 2589 848 2629 reciderent,
875 2595 907 2621 et
931 2600 1113 2631 persuasae

126 2646 258 2680 essent,
285 2639 369 2681 legis
392 2651 430 2671 ac
453 2640 735 2673 ceremoniarum
758 2640 1041 2673 observationem
1064 2639 1112 2673 ita

180 2691 358 2723 ΜηΑπτη.
388 2692 491 2724 Orza.
522 2692 603 2723 Vm„
625 2692 701 2725 XV.

549 875 590 908 ln
608 875 715 908 altera
736 881 834 918 parte
850 875 1018 908 fanaticos
1033 875 1103 919 spi·
1127 902 1128 914 2

1128 197 1130 219 l
1153 207 1240 239 dens
1257 206 1292 238 in
1319 206 1431 239 filium
1451 205 1536 247 Dei,
1564 208 1711 242 salutem
1729 212 1895 257 consequi
1913 224 1986 247 non
2005 225 2136 259 posset:

1153 257 1195 289 ln
1215 255 1369 289 Ecclesia
1391 255 1635 300 Corinthiaca,
1665 259 1700 291 in
1722 273 1789 305 qua
1808 263 1944 297 tamdiu
1959 271 1991 298 et
2010 265 2137 302 Paulus

1153 314 1185 340 et
1212 307 1380 350 Apollos,
1416 315 1447 341 et
1473 308 1534 341 alii
1564 317 1778 353 praestantes
1802 313 1928 357 spiritu
1953 322 1986 350 et
2008 317 2136 360 pietate

1152 357 1241 396 viri,
1283 355 1517 399 Evangelium
1553 360 1686 393 sincere
1728 363 1937 405 docuerant,
1983 376 2135 412 quantae

1154 407 1398 450 enormitates,
1426 420 1530 452 quam
1548 411 1648 443 foeda
1668 414 1830 447 scandala
1848 416 2035 458 extiterint,
2059 432 2135 452 am-

1126 460 1216 495 ]bae
1247 457 1426 502 Epistotae
1460 462 1502 492 ad
1532 459 1737 496 Corinthios
1766 465 1915 508 scriptae
1950 470 2133 514 perspicue

1126 505 1128 546 ἰ
1151 510 1352 543 ostendunt.

1125 555 1128 563 ⁴
1253 559 1342 592 Nam
1370 571 1409 592 ex
1432 561 1607 603 responsis
1633 560 1734 595 Pauli
1775 573 1944 608 apparet,
1983 576 2017 603 et
2042 570 2135 606 inter

1127 616 1128 621 ¹
1152 611 1313 643 doctores
1333 610 1438 643 fuisse
1453 612 1706 645 aemulationes
1724 620 1755 647 et
1780 618 1969 651 certamina
1989 621 2032 653 de
2048 623 2135 656 emi-

1152 661 1283 701 nentia,
1310 674 1414 706 quam
1437 662 1496 694 alii
1515 662 1690 696 aestimari
1711 664 1876 700 volebant
1893 680 1910 700 a
1927 668 2135 716 Praecepto-

1153 724 1251 752 rum,
1281 709 1346 744 hoc
1371 720 1439 753 est,
1468 713 1720 755 Apostolorum
1740 716 1930 763 dignitate,
1965 732 1983 753 a
2007 723 2136 766 quibus

1153 762 1283 805 singuli
1302 763 1466 803 instituti,
1494 770 1525 796 et
1542 765 1671 808 quibus
1688 766 1876 801 familiares
1893 769 2049 805 fuerant:
2077 774 2137 807 alii

1154 820 1298 857 propter
1331 814 1506 847 donorum
1545 816 1784 849 excellentiam
1804 841 1812 856 ‚
1857 820 1986 863 quibus
2020 825 2136 859 ornati

1151 865 1312 905 fuerant,
1339 866 1481 898 caeteris
1507 866 1561 898 vel
1586 867 1872 909 praeferebantur
1896 871 1940 904 ab
1962 874 2136 908 auditori-

1127 919 1129 964 ἦ
1153 916 1234 955 bus,
1264 915 1316 947 vel
1334 915 1402 959 ipsi
1420 928 1492 948 sese
1508 918 1672 949 anteferri
1691 919 1875 961 volebant,
1903 934 1988 966 quas
2012 936 2135 959 aemu-

1128 969 1129 978 ¹
1153 966 1299 999 lationes
1316 966 1408 999 inter
1423 968 1598 1007 doctores,
1621 975 1657 1000 ut
1677 969 1732 1008 fit,
1758 973 1995 1014 sequebantur
2012 975 2136 1009 factio-

1155 1029 1235 1057 nes,
1265 1014 1468 1058 schismata,
1504 1018 1614 1055 rixae,
1651 1027 1793 1052 mutuae
1816 1024 2138 1069 condemnationes,

1128 1075 1130 1079 ⁴
1154 1075 1185 1100 et
1203 1065 1345 1100 hostilia
1364 1069 1444 1100 odia
1463 1068 1499 1100 in
1527 1070 1759 1103 auditoribus.
1814 1072 1976 1116 Cumque
2002 1076 2136 1122 incipe-

1128 1118 1234 1161 }rent
1260 1118 1370 1161 magis
1400 1125 1498 1152 acute
1531 1119 1708 1162 disputare
1738 1122 1780 1154 de
1813 1123 1994 1165 doctrina,
2031 1139 2137 1174 quam

1128 1170 1131 1178 ⁴
1155 1181 1231 1201 eam
1257 1181 1337 1201 vera
1364 1169 1430 1201 fide
1455 1170 1545 1202 serio
1570 1170 1750 1213 amplecti,
1780 1180 1812 1206 et
1837 1186 1974 1208 morum
2000 1179 2054 1221 pia
2072 1191 2137 1221 gu-

1129 1238 1130 1241 =
1154 1220 1362 1252 bernatione
1377 1227 1409 1252 et
1429 1221 1599 1253 virtutum
1617 1222 1734 1254 studio
1753 1223 1924 1258 efficacem
1943 1231 2137 1271 ostendere,

1155 1271 1319 1302 laxabant
1344 1270 1461 1303 frenos
1481 1271 1753 1313 cupiditatibus,
1780 1275 1888 1319 aliqui
1914 1289 2010 1311 more
2034 1286 2065 1312 et
2088 1282 2138 1314 af-

1154 1320 1303 1353 fectibus
1330 1327 1363 1353 et
1389 1321 1543 1353 artificiis
1558 1319 1793 1356 Ethnicorum
1814 1325 1996 1368 litigabant
2022 1343 2137 1364 coram

1155 1371 1332 1403 iudicibus
1357 1369 1527 1411 ethnicis,
1562 1372 1811 1407 relabebantur
1845 1377 1952 1422 aliqui
1979 1382 2019 1412 ad
2053 1395 2136 1415 con-

1155 1429 1269 1455 suetas
1295 1422 1390 1464 prius
1418 1423 1575 1465 corporis
1600 1424 1796 1467 voluptates
1819 1428 2027 1463 obscoenas:
2057 1435 2139 1465 ade-

1131 1479 1238 1505 'rant
1268 1473 1377 1516 aliqui
1410 1473 1588 1505 sacrificiis
1621 1481 1651 1505 et
1685 1477 1796 1518 epuiis
1834 1477 2008 1522 ethnicis,
2058 1497 2135 1516 cum

1156 1523 1252 1565 gravi
1278 1523 1473 1555 offensione
1504 1524 1735 1557 imbecillium
1758 1524 2039 1564 Christianorum
2061 1559 2069 1572 ,
2106 1542 2138 1568 et

1130 1581 1132 1644 '¹
1156 1573 1421 1606 confirmatione
1442 1574 1625 1606 idolatriae
1644 1573 1820 1618 ethnicae,
1846 1580 1972 1624 aliquis
1991 1584 2138 1617 abutens

1131 1647 1133 1659 2
1157 1624 1318 1656 libertate
1338 1622 1560 1662 Christiana,
1589 1626 1634 1657 ita
1651 1638 1685 1658 se
1704 1628 1870 1662 omnibus
1889 1631 1970 1670 legis
1988 1634 2140 1670 vinculis

1157 1675 1311 1707 solutum
1341 1676 1523 1716 credebat,
1558 1683 1594 1709 ut
1622 1683 1760 1720 putaret
1788 1679 1854 1713 sibi
1881 1681 1988 1717 licere
2010 1697 2140 1721 nover-

1131 1737 1231 1757 ·cam
1263 1737 1362 1757 suam
1396 1738 1540 1759 uxorem
1569 1724 1714 1761 habere:
1752 1729 1862 1775 aliqui
1894 1737 2141 1778 superstitione

1157 1775 1360 1818 coniugium
1383 1788 1525 1820 prorsus
1543 1778 1743 1821 fugiebant,
1772 1788 1939 1826 tanquam
1965 1787 2057 1820 vitae
2081 1800 2140 1832 ge-

1157 1838 1224 1859 nus
1251 1824 1489 1870 prohibitum,
1516 1828 1624 1873 aliqui
1649 1829 1687 1862 in
1711 1832 1937 1867 matrimonio
1960 1837 2141 1872 abstinen-

1132 1879 1240 1927 ¹(lum
1277 1878 1343 1910 sibi
1378 1891 1520 1922 prorsus
1547 1891 1565 1912 a
1597 1880 1807 1924 coniugibus
1838 1895 1910 1917 esse
1940 1890 2140 1931 censebant,

1159 1928 1267 1973 aliqui
1285 1930 1451 1972 coniuges
1469 1931 1512 1963 de
1529 1930 1699 1973 religione
1716 1944 1787 1965 non
1807 1938 2063 1973 consentientes
2080 1943 2141 1973 de-

1158 1991 1282 2019 serere,
1310 1987 1342 2013 et
1359 1981 1443 2013 alias
1461 1981 1588 2013 ducere
1606 1994 1645 2014 ex
1663 1994 1810 2017 numero
1827 1988 2043 2023 credentium
2062 2003 2143 2025 sua-

1159 2031 1306 2064 debann
1350 2030 1437 2065 Erat
1461 2033 1643 2065 curiositas
1669 2034 1706 2065 in
1734 2035 1813 2067 aliis
1838 2036 2045 2081 immodica,
2074 2043 2141 2075 iam

1158 2079 1270 2121 hunc,
1294 2081 1361 2114 iam
1380 2082 1488 2114 alium
1508 2083 1633 2121 ritum,
1660 2096 1764 2128 quem
1785 2094 1908 2121 natura
1928 2096 2043 2124 tamen
2061 2105 2141 2125 sau-

1158 2139 1271 2172 xerat,
1298 2133 1463 2173 abolens,
1492 2141 1523 2167 et
1548 2135 1628 2166 novi
1654 2135 1787 2179 aliquid
1813 2138 2015 2181 instituens,
2044 2144 2142 2176 iuva-

1159 2190 1248 2215 serat
1275 2184 1310 2215 in
1336 2182 1528 2216 Ecclesiam
1557 2185 1695 2218 Covnae
1720 2189 1972 2223 sacratissimae
1998 2192 2141 2226 Domini

1160 2233 1377 2277 profanatio,
1401 2241 1434 2268 et
1460 2237 1589 2268 abusus
1616 2243 1750 2277 tantus,
1778 2245 1815 2271 ut
1842 2252 1969 2282 poenas
1988 2246 2144 2285 publicas

1160 2293 1363 2318 accerseret:
1389 2285 1497 2330 aliqui
1521 2288 1696 2319 donorum
1714 2290 1950 2331 spiritualium
1979 2296 2144 2329 varietate

1161 2339 1202 2367 ad
1231 2336 1523 2376 ostentationem,
1565 2345 1595 2370 et
1624 2338 1774 2370 aliorum
1803 2342 2031 2377 mediocrium
2061 2359 2144 2379 001,-

1162 2393 1308 2419 temtum
1335 2394 1366 2420 et
1392 2388 1654 2430 oppressionem
1683 2390 1729 2421 uti
1753 2391 1947 2432 malebant,
1977 2409 2080 2438 quam
2101 2401 2142 2430 ad

1162 2438 1440 2471 aedificationem
1471 2445 1503 2470 et
1532 2438 1718 2471 utilitatem
1759 2444 1985 2477 auditorum:
2028 2449 2143 2491 aliqua

1162 2487 1250 2520 lesi«.
1275 2496 1306 2522 et
1333 2489 1476 2532 profana
1501 2488 1639 2531 ingenia
1659 2503 1697 2521 eo
1717 2494 1880 2525 audaciae
1899 2507 2147 2539 processerant,

1163 2546 1199 2571 ut
1219 2540 1488 2572 fundamentum
1514 2541 1774 2583 quodammodo
1799 2545 1876 2576 fidei
1904 2556 2039 2579 nostrae
2064 2551 2145 2580 sul»-

1163 2601 1264 2622 ruere
1290 2597 1502 2623 conarentur
1517 2615 1524 2627 ,
1563 2598 1595 2623 et
1615 2591 1832 2635 disputarent
1855 2600 2145 2632 resurrectionem

1164 2648 1384 2674 mortuorum
1415 2641 1640 2682 promissam,
1675 2644 1859 2686 allegorite
1886 2648 2148 2691 intt=lligcfflt.,ffl

1380 2689 1428 2723 67
