2415 2942
75 87 151 125 629
270 85 372 124 XIII.

78 182 147 216 est,
177 173 310 218 accepti
332 171 440 217 gratis
463 178 609 217 propter
633 168 838 210 Christum,
867 167 944 203 Deo
967 179 1064 201 acce-

77 232 211 271 ptante.
265 224 323 259 Sic
346 224 450 258 etiam
476 223 565 257 illud
592 221 826 265 intelligatur,
853 219 984 253 Sumus
1008 219 1064 252 iu·-

78 277 121 311 sti
148 276 234 315 fide,
269 276 306 309 id
332 281 401 315 est,
435 274 642 308 correlative
665 282 786 305 sumus
812 270 895 304 iusti
921 276 1065 314 propter

78 325 283 368 Christum,
312 337 416 371 quem
444 326 512 359 fide
537 321 756 368 apprehendi
783 327 932 365 oportet.
986 320 1063 353 Hoc

76 379 184 412 modo
200 377 415 412 conscientia
432 376 536 410 discit
559 374 688 408 intueri
708 373 874 412 verbum,
901 378 936 405 et
959 368 1063 404 habet

77 429 213 463 firmam
241 427 537 466 consolationem,
570 425 653 470 quia
685 424 746 457 illa
772 422 902 466 gratia,
939 422 976 455 id
1001 429 1063 463 est,

77 481 242 513 voluntas
263 478 350 517 Dei,
384 485 565 522 acceptans
598 481 739 520 propter
768 471 971 514 Christum,
1013 479 1063 506 est

76 530 257 575 proposita
281 531 319 563 in
336 530 455 562 verbo.
503 525 636 572 Estque
659 525 841 559 sciendum
866 525 915 558 ita
945 523 1063 557 effica-

78 593 151 615 cem
184 593 255 614 esse
287 580 459 625 Spiritum
492 585 668 617 sanctum,
703 587 782 609 cum
811 572 880 608 hoc
914 575 1061 608 verbum

77 629 385 676 apprehendimus.
440 628 619 662 Hactenus
637 629 680 661 de
697 627 870 660 vocabulo
894 625 1037 670 gratiae.

182 690 312 724 Paulus
329 689 447 723 addit:
475 687 618 721 Donum
635 698 697 730 per
710 685 878 729 gratiam,
905 697 994 730 quae
1012 692 1063 719 est

76 739 222 775 Christi.
274 740 385 774 Docet
411 738 506 772 enim
532 739 687 775 donum,
723 737 758 770 id
784 743 852 777 est,
887 735 1061 779 Spiritum

77 799 233 826 sanctum
251 798 284 825 et
302 791 408 825 vitam
426 796 602 823 aeternam
621 788 697 821 dari
714 794 857 832 propter
867 785 1062 827 Christum,

77 844 165 877 sicut
187 843 272 876 alibi
297 842 464 886 scriptum
493 846 560 873 est:
598 838 761 873 Gratiam
784 850 847 883 pro
871 838 1000 881 gratia,
1025 838 1060 871 id

77 900 148 934 est,
176 904 240 926 nos
256 893 433 936 placemus
457 902 529 924 non
557 897 702 936 propter
724 901 809 930 nOS,
836 891 894 922 sed
920 897 1062 934 propte-

79 955 159 987 rea,
187 943 268 988 quia
294 943 408 987 placet
433 941 539 976 filius.
593 941 683 976 Item
706 942 749 975 ad
773 938 923 986 EpheS.:
951 938 1061 975 Acce-

76 1001 152 1039 ptat
167 1006 232 1028 nos
249 994 286 1027 in
308 993 381 1028 filio
399 993 543 1027 dilecto.

177 1084 232 1121 Et
255 1097 329 1120 non
354 1085 448 1120 sicui
470 1094 535 1132 per
556 1095 669 1117 unum
691 1087 875 1130 peccalum
900 1087 960 1119 ele.

177 1152 307 1188 Oratio
334 1153 371 1186 in
394 1158 490 1186 textu
515 1151 564 1185 sic
593 1150 731 1185 absolvi
756 1157 885 1194 potest:
914 1148 961 1184 Et
987 1162 1061 1183 non

75 1206 124 1240 sic
147 1216 183 1238 se
209 1203 315 1238 habet
338 1204 491 1244 donum,
527 1202 616 1235 sicut
643 1209 845 1246 peccatum,
880 1202 975 1247 quod
1001 1212 1063 1244 per

75 1268 188 1290 unum
213 1260 412 1300 peccantem
437 1253 594 1298 perdidit
619 1250 794 1288 homines.
854 1251 957 1285 Hanc
980 1263 1061 1284 sen-

76 1307 222 1341 tentiam
248 1304 522 1349 prudentissime
544 1310 577 1337 et
604 1303 800 1336 necessario
825 1303 951 1336 adiecit
967 1301 1060 1335 Pau—

76 1359 148 1395 lus,
190 1363 229 1390 ut
253 1356 415 1389 ostendat
442 1353 770 1388 dissimilitudinem
800 1353 898 1396 regni
929 1352 1060 1397 peccati

76 1414 108 1441 et
126 1407 223 1450 regni
240 1406 390 1450 gratiae,
417 1416 456 1438 ac
477 1405 579 1438 docet
596 1402 687 1438 hanc
705 1415 778 1437 esse
798 1404 1060 1437 dissimilitudi-

75 1469 174 1499 nem,
200 1458 294 1502 quod
312 1456 422 1500 gratia
439 1455 486 1489 sit
502 1455 646 1489 uberior
663 1462 694 1488 et
712 1455 890 1499 potentior
907 1461 1058 1499 peccatO.

74 1507 176 1543 Hanc
199 1507 526 1542 dissimilitudinem
552 1517 690 1539 necesse
721 1513 771 1539 est
796 1506 961 1550 proponi.
1021 1505 1060 1539 Si

75 1560 170 1594 enim
190 1571 307 1603 parem
333 1556 503 1591 haberent
521 1557 713 1601 potentiam
730 1564 909 1601 peccatum
932 1563 965 1590 et
980 1568 1058 1600 gra-

76 1611 141 1651 tia,
176 1610 354 1655 quomodo
389 1609 624 1648 salvaremur,
659 1608 687 1641 si
720 1615 899 1651 peccatum
930 1608 1061 1652 pariter

77 1659 283 1694 damnaret?
336 1658 455 1702 Quare
479 1658 692 1692 conscientia
717 1658 800 1692 sciat
825 1658 972 1701 gratiam
996 1670 1059 1702 po-

78 1711 265 1746 tentiorem
289 1720 372 1744 esse.
435 1708 614 1748 Primum,
657 1708 739 1754 quia
771 1709 891 1742 abolet
919 1715 1057 1753 peccata

78 1761 283 1802 remissione
307 1766 548 1804 peccatorum,
582 1766 615 1793 et
635 1759 868 1803 imputatione
891 1759 1059 1800 iusticiae,

79 1825 146 1858 qua
163 1811 396 1855 imputatione
422 1822 543 1843 sumus
567 1811 717 1853 accepti,
745 1822 948 1855 quanquam
975 1808 1058 1843 hae-

78 1870 152 1897 reat
176 1863 210 1895 in
230 1861 332 1895 nobis
358 1867 536 1905 peccatum
557 1868 591 1894 et
613 1861 810 1897 infirmitas.
862 1860 1001 1894 Deinde
1027 1869 1059 1896 et

77 1914 201 1948 effectu
219 1912 396 1957 potentior
412 1918 478 1953 est3
508 1911 589 1956 quia
607 1912 735 1946 resistit
759 1919 898 1956 peccato
924 1919 957 1947 et
982 1912 1059 1946 dia-

75 1964 176 2003 bolo,
205 1971 239 1998 et
252 1963 353 1997 affert
370 1975 498 1996 novam
519 1969 552 1996 et
577 1969 756 1996 aeternam
773 1963 893 1997 vitam.

178 2031 230 2066 Ac
254 2032 439 2076 diligenter
462 2030 685 2065 considerent
710 2032 758 2076 pii
782 2029 873 2065 hanc
896 2031 1057 2065 eminen-

78 2084 162 2118 tiam
188 2083 337 2127 grafiae,
373 2089 411 2116 ut
440 2090 622 2125 opponant
649 2083 888 2127 magnitudini
916 2083 1058 2128 peccati,

80 2142 112 2169 et
138 2140 319 2178 opponant
347 2132 520 2176 praesenti
546 2133 753 2167 infirmitati.
806 2134 952 2168 Nullum
978 2146 1056 2178 pec—

79 2192 193 2219 catum
211 2184 405 2229 quamlibet
423 2194 589 2226 magnum
607 2185 771 2218 anteferri
796 2186 898 2219 debet
915 2186 1056 2229 gratiae.

80 2235 186 2277 Item,
214 2246 415 2280 quanquam
435 2233 556 2268 Sancti
573 2232 688 2268 adhuc
711 2243 793 2270 sunt
816 2236 969 2277 infirmi,
1005 2244 1057 2270 ta-

79 2299 159 2320 men
183 2287 293 2320 sciant
323 2285 469 2328 gratiam
495 2285 695 2319 uberiorem
724 2297 815 2328 esse,
849 2299 956 2333 quare
980 2288 1057 2333 pla-

82 2345 157 2372 cent
173 2344 315 2382 propter
335 2334 532 2372 Christum.

181 2404 264 2438 Ideo
295 2404 426 2438 Paulus
460 2410 641 2447 exaggerat
672 2401 765 2437 hanc
795 2403 1057 2439 dissimilitudi-

82 2467 186 2499 nem,
213 2462 246 2489 et
269 2455 382 2489 addit:
418 2453 595 2488 Iudicium
623 2467 664 2488 ex
686 2467 758 2488 uno
783 2454 819 2488 iu
844 2456 1057 2489 condemna-

81 2507 232 2547 tionem,
271 2507 308 2538 id
345 2512 414 2547 est,
456 2517 569 2539 unum
602 2513 780 2550 peccatum
814 2503 912 2539 Adae
942 2507 1059 2541 attulit

83 2558 408 2591 condemnationem
433 2557 620 2591 universae
644 2557 848 2600 posteritati.
907 2555 956 2591 At
979 2569 1058 2602 gra-

82 2609 130 2642 tia
154 2607 271 2641 abolet
300 2608 409 2641 multa
439 2615 595 2651 peccata,
635 2608 672 2641 id
702 2616 771 2650 est,
807 2607 993 2652 originalia
1025 2615 1059 2644 et

82 2658 252 2702 actualia,
280 2658 433 2693 radicem
450 2665 482 2694 et
501 2659 635 2695 fructus
650 2665 715 2696 etc.

423 86 461 122 2.
489 80 852 122 COMMENTARII
879 81 930 119 IN
956 80 1113 118 EPIST.
1140 78 1292 118 PAULI
1317 79 1386 117 AD
1412 79 1673 121 ROMANOS.
1735 85 1839 123 CAP.
1868 88 1909 123 V.

1079 2364 1088 2674 ἱ

1081 2677 1086 2692 l

2031 92 2105 128 630

1170 165 1216 201 Si
1237 167 1331 201 enim
1358 166 1469 203 unius
1494 166 1624 203 delicto
1647 183 1745 208 mors
1773 174 1958 221 regnavit,
1991 187 2056 224 per

1512 232 1624 255 unum
1651 228 1713 261 etc.

1220 294 1267 329 Ut
1290 301 1389 329 antea
1413 303 1591 340 peccatum
1619 306 1650 334 et
1675 301 1821 344 gratiam
1850 303 2019 347 contulit,
2054 305 2103 339 ita

1117 357 1212 378 nunc
1251 345 1392 380 effectus
1426 348 1582 391 confert,
1619 359 1769 385 mortem
1794 360 1827 387 et
1850 355 1971 391 vitam.
2032 355 2102 390 Sed

1117 394 1291 440 emphasis
1315 397 1417 430 estin
1436 399 1544 431 verbo
1571 403 1741 443 regnavit.
1792 403 1893 438 Mors
1917 413 2034 440 manet
2061 407 2102 440 in

1116 446 1358 485 sanctificatis,
1382 449 1440 481 sed
1460 460 1532 482 non
1550 457 1672 493 regnat
1698 453 1735 486 in
1760 453 1826 493 eis,
1855 455 1891 489 id
1915 463 1985 496 est,
2021 469 2103 491 san-

1116 497 1256 531 ctificati
1287 497 1434 532 vincunt
1461 499 1529 533 fide
1558 507 1709 536 terrores
1746 506 1878 547 peccati
1913 514 1945 540 et
1965 509 2102 543 mortis.

1118 548 1226 590 Item,
1262 548 1461 583 liberantur
1482 551 1527 584 ab
1551 559 1692 586 aeterna
1718 562 1845 591 morte.
1896 556 2004 599 Item,
2039 557 2103 594 ha-

1115 600 1199 633 bent
1236 600 1516 634 consolationem
1553 603 1590 635 in
1629 604 1887 640 calamitatibus
1926 605 2102 644 humanis.

1115 650 1203 684 Nam
1221 651 1456 695 appellatione
1475 653 1598 686 mortis
1622 655 1726 688 etiam
1744 663 1898 691 caeterae
1921 658 2103 694 calamita-

1115 708 1164 735 tes
1182 699 1328 734 humani
1347 703 1484 745 generis
1508 703 1657 748 intelligi
1675 706 1816 741 debent.
1867 707 1950 742 Ideo
1976 710 2104 746 diserte

1115 750 1174 785 hic
1197 753 1264 791 ait,
1299 753 1400 787 Mors
1426 756 1604 797 regnavit,
1643 756 1678 788 id
1705 765 1774 799 est,
1811 757 1916 803 Impii
1943 771 2105 795 succum-

1114 804 1204 837 hunt
1221 804 1419 838 terroribus
1437 806 1567 849 peccati
1586 813 1618 840 et
1635 808 1778 848 mortis,
1807 821 1879 843 non
1908 810 2105 848 liberantur

1115 866 1133 887 a
1165 861 1279 888 morte
1310 862 1471 896 aeterna,
1505 869 1577 891 non
1610 856 1742 892 habent
1765 861 2043 896 consolationem
2068 865 2105 897 in

1115 906 1252 948 magnis
1274 906 1545 951 afflictionibus,
1569 908 1660 943 sicut
1690 909 1796 950 Saul,
1827 910 1938 952 Cato,
1966 915 2104 949 consci-

1114 963 1216 991 scunt
1233 957 1300 990 sibi
1319 965 1482 994 mortem.

1217 1022 1281 1058 Est
1310 1031 1343 1058 et
1382 1024 1559 1071 emphasis
1592 1028 1869 1072 consideranda,
1913 1034 2009 1077 quod
2040 1034 2103 1069 ait:

1116 1074 1260 1127 Quanto
1279 1077 1388 1120 magis
1405 1078 1612 1122 accipientes
1633 1080 1873 1115 excellentiam
1892 1083 2023 1126 gratiae
2041 1092 2105 1121 etc.

1115 1125 1224 1169 Urget
1250 1127 1344 1161 enim
1370 1129 1716 1171 dissimilitudinem,
1753 1132 1795 1164 de
1829 1145 1896 1177 qua
1919 1145 2024 1178 supra
2051 1137 2106 1169 di-

1114 1184 1209 1210 ctum
1247 1185 1315 1212 est:
1366 1178 1527 1212 Gratiam
1563 1181 1815 1225 potentiorem¹
1838 1195 1911 1217 esse
1951 1193 2103 1230 peccato,

1114 1225 1181 1261 hoc
1205 1236 1376 1273 quantum
1396 1231 1523 1264 referat
1547 1230 1718 1265 inculcari
1742 1244 1847 1278 supra
1864 1236 2047 1274 admonui.

1215 1294 1354 1329 Deinde
1377 1297 1536 1341 sequitur
1552 1299 1715 1342 repetitio
1734 1301 1953 1345 collationis,
1981 1305 2018 1338 in
2037 1318 2105 1352 qua

1113 1347 1312 1389 superiores
1336 1349 1530 1382 sententiae
1557 1351 1812 1394 propemodum
1839 1353 1963 1388 iisdem
1989 1358 2106 1391 verbis

1114 1396 1348 1433 inculcantur.
1405 1398 1472 1433 [Ibi
1498 1400 1652 1443 primum
1681 1399 1748 1435 hoc
1766 1412 2012 1447 argumentum
2039 1409 2105 1443 ob-

1113 1449 1326 1481 servandum
1353 1456 1401 1482 est
1427 1451 1469 1483 de
1498 1459 1638 1495 peccato
1667 1453 1825 1495 originis.
1888 1455 1981 1499 Quia
2007 1459 2104 1494 enim

1113 1499 1205 1532 clare
1243 1500 1347 1541 dicit,
1385 1499 1498 1534 Unius
1532 1510 1669 1544 peccato
1702 1516 1824 1539 omnes
1847 1509 2103 1545 condemnatos

1113 1561 1204 1590 esse,
1230 1549 1377 1583 Necesse
1401 1559 1450 1585 cst
1474 1552 1560 1586 alios
1586 1565 1664 1587 reos
1689 1562 1718 1588 et
1743 1557 2102 1600 condemnatos'esse‚

1113 1612 1187 1633 non
1205 1607 1342 1634 tantum
1362 1610 1506 1646 propter
1523 1604 1704 1647 proprium
1722 1606 1909 1647 delictum,
1937 1612 1996 1643 sed
2016 1612 2102 1646 alie-

1114 1663 1217 1708 num,
1234 1652 1375 1709 ‘scilicet
1398 1652 1507 1690 Adae.
1560 1652 1624 1688 Est
1649 1667 1732 1700 ergo
1757 1657 1901 1703 aliquod
1919 1669 2100 1705 peccatum

1112 1713 1274 1745 originis·

1215 1768 1320 1812 Quod
1348 1770 1482 1816 inquit,
1508 1771 1682 1806 iusticiam
1709 1776 1896 1818 pervenire
1914 1779 1955 1811 ad
1977 1792 2100 1815 omnes

1112 1817 1293 1861 homines,
1320 1829 1464 1866 propter
1489 1824 1593 1857 unius
1611 1824 1805 1865 iusticiam,
1834 1828 1876 1861 de
1894 1832 2100 1872 promissio-

1111 1883 1156 1903 ne
1181 1882 1240 1904 seu
1263 1873 1305 1905 de
1329 1874 1435 1906 verbo
1459 1874 1696 1917 intelligatur,
1732 1878 1826 1921 quod
1853 1879 1955 1914 offert
1981 1884 2099 1916 omni-

1111 1922 1177 1955 bus
1210 1923 1456 1959 universaliter
1486 1926 1654 1969 gratiam,
1701 1928 1838 1963 etiamsi
1871 1942 1943 1964 non
1974 1945 2097 1968 omnes

1111 1981 1302 2017 accipiunt.

1212 2040 1293 2075 Non
1321 2054 1445 2076 omnes
1469 2043 1670 2087 salvantur,
1697 2045 1790 2091 Ergo
1813 2059 1886 2082 non
1909 2049 1947 2082 in
1973 2063 2096 2087 omnes

1112 2091 1209 2126 venit
1240 2093 1366 2136 gratia.
1439 2093 1670 2140 Respondent
1714 2097 1971 2134 Promissiones
2012 2112 2095 2139 sunt

1110 2143 1337 2177 universales.
1400 2144 1506 2188 Quod
1543 2147 1669 2182 attinet
1698 2149 1741 2181 ad
1776 2151 1993 2184 voluntatem
2014 2152 2094 2195 Dei,

1110 2195 1187 2227 vult
1211 2207 1335 2228 omnes
1357 2193 1520 2230 homines
1552 2198 1666 2232 salvos
1697 2199 1782 2234 fieri.
1842 2199 1995 2248 Reliqua
2019 2217 2093 2238 non

1110 2245 1280 2278 debemus
1304 2246 1503 2292 inquirere,
1536 2255 1686 2293 utraque
1712 2250 1943 2294 praedicatio,
1970 2256 2094 2298 poeni-

1110 2296 1238 2330 tentiae
1256 2303 1288 2331 et
1305 2298 1454 2341 gratiae,
1485 2305 1535 2333 est
1551 2299 1771 2336 universalis,

1475 2393 1567 2433 Quid
1587 2397 1701 2433 gratia
1710 2390 1730 2425 ?

1215 2454 1338 2489 Gratia
1358 2462 1407 2490 est
1423 2455 1582 2489 remissio
1601 2462 1823 2500 peccatorum
1847 2465 1882 2493 et
1904 2460 2091 2506 imputatio

1111 2506 1287 2547 iusticiae,
1318 2518 1379 2539 seu
1409 2506 1622 2551 acceptatio,
1655 2520 1743 2552 quae
1774 2509 1811 2544 fit
1840 2522 1859 2544 a
1885 2509 1960 2546 Deo
1985 2516 2091 2558 gratis

1111 2565 1255 2602 propter
1286 2555 1481 2591 Christum.
1546 2555 1595 2592 Et
1631 2570 1709 2592 cum
1750 2557 1815 2594 hac
1853 2566 2091 2607 acceptatione

1112 2609 1299 2642 coniuncta
1335 2615 1386 2643 est
1419 2607 1566 2642 donatio
1599 2608 1755 2655 Spiritus
1782 2613 1893 2647 sancti
1930 2621 1962 2649 et
1998 2616 2090 2651 vitae

1111 2667 1285 2695 aeternae.

1519 2708 1604 2745 40*
