2415 2942
285 103 358 140 999

298 197 369 230 est,
397 197 499 233 quem
528 190 618 217 recte
643 180 793 222 intelligi
819 185 973 222 oportet,
1012 178 1105 212 iuxta
1135 191 1277 212 enarra-

300 242 412 275 tiones
436 236 580 271 traditas
604 235 640 266 in
667 231 881 277 propheticis
907 237 939 263 et
965 230 1167 274 apostolicis
1192 231 1279 263 scri-

300 292 379 335 ptis.
433 287 522 320 Nam
544 296 647 328 opera
674 296 747 316 non
771 282 935 314 mandata
957 293 975 314 a
993 279 1067 314 Deo
1104 293 1177 314 non
1201 288 1282 315 sunt

303 341 416 374 cultus
440 337 526 377 Dei,
568 336 662 368 iuxta
697 335 853 367 dictum:
894 331 1039 366 Frustra
1070 332 1191 366 colunt
1227 344 1283 365 me

303 389 476 424 mandatis
506 386 703 420 hominum.

405 439 466 471 list
487 439 591 480 igitur
609 437 722 469 cultus
740 434 802 468 Dei
830 445 917 477 opus
935 446 951 466 a
967 432 1041 466 Deo
1065 434 1285 473 mandatum,

887 90 1011 127 PHlL.
1039 91 1156 129 MEL.
1182 90 1391 129 SCRwTA
1419 89 1718 127 EXEGETICA.

1302 183 1308 266 1

2219 90 2314 126 1000

1431 178 1570 213 Tertio:
1607 177 1654 212 Et
1679 185 1796 211 tamen
1822 179 1925 212 simul
1945 179 2093 212 sciamus
2111 176 2224 211 Deum
2251 188 2314 219 po-

1333 230 1461 263 stulare
1486 231 1659 262 incoatam
1684 230 1939 270 obedientiam,
1966 237 1998 263 et
2022 230 2058 262 in
2084 228 2213 262 renatis
2238 238 2312 259 eam

1334 282 1470 325 placere
1487 280 1560 314 Deo
1584 281 1650 313 fide
1675 287 1817 324 propter
1834 278 2032 319 Christum,
2057 280 2116 325 qni
2140 286 2172 312 et
2192 277 2311 322 propi-

1335 333 1444 365 ciator
1463 339 1531 372 est,
1561 331 1709 363 offerens
1735 342 1831 363 suam
1850 331 2086 363 obedientiam
2115 343 2175 374 pro
2196 329 2313 362 nobis:

1337 390 1369 416 et
1388 395 1481 415 nunc
1506 394 1641 425 semper
1660 382 1858 424 interpellat
1883 394 1944 424 pro
1969 382 2089 420 nobis,
2123 391 2153 413 et
2178 387 2315 413 nostros

1337 434 1485 476 gemitus
1513 434 1554 465 ad
1581 440 1758 465 aeternum
1787 439 1918 474 patrem
1951 433 2088 475 perfert.
2144 432 2225 464 ldeo
2250 428 2316 462 Pe-

304 492 433 524 factum
454 490 489 521 in
514 488 691 531 agnitione
712 485 913 517 mediatoris
931 491 964 517 et
983 497 1062 517 vera
1081 485 1168 524 fide,
1196 484 1287 516 rela-
1311 471 1315 541 1
1339 492 1414 517 trus
1437 484 1566 528 inquit:
1611 482 1749 515 Offertt·
1771 481 1900 516 hostias
1932 483 2130 526 spirituales
2163 486 2320 524 acceptas

305 550 378 576 tum
404 541 446 573 ad
477 538 570 572 1111110
596 539 719 575 linem,
764 543 800 568 nt
833 535 907 568 Deo
937 542 1131 578 praestetur
1156 533 1288 574 bonos,

306 592 485 630 videlicet,
513 590 628 621 debita
655 587 873 623 obedientia,
903 594 934 619 et
961 593 998 618 ut
1027 584 1089 618 bac
1113 586 1183 628 ipsa
1204 586 1287 618 obe-
1314 600 1315 604 ¹

308 643 439 676 dientia
460 648 627 673 testemur
644 649 708 671 1105
726 637 854 669 sentire
871 634 963 668 1111110
983 648 1063 668 vere
1082 648 1153 668 esse
1163 635 1289 675 Deum,

308 743 494 789 praecepit.

362 794 522 828 Secunda
562 790 742 836 quaestio:
787 788 977 830 Quomodo
1015 788 1087 820 fiori
1122 787 1292 831 possunt?

310 844 510 889 Responsio
531 856 536 874 :
574 841 804 874 praelucente
828 839 1007 881 agnitione
1023 846 1056 872 et
1073 838 1200 872 fiducia
1220 850 1292 870 me-

312 895 476 934 diatoris,
504 899 536 926 et
560 892 757 924 vivificante
781 902 845 922 nos
874 890 1066 922 mediatore
1096 901 1155 933 per
1173 888 1291 922 Evan-

312 946 460 989 gelium,
494 952 526 977 et
551 943 754 975 effundente
777 941 812 972 111
840 952 904 972 1105
929 940 1099 982 Spiritum
1125 947 1295 980 sanctum,

314 997 396 1041 qnia
423 995 564 1027 dilectio
582 992 646 1026 Dei
674 999 706 1025 et
733 992 861 1024 laetitia
880 992 915 1023 in
934 989 1008 1023 Deo
1027 991 1122 1023 nulla
1142 1002 1214 1023 esse
1231 1003 1295 1034 po-

316 1106 349 1131 et
369 1095 607 1130 reconciliatio
627 1101 770 1138 propter
788 1094 1029 1127 mediatorem.
1072 1093 1110 1124 ln
1130 1090 1193 1124 11110
1212 1104 1297 1125 0011-

319 1149 490 1182 somnone
515 1148 682 1179 d¹v¹n¹t³⁵
707 1142 839 1177 lessat
863 1156 899 1176 ¹¹¹
924 1145 1047 1184 corde’
1078 1155 1159 1188 (111ιῆ
1186 1150 1298 1176 aeter'
1324 1165 1326 1184 ³
1351 1167 1467 1194 tamen
1487 1160 1670 1193 manifeste
1688 1161 1886 1193 refutantur
1903 1161 2005 1194 dictis
2020 1158 2152 1193 Christi
2172 1166 2203 1192 et
2214 1157 2331 1191 Pauli:

317 1211 384 1233 nus
402 1206 498 1243 pater
520 1209 582 1241 per
602 1196 712 1229 filium
730 1195 970 1228 consolantem
995 1207 1078 1227 voce.
1100 1192 1298 1236 Evangelii,

319 1263 399 1283 vere
427 1257 476 1283 est
503 1249 550 1281 ibi
576 1247 714 1280 efficax:
744 1252 776 1278 et
800 1246 903 1278 datur
921 1258 937 1277 a
957 1252 1052 1287 patre
1076 1252 1108 1277 et
1126 1245 1197 1277 filio
1218 1244 1299 1288 Spi-

321 1302 410 1334 ritus
433 1307 590 1338 sanctus‚
624 1298 817 1330 accendens
847 1296 1014 1328 laetitiam
1041 1303 1072 1328 et
1107 1296 1300 1328 invocatio-
1327 1320 1329 1345 Ξ
1356 1325 1453 1353 rum,
1481 1324 1553 1344 non
1572 1312 1748 1345 intrabitis
1770 1313 1804 1344 in
1824 1324 1970 1355 regnum
1991 1313 2180 1346 coelorum.

320 1364 421 1388 nem,
450 1351 543 1383 iuxta
569 1349 676 1381 dicta:
711 1345 903 1379 Effundam
929 1347 1090 1388 spiritum
1117 1346 1246 1387 gratiae
1270 1353 1303 1379 et

321 1413 474 1446 precum.

323 1453 415 1496 apud
440 1463 519 1484 eum
543 1450 720 1482 faciemus.
778 1447 880 1487 Item,
915 1449 949 1481 2.
969 1445 1130 1479 Corinth.
1149 1446 1200 1481 3.:

325 1605 439 1646 imago
464 1601 595 1636 aeterni
613 1600 738 1644 patris,
773 1606 805 1631 et
830 1600 865 1630 in
891 1598 1131 1630 consolatione
1155 1598 1308 1630 ostendit

326 1654 559 1699 praesentiam
583 1659 614 1684 et
639 1651 833 1683 bonitatem
860 1648 944 1689 Dei,
980 1649 1155 1681 efficimur
1177 1649 1308 1681 similes
1334 1666 1335 1671 =

327 1706 402 1739 eius
434 1703 614 1747 imagini5‚
656 1702 791 1744 Spiritu
817 1707 935 1732 sancto
961 1701 1171 1732 accendente
1190 1701 1309 1731 corda.

328 1755 379 1789 Ita
399 1763 482 1788 tunc
506 1755 597 1787 filius
622 1760 671 1785 est
688 1751 881 1788 Emanuel,
910 1763 970 1794 per
994 1763 1072 1783 eum
1091 1752 1186 1784 adest
1207 1751 1310 1782 nobis

328 1806 518 1846 divinitas,
553 1804 722 1843 viviticat,
761 1802 925 1845 protegit,
968 1802 1159 1844 gubernat,
1202 1807 1311 1844 gestat

329 1870 414 1898 nos,
449 1857 535 1899 regit
561 1855 706 1888 consilia
732 1861 763 1886 et
788 1860 948 1892 eventus,
983 1852 1070 1885 sicut
1095 1853 1197 1885 dicit:
1235 1851 1310 1893 Ego

328 1921 405 1942 sum
432 1908 530 1948 vitis,
565 1918 626 1939 vos
652 1905 829 1949 palmites,
866 1905 941 1936 sine
967 1915 1021 1935 me
1053 1901 1143 1935 1111111
1168 1903 1312 1947 potestis

329 1961 452 1994 facere.

381 2009 501 2042 Tertia
534 2006 707 2051 quaestio:
750 2005 939 2048 Quomodo
968 2006 1078 2049 placet
1107 2017 1196 2038 nova
1229 2006 1314 2038 obe-

332 2060 486 2093 dientia?
538 2057 753 2100 Responsio:
794 2057 910 2090 Placet
942 2057 1008 2089 fide
1036 2064 1178 2100 propter
1200 2056 1312 2090 filium

333 2110 410 2145 Dei.
463 2109 558 2143 Haec
576 2109 679 2141 verba
700 2108 916 2140 declaramus
932 2104 998 2140 1100
1017 2109 1131 2141 modo,

434 2161 594 2194 Primum
620 2160 832 2191 credendum
853 2165 921 2195 est,
951 2157 1138 2190 Personam
1158 2157 1315 2190 reconci-

335 2213 453 2246 liatam
480 2218 511 2244 et
538 2211 661 2243 iustam
687 2220 775 2249 esse,
803 2210 836 2241 id
855 2215 920 2248 est,
947 2215 1121 2252 acceptam
1139 2207 1213 2241 Deo
1236 2220 1314 2251 gra-

336 2265 378 2296 tis
398 2270 539 2307 propter
555 2259 735 2294 Christum
753 2261 824 2293 sola
843 2260 927 2298 fide,
956 2271 1023 2303 qua
1041 2257 1316 2303 apprehenditur

336 2314 521 2356 imputatio
556 2312 735 2350 iustitiae,
790 2312 832 2343 de
863 2322 930 2354 qua
966 2310 1114 2344 dicitur:
1156 2309 1314 2343 Credidit

338 2362 515 2398 Abraham
536 2362 624 2403 Deo,
652 2369 684 2395 et
700 2362 909 2405 imputatum
928 2367 976 2393 est
995 2361 1023 2392 ei
1043 2363 1083 2393 ad
1105 2361 1287 2394 iusticiam.

441 2414 618 2448 Secundo:
649 2412 889 2454 Agnoscamus
909 2418 941 2444 et
960 2424 1038 2444 vere
1055 2412 1234 2444 doleamus
1253 2423 1316 2444 nos

339 2462 454 2498 adhuc
480 2465 627 2497 multum
653 2464 809 2496 sordium
830 2460 975 2501 habere,
1003 2469 1034 2495 et
1052 2463 1173 2505 procul
1199 2465 1316 2496 abesse

338 2529 356 2548 a
382 2516 592 2559 perfectione
614 2515 717 2556 legis,
752 2514 845 2546 iuxta
873 2514 981 2546 dicta:
1012 2512 1090 2545 Non
1115 2513 1316 2546 iustificabi-

338 2566 449 2598 turin
474 2572 661 2608 conspectu
685 2571 743 2597 tuo
771 2565 884 2596 omnis
912 2563 1043 2597 vivens.
1099 2563 1207 2598 Item:
1236 2564 1315 2596 Non

338 2618 373 2648 in
400 2617 535 2649 iusticia
563 2622 700 2654 nostra,
744 2617 802 2646 sed
834 2627 893 2656 per
917 2615 1195 2648 miserico-rdiam
1223 2622 1315 2649 tuam

337 2668 460 2701 exaudi
483 2678 545 2700 nos
568 2673 711 2711 propter
735 2664 940 2699 Dominum.

1340 534 1414 567 Deo
1433 542 1573 578 propter
1589 532 1767 567 Cbristuru
1780 561 1788 573 ,
1816 534 1965 574 scilicet,
1987 541 2018 566 et
2037 533 2319 577 propiciatorem,

1342 593 1375 619 et
1402 597 1496 618 nunc
1523 597 1584 628 pro
1618 585 1719 617 nobis
1744 585 2025 627 interpellantem
2042 611 2050 624 ,
2093 584 2182 617 sicut
2212 581 2318 615 dixit:

1316 676 1317 684 ¹
1343 634 1419 669 Oro
1432 663 1440 676 ,
1462 643 1499 670 ut
1516 636 1657 668 dilectio
1675 642 1732 668 tua
1745 663 1753 675 ,
1780 648 1846 679 qua
1865 647 1918 667 me
1935 635 2070 677 diligis,
2097 635 2141 668 sit
2156 634 2192 666 in
2209 633 2269 667 eis.

308 705 412 739 quem
442 693 665 730 invocamus,
703 689 815 732 etqui
844 685 906 719 hac
930 687 1129 720 obedientia
1159 686 1225 719 coli
1255 698 1290 719 se
1316 702 1317 733 3

1316 738 1317 760 1
1343 746 1387 779 da
1406 753 1485 779 sunt
1505 747 1595 778 bona
1614 745 1742 789 opera'.2

529 1399 633 1433 Item:
660 1397 853 1430 Veniemus
873 1397 913 1428 ad
937 1408 1013 1429 eum
1033 1403 1067 1429 et
1085 1397 1302 1427 mansionem
1329 1405 1331 1436 '3

1244 1445 1304 1478 In-
1329 1438 1331 1452 ⁵

323 1510 460 1536 tuentes
484 1501 628 1543 gloriam
645 1498 808 1537 Domini,
839 1498 1131 1530 transformamur
1154 1498 1195 1529 ad
1222 1508 1305 1528 ean-
1331 1521 1333 1524 v

325 1555 403 1586 dem
431 1552 637 1594 imaginem,
668 1550 699 1581 id
722 1556 789 1587 est,
822 1549 997 1581 intuentes
1018 1544 1150 1594 λόγον,
1179 1547 1238 1591 qui
1257 1553 1307 1579 est
1331 1543 1333 1568 ⁴]

1338 2642 1343 2708 l

315 1054 397 1085 test,
437 1046 503 1079 nisi
530 1045 627 1088 prius
651 1044 717 1076 fide
742 1039 960 1085 apprehensa
985 1042 1030 1075 sit
1054 1042 1295 1074 misericordia
1322 1036 1324 1060 ³*
1348 1015 1401 1041 tas
1434 1008 1557 1042 debm‘

1394 696 1527 737 Quarta
1557 695 1729 739 quaestio:
1766 694 1913 738 Propter
1938 706 2024 739 quas
2051 705 2168 727 causas
2192 693 2322 726 facien-

1796 746 2014 788 Responsio:

1445 804 1562 837 Prima
1583 811 1615 837 et
1635 805 1813 848 perspicua
1835 817 1931 837 causa
1951 812 2000 838 cst
2019 804 2193 844 debitum,
2210 803 2243 836 id
2263 810 2327 841 est,

1346 854 1447 889 Ordo
1467 863 1626 888 aeternus
1644 862 1675 888 et
1699 856 1864 888 immotus
1887 857 1920 887 in
1956 863 2070 888 mente
2104 855 2246 892 divina,
2286 859 2326 886 ut

1347 914 1504 939 creatura
1531 906 1711 938 rationalis
1730 905 1803 937 Deo
1830 907 1989 945 obediat,
2019 904 2074 939 1110
2094 907 2180 938 01·(1(1
2199 905 2326 937 dicitur

1349 957 1516 990 Debitum
1529 981 1537 994 ‚
1566 956 1672 990 Rom.
1689 956 1738 991 8.:
1767 955 1953 990 Debitores
1970 969 2108 998 sumus,
2129 963 2161 989 et
2178 955 2327 988 necessi-

1633 1005 1709 1040 Etsi
1741 1014 1856 1040 autem
1890 1008 2045 1041 furenter
2075 1006 2261 1041 Antinomi
2297 1012 2328 1038 et

1352 1059 1454 1092 multi
1478 1058 1621 1091 fanatici
1644 1055 1804 1091 homines
1830 1059 2067 1091 vociferantur
2093 1064 2214 1091 contra
2239 1054 2330 1089 hane

1351 1109 1590 1142 necessitatem
1613 1115 1646 1142 et
1670 1121 1890 1141 communem
1915 1109 2187 1153 appellationem
2213 1106 2333 1145 debiti,

1354 1210 1459 1253 Quod
1479 1211 1666 1244 debuimus
1683 1211 1841 1246 fecimus.
1895 1210 2000 1244 Item:
2028 1209 2104 1244 Nisi
2121 1209 2256 1243 iusticia
2273 1220 2333 1240 ve-
2368 1224 2371 1225 ⁷

1354 1269 1422 1295 stra
1447 1261 1623 1294 antecellit
1655 1262 1811 1294 iusticiae
1836 1259 2106 1295 Pharisaeorum
2134 1268 2166 1294 et
2193 1259 2333 1293 Scriba-

1456 1380 1617 1413 Secunda
1642 1379 1853 1419 Necessitas,
1892 1392 1980 1424 quae
2005 1387 2054 1413 est
2079 1379 2226 1412 formale
2251 1390 2336 1411 con-

1356 1430 1527 1462 versionis
1558 1436 1590 1462 et
1618 1430 1903 1471 regenerationis.
1955 1430 2043 1463 Nam
2074 1430 2110 1463 in
2137 1431 2334 1462 iuramento

1357 1481 1554 1523 copulativa
1582 1481 1694 1512 oratio
1719 1488 1783 1513 est:
1826 1480 1915 1512 v={ivo
1939 1492 2018 1521 ego,
2051 1480 2134 1513 dicit
2151 1478 2339 1519 Dominus,

1358 1531 1442 1563 nolo
1470 1537 1618 1562 mortem
1650 1530 1859 1573 peccatoris,
1903 1532 1961 1563 sed
1991 1537 2030 1564 ut
2058 1537 2283 1563 convertatur
2307 1537 2340 1563 et

1361 1582 1467 1614 vivat.
1520 1579 1714 1613 Conversio
1740 1581 1932 1613 necessaria
1960 1588 2027 1619 est,
2056 1593 2144 1625 quae
2169 1593 2248 1613 cum
2266 1592 2340 1613 non

1361 1632 1415 1669 fit,
1443 1643 1515 1664 non
1542 1631 1738 1663 vivificatur
1762 1628 1869 1663 homo
1893 1632 1959 1664 fide
1983 1643 2042 1674 per
2062 1631 2235 1674 Spiritum
2260 1642 2339 1664 san-

1362 1689 1469 1716 ctum.
1524 1681 1618 1723 Quia
1652 1682 1873 1714 manifestum
1906 1688 1955 1715 est
1980 1681 2151 1726 Spiritum
2183 1688 2342 1715 sanctum

1363 1745 1435 1766 non
1467 1744 1537 1765 esse
1561 1733 1597 1764 in
1624 1729 1698 1773 his,
1741 1733 1802 1777 qui
1828 1740 2050 1776 perseverant
2082 1733 2120 1765 in
2153 1733 2342 1767 sceleribus

1364 1790 1485 1818 contra
1512 1783 1781 1824 conscientiam,
1808 1784 1901 1816 iuxta
1924 1784 2074 1817 dictum:
2111 1783 2183 1826 Qui
2209 1784 2344 1818 faciunt

1363 1835 1466 1877 talia,
1490 1846 1635 1877 regnum
1655 1833 1717 1867 Dei
1738 1846 1808 1866 non
1834 1835 2072 1878 possidebunt.
2132 1834 2177 1868 Et
2194 1835 2344 1868 formate

1365 1885 1638 1928 regenerationis
1662 1892 1711 1918 est
1742 1885 1892 1918 incoatio
1920 1898 2031 1918 novae
2056 1892 2088 1919 et
2110 1892 2267 1919 aeternae
2290 1885 2345 1918 vi—

1366 1944 1439 1975 tae,
1476 1948 1563 1981 quae
1587 1943 1637 1968 est
1662 1948 1750 1968 nova
1777 1944 1809 1969 et
1833 1943 1971 1968 aeterna
1996 1936 2074 1976 lux,
2117 1937 2287 1979 sapientia
2312 1943 2345 1969 et

1368 1988 1505 2020 iusticia
1524 1994 1556 2019 et
1573 1986 1754 2019 renovatio
1782 1987 1944 2028 imaginis
1962 1987 2031 2020 Dei
2050 1988 2084 2019 in
2103 1987 2223 2025 nobis,
2256 1999 2345 2032 qnae

1338 2049 1339 2062 ³
1366 2040 1403 2072 fit
1422 2039 1499 2071 Deo
1519 2049 1553 2069 se
1577 2037 1679 2069 nobis
1705 2039 2005 2078 communicante,
2040 2050 2118 2071 cum
2143 2038 2236 2071 filius
2261 2049 2345 2071 voce

1367 2088 1550 2132 Evangelii
1570 2087 1771 2121 consolatur
1789 2090 1914 2129 corda,
1942 2095 1975 2122 et
1992 2089 2142 2123 effundit
2161 2089 2198 2121 in
2216 2101 2253 2123 ea
2264 2088 2346 2133 Spi-

1367 2141 1474 2174 ritum
1503 2145 1672 2173 sanctum.

1470 2206 1611 2246 Tertio,
1650 2205 1842 2239 Necessitas
1879 2207 2082 2241 retinendae
2110 2208 2216 2249 fidei,
2265 2209 2347 2253 quia

1368 2258 1521 2302 Spiritus
1554 2264 1691 2290 sanctus
1722 2258 1948 2291 contristatur
1977 2265 2011 2293 et
2041 2260 2230 2301 excutitur,
2269 2272 2347 2293 cum

1368 2308 1458 2343 fiunt
1491 2309 1617 2341 delicta
1654 2314 1773 2341 contra
1805 2308 2064 2343 conscientiam.
2135 2309 2348 2355 Quanquam

1369 2367 1483 2393 autem
1510 2359 1730 2392 verissimum
1757 2365 1824 2402 est,
1867 2371 1993 2392 novam
2019 2361 2257 2394 obedientiam
2285 2373 2349 2394 ne-

1369 2411 1552 2444 cessariam
1585 2421 1657 2443 esse
1690 2417 1833 2453 propter
1863 2407 1927 2443 has
1951 2422 2048 2444 veras
2077 2423 2216 2452 01105115,
2263 2424 2350 2458 quae

1369 2462 1482 2495 dictae
1503 2467 1581 2494 sunt
1594 2487 1601 2501 ,
1630 2468 1747 2494 tamen
1764 2472 1899 2504 semper
1917 2461 2099 2495 retinenda
2117 2469 2166 2496 est
2184 2460 2267 2496 haec
2284 2475 2349 2497 vox

1370 2511 1489 2545 Pauli:
1520 2512 1672 2560 ,Donum
1707 2510 1772 2544 Dei
1804 2518 1853 2545 est
1879 2512 1949 2545 vita
1981 2520 2121 2546 aeterna
2147 2526 2208 2558 per
2235 2512 2349 2547 Iesum

1370 2561 1570 2603 Christum,
1612 2563 1692 2607 qnia
1720 2564 1810 2595 1101111
1838 2575 1943 2606 opera
1969 2576 2084 2609 neque
2109 2564 2349 2599 remissionem

1369 2621 1608 2656 peccatorum,
1636 2625 1749 2657 neque
1774 2613 2074 2654 iustificationem,
2106 2628 2220 2662 neque
2244 2616 2348 2650 vitam

1368 2671 1543 2698 aeternam
1570 2671 1757 2698 merentur.
