2415 2942
259 101 328 142 ¹55
840 90 968 127 PHlL.
994 89 1111 126 MEL.
1137 86 1346 124 SCRIPTA
1372 85 1674 125 EXEGETICA.
2208 91 2281 131 156

257 187 383 222 'mindi
415 191 492 230 post
515 181 611 218 Adae
642 181 797 224 lapsum,
835 175 1028 210 Ecclesiam
1059 186 1099 208 ex
1129 184 1238 216 regno
1293 174 1445 221 experiri
1467 174 1566 218 prius
1589 173 1734 216 volunt,
1767 179 1801 209 et
1824 182 1942 220 postea
1966 176 2138 212 assentiri
2195 176 2281 212 Ideo

260 238 391 283 peccati
415 243 447 269 Β(
472 234 592 267 morli-‘³
617 231 782 267 educeres
821 234 853 260 et
876 228 912 259 5¹¹
939 227 1075 259 (Ῐθὸθΐῑθ
1102 237 1177 258 eam
1203 225 1240 258 in
1294 233 1439 260 manent
1461 226 1499 258 in
1524 224 1698 266 tenebris,
1726 237 1789 258 nec
1814 225 2017 271 intelligunt
2035 227 2283 271 Evangeliom,

259 288 325 323 hoc
342 286 475 321 mundo
490 281 698 317 mirabiliter
721 284 817 321 regat
840 284 872 310 et
895 284 1024 317 servet,
1059 276 1123 310 etsi
1151 276 1242 309 inte—

259 340 327 372 rim
344 347 467 378 magna
484 331 675 366 multitudo
692 329 826 367 deficit,
852 335 885 362 et
910 327 980 361 ruit
1005 327 1042 360 in
1066 333 1241 360 aeternam

258 391 346 422 iram
373 393 406 419 et
428 391 584 417 aeternas
608 391 749 426 poenaS.
817 377 907 412 Cum
946 378 1053 421 igitur
1082 378 1245 410 videmus

259 435 520 482 potentissimos
536 444 632 475 reges
656 431 752 464 orbis
774 436 968 472 terrarum,
1001 435 1034 462 et
1058 428 1242 461 maximam

261 487 447 522 hominum
487 482 752 517 multitudinem
789 487 1014 514 contemnere
1049 479 1245 512 doctrinam

261 551 324 584 per
343 533 536 580 Prophetas
555 541 586 567 et
605 532 794 576 Apostolos
814 531 990 566 traditam,
1017 536 1049 563 et
1069 530 1244 572 exigiuum

263 595 400 622 coetum
425 597 496 619 esse
521 583 761 628 profitentium
792 594 867 614 eam
893 580 1108 620 doctrinam,
1144 580 1248 612 orba—

262 647 337 673 tum
361 636 563 683 praesidiis,
590 641 623 667 et
647 633 903 667 conflictantem
929 631 1035 663 variis
1059 629 1249 668 aerumnis,

263 691 362 723 illam
385 688 572 729 imaginem
597 684 773 719 Ecclesiae
803 683 840 715 in
865 683 1011 725 deserto·
1036 681 1248 718 intueamur,

265 748 298 774 et
316 751 388 772 non
406 738 606 771 deficiamus
624 747 640 767 a
661 733 754 774 Deo,
781 734 838 766 sed
860 733 1008 765 sciamus
1031 731 1112 763 duci
1130 729 1251 762 Eccle-

265 792 350 824 siam
369 801 462 822 nunc
479 797 619 833 qnoque
644 796 705 829 per
721 785 917 821 desertum,
950 788 981 814 et
1006 782 1072 823 tegi
1100 781 1195 813 nube
1219 786 1251 812 et

265 841 417 874 ssammis
443 838 668 875 coelestibus,
710 841 741 868 et
769 835 887 866 adesse
914 833 1036 864 ducem
1060 828 1253 869 Christum,

267 893 357 926 sicut
379 890 450 922 illis
469 888 591 922 adfuit.
643 885 792 918 Prorsus
817 885 937 916 eadem
965 893 1019 914 res
1044 881 1193 924 geritur,
1221 887 1254 913 et

268 948 406 986 geretur
431 951 542 983 usque
567 937 609 970 ad
633 936 737 968 finem
761 933 906 972 mundi,
949 945 1028 965 cum
1055 933 1092 964 in
1116 938 1253 965 aeterna

267 990 492 1025 tabernacula
524 995 556 1022 et
586 985 878 1021 consuetudinem
905 983 976 1017 Dei
1009 983 1254 1016 introducetur

267 1041 433 1077 Ecclesia.

408 1119 535 1169 IVeque
553 1119 647 1154 enim
657 1119 802 1168 fratres
819 1118 894 1152 eius
914 1114 1118 1152 credebant.

374 1190 521 1225 Initium
553 1188 677 1233 capitis
705 1187 827 1220 recitat
857 1185 1013 1229 pericula
1038 1181 1192 1224 Christi,
1224 1188 1257 1216 et

270 1249 392 1277 narrat
413 1253 491 1274 eum
515 1246 729 1273 contemtum
747 1244 779 1271 et
798 1237 951 1270 derisum
979 1246 1051 1268 esse
1074 1246 1091 1266 a
1110 1234 1181 1267 suis
1198 1245 1257 1266 co-

272 1294 397 1338 gnatis.
451 1291 667 1334 Proponitur
686 1300 766 1329 ergo
784 1288 896 1330 imago
914 1284 1105 1325 Ecclesiae,
1131 1291 1164 1317 et
1178 1296 1254 1316 mo-

273 1355 400 1377 nemur
429 1340 613 1384 Evangelii
651 1339 903 1384 professionem
939 1348 1012 1369 non
1045 1347 1116 1368 esse
1146 1334 1257 1367 relin-

274 1395 469 1440 quendam,
497 1391 630 1424 etiamsi
656 1391 736 1423 odia
762 1399 981 1421 summorum
1008 1393 1041 1419 et
1066 1385 1257 1418 amicorum

275 1444 456 1479 subeunda
477 1443 557 1476 sint.
611 1440 679 1474 Hic
703 1441 799 1472 locus
822 1437 1018 1472 communis
1040 1447 1140 1479 saepe
1162 1447 1196 1468 se
1221 1436 1258 1467 in

274 1504 346 1530 tota
372 1493 517 1527 historia
543 1491 729 1534 Evangelii
753 1489 874 1529 offert,
909 1495 942 1521 et
965 1485 1056 1520 nihil
1074 1484 1177 1519 habet
1195 1487 1258 1519 ob-

275 1545 461 1579 scuritatis,
529 1543 696 1575 Videmus
728 1540 821 1573 enim
853 1538 1058 1584 quotidiana
1091 1537 1259 1580 exempla.

277 1596 360 1630 Ideo
395 1607 465 1627 non
495 1594 628 1635 indiget
661 1593 763 1634 longa
796 1589 1048 1628 declaratione,
1088 1588 1145 1620 sed
1170 1587 1259 1620 illud

275 1645 557 1684 meminerimus,
586 1641 641 1675 his
667 1649 699 1676 et
724 1641 899 1674 similibus
923 1637 1056 1673 Christi
1080 1638 1260 1670 concioni-

276 1699 342 1731 bus
360 1696 605 1729 confirmemus
622 1704 704 1729 nos,
739 1704 782 1724 ne
806 1691 906 1724 fracti
926 1690 1017 1723 odiis
1041 1695 1074 1721 et
1099 1700 1260 1731 persecu-

277 1749 393 1786 tione,
431 1746 631 1779 deficiamus
653 1755 672 1776 a
690 1744 765 1776 Deo
794 1747 827 1774 et
856 1753 874 1774 a
898 1739 1058 1774 doctrina
1088 1738 1261 1772 divinitus

276 1798 416 1833 tradita.

328 1879 470 1928 Siquis
490 1877 564 1913 vult
589 1875 809 1911 volunlatem
828 1872 945 1921 ipsius
955 1872 1102 1921 facere,
1131 1883 1261 1917 cogno-

382 1936 459 1965 scat
479 1928 520 1963 de
544 1927 723 1962 doctrina.

354 1998 423 2032 Hic
440 1997 578 2030 orditur
592 1994 713 2028 utilem
733 1991 952 2029 concionem,
984 2002 1022 2024 ac
1039 1990 1192 2035 primum
1210 1989 1261 2022 af-

279 2050 396 2085 firmat
424 2049 466 2081 de
490 2047 670 2085 doctriua,
704 2044 798 2088 quod
827 2043 871 2076 sit
901 2042 1032 2076 divina.
1085 2040 1167 2073 Mea
1197 2041 1262 2072 do-

281 2101 392 2135 ctrina
409 2111 483 2132 non
500 2107 549 2130 est
566 2108 661 2138 mea,
689 2095 747 2127 sed
765 2094 839 2126 eius
864 2093 924 2137 qui
955 2092 1050 2125 misit
1073 2103 1137 2124 me.
1192 2090 1262 2123 Po-

281 2160 352 2185 stea
368 2152 469 2183 docet
486 2147 662 2192 quomodo
687 2144 818 2188 percipi
846 2141 930 2176 haec
957 2142 1116 2176 doctrina
1142 2141 1263 2185 possit.

281 2201 335 2235 De
364 2199 527 2233 humanis
557 2196 728 2230 doctrinis
757 2194 853 2237 prius
881 2193 1056 2225 cernimus
1081 2192 1263 2236 experien-

282 2253 386 2288 tiam,
415 2258 530 2293 postea
549 2247 774 2284 assentimur,
800 2250 838 2276 ut
858 2244 954 2286 prius
970 2243 1168 2287 experimur
1185 2243 1262 2284 igne

283 2302 340 2334 uri
360 2312 498 2333 manum
512 2327 519 2339 ,
546 2305 662 2342 postea
680 2295 862 2329 statuimus
879 2294 992 2336 ignem
1011 2305 1082 2326 esse
1100 2294 1262 2327 calidum.

283 2351 337 2386 De
355 2362 436 2384 voce
451 2349 632 2392 Evangelii
658 2346 854 2380 contrarius
871 2352 919 2377 est
936 2345 1034 2376 ordo.
1088 2343 1191 2376 Prius
1210 2355 1264 2376 re-

286 2402 394 2447 quirit
411 2400 506 2433 Deus
528 2411 722 2437 assensum,
750 2402 866 2440 postea
891 2394 1047 2438 sequitur
1064 2394 1263 2427 efficacia'et

286 2451 511 2497 experientia.
574 2449 620 2483 L‘t
647 2449 742 2491 prius
767 2446 877 2479 credit
902 2444 1019 2478 Moses
1034 2443 1108 2476 Deo
1128 2444 1263 2476 iubenti

285 2504 400 2546 ipsum
419 2504 564 2533 educere
591 2499 781 2543 populum,
815 2502 933 2540 postea
958 2494 1070 2528 cernit
1095 2495 1262 2527 auxilium

284 2553 371 2593 Dei,
413 2558 446 2584 et
471 2551 666 2583 mirandam
701 2548 952 2580 defensionem.
1018 2544 1132 2576 Valde
1159 2544 1265 2586 igitur

284 2604 428 2648 prodest
452 2599 542 2634 bane
569 2600 722 2642 regulam
747 2597 957 2631 meminisse.
1019 2594 1123 2638 Impii
1147 2605 1264 2637 asper-

285 2660 416 2688 nantur
438 2650 670 2694 Evangelium
694 2647 778 2688 Dei,
819 2647 881 2692 qui
908 2647 981 2680 vim
1016 2652 1050 2679 et
1079 2645 1265 2678 efficaciam

1297 289 1359 311 nec
1377 277 1546 310 beneficia
1566 276 1640 309 eius
1665 276 1865 320 accipiunt,
1892 280 1951 311 sed
1975 280 2174 318 credentes,
2201 279 2284 313 ideo

1297 329 1378 373 quia
1403 328 1470 361 fide
1496 326 1691 370 accipiunt,
1725 334 1758 360 et
1783 338 1818 360 se
1842 335 2036 363 sustentant
2062 342 2147 363 voce
2173 327 2286 371 Dei,

1298 379 1528 424 experiuntur
1545 377 1754 419 efficaciam,
1780 385 1814 412 et
1836 379 2016 414 donantur
2040 379 2177 425 Spiritu
2202 391 2286 414 san·

1299 439 1353 465 cto
1382 437 1413 462 et
1440 440 1531 462 nova
1549 428 1637 461 luce.

1402 479 1548 523 Semper
1578 479 1686 520 igitur
1717 478 1821 511 nobis
1853 479 1891 512 in
1916 479 2140 515 invocatione
2165 486 2287 514 nostra

1301 531 1345 565 sit
1371 531 1406 563 in
1432 537 1621 572 conspectu
1645 527 1730 562 haec
1754 530 1926 563 sententia
1951 528 2095 567 Christi.
2145 530 2233 565 Nam
2251 531 2290 564 in

1301 581 1468 615 omnibus
1505 577 1712 612 hominibus
1748 580 1837 613 ratio
1880 578 2035 614 humana
2082 581 2292 615 naturaliter

1302 631 1439 676 quaerit
1457 631 1610 672 primum
1638 630 1900 673 experientiam.
1962 630 2098 665 Omnes
2121 632 2170 665 sic
2193 632 2292 675 cogi-

1303 690 1417 715 tamus
1435 681 1602 720 libenter,
1628 691 1693 712 nos
1710 678 1824 713 Deum
1843 682 2066 715 invocaturos
2083 693 2168 722 esse,
2192 682 2219 715 si
2236 682 2291 715 vi-

1305 734 1467 765 deremus
1484 730 1588 762 nobis
1607 731 1769 773 prodesse
1786 731 2055 768 invocationem.
2108 731 2177 766 Sed
2195 730 2292 766 Deus

1305 783 1379 815 vult
1396 794 1460 815 nos
1476 781 1573 824 prius
1598 782 1738 813 credere
1758 783 1975 825 profuturam
2001 794 2073 816 esse
2095 783 2291 817 invocatio-

1306 845 1407 872 nem,
1443 838 1559 876 postea
1582 843 1765 865 cernemus
1790 832 1988 866 efficaciam.
2049 832 2087 867 Si
2112 834 2188 878 quis
2213 834 2291 867 vult

1307 885 1523 917 voluntatem
1545 881 1618 914 eius
1637 883 1770 923 facere,
1808 883 1843 915 id
1870 890 1938 923 est,
1968 884 2035 916 fide
2052 885 2208 927 accipere
2222 881 2291 917 hoc

1309 936 1452 967 verbum
1472 933 1565 977 quod
1592 944 1770 976 propono,
1803 931 1861 966 hic
1884 941 2002 977 postea
2027 935 2224 979 experietur
2240 934 2293 968 ef-

1308 984 1481 1023 ficaciam,
1518 984 1643 1016 sentiet
1666 995 1784 1017 revera
1808 996 1847 1016 ex
1872 985 1952 1018 Deo
1977 996 2060 1020 esse.
2127 985 2226 1019 Sicut
2254 991 2293 1019 et

1309 1035 1392 1067 alibi
1411 1034 1542 1066 Paulus
1567 1034 1699 1078 inquit:
1733 1032 1924 1079 Accepistis
1949 1035 2111 1078 spiritum
2130 1036 2293 1079 adoptio-

1311 1086 1364 1117 nis
1396 1085 1571 1124 filiorum,
1616 1096 1686 1128 quo
1712 1085 1901 1118 clamamus
1926 1084 2028 1119 Abba
2050 1093 2160 1130 pater.
2213 1085 2292 1130 Ipse

1309 1135 1452 1179 spiritus
1479 1133 1683 1168 testificatur
1715 1136 1854 1177 spiritui
1888 1143 2028 1174 nostro,
2064 1137 2159 1181 quod
2182 1136 2294 1170 simus

1310 1186 1375 1218 filii
1399 1184 1476 1220 Dei.
1542 1183 1663 1229 Itaque
1695 1187 1875 1219 credentes
1907 1186 2109 1228 intelligunt
2130 1185 2294 1230 Evange-

1310 1237 1416 1274 lium,
1452 1242 1485 1268 et
1509 1247 1598 1268 nova
1625 1236 1700 1268 luce
1727 1237 1925 1275 donantur,
1960 1243 2000 1270 ut
2026 1239 2063 1272 2.
2078 1235 2240 1272 Corinth.
2258 1237 2296 1273 3.

1310 1287 1456 1320 dicitur:
1484 1284 1573 1318 Cum
1590 1297 1778 1320 conversus
1800 1287 1907 1320 fueris
1929 1287 1970 1319 ad
1997 1287 2204 1328 dominum,
2229 1299 2295 1322 au-

1310 1339 1441 1371 feretur
1478 1336 1650 1371 velamen.
1718 1336 1820 1371 Item:
1870 1337 2183 1371 Transsormamur
2215 1343 2295 1371 tan-

1311 1400 1414 1433 quam
1441 1399 1458 1420 a
1477 1387 1614 1419 domini
1638 1387 1782 1431 spiritu,
1815 1399 1834 1420 a
1862 1388 1971 1430 gloria
1996 1388 2032 1420 in
2057 1388 2222 1430 gloriam,
2256 1388 2295 1421 id

1311 1445 1378 1476 est,
1405 1450 1421 1470 a
1438 1438 1515 1470 luce
1535 1438 1655 1469 divina
1679 1438 1715 1470 in
1734 1439 1846 1471 lucem
1866 1438 2106 1482 splendentem
2125 1438 2161 1470 in
2180 1438 2295 1473 nobis.

1312 1489 1382 1532 Qui
1400 1500 1481 1521 vero
1500 1500 1573 1520 non
1589 1488 1753 1530 credunt,
1780 1487 1906 1522 horum
1923 1489 2027 1521 corda
2046 1488 2154 1532 magis
2175 1500 2295 1522 excae-

1312 1546 1445 1573 cantur.
1501 1538 1582 1571 ldeo
1610 1551 1680 1582 quo
1707 1540 1816 1581 magis
1841 1539 2057 1579 refutantur,
2086 1551 2125 1572 eo
2143 1538 2293 1572 maiores

1311 1590 1383 1623 odii
1402 1590 1559 1622 flammas
1576 1596 1695 1622 contra
1712 1589 1944 1632 Evangelium
1961 1589 2178 1631 concipiunt,
2205 1589 2295 1623 sicut

1312 1640 1464 1674 Roman.
1482 1641 1518 1673 2.
1538 1640 1682 1673 dicitur:
1712 1638 1956 1673 Obscurentur
1970 1640 2063 1672 oculi
2082 1651 2215 1674 eorum.
2248 1638 2297 1673 Et

1314 1692 1348 1725 2.
1359 1687 1519 1723 Corinth.
1531 1689 1580 1724 4.:
1606 1690 1642 1723 Si
1656 1699 1704 1724 est
1715 1691 1867 1723 velatum
1877 1689 2107 1732 Evangelium
2124 1695 2297 1730 nostrum,

1315 1742 1350 1773 in
1369 1740 1595 1784 pereuntibus
1621 1747 1671 1773 est
1692 1742 1868 1783 velatum,
1904 1741 1941 1772 in
1970 1740 2099 1785 quibus
2120 1746 2297 1773 excaecata

1314 1798 1364 1824 est
1388 1803 1486 1823 mens
1503 1791 1701 1830 incredula,
1736 1792 1770 1824 id
1795 1799 1863 1829 est,
1899 1791 1977 1835 quia
2003 1802 2101 1823 mens
2123 1802 2195 1823 non
2220 1790 2298 1824 vult

1314 1842 1471 1881 credere,
1498 1841 1534 1874 fit
1552 1842 1659 1883 magis
1674 1854 1790 1882 caeca,
1817 1853 1880 1873 nec
1906 1841 2001 1874 videt
2023 1840 2137 1885 qualis
2162 1840 2207 1873 sit
2231 1841 2298 1874 do·-

1315 1893 1425 1925 ctrina
1445 1890 1641 1934 Evangelii.

1366 1971 1443 2020 Qui
1465 1972 1607 2020 quaerit
1631 1970 1794 2017 gloriam
1826 1972 1902 2005 eius
1930 1970 1996 2018 qui
2019 1970 2119 2004 misit
2143 1983 2197 2013 se,
2237 1969 2297 2006 hic

1418 2035 1530 2056 cerna:
1560 2028 1622 2058 est.
1689 2021 1822 2057 Nonne
1845 2020 1971 2056 IlIoses
1994 2020 2093 2055 dedit
2121 2021 2221 2056 vobis
2245 2021 2297 2056 le-

1414 2086 1493 2119 gem
1508 2074 1523 2107 ?

1388 2132 1609 2174 Asseveratio
1638 2145 1706 2177 est,
1740 2151 1806 2183 qua
1834 2139 1978 2178 iterum,
2012 2146 2051 2173 ut
2072 2151 2172 2182 saepe
2198 2138 2294 2182 alias,

1313 2198 1459 2225 testatur
1477 2203 1511 2224 se
1527 2192 1706 2224 doctorem
1726 2202 1880 2223 veracem
1905 2202 1996 2231 esse,
2021 2202 2038 2222 a
2057 2189 2132 2223 Deo
2150 2189 2295 2222 missum

1315 2250 1345 2275 et
1365 2244 1493 2276 iustum
1520 2253 1602 2274 esse.
1654 2240 1787 2285 Estque
1807 2241 1975 2284 praefatio
1994 2239 2171 2287 sequentis
2187 2239 2294 2272 alter-

1314 2294 1473 2327 cationis.
1528 2291 1647 2324 ludaei
1665 2291 1772 2332 enim,
1801 2304 1877 2323 cum
1896 2288 1986 2323 nihil
2006 2297 2146 2335 possent
2163 2290 2199 2322 in
2217 2302 2295 2323 mo-

1317 2345 1413 2376 ribus
1439 2351 1471 2376 et
1490 2343 1586 2376 factis
1604 2340 1734 2376 Christi
1760 2342 1917 2385 culpare,
1950 2341 2158 2374 calumniari
2184 2340 2296 2373 viola-

1315 2395 1446 2427 tionem
1465 2393 1598 2426 sabbati
1616 2392 1789 2425 solebant:
1827 2391 1961 2425 Multae
1985 2392 2078 2424 enim
2102 2392 2233 2424 fiebant
2257 2390 2296 2423 in

1316 2445 1468 2477 sabbatis
1485 2443 1691 2477 curationes,
1745 2441 1813 2475 Hic
1831 2440 1992 2475 Christus
2013 2442 2095 2475 facit
2113 2442 2216 2474 initio
2232 2452 2296 2474 an-

1317 2493 1473 2535 tithesin,
1499 2495 1649 2527 affirmat
1665 2504 1699 2525 se
1717 2504 1873 2526 veracem
1891 2493 2086 2532 doctorem,
2115 2499 2146 2525 et
2165 2492 2296 2524 iustum

1316 2558 1410 2586 esse,
1435 2546 1516 2589 illos
1533 2556 1615 2577 vero
1640 2543 1800 2578 iniustos.
1851 2541 1897 2576 Et
1914 2554 2113 2587 quanquam
2131 2540 2296 2575 Philoso-

1316 2595 1406 2640 phus
1422 2595 1567 2641 aliquis,
1601 2600 1640 2626 ut
1662 2592 1828 2627 Socrates*
1842 2600 1980 2637 putaret
2002 2591 2087 2626 haec
2110 2592 2297 2636 gloriosius

1317 2647 1405 2686 dici,
1440 2657 1545 2692 quam
1568 2642 1706 2678 homini
1728 2644 1933 2688 conveniat,
1959 2656 2039 2678 cum
2063 2644 2130 2686 ait,
2161 2642 2297 2676 nullam
