2415 2942
111 111 161 148 35
536 111 618 147 ΧΠ.

109 204 196 239 stat,
230 196 315 232 haee
343 197 479 230 incoari
509 210 648 232 necesse
678 204 728 231 est
758 197 798 230 iri
827 194 890 229 hac
913 196 1002 237 vita,
1036 194 1094 229 hic

109 249 257 293 gratiam
284 246 606 293 apprehendimus,
641 260 710 293 qua
734 247 1023 285 reconciliamur,
1061 254 1093 281 et
1119 285 1121 291 Ι

107 307 317 349 reputamur
339 299 442 341 iusti,
475 307 508 334 et
528 311 648 334 sumus
670 299 732 332 filii
756 297 841 336 Dei,
869 305 902 331 et
927 295 1092 331 haeredes

109 353 202 386 vitae
223 359 403 391 aeternae,
431 351 568 385 etiamsi
588 347 708 383 haeret
731 347 845 382 adhuc
870 349 907 382 in
932 347 995 382 hac
1013 361 1092 382 cor·

110 411 212 449 rupta
243 410 367 436 natura
396 403 519 445 ingens
544 401 654 433 moles
679 407 920 443 peccatorum,
957 400 1091 433 incoari

106 463 225 490 tamen
248 461 280 487 et
305 465 422 487 veram
449 451 614 485 noticiam
638 450 724 493 Dei,
755 463 872 484 veram
896 451 1092 486 invocatio-

106 518 208 543 nem,
236 517 352 539 veram
368 502 540 536 iusticiam
560 503 735 535 victricem
751 502 897 547 peccati,
925 509 958 535 et
973 514 1091 535 veram

107 559 216 592 vitam
232 555 408 588 victricem
429 554 571 591 mortis,
600 560 749 597 oportet.
802 552 890 586 Fide
906 554 1092 587 statuimus

105 609 221 643 Deum
246 617 319 638 esse
346 605 627 644 misericordem,
664 616 728 638 nos
753 610 896 648 propter
923 606 1092 638 mediato-

104 670 177 692 rem
203 657 330 700 recipi,
360 656 539 695 exaudiri,
566 657 701 693 iuvari,
729 655 869 690 salvari.
923 654 1017 688 Haec
1041 663 1092 689 est

102 721 194 743 nova
218 708 279 741 lux
303 708 423 751 ignota
447 708 563 747 carni,
590 714 624 741 et
650 708 793 739 vincens
819 706 1091 747 dubitationem,

103 769 137 795 et
159 772 238 794 cum
261 759 345 791 fides
372 758 495 792 statuit
521 759 565 792 de
589 758 894 797 reconciliatione,
924 758 991 790 istm
1012 758 1090 790 vin-

104 813 150 846 cit
176 817 353 855 peccatum
380 816 413 842 et
437 816 604 847 mortem,
639 817 670 842 et
696 810 822 852 incipit
847 807 958 841 Deum
990 809 1090 842 invo-

102 875 180 897 care
202 873 284 894 vero
309 868 426 902 motu,
455 862 496 894 ad
520 873 600 893 eum
626 860 833 903 confugere,
862 866 894 892 et
910 868 1090 904 expectare

100 915 207 948 vitam
225 919 412 946 aeternam.

202 963 271 998 Sed
304 963 445 996 collatio
475 969 525 997 est
558 963 749 1003 illustrior,
784 963 814 995 si
848 970 1089 997 consummata

98 1015 266 1050 beneficia
284 1021 513 1059 opponantur
529 1015 606 1057 legi.
659 1012 820 1048 Christus
837 1014 946 1047 donat
961 1026 1088 1047 novam

100 1069 234 1110 lucem,
267 1078 336 1111 qua
369 1065 444 1099 sine
474 1066 548 1099 ullo
581 1077 698 1098 errore
721 1064 836 1098 Deum
858 1065 1089 1106 intuebimur,

100 1120 209 1153 donat
234 1117 430 1157 iusticiam,
458 1129 547 1162 quae
571 1117 646 1149 sine
668 1116 742 1149 ullo
758 1122 900 1160 peccato
915 1117 998 1156 erit,
1024 1118 1088 1150 do-

99 1177 162 1204 nat
186 1169 294 1202 vitam
316 1175 494 1202 aeternam
519 1178 662 1211 prorsus
685 1167 833 1200 liberam
857 1179 875 1199 a
899 1174 1028 1207 morte,
1056 1174 1088 1201 et

98 1223 275 1255 fruentem
297 1226 438 1252 aeterna
462 1219 593 1252 laetitia
612 1219 648 1250 in
666 1218 843 1261 agnitione
857 1216 935 1253 Dei.
988 1218 1084 1260 Quid

99 1272 214 1306 simile
233 1271 347 1304 adfert
363 1271 439 1303 lex?
492 1269 633 1303 Iusticia
650 1269 736 1312 legis
751 1276 887 1302 tantum
907 1276 957 1302 est
972 1275 1086 1302 exter—

97 1336 144 1357 na
161 1321 360 1366 disciplina,
385 1322 420 1354 id
438 1327 498 1361 est,
526 1321 698 1365 quaedam
715 1320 839 1352 misera
854 1326 886 1353 et
903 1320 1085 1353 immunda

97 1373 313 1420 hypocrisis,
340 1373 476 1416 captiva
494 1383 654 1405 errorum
675 1384 714 1405 ac
731 1371 981 1410 dubitationis,
1004 1383 1084 1415 pec-

97 1425 166 1460 cati
187 1436 226 1457 ac
246 1424 381 1459 mortis.
434 1423 524 1456 Nam
542 1423 570 1456 si
590 1421 680 1455 nihil
697 1423 816 1455 audiat
836 1434 932 1455 mens
949 1422 1016 1456 nisi
1032 1424 1084 1456 le-

95 1489 185 1520 gem,
213 1481 331 1509 manet
346 1486 510 1519 oppressa
527 1474 750 1508 dubitatione
766 1473 967 1517 multiplici,
994 1475 1084 1518 sugit

93 1527 228 1567 Deum,
262 1538 337 1559 non
365 1527 488 1560 statuit
514 1538 548 1558 se
573 1525 748 1565 exaudiri,
781 1532 840 1559 aut
865 1525 1012 1565 salvari,
1045 1534 1083 1560 ut

94 1579 182 1614 Saul
202 1578 292 1621 fugit
310 1576 436 1614 Deum.
492 1576 644 1622 Ideoque
669 1577 769 1610 nulla
794 1588 874 1609 vera
902 1584 953 1610 est
980 1578 1084 1610 invo-

95 1630 187 1665 catio
210 1631 248 1662 in
271 1629 332 1662 tali
356 1636 484 1664 mente.
546 1627 711 1662 Vincitur
734 1640 815 1669 ergo
841 1628 877 1660 in
903 1626 1082 1662 horrendo

95 1688 254 1725 peccato,
288 1680 323 1712 id
353 1686 421 1719 est,
457 1681 550 1724 quod
574 1679 690 1712 Deum
716 1690 787 1712 non
810 1680 986 1722 agnoscit,
1021 1692 1084 1712 nec

95 1731 254 1770 invocat,
283 1730 438 1763 vincitur
460 1737 493 1764 et
518 1736 648 1770 morte,
676 1731 757 1774 qnia
773 1730 941 1763 dubitans
957 1731 1028 1764 rnit
1045 1732 1083 1763 in

95 1781 375 1825 desperationem
409 1788 442 1814 et
472 1788 649 1814 aeternam
679 1780 779 1812 iram.
842 1779 919 1813 Imo
950 1782 1003 1814 lex
1033 1789 1083 1815 est

94 1831 333 1865 ministerium
365 1828 469 1864 liuius
498 1832 588 1870 irae,
623 1831 705 1875 quia
731 1837 781 1864 est
805 1843 872 1863 vox
894 1833 1083 1865 ostendens

93 1884 182 1916 iram
205 1881 271 1915 Dei
298 1883 464 1915 adversus
492 1888 691 1925 peccatum,
727 1887 862 1914 tantum
888 1883 1082 1924 clamitans,

92 1933 208 1968 Deum
232 1933 333 1965 irasci
362 1939 520 1976 peccato,
548 1939 580 1965 et
605 1943 669 1964 nos
695 1944 872 1968 accusans.
925 1933 1082 1968 Proinde

91 1985 198 2029 longe
226 1984 292 2017 alia
318 1991 368 2018 est
392 1981 579 2027 Evangelii
603 1995 687 2023 vox,
723 1983 903 2023 videlicet,
938 1996 1079 2019 annun-

92 2037 188 2070 cians
214 2035 361 2079 gratiam
387 2042 419 2069 ct
445 2035 625 2068 veritatem
651 2046 712 2078 per
732 2032 934 2074 Christum,
963 2036 996 2069 id
1022 2044 1081 2078 est,

91 2087 314 2122 annuncians
331 2087 457 2120 donari
468 2085 792 2120 reconciliationem
805 2094 836 2120 et
850 2100 863 2118 x
874 2087 956 2120 itam
969 2095 1081 2122 aeter-

89 2151 172 2172 nam
190 2144 334 2182 propter
346 2136 527 2172 Christum
543 2137 784 2170 mediatorem.
839 2137 940 2171 Hanc
959 2152 1078 2173 vocem

89 2190 251 2235 patefecit
269 2187 434 2223 Christus
461 2202 500 2222 ex
524 2189 604 2222 sinn
629 2189 763 2222 aeterni
790 2190 917 2233 patris,
942 2198 981 2224 ut
999 2204 1078 2224 mox

91 2242 202 2286 dicet,
231 2253 295 2274 nec
319 2242 438 2275 attulit
462 2241 591 2283 legem,
618 2253 722 2285 quam
748 2241 860 2274 voluit
879 2239 973 2274 Dens
996 2255 1074 2285 pro-

89 2293 240 2337 mulgari
266 2305 328 2336 per
344 2291 483 2327 Mosen.
537 2291 595 2325 Sic
612 2299 645 2325 et
663 2292 794 2326 Paulus
812 2293 946 2338 inquit:
974 2293 1078 2333 'Nunc

88 2345 228 2379 iusticia
244 2343 312 2378 Dei
334 2346 497 2389 apparuit
518 2343 593 2376 sine
615 2343 710 2387 lege,
733 2344 769 2377 id
788 2353 858 2385 est,
886 2345 952 2378 alia
970 2358 1077 2391 quae—

89 2398 170 2430 dam
191 2395 328 2430 iusticia
348 2395 483 2440 patefit,
510 2390 659 2435 scilicet,
687 2396 927 2429 reconciliatio
943 2398 1077 2440 gratui-

88 2456 122 2482 ta
133 2474 143 2491 ,
171 2459 275 2493 quam
291 2459 364 2481 non
380 2448 482 2481 docet
498 2447 568 2483 lex,
595 2458 658 2480 nec
674 2448 778 2480 datur
794 2454 938 2492 propter
954 2448 1076 2491 legem,

90 2499 151 2532 sed
175 2506 320 2544 propter
341 2499 454 2532 filium
475 2498 718 2532 mediatorem.
774 2499 869 2533 Haec
892 2500 935 2532 de
952 2500 1076 2533 discri-

89 2550 186 2583 mine
205 2549 304 2595 ,Most
339 2557 372 2583 et
399 2548 550 2590 Christi,
585 2550 670 2593 legis
701 2557 735 2583 et
759 2548 962 2593 Evangelii,
994 2553 1076 2585 dili-

89 2608 212 2644 genter
240 2602 459 2635 observanda
490 2608 596 2644 sunt,
641 2613 685 2634 ne
717 2602 917 2635 obruantur
947 2611 980 2638 et
1012 2605 1076 2637 ol:-

88 2659 277 2686 scm-entur
296 2665 432 2686 summa
456 2652 622 2687 beneficia
647 2665 710 2697 per
733 2653 843 2686 filium
867 2653 933 2687 Dei
954 2655 1076 2689 Eccle-

89 2705 162 2738 siae
184 2705 332 2744 donata,
358 2704 522 2739 liberatio
548 2716 566 2738 a
592 2711 752 2747 peccato,
781 2712 812 2739 et
837 2712 949 2740 morte
965 2714 1077 2741 aeter-

140 2758 318 2790 Mt-:rax‘rffi
349 2757 451 2789 Oeen,
494 2758 575 2788 Vox..
602 2758 678 2788 XV,

673 107 971 147 ENARRATIO
1001 109 1050 144 ΙΝ
1074 108 1258 149 EVANG.
1286 109 1497 149 IOANNIS.
1550 114 1654 150 CAP.
1683 117 1709 151 1.

2089 125 2138 161 34

1119 201 1122 209 ¹
1149 210 1214 239 na,
1246 211 1285 233 ac
1308 200 1453 234 donatio
1479 202 1778 237 reconciliationis
1802 204 1957 241 iusticiae
1983 221 2020 243 ac
2046 210 2136 244 vitae

1146 256 1318 284 aeternae.

1197 340 1321 376 Deum
1349 356 1457 379 nemo
1483 345 1573 379 vidit
1595 360 1780 395 unquam,
1807 350 2135 397 unigenitusfilc'us

1249 394 1315 441 qui
1331 400 1382 428 est
1399 395 1436 428 in
1455 397 1540 430 sinu
1556 399 1697 443 patris,
1726 402 1800 447 ipse
1818 403 2018 439 enarravit.

1248 468 1421 506 Cohaeret
1447 470 1530 506 haec
1547 474 1718 517 particula
1737 489 1815 510 cuin
1836 481 1992 522 proxima
2013 493 2134 515 narra—

1146 521 1260 563 tione,
1288 528 1320 556 et
1346 523 1456 565 magis
1478 524 1631 558 declarat
1655 526 1844 561 discrimen
1860 530 1945 573 legis
1962 538 1995 564 et
2011 527 2138 566 Evam

1145 572 1239 615 gelii.
1293 572 1381 606 Nam
1406 575 1462 607 lex
1483 582 1534 609 est
1555 576 1715 610 doctrina
1739 578 1844 612 insita
1870 582 2047 616 mentibus
2066 581 2135 617 hu-

1146 623 1261 657 manis
1286 624 1325 657 in
1348 626 1525 659 creatione
1550 624 1726 669 hominis,
1755 642 1844 674 quae
1862 632 1967 665 etiam
1986 640 2066 680 post
2083 635 2134 668 la-

1146 687 1246 719 psum
1281 675 1380 709 Adae
1412 689 1484 709 non
1521 689 1664 720 prorsus
1693 681 1844 714 extincta
1876 690 1937 716 est.
2012 683 2135 719 Voluit

1146 727 1239 758 enim
1264 725 1360 760 Deus
1388 728 1542 772 aliquam
1574 741 1714 763 manere
1740 731 1776 764 in
1801 734 1930 766 nostris
1955 735 2135 770 mentibus

1145 777 1312 810 noticiam
1338 779 1412 818 sni,
1439 786 1478 813 ut
1504 788 1660 814 maneret
1682 781 1850 816 iudicium
1868 785 2034 819 adversus
2055 799 2135 830 pec-

1145 836 1271 862 catum.
1324 828 1425 863 Hanc
1442 831 1608 864 noticiam
1626 841 1829 874 arguentem
1847 844 2025 879 peccatum
2041 837 2135 871 Pau-

1146 880 1200 913 lus
1225 887 1326 914 vocat
1349 879 1658 925 Cltirographum,
1686 897 1757 929 quo
1784 887 2041 922 condemnatur
2066 887 2134 923 hu-

1145 943 1247 964 mana
1273 939 1416 971 natura,
1446 945 1502 966 rea
1528 933 1600 966 irae
1622 933 1706 972 Dei,
1734 944 1766 969 et
1794 949 1959 981 oppressa
1983 949 2133 983 peccato.

1144 981 1308 1016 Nascitur
1325 995 1405 1027 ergo
1421 984 1604 1017 nobiscnm
1623 986 1868 1032 qualecunque
1885 989 2016 1031 lumen,
2037 993 2132 1036 qnod

1144 1041 1194 1067 est
1224 1034 1354 1067 noticia
1390 1036 1495 1079 legis,
1537 1033 1604 1069 hoc
1635 1044 1702 1078 est,
1743 1039 1873 1072 noticia
1903 1042 2134 1086 praecipiens,

1144 1085 1263 1129 quales
1289 1097 1352 1118 nos
1381 1098 1452 1119 esse
1476 1088 1679 1131 oportebat,
1707 1095 1740 1121 et
1763 1101 1850 1132 quae
1873 1091 1944 1124 sint
1962 1093 2132 1133 facienda,

1143 1148 1231 1180 quae
1255 1137 1449 1170 omittenda
1463 1163 1472 1176 ‚
1500 1144 1532 1170 et
1558 1136 1646 1169 iram
1663 1136 1730 1171 Dei
1746 1140 1965 1174 denuncians
1983 1143 2043 1183 iis,
2071 1145 2133 1190 qui

1142 1199 1214 1218 non
1238 1188 1494 1230 obtemperant.
1548 1186 1644 1221 Haec
1668 1189 1797 1223 noticia
1821 1199 1941 1238 postea
1967 1194 2004 1226 in
2020 1193 2131 1229 Deca-

1143 1237 1221 1280 logo
1240 1245 1406 1271 renovata
1424 1246 1488 1279 est,
1514 1245 1553 1272 ut
1571 1251 1637 1272 vox
1653 1240 1695 1272 de
1712 1238 1812 1274 coelo'
1826 1244 1921 1276 testis
1937 1252 2039 1286 esset,
2068 1258 2132 1281 no-

1139 1288 1256 1321 ticiam
1284 1289 1380 1321 illam
1406 1289 1578 1323 divinitus
1599 1292 1785 1333 traditam,
1813 1300 1846 1327 et
1870 1296 2046 1330 mentibus
2066 1311 2132 1331 no-

1140 1339 1219 1372 stris
1243 1339 1385 1373 insitam
1408 1341 1533 1382 fnisse,
1561 1348 1595 1375 et
1617 1342 1723 1376 simul
1747 1355 1820 1377 eam
1845 1345 1882 1378 in
1902 1344 1965 1380 hac
1982 1348 2131 1392 caligine

1138 1398 1256 1424 nostra
1277 1392 1491 1426 accenderet.

1241 1459 1309 1493 Sed
1343 1460 1431 1494 ratio
1465 1458 1620 1495 humana
1651 1463 1726 1497 sine
1752 1465 1985 1508 promissione
2008 1469 2129 1504 divina

1139 1522 1281 1554 prorsus
1298 1512 1435 1555 ignorat
1452 1513 1670 1547 voluntatem
1686 1514 1753 1548 Dei
1770 1518 1812 1549 de
1828 1518 2033 1553 remissione
2050 1533 2130 1564 pec-

1138 1569 1295 1595 catorum
1328 1564 1496 1606 gratuita,
1530 1572 1564 1598 et
1595 1566 1819 1600 restitutione
1848 1569 1938 1602 vitae
1969 1578 2129 1606 aeternae

1139 1621 1282 1657 propter
1299 1615 1423 1648 filium.
1468 1613 1564 1648 Haec
1579 1619 1752 1650 sententia
1770 1618 1873 1662 longe
1890 1620 1993 1655 distat
2010 1634 2027 1655 a
2045 1635 2128 1657 voce

1139 1665 1243 1707 tegis,
1274 1677 1336 1698 nec
1360 1666 1516 1699 nascitur
1542 1668 1747 1709 nobiscum,
1775 1671 1832 1702 sed
1851 1678 1888 1704 nt
1906 1669 1962 1704 hic
1980 1673 2126 1708 dicitur:

1139 1715 1251 1749 Filius
1276 1717 1336 1761 qni
1362 1724 1410 1750 est
1435 1716 1470 1748 in
1489 1718 1568 1750 sinu
1586 1719 1713 1765 patris,
1741 1722 1901 1763 patefecit
1918 1735 1992 1756 eam
2013 1725 2127 1761 nohis.

1137 1765 1265 1807 Multi,
1303 1768 1384 1811 qnia
1412 1768 1532 1802 vident
1558 1769 1594 1801 in
1621 1767 1771 1804 ethnicis
1796 1772 1931 1815 legibus
1957 1782 2015 1809 ant
2040 1778 2126 1810 scri-

1140 1818 1207 1860 ptis
1230 1818 1338 1851 nulia
1364 1815 1512 1852 honeste
1539 1821 1709 1864 praecipi,
1745 1824 1928 1867 disputant
1952 1824 2042 1859 nihil
2071 1829 2127 1861 in-

1138 1875 1263 1901 teresse
1301 1871 1394 1903 inter
1431 1871 1630 1904 doctrinam
1665 1870 1842 1907 Ecclesiae
1870 1883 1902 1908 et
1935 1874 2125 1914 ethnicam.

1138 1919 1204 1953 Sed
1226 1917 1262 1952 hi
1282 1927 1351 1954 tota
1373 1921 1426 1953 via
1444 1930 1580 1960 errant,
1608 1932 1789 1968 praecepta
1807 1928 1850 1958 de
1867 1928 2036 1970 moribus,
2064 1942 2124 1964 sen

1136 1971 1227 2013 leges
1251 1979 1467 2015 congruunt,
1496 1974 1577 2017 qnia
1602 1982 1683 2008 sunt
1701 1978 1909 2011 naturaliter
1928 1988 2048 2021 notae,
2077 1983 2124 2014 si-

1136 2029 1193 2055 cut
1211 2035 1442 2056 numerorum
1463 2025 1624 2059 noticiae.
1661 2027 1709 2060 At
1728 2041 1795 2061 vox
1806 2026 1991 2071 Evangelii
2008 2033 2051 2064 (le
2070 2045 2123 2066 re-

1106 2089 1109 2096 ι
1135 2074 1302 2106 missione
1327 2083 1548 2118 peccatorum
1572 2078 1722 2119 gratuita
1745 2086 1777 2112 et
1793 2080 2012 2115 restitutione
2031 2084 2123 2118 vitae

1134 2133 1317 2166 aeternae,
1354 2126 1421 2159 fuit
1446 2127 1565 2167 ignota
1588 2126 1755 2170 ethnicis,
1783 2138 1814 2163 et
1838 2132 2042 2175 longissime
2068 2137 2123 2168 di-

1134 2182 1198 2208 stat
1223 2189 1241 2209 a
1262 2177 1408 2219 legibus.
1461 2176 1556 2212 Haec
1574 2180 1790 2214 observanda
1809 2190 1908 2223 sunt,
1936 2191 1974 2217 ut
1991 2186 2123 2219 ‹li-scer-

1135 2235 1265 2261 nantur
1293 2229 1535 2262 doctrinarum
1564 2242 1711 2274 genera,
1744 2233 1826 2277 quia
1853 2235 2013 2269 confusio
2038 2238 2122 2281 legis

1133 2285 1166 2312 et
1181 2278 1365 2323 Evangelii
1384 2280 1516 2314 multos
1533 2282 1750 2325 perniciosos
1770 2296 1905 2318 errores
1925 2287 2025 2329 parit.

1234 2347 1311 2382 Erit
1340 2356 1455 2382 antem
1487 2349 1659 2383 illustrius
1690 2351 1900 2392 discrimen,
1935 2355 1963 2387 si
1988 2358 2122 2400 primos

1134 2406 1294 2442 parentes
1327 2407 1404 2444 post
1435 2401 1570 2444 lapsum
1602 2401 1815 2437 intueamur.
1885 2404 1975 2439 Cum
2007 2410 2120 2442 vocati

1132 2458 1246 2485 essent
1275 2451 1312 2484 in
1343 2451 1534 2492 iudicium,
1569 2459 1699 2486 norant
1731 2454 1859 2497 legem,
1897 2469 1969 2490 esse
1991 2459 2119 2498 Deum,

1132 2514 1203 2535 esse
1222 2503 1392 2543 iudicem,
1420 2510 1454 2535 et
1470 2504 1622 2537 accusati
1639 2513 1822 2540 senserunt
1839 2520 2004 2552 pavores,
2032 2523 2120 2556 qnos

1131 2554 1229 2587 nulla
1255 2567 1321 2588 vox
1344 2553 1496 2588 humana
1521 2555 1640 2600 eloqui
1667 2564 1788 2598 potest.
1840 2558 1885 2593 Et
1904 2561 1985 2605 quia
2005 2563 2048 2595 de
2065 2575 2118 2595 re-

1133 2605 1299 2638 missione
1339 2613 1560 2649 peccatorttm
1600 2607 1699 2641 nulla
1738 2610 1925 2652 promissio
1967 2614 2119 2655 extabat,

1134 2655 1224 2689 nihil
1256 2657 1352 2690 aliud
1375 2657 1528 2700 cogitare
1553 2665 1736 2700 poterant,
1768 2661 1836 2695 nisi
1859 2674 1893 2695 se
1915 2675 1932 2695 a
1957 2661 2032 2696 Deo
2055 2666 2116 2699 ab·

1133 2709 1238 2741 iextes
1276 2719 1366 2750 esse,
1405 2721 1444 2742 ac
1479 2720 1664 2744 mansuros
1697 2711 1732 2744 in
1766 2721 1904 2746 aeterna
1940 2722 2052 2749 morte
2080 2729 2118 2750 ac

1466 2761 1488 2793 3
