2415 2942
81 97 153 132 793
256 94 356 130 XIII.

81 182 223 218 Christo
242 182 440 223 credimus,
465 179 523 215 hic
541 181 759 215 declaremus
777 181 880 214 fidem
905 187 1074 221 nostram,

83 242 116 268 et
134 232 198 267 hae
214 245 273 278 spe
289 231 479 267 humanius
496 239 528 266 et
545 233 727 266 liberalius
750 237 938 266 tractemus
959 243 1071 264 sacer-

82 287 199 325 dotes,
239 291 460 329 expectantes
490 281 672 317 Christum
704 280 798 316 haud
831 282 940 316 dubie
967 282 1071 316 nobis

81 336 256 370 cumulate
272 335 493 369 redditurum
517 346 589 368 esse
606 334 765 377 gratiam.

183 386 261 420 Hoc
286 386 392 420 officii
424 397 534 429 genus
562 392 715 418 meretur
743 383 855 417 multa
878 390 910 417 et
943 395 1068 427 magna

78 438 252 482 praemia,
280 445 355 472 tum
374 436 588 480 spiritualia,
615 442 689 469 turn
705 434 922 479 corporalia,
947 447 1065 479 pacem

81 489 276 532 publicam,
309 489 511 521 facultatum
536 492 735 519 nostrarum
760 486 997 526 incrementa,
1034 493 1066 519 et

81 539 340 577 defensionem,
375 539 463 572 sicut
494 537 625 570 Paulus
658 537 760 570 docet
790 537 824 570 2.
848 535 1068 570 Corinth.9.

79 589 124 624 Et
142 597 281 623 econtra
298 587 403 624 huius
420 588 524 622 officii
545 587 799 630 praetermissio
819 587 967 630 punitur
985 600 1063 630 gra-

79 641 231 674 vissimis
248 641 387 685 poenis,
413 646 452 673 ut
469 639 506 671 in
524 637 690 681 Haggaeo
709 639 878 682 scriptum
894 645 959 672 est:
995 637 1067 672 Ubi

78 690 174 725 Dens
192 692 270 724 ideo
287 697 466 734 corruptas
489 700 561 722 esse
586 696 716 731 segetes
741 689 878 734 inquit,
907 696 940 723 et
966 701 1065 733 prae-

77 750 171 776 terea
187 742 272 776 alias
288 741 499 774 calamitates
515 739 701 781 accidisse,
730 740 811 785 quia
831 740 984 784 populus
1003 752 1064 773 ne-

79 794 185 836 gligat
202 792 388 835 Templum
412 798 445 825 et
471 790 688 826 Sacerdotes,
742 790 842 825 Haec
866 791 960 824 enim
984 799 1065 825 sunt

78 844 198 876 verba:
235 842 326 886 Quia
343 844 467 876 domus
483 853 558 875 mea
576 842 786 885 negligitur,
813 850 846 876 et
863 854 925 875 vos
941 854 1064 876 cumu-

75 894 154 926 latis
172 894 412 938 unusquisque
431 892 526 926 domi
545 904 638 927 suae.
691 892 842 937 Propter
868 891 935 926 hoc
961 905 1065 937 super

73 955 134 977 vos
170 941 342 988 prohibiti
377 951 460 977 sunt
496 944 604 985 coeli,
639 956 682 977 ne
718 945 843 978 darent
875 956 991 977 rorem
1033 951 1064 977 et

75 1001 166 1028 terra
184 993 363 1038 prohibita
382 1001 452 1034 est,
479 1007 524 1027 ne
543 996 640 1028 daret
658 1006 818 1038 germen,
846 1002 911 1030 etc.

178 1044 274 1088 Quid
292 1052 406 1079 autem
426 1058 521 1079 nnnc
541 1046 602 1079 fit?
637 1045 844 1080 Sacerdotes
862 1046 947 1079 alibi
968 1046 1065 1089 plus·

76 1108 178 1140 quam
197 1094 360 1142 Scythica
379 1097 585 1130 crudelitate
603 1097 845 1141 trucidantur,
872 1097 956 1130 alibi
977 1109 1064 1141 pene

73 1154 245 1190 coguntur
269 1148 360 1180 fame
384 1148 497 1191 perire
530 1160 608 1180 cum
632 1148 768 1182 miseris
794 1148 1003 1191 coniugibus
1031 1155 1061 1180 et

73 1198 190 1240 parvis
211 1198 344 1231 liberis.
397 1198 556 1242 Populus
579 1200 653 1231 non
679 1199 792 1231 solum
820 1200 863 1232 de
887 1210 950 1231 suo
971 1196 1061 1231 nihil

74 1248 231 1292 impertit
248 1249 317 1289 eis,
345 1249 402 1281 sed
429 1249 532 1281 etiam
559 1249 764 1292 pensiones,
793 1261 881 1294 quae
904 1249 1061 1281 liberali-

73 1306 144 1332 tate
160 1299 334 1332 maiorum
352 1297 518 1332 Ecclesiis
542 1300 693 1333 donatae
717 1306 817 1340 sunt,
845 1301 888 1333 ad
915 1300 1060 1332 alendos

74 1356 106 1382 et
140 1350 300 1382 doctores
330 1356 363 1383 et
397 1347 623 1383 scholasticos
658 1362 835 1383 sacrarum
869 1351 1061 1390 literarum,

71 1401 172 1433 foede
195 1400 329 1444 diripit.
378 1399 458 1443 Qua
474 1401 510 1433 in
527 1412 563 1433 re
579 1401 707 1445 duplex
724 1401 853 1435 malum
876 1408 948 1435 est:
978 1413 1057 1434 nam

71 1457 104 1484 et
128 1457 325 1495 praesentes
355 1452 550 1485 sacerdotes
574 1452 666 1485 fame
699 1459 885 1492 necantur,
920 1459 952 1485 et
977 1452 1057 1496 quia

72 1502 165 1534 nulli
188 1502 230 1534 de
255 1501 397 1546 publico
422 1502 587 1543 aluntur,
615 1503 676 1548 qui
693 1503 829 1536 discant
846 1515 958 1536 sacras
976 1503 1056 1536 lite-

71 1564 145 1596 ras,
173 1553 278 1595 paulo
303 1559 380 1596 post
401 1554 558 1586 defuturi
581 1561 663 1587 sunt
686 1551 850 1587 homines
874 1554 994 1587 idonei
1013 1554 1055 1586 ad

71 1600 246 1635 Ecclesias
278 1604 463 1638 docendas,
528 1603 579 1636 Ea
607 1616 660 1636 res
691 1605 872 1637 interitum
903 1604 1058 1637 minatur

72 1653 257 1685 universae
274 1653 434 1695 religioni
455 1650 687 1689 Christianae.
747 1653 936 1696 Quomodo
963 1655 1056 1686 enim

73 1704 275 1736 conservari
292 1704 414 1746 religio
440 1704 585 1747 poterit,
619 1704 693 1736 sine
718 1704 899 1737 literarum
924 1705 1059 1743 studiis,
1083 1730 1085 1737 .

1083 1773 1084 1777 ,
1109 1753 1275 1784 adversus
1294 1749 1496 1798 hypocritas
1520 1756 1710 1798 quosdam,
1747 1755 1808 1799 qui
1834 1756 1953 1789 omnia
1976 1754 2100 1789 huma-

71 1754 146 1786 sine
172 1755 310 1787 idoneis
335 1754 564 1787 doctoribus?
603 1754 650 1787 ita
673 1755 833 1797 sacrilegi
865 1755 942 1795 isti,
984 1766 1056 1786 non

72 1805 186 1837 solnm
213 1816 293 1847 erga
327 1812 524 1848 praesentes
556 1805 751 1838 sacerdotes
782 1806 941 1838 crudeles
965 1812 1058 1845 sunt,

71 1856 128 1887 sed
176 1855 278 1888 etiam
322 1855 522 1887 universam
562 1855 769 1898 religionem
808 1854 1059 1895 Christianam,

70 1913 242 1950 qnantum
263 1905 298 1937 in
318 1905 401 1949 ipsis
419 1912 487 1945 est,
514 1905 630 1938 delere
648 1913 833 1941 conantur.

167 1955 333 1989 Veterum
352 1956 552 1999 principum
568 1956 660 1999 leges
676 1957 911 1990 atrocissimas
929 1969 1056 2001 poenas

70 2008 105 2039 in
125 2007 305 2050 sacrilegia
331 2007 568 2048 constituunt,
596 2019 686 2049 non,
714 2015 753 2042 ut
777 2008 932 2052 imperiti
958 2008 1055 2041 iudi·—

69 2064 167 2098 cant,
192 2057 438 2101 superstitione
467 2057 603 2102 aliqua,
630 2059 728 2104 quasi
745 2058 841 2092 Deus
865 2071 952 2092 auro
979 2058 1053 2102 pla-

69 2108 138 2140 cari
165 2114 196 2140 et
221 2108 288 2140 coli
311 2108 414 2149 velit,
445 2109 503 2140 sed
529 2110 623 2153 quod
647 2110 891 2153 intelligebant
913 2110 1054 2153 sapien-

67 2158 189 2191 tissimi
216 2159 392 2202 principes
419 2159 462 2190 ad
486 2159 602 2192 studia
626 2161 807 2194 doctrinae
830 2159 1052 2195 Christianae

69 2210 328 2249 conservanda,
369 2208 605 2243 Ecclesiarum
640 2212 822 2245 facultates
849 2212 1051 2245 retinendas

65 2271 147 2295 esse.
202 2259 241 2292 ld
267 2260 360 2292 enim
383 2259 616 2304 Reipublicae
639 2261 802 2303 interest,
835 2275 908 2295 non
933 2263 1048 2296 solum

65 2317 102 2343 nt
127 2311 367 2353 praesentibus
393 2312 632 2345 sacerdotibus
656 2319 799 2346 curetur
825 2314 956 2352 victus,
990 2315 1047 2347 sed

66 2361 166 2393 etiam
185 2368 222 2394 ut
238 2363 397 2395 doctrina
416 2360 614 2396 Christiana
634 2370 846 2407 propagetur
863 2365 907 2397 ad
933 2371 1048 2408 poste-

68 2422 136 2446 ros.
190 2411 229 2444 Id
256 2412 357 2446 aliter
381 2413 455 2445 fiori
482 2425 554 2446 non
580 2422 709 2457 potest,
744 2415 812 2447 nisi
835 2416 878 2447 de
904 2415 1047 2459 publico

65 2461 204 2495 :ilzintur
224 2463 315 2496 bona
335 2464 494 2507 ingenia,
522 2465 693 2498 destinata
718 2466 844 2499 studiis
868 2477 1045 2499 sacrarum

66 2512 263 2553 literarum,
291 2520 327 2546 ut
352 2516 393 2547 ad
421 2522 576 2557 posteros
600 2516 728 2560 reliqui
755 2517 842 2556 sint,
871 2517 929 2561 qui
956 2523 1046 2549 recte

62 2564 185 2595 docere
204 2564 346 2606 possint.
399 2564 543 2599 Necesse
562 2573 610 2599 est
629 2568 723 2599 enim
747 2565 811 2600 hos
835 2569 877 2599 de
904 2567 1044 2610 publico

60 2613 124 2654 ali,
150 2613 240 2646 sicut
256 2615 393 2656 milites,
420 2616 499 2660 quia
519 2618 602 2650 dum
622 2615 703 2651 hnic
721 2619 768 2650 rei
788 2630 930 2661 operam
947 2620 1044 2656 dant,

61 2676 131 2697 non
149 2671 294 2709 possunt
312 2666 396 2699 alias
413 2674 640 2712 quaestuosas
656 2676 745 2703 artes
761 2669 909 2710 discere,
937 2681 1044 2714 qnare

406 96 442 132 2.
477 91 840 130 COMMENTARII
867 92 918 129 IN
943 92 1098 132 Epls'r.
1125 90 1273 128 PAULI
1300 91 1367 128 AD
1394 90 1655 129 ROMANOS.
1709 90 1814 130 CAP.
1840 93 1940 131 XVI.

2044 95 2118 132 794

1125 181 1255 214 victum
1268 208 1275 220 ‚
1311 181 1380 214 nisi
1406 182 1448 214 de
1480 181 1644 225 publico,
1686 179 1816 215 habere
1846 193 1920 216 non
1954 190 2112 226 possunt.

1124 231 1207 264 Ideo
1233 231 1365 266 Paulus
1399 233 1604 276 gravissime
1635 233 1723 266 dixit
1741 260 1750 274 ,
1793 244 2001 276 comparans
2032 245 2111 266 cnm

1123 282 1297 316 militibus
1325 281 1419 317 hunc
1449 284 1636 324 ordinem,
1681 291 1756 317 tum
1781 284 2000 325 docentium,
2037 290 2113 317 tum

1121 333 1348 366 discentium:
1378 333 1488 367 Nemo
1506 335 1634 368 militat
1651 335 1722 368 suis
1738 335 1935 378 stipendiis.
1990 334 2112 378 Signi-

1120 381 1198 417 ficat
1214 384 1307 416 enim
1326 384 1476 427 publicis
1495 385 1679 428 stipendiis
1697 385 1843 418 alendos
1860 397 1932 419 esse
1948 383 2026 429 hos,
2050 385 2112 431 qui

1120 431 1294 467 Ecclesiae
1315 435 1486 470 serviunt.

1222 484 1289 518 Sed
1311 483 1395 518 haec
1412 486 1542 519 frustra
1559 486 1795 519 declamamus
1821 483 1876 519 his
1903 487 2111 520 miserrimis

1118 536 1346 578 temporibus,
1366 537 1494 580 quibus
1512 537 1598 570 iacet
1612 548 1776 581 oppressa
1788 537 1976 580 multiplici
1990 545 2111 583 tyran-

1118 586 1201 619 nide
1218 587 1341 629 religio
1353 585 1570 621 Christiana.
1604 586 1698 621 Boni
1711 594 1829 620 tamen
1844 584 1910 620 hoc
1922 590 2030 631 magis
2048 590 2110 622 ad—

1116 637 1286 670 monendi
1299 645 1391 678 sunt,
1409 650 1453 670 ne
1471 639 1637 681 exemplis
1655 638 1727 670 illis
1738 639 1972 679 adducantur,
1989 646 2025 671 ut
2044 639 2111 682 ipsi

1117 700 1257 733 quoqne
1275 701 1398 732 parum
1416 696 1618 722 reverenter
1632 690 1785 722 sentiant
1801 689 1844 721 de
1859 690 2110 725 sacerdotibus.

1117 738 1281 773 Vidimus
1305 740 1400 772 enim
1425 746 1597 784 quantum
1624 737 1710 773 haec
1735 740 1893 783 exempla
1917 740 2022 782 vulgo
2043 752 2110 773 no-

1117 797 1227 825 ceant.
1286 789 1405 833 Quare
1424 789 1509 824 haec
1533 791 1636 825 nobis
1662 791 1729 835 ipsi
1749 802 1849 835 saepe
1867 791 2108 830 subiiciamus,

1117 852 1219 885 saepe
1237 838 1322 875 haec
1338 842 1554 875 inculcemus
1572 842 1723 886 populo:
1752 840 1883 885 Magna
1899 853 1964 875 nos
1980 842 2108 875 mereri

1117 893 1288 935 praemia,
1316 893 1343 925 si
1362 895 1557 926 sacerdotes
1573 894 1724 936 benigne
1744 899 1951 934 tractemus,
1979 904 2037 925 eos
2052 893 2108 926 iu—

1117 954 1255 981 vemus,
1284 943 1313 975 si
1330 942 1464 977 Christi
1482 945 1679 978 doctrinam
1708 944 1858 977 fideliter
1883 944 1927 977 ad
1950 951 2107 987 posteros

1118 994 1299 1037 prapagari
1317 1006 1497 1035 curemuS,
1530 1002 1563 1028 et
1590 993 1780 1028 horribiles
1797 1006 1928 1038 poenas
1947 993 2023 1028 Deo
2043 995 2107 1028 da-

1116 1052 1214 1078 turos
1233 1056 1304 1077 esse
1322 1045 1450 1085 iustos,
1479 1046 1539 1090 qui
1557 1046 1715 1079 crudeles
1739 1052 1821 1079 sunt
1840 1045 1877 1077 in
1896 1047 2104 1086 sacerdotes,

1116 1095 1176 1141 qui
1196 1103 1358 1128 recusant
1380 1096 1493 1129 studia
1513 1097 1694 1129 doctrinae
1713 1093 1936 1130 Christianae
1954 1097 2085 1129 iuvare.

1217 1145 1382 1179 Vicissim
1401 1154 1433 1180 et
1450 1148 1504 1180 sui
1528 1148 1634 1180 officii
1655 1147 1881 1180 meminerint
1899 1148 2106 1186 sacerdotes,

1114 1204 1152 1230 ut
1177 1203 1268 1229 recte
1293 1199 1457 1237 doceant,
1486 1205 1523 1231 ut
1548 1197 1778 1231 conscientias
1803 1198 2019 1240 ambigentes
2046 1209 2101 1230 sa—

1114 1255 1216 1287 nent,
1243 1249 1546 1282 incommoditate
1563 1261 1701 1281 morum
1718 1255 1845 1281 ornent
1856 1246 2102 1290 Evangelium.

1113 1297 1194 1330 Non
1218 1298 1312 1330 enim
1336 1299 1454 1331 vocari
1473 1300 1670 1332 sacerdotes
1688 1304 1880 1333 merentur.
1934 1297 2102 1342 Epicurei

1112 1349 1169 1381 isti
1195 1349 1255 1393 qui
1281 1361 1355 1382 non
1379 1349 1493 1382 solum
1522 1362 1595 1383 non
1618 1351 1746 1383 docent
1761 1348 2015 1393 Evangelium,
2043 1351 2103 1381 sed

1111 1399 1265 1432 suaviter
1281 1400 1430 1433 irrident
1447 1412 1568 1434 omnes
1585 1401 1791 1446 religiones,
1829 1407 1862 1435 et
1887 1400 2027 1435 interim
2050 1412 2104 1434 sa-

1110 1462 1167 1484 cra
1185 1450 1222 1483 in
1241 1458 1387 1496 quaestu
1404 1449 1545 1487 habent.

1453 1576 1592 1630 Caput
1635 1578 1755 1619 XVI.

1211 1650 1289 1685 Hoc
1305 1651 1418 1696 Caput
1445 1653 1514 1686 sere
1541 1659 1653 1686 totum
1680 1653 1902 1687 consumitur
1920 1654 1955 1686 in
1974 1655 2101 1688 saluta-

1110 1701 1279 1736 tionibus.
1334 1704 1385 1735 Ac
1411 1704 1552 1746 prodest
1572 1701 1638 1737 hoc
1663 1705 1862 1748 exemplum
1891 1705 2100 1745 meminisse,

1110 1803 1231 1836 nitatis
1249 1804 1361 1836 osflcia
1380 1804 1509 1836 sanctis
1533 1805 1717 1844 adimunt,
1744 1818 1822 1838 curn
1848 1806 1990 1850 quidem
2015 1804 2100 1840 baec

1108 1853 1253 1886 comitas
1287 1854 1574 1897 significationem
1603 1853 1729 1890 habeat
1753 1855 1975 1890 Christianae
2005 1858 2095 1890 dile-

1107 1904 1250 1944 ctionis,
1277 1912 1310 1938 et
1327 1906 1381 1937 vel
1399 1906 1584 1950 praecipue
1602 1907 1721 1940 deceat
1738 1908 1912 1953 doctores.

1210 1954 1250 1988 In
1268 1956 1335 1988 fine
1352 1957 1537 1995 admonet,
1566 1969 1610 1989 ne
1625 1958 1824 1997 admittant,
1850 1970 1936 1991 neve
1952 1960 2097 1992 audiant

1079 2007 1081 2027 ³
1107 2007 1321 2048 perniciosos
1346 2008 1524 2048 doctores,
1551 2015 1583 2041 et
1602 2016 1755 2042 serentes
1781 2010 1978 2042 doctrinam
2018 2023 2096 2043 cum

1103 2055 1296 2100 Evangelio
1319 2066 1544 2101 pugnantem.
1606 2058 1654 2093 Ut
1685 2060 1779 2092 enim
1807 2060 1982 2099 medicus,
2017 2074 2097 2094 cum

1104 2109 1254 2141 remedia
1273 2110 1500 2149 monstravit,
1528 2110 1624 2143 iubet
1643 2110 1747 2144 etiam
1778 2122 1900 2143 cavere
1921 2123 1978 2151 ea,
2005 2124 2092 2157 quae

1104 2159 1269 2192 videntur
1288 2160 1466 2192 nocitura:
1501 2161 1547 2193 ita
1567 2161 1763 2204 Apostolus
1787 2168 1970 2206 postquam
1990 2174 2095 2207 supra

1103 2211 1247 2243 tradidit
1273 2211 1499 2254 praecipuum
1522 2212 1637 2244 locum
1659 2213 1840 2246 doctrinae
1859 2210 2091 2251 Christianae,

1104 2259 1266 2294 bortatur
1288 2268 1325 2294 ut
1350 2261 1421 2295 sint
1451 2262 1711 2306 circumspecti,
1751 2270 1783 2296 et
1809 2263 2025 2306 advigilent,
2049 2276 2093 2298 ne

1102 2312 1161 2357 qui
1179 2313 1349 2356 obrepant
1366 2312 1450 2355 ipsis
1471 2314 1632 2346 doctores
1650 2314 1764 2356 impii.

1202 2361 1247 2396 Et
1273 2370 1311 2397 ut
1334 2375 1455 2396 cavere
1476 2364 1615 2397 facilius
1639 2365 1796 2407 possint,
1831 2372 1922 2399 artes
1941 2365 2093 2410 {indicat,

1099 2414 1228 2458 quibus
1253 2415 1431 2458 imperitos
1459 2415 1514 2448 isti
1547 2415 1756 2457 impostores
1800 2417 2094 2453 circumveniunt.

1098 2463 1310 2509 Decipiunt,
1347 2465 1482 2510 inquit,
1524 2477 1585 2509 per
1618 2465 1886 2515 χρηστολογίας
1907 2465 1967 2502 καὶ
1993 2466 2092 2502 εὐλο-

1131 2513 1138 2524 .

1098 2527 1193 2562 γιας.

1198 2563 1472 2613 Χρῃσῑολογιάι
1492 2564 1583 2599 haud
1605 2567 1712 2600 dubie
1730 2568 1926 2611 significant
1943 2570 2092 2602 blandos

1342 2616 1433 2651 Sunt
1452 2624 1567 2651 autem
1602 2618 1796 2652 blanditiae
1819 2627 1851 2652 et
1874 2620 1911 2652 in
1935 2621 2091 2652 moribus

1361 2675 1392 2702 et
1412 2668 1449 2701 in
1466 2668 1540 2713 ipso
1558 2679 1683 2712 genere
1706 2671 1897 2706 doctrinae.
1948 2668 2089 2703 Etenim

1097 2628 1287 2652 sermones.

1094 2670 1295 2703 docentium
1306 2695 1314 2710 ‚
