2415 2942
247 224 261 241 ι>
280 223 323 240 nn
358 206 469 248 Atqui
497 198 612 232 cixilia
639 194 806 228 beneficia
833 194 874 226 ad
906 201 1024 224 servos
1049 201 1119 222 non
1145 199 1227 232 per-

249 262 372 294 tinent.

351 304 440 339 [sus
459 308 506 334 est
524 305 637 332 autem
658 295 789 329 Paulus
806 290 862 326 hic
881 292 1020 326 duobus
1042 288 1234 327 vocabulis,

253 361 347 392 iubet
384 359 556 398 praestare
590 350 697 383 iusta,
740 344 870 378 scilicet
907 342 1074 376 mandata
1098 340 1235 381 legibus

253 408 382 443 ‹lixinis
409 412 439 437 et
469 399 640 446 positivis,
697 395 828 429 Seneca
858 394 905 427 sic
940 393 1116 437 loquitur:
1157 388 1235 422 Non

256 462 358 493 licere
377 452 609 489 inhominem
630 458 718 493 quae
735 447 789 479 ius
806 452 949 478 naturae
968 450 1072 476 vetat.
1128 439 1237 474 Addit

258 518 372 544 autem
418 504 546 539 Paulus
565 515 572 535 :
626 498 802 531 praestate
843 495 1100 540 aequalitatem.
1155 489 1240 521 Vult

260 567 396 605 praeter
422 557 503 592 illa,
540 562 628 596 qnae
652 545 1003 591 comprehenduntur
1028 540 1242 584 obligatione

261 610 353 645 cix-ili
373 608 447 641 dari
467 602 653 638 beneficia,
675 610 763 643 quae
780 598 995 639 obligatione
1014 591 1165 626 naturali
1183 592 1243 623 de-

262 665 414 698 bentur,
452 663 490 689 ut
526 650 752 687 benemeritis
786 649 900 681 danda
937 652 1018 679 sunt
1053 641 1244 685 singularia

264 710 436 757 praemia,
463 704 603 739 levandi
623 708 703 734 sunt
724 700 860 732 labores
879 696 1026 738 aegrotis
1044 702 1075 727 et
1092 693 1246 726 senibus.

266 764 395 798 Seneca
421 756 618 800 exemplum
641 751 767 792 allegat
792 749 835 782 de
861 747 1031 781 occultata
1062 743 1205 777 domina
1230 754 1247 773 a

267 812 376 847 servis
398 815 494 852 capta
518 807 616 840 urbe.
671 801 764 834 Illud
789 800 890 833 etiam
914 797 1154 831 consideretur
1172 803 1249 826 cum

268 867 310 898 de
337 860 544 905 aequalitate
565 855 710 892 dicitur,
745 850 1041 884 considerandum
1063 857 1154 885 esse,
1189 842 1251 876 ubi

270 913 461 958 aequalitas
487 905 692 952 geometrica
720 902 949 946 proportione
972 900 1087 932 locum
1113 894 1251 934 habeat,

270 966 330 999 ubi
351 973 434 996 usus
459 961 503 993 sit
528 954 747 1001 aequalitatis
772 950 991 986 arithmetica
1015 946 1255 992 proportione.

274 1015 363 1049 Cum
388 1012 472 1046 dicit
498 1008 646 1042 Paulus:
681 1003 860 1037 Praestate
883 1000 1148 1046 aequalitatem,
1183 1006 1257 1028 non

273 1066 350 1099 vult
375 1073 491 1097 servos
512 1058 587 1092 fieri
610 1055 771 1101 aequales
797 1054 853 1086 vel
877 1063 978 1096 pares
1000 1049 1165 1087 domino,
1198 1047 1256 1079 sed

273 1117 351 1149 vult
369 1112 500 1147 servari
516 1109 760 1154 aequalitatem
783 1103 990 1148 geometrica
1014 1098 1259 1146 proportione.

277 1167 368 1200 Tota
391 1171 506 1197 autem
527 1159 613 1194 haec
632 1157 790 1191 doctrina
808 1166 901 1187 nunc
919 1164 1060 1198 quoque
1085 1149 1261 1194 sequenda

278 1225 344 1256 est,
371 1223 403 1249 et
428 1215 464 1247 in
487 1210 631 1246 familiis
655 1216 687 1242 et
712 1208 749 1240 in
773 1205 1026 1249 gubernatione
1051 1201 1263 1246 principum.

278 1268 429 1302 Manent
447 1263 584 1296 vincula
604 1260 686 1303 legis
703 1258 844 1291 divinae
858 1284 866 1295 ,
895 1267 983 1300 quae
1003 1253 1133 1297 pariter
1155 1251 1266 1294 ligant

283 1326 315 1352 et
334 1316 515 1358 Principes
529 1320 561 1346 et
581 1310 761 1356 populum.
816 1306 998 1348 Principes
1022 1316 1093 1337 non
1119 1302 1167 1335 sic
1186 1306 1267 1334 sunt

281 1368 437 1405 domini,
465 1372 503 1399 ut
527 1365 627 1397 liceat
647 1361 694 1393 eis
712 1359 873 1392 subditos
890 1356 964 1388 sine
982 1356 1071 1387 iusta
1090 1364 1190 1386 causa
1210 1352 1268 1383 in-

281 1420 454 1457 terficere,
491 1422 551 1449 aut
573 1413 710 1446 auferre
733 1409 913 1443 facultates
938 1417 1057 1439 eorum
1082 1404 1157 1437 sine
1180 1403 1267 1435 iusta

285 1483 385 1504 causa
413 1475 475 1502 etc.

336 1554 462 1588 Sermo
481 1554 590 1584 vester
609 1547 645 1580 in
663 1544 791 1592 gralia
810 1541 889 1577 sale
907 1538 1072 1575 conditus
1095 1538 1142 1572 sil
1163 1542 1223 1573 etc.

391 1620 580 1655 Manifesta
611 1614 813 1648 deformitas
839 1617 890 1644 est
915 1609 1083 1642 vitiorum
1107 1604 1275 1640 Scurrili-

291 1675 370 1709 tatis
390 1681 423 1706 et
443 1667 663 1704 insulsitatis,
717 1662 920 1699 Scurrilitas
941 1671 1018 1692 cum
1044 1655 1276 1701 impudentia,

291 1725 465 1763 vanitate,
493 1718 748 1756 obscoenitate,
777 1713 956 1747 autetiam
974 1708 1163 1742 virulentia
1190 1718 1276 1739 con-

292 1778 410 1810 iuncta
429 1781 488 1806 est.
524 1770 663 1804 Dicitur
681 1774 795 1800 autem
815 1764 961 1802 Scurra,
976 1773 993 1793 a
1013 1757 1132 1803 σκῶρ,
1158 1758 1192 1791 id
1217 1764 1278 1796 est,

292 1836 442 1863 stercus,
474 1830 512 1856 ut
538 1822 581 1855 sit
607 1819 703 1864 quasi
730 1824 880 1850 stercora
905 1813 1072 1855 loquens,
1101 1807 1200 1854 σκῶρ
1223 1806 1277 1841 λε’-

294 1890 385 1925 γων.
441 1873 574 1908 Graece
599 1869 830 1903 nominantur
849 1860 1082 1911 fflomdhzot,
1110 1859 1210 1906 quasi
1234 1860 1276 1892 ad

294 1940 388 1963 aram
415 1926 599 1962 cubantes,
634 1920 716 1965 quia
743 1920 783 1951 ad
809 1915 974 1950 sacrificia
1000 1911 1102 1945 multi
1128 1910 1279 1943 mendici

295 1978 541 2016 accurrebant,
576 1972 636 2018 qui
655 1970 760 2003 variis
777 1968 879 2011 nugis
899 1964 1080 2009 pecuniam
1101 1961 1279 1994 mendica-

296 2032 409 2068 bant,
452 2026 540 2059 sicut
567 2031 599 2057 et
625 2020 903 2066 praestigiatores
920 2043 928 2056 ,
969 2015 1030 2060 qui
1067 2013 1281 2057 pulvisculos

298 2087 500 2115 sanctorum
532 2072 834 2109 circumtulerunt.
888 2066 1070 2100 Insulsitas
1096 2076 1177 2096 vero
1209 2070 1282 2097 stu-

299 2143 364 2177 por
387 2136 438 2162 est
461 2127 592 2160 nimius
616 2131 648 2158 et
671 2122 838 2164 indignus
861 2117 1016 2152 homine.
1077 2113 1173 2148 Inter
1198 2111 1282 2146 haec

299 2182 385 2215 vitia
405 2175 616 2220 Philosophi
639 2174 811 2207 collocant
833 2168 1006 2205 medium,
1035 2167 1128 2210 quod
1149 2170 1197 2198 est
1218 2164 1284 2196 Le·-

299 2244 382 2277 pos,
409 2230 470 2275 qui
494 2235 544 2262 est
568 2228 604 2260 in
629 2235 791 2259 sermone
813 2217 1002 2254 hilaritatis
1030 2223 1063 2250 et
1087 2215 1284 2261 asperitatis

299 2281 503 2316 moderatio.

403 2330 465 2365 Est
482 2335 599 2363 autem
622 2325 792 2359 excellens
810 2322 846 2355 in
862 2319 1006 2353 homine
1023 2324 1284 2357 ornamentum,

304 2384 396 2417 dicta
423 2389 454 2415 et
478 2389 655 2414 sermones
686 2373 903 2418 tempestitve
929 2371 1086 2415 proferre
1116 2381 1175 2401 seu
1199 2368 1285 2410 figu-

304 2441 377 2468 rate
398 2444 457 2465 seu
482 2429 708 2473 simpliciter,
738 2425 797 2469 qui
816 2429 872 2456 aut
895 2422 1036 2455 moestis
1062 2420 1219 2453 dolorem
1239 2419 1288 2450 le-

303 2486 423 2522 niant,
457 2488 515 2514 aut
544 2481 578 2512 in
603 2478 700 2512 iratis
727 2475 856 2510 nimios
880 2480 998 2506 motus
1021 2478 1094 2504 arte
1115 2470 1290 2511 frangant,

305 2547 368 2569 aus
394 2532 564 2577 superbos
588 2526 859 2572 reprehendant.
920 2524 1148 2557 Concurrunt
1172 2526 1287 2552 autem

305 2584 438 2629 ingenii
457 2581 614 2616 celeritas
630 2586 661 2612 et
678 2577 830 2621 cognitio
850 2575 1039 2609 multarum
1057 2583 1187 2605 rerum.
1237 2570 1290 2603 Ac

306 2635 391 2669 haec
416 2645 494 2667 cnm
523 2631 654 2665 accedit
686 2627 900 2666 moderatio,
942 2631 1055 2659 totum
1080 2620 1147 2656 hoc
1178 2621 1290 2654 virtus

846 105 969 139 PlllL.
999 103 1112 138 Tum..
1142 98 1349 135 SCRIPTA
1382 97 1681 134 EXEGETtCA,

2176 98 2272 133 1280

1284 199 1301 219 a
1335 185 1522 220 seditione.
1589 183 1755 217 Pulcrum
1784 183 1851 217 suit
1879 190 1911 218 ct
1939 183 2106 218 Demadis
2135 185 2280 219 dictum,

1290 237 1496 271 Alexandro
1532 242 1671 268 mortuo
1705 235 1894 268 exercitum
1923 236 1997 268 eius
2028 235 2179 268 similem
2212 246 2284 268 esse

1287 287 1432 334 Cyclopi
1463 286 1587 319 ess'osso
1617 285 1738 318 oculo:
1778 293 1809 318 et
1835 286 1941 318 illud:
1979 284 2106 328 ‘m‘flmm
2139 282 2282 318 initum:

1289 347 1321 372 et
1348 336 1415 371 hoc
1439 334 1595 370 Erasmi:
1632 336 1734 369 Mens
1760 334 1959 370 Christiana
1985 321 2187 369 stomachus¹
2210 336 2283 368 Lu-

1290 388 1456 423 theranus
1483 394 1545 421 est.
1608 385 1657 420 Et
1682 398 1758 419 mea
1783 387 1938 420 narratio
1968 387 2011 419 de
2043 387 2206 429 gentibus
2233 392 2286 419 at-

1291 439 1568 483 temperantibus
1592 437 1782 480 religiones
1805 438 1847 469 ad
1873 449 1952 470 suas
1975 444 2136 476 naturas,
2172 443 2206 469 et
2231 447 2286 468 re-

1300 492 1351 534 gis
1373 489 1559 522 Gallorum
1576 488 1769 522 Ludovici:
1793 499 1864 520 non
1890 488 2066 531 pertinent
2090 488 2131 520 ad
2159 498 2288 530 regem,

1296 552 1384 587 quae
1413 547 1512 573 antea
1533 546 1652 572 contra
1672 541 1795 571 ducem
1813 539 1900 571 facta
1920 545 2013 572 suut.
2073 536 2119 571 Et
2136 543 2288 570 vetustas

1298 591 1469 625 discernit
1495 591 1600 623 salem
1635 590 1825 622 candidum
1848 602 1864 621 a
1888 589 2009 632 nigro,
2043 595 2076 621 et
2099 588 2288 621 candidum

1299 643 1383 675 dicit
1410 653 1480 673 esse
1506 640 1693 679 Mercurii,
1722 646 1759 672 ut
1785 646 1864 672 sunt
1889 640 1997 679 dicta,
2025 651 2113 684 quae
2134 640 2290 672 bonevo-

1300 693 1445 726 lentium
1469 698 1613 731 augent,
1640 698 1679 724 ut
1704 691 1916 724 Alexandri:
1946 689 2097 732 Regium
2115 697 2165 723 est
2183 690 2291 721 bene-

1301 744 1482 777 facientem
1503 743 1592 775 ferre
1610 742 1808 779 maledicta,
1835 749 1893 775 aut
1912 741 2000 773 illud
2019 740 2153 774 Plauti:
2182 738 2292 772 Bonis

1304 796 1393 827 bene
1419 793 1512 836 qnod
1540 793 1596 831 fit,
1637 793 1673 825 id
1703 793 1843 824 demum
1878 803 1981 834 grave
2010 803 2049 824 ac
2072 797 2209 834 gratum
2233 796 2294 823 est.

1304 843 1351 879 Et
1379 845 1421 876 de
1445 841 1510 876 hoc
1540 854 1664 885 genere
1689 843 1776 886 petit
1801 840 2057 882 Callimachus,
2084 848 2122 875 ut
2149 839 2293 874 Gratiae

1308 895 1452 929 alubant
1471 904 1595 926 manus
1612 893 1785 926 ambrosia
1803 893 1838 925 in
1857 905 1919 926 suo
1935 891 2110 927 Carmine.
2147 891 2297 934 Nigrum

1308 958 1391 979 vero
1417 945 1523 977 salem
1552 944 1716 977 dixerunt
1743 955 1814 976 esse
1836 943 1960 976 Momo
1977 970 1986 984 ,
2025 951 2062 976 ut
2087 950 2168 976 sunt
2191 953 2295 974 vene-

1311 1003 1411 1030 natae
1436 992 1741 1038 reprehensiones,
1776 1000 1814 1026 nt
1833 992 2065 1037 Antiphontis
2091 995 2132 1026 ad
2161 991 2298 1038 Diony-

1311 1049 1401 1081 sium
1413 1074 1420 1084 ,
1438 1046 1590 1089 optimos
1608 1045 1793 1079 statuarios
1810 1043 1960 1077 Athenis
1974 1044 2199 1078 adducendos
2214 1055 2298 1082 esse,

1314 1098 1375 1145 qui
1398 1097 1559 1130 fecissent
1587 1103 1718 1129 statuas
1742 1095 1982 1139 tyrannicidis.

1390 1148 1478 1181 Cum
1497 1154 1609 1179 autem
1627 1144 1683 1180 hic
1694 1146 1823 1179 Paulus
1842 1146 2002 1178 nominat
2017 1145 2161 1189 gratiam
2178 1144 2215 1178 in
2228 1156 2299 1178 ser-

1315 1211 1432 1239 mone,
1448 1199 1522 1231 vult
1535 1198 1636 1230 vitari
1652 1197 1898 1231 scurrilitatem
1911 1224 1918 1234 ,
1940 1197 2224 1235 obscoenitatem,
2244 1196 2300 1228 in-

1317 1251 1521 1287 sulsitatem,
1538 1248 1751 1287 iactantiam,
1762 1248 1986 1281 virulentiam
2000 1254 2032 1280 et
2043 1245 2301 1293 sycophantias.

1318 1303 1442 1336 Postea
1462 1312 1540 1333 cum
1559 1300 1664 1333 salem
1684 1299 1855 1339 nominat,
1877 1310 1948 1331 non
1966 1310 2107 1342 prorsus
2122 1305 2159 1332 ut
2177 1295 2302 1331 Philo-

1322 1351 1421 1396 sophi
1437 1352 1478 1383 (le
1489 1352 1618 1384 salibus
1630 1350 1798 1394 loquitur,
1816 1349 1879 1382 etsi
1897 1347 1951 1383 his
1967 1362 2108 1394 quoque
2126 1350 2222 1383 locus
2237 1355 2302 1382 est:

1324 1405 1380 1436 sed
1401 1402 1611 1445 generaliter
1639 1401 1801 1443 intelligit
1829 1401 1933 1433 salem
1962 1400 2131 1433 iudicium
2158 1407 2250 1434 recte
2272 1408 2305 1433 et

1325 1456 1443 1487 dextre
1463 1452 1729 1485 accommodans
1746 1451 1891 1483 verbum
1901 1449 1978 1490 Dei,
1996 1450 2200 1485 utMarci9.
2218 1451 2306 1484 dici-

1324 1515 1396 1539 tur:
1425 1503 1547 1536 Bonus
1562 1510 1611 1535 est
1629 1502 1700 1541 sal,
1722 1498 1847 1533 habete
1867 1502 1901 1534 in
1919 1502 2018 1534 vobis
2036 1503 2162 1540 salem,
2190 1509 2222 1535 et
2245 1513 2304 1544 pa-

1326 1567 1398 1588 cem
1422 1552 1546 1586 habete
1569 1553 1661 1584 inter
1684 1563 1756 1584 vos.
1809 1551 1879 1585 Ubi
1905 1553 1953 1584 sal
1973 1553 2144 1593 significat
2158 1553 2306 1586 verbum

1326 1606 1391 1640 Dei
1413 1611 1502 1637 recte
1533 1603 1770 1644 intellectum,
1804 1600 1964 1636 adhibito
1995 1603 2127 1636 iudicio
2151 1615 2211 1636 seu
2235 1604 2307 1636 dis-

1328 1655 1475 1690 crimine
1489 1682 1496 1695 ,
1521 1666 1564 1687 ne
1581 1652 1851 1686 transformetur
1868 1653 1905 1686 in
1922 1651 2122 1698 prophanas
2142 1654 2311 1695 imagina-

1329 1708 1452 1745 tiones,
1476 1713 1514 1739 ut
1531 1705 1707 1743 servans,
1723 1700 1970 1745 Thammerus,
1985 1705 2045 1750 qui
2062 1705 2183 1740 dicunt
2199 1701 2311 1753 λόγον

1331 1770 1402 1792 non
1433 1768 1504 1789 esse
1529 1751 1807 1801 ὑφιστάμενον,
1848 1755 1906 1788 sed
1936 1767 2008 1789 esse
2033 1768 2153 1789 vocem
2184 1768 2312 1789 evane-

1331 1815 1494 1843 scentem.
1555 1807 1660 1845 ltem,
1694 1817 1738 1838 ne
1761 1805 1883 1838 deletis
1906 1807 1999 1839 veris
2026 1807 2312 1841 distinctionibus

1331 1867 1361 1893 et
1382 1858 1600 1897 necessariis,
1629 1856 1841 1890 misceantur
1856 1855 1894 1888 in
1910 1869 2020 1891 unum
2037 1855 2141 1890 chaos
2157 1871 2229 1891 non
2247 1859 2315 1891 mi-

1331 1911 1471 1949 scenda,
1495 1917 1531 1943 ut
1551 1907 1799 1950 Anabaptistae,
1815 1919 1888 1940 non
1904 1908 2106 1942 discernunt
2123 1909 2316 1943 vindictam

1335 1962 1508 2006 privatam
1532 1973 1548 1992 a
1572 1958 1712 1992 iudiciis
1738 1958 1909 1991 divinitus
1935 1959 2123 1999 ordinatis,
2157 1967 2190 1994 et
2212 1961 2315 1994 dam-

1333 2020 1419 2046 nant
1436 2012 1564 2045 indicia
1590 2016 1621 2043 et
1648 2015 1759 2042 totum
1785 2009 1968 2053 politicum
1992 2010 2166 2048 ordinem.
2219 2010 2318 2051 Item,

1335 2075 1380 2097 ne
1408 2063 1526 2096 nativa
1559 2059 1765 2104 significatio
1789 2060 1978 2094 verborum
2010 2067 2188 2103 mutetur,
2228 2062 2318 2097 sicut

1335 2111 1497 2148 monachi
1517 2113 1620 2145 fidem
1637 2116 1775 2145 tantum
1792 2110 1995 2155 intelligunt
2016 2112 2182 2146 noticiam
2206 2111 2318 2147 histo-

1335 2165 1426 2204 riae,
1453 2163 1566 2209 qualis
1583 2168 1633 2196 est
1650 2168 1682 2195 et
1702 2161 1739 2193 in
1760 2161 1888 2206 impiis.
1944 2160 2052 2204 Item,
2076 2175 2121 2196 ne
2144 2165 2321 2198 addantur

1336 2215 1523 2260 opiniones
1545 2219 1738 2257 pugnantes
1760 2224 1839 2245 cum
1870 2213 2122 2255 fundamento,
2155 2221 2193 2248 ut
2215 2213 2321 2260 Papi-

1338 2273 1409 2300 stae
1440 2266 1567 2298 docent
1605 2262 1766 2296 homines
1801 2269 1959 2297 mortuos
1985 2264 2203 2298 invocandos
2236 2277 2321 2306 esse,

1338 2319 1466 2351 docent
1484 2327 1589 2360 opera
1613 2313 1796 2347 hominum
1820 2314 1948 2348 mereri
1972 2315 2215 2349 remissionem
2241 2329 2322 2361 pec-

1340 2375 1522 2407 catorum,
1562 2365 1701 2408 fingunt
1734 2363 1884 2399 Missam
1917 2364 2045 2399 mereri
2079 2366 2321 2401 remissionem

1340 2425 1559 2462 peccatorum
1579 2423 1612 2450 et
1628 2415 1770 2461 quidem
1789 2427 1828 2449 ex
1851 2427 1956 2460 opere
1979 2423 2123 2459 operato
2136 2443 2144 2457 ‚
2172 2419 2322 2452 adorant

1339 2481 1464 2513 panem
1481 2468 1518 2501 in
1535 2466 1869 2509 circumgestatione.
1921 2466 2020 2500 Haec
2042 2467 2192 2501 absurda
2221 2480 2322 2513 pror-

1340 2531 1398 2553 sus
1424 2526 1517 2564 extra
1539 2518 1666 2561 scripta
1684 2514 1887 2561 prophetica
1910 2523 1944 2551 et
1968 2518 2160 2561 apostolica
2187 2519 2323 2552 indocti

1341 2570 1551 2603 addiderunt
1588 2565 1726 2601 ethnica
1766 2566 2014 2610 superstitione
2048 2570 2089 2601 ad
2126 2569 2322 2602 doctrinam

1312 2614 1314 2630 ²
1340 2618 1526 2657 Ecclesiae.
1578 2618 1620 2653 In
1650 2615 1705 2651 his
1735 2616 1902 2663 exemplis
1933 2618 2115 2654 manifesta
2138 2626 2189 2655 est
2211 2619 2323 2654 insul-

304 2699 375 2720 esse
391 2684 535 2725 dicitur,
564 2688 601 2716 ut
617 2678 778 2714 Menenii
805 2677 973 2721 apologus
997 2672 1173 2708 revocavit
1197 2671 1289 2705 cives
1312 2695 1314 2700 ,

1340 2671 1433 2706 sitas.
