2415 2942
303 119 377 156 259

308 219 432 251 magna
455 218 509 239 res
531 212 600 247 est,
632 204 792 236 accedere
815 202 857 234 ad
882 201 1014 242 Deum,
1040 211 1079 234 ac
1102 208 1220 245 petere
1243 202 1286 234 ab

306 271 365 297 eo,
394 270 465 290 uon
490 256 602 289 solum
627 267 684 290 ea,
711 264 800 296 quae
824 253 883 285 dat
905 252 1085 285 communi
1105 264 1206 284 cursu
1225 264 1285 285 na-

307 317 422 345 turae,
454 307 511 338 sed
542 305 644 337 etiam
673 304 760 342 alia,
794 314 873 335 cum
904 309 1041 350 praeter
1064 315 1285 335 communem

307 369 445 392 cursum
471 357 507 387 iu
533 355 661 387 nostris
685 353 807 386 erratis
826 359 857 386 et
875 354 1052 386 aerumnis
1072 364 1134 386 nos
1153 354 1287 388 liberat.

310 409 466 442 Deterret
489 414 603 438 autem
629 415 691 436 nos
714 404 904 446 indignitas
922 411 1058 444 nostra,
1085 404 1286 447 praesertim

307 470 384 490 cum
404 457 552 489 sciamus
570 454 682 488 Deum
700 454 830 487 iustum
845 466 937 495 esse,
964 462 996 488 et
1014 455 1112 487 irasci
1131 455 1288 498 peccatis,

308 520 371 540 nos
397 514 511 540 autem
532 506 652 539 multis
670 505 816 548 peccatis
833 506 988 549 pollutos
1004 517 1086 538 esse.
1138 504 1206 537 Hic
1223 505 1289 546 igi-

308 567 364 592 tur
389 569 476 601 opus
504 564 552 590 est
578 557 685 588 verbo
703 556 787 598 Dei,
817 557 1019 589 testificante
1042 557 1085 588 de
1109 556 1289 588 voluntate

308 610 398 646 eius,
433 609 525 652 quod
552 607 668 639 iubeat
690 618 725 638 se
751 607 925 647 invocari,
952 614 984 640 et
1007 606 1091 639 velit
1115 606 1289 643 exaudire,

309 661 478 702 recipere,
512 659 631 690 iuvare
655 657 876 697 invocantes,
903 669 1104 701 quanquam
1126 656 1290 698 indignos

308 718 338 743 et
367 709 518 753 pollutos
541 707 698 752 peccatis.
749 706 866 748 Quare
885 708 1071 748 diligenter
1087 707 1291 749 colligamus

309 768 341 793 et
361 760 542 802 mandata,
568 765 599 791 et
620 757 887 802 promissiones,
913 764 952 790 ut
972 754 1101 791 Mattb.
1120 756 1170 788 7.:
1199 755 1291 788 I’eti-
1317 774 1319 780 x

884 807 999 840 Lucae
1026 807 1101 840 18.:
1139 805 1292 850 Oportet
1318 810 1319 820 ¹

309 819 359 851 te,
396 818 428 843 et
452 810 593 842 «labitur
620 808 737 845 vobis,
765 815 828 845 etc.

308 872 444 904 semper
469 871 586 896 orare,
621 865 653 891 et
680 869 750 889 non
776 857 989 898 languefieri.
1051 857 1084 891 1.
1103 854 1224 891 Thess.
1242 855 1291 889 5.:

310 912 455 953 Semper
479 911 641 951 gaudete,
679 908 890 940 incessanter
913 913 1028 946 orate,
1063 907 1101 939 in
1127 907 1292 939 omnibus

309 962 435 1003 gratias
467 960 567 1002 agite.
628 957 722 990 Ilaec
755 964 802 990 est
834 957 927 989 enim
962 957 1125 990 voluntas
1158 956 1221 989 Dei
1256 958 1292 989 in

308 1009 449 1044 Christo
467 1011 543 1042 lesu
560 1020 637 1052 erga
656 1019 727 1041 vos.

309 1062 415 1102 liciti,
458 1061 515 1093 sed
550 1060 586 1092 in
620 1059 784 1092 omnibus
816 1059 1015 1100 precatione
1046 1065 1080 1091 et
1113 1058 1293 1101 petitione,

309 1124 386 1144 curu
419 1112 606 1153 gratiarum
640 1110 776 1142 actione
808 1110 1058 1153 postulationes
1093 1116 1224 1142 vestrae
1250 1110 1292 1141 ad

308 1162 423 1196 Deum
442 1169 542 1194 notae
561 1162 654 1193 liant.

410 1227 662 1269 Adiungantur
684 1232 717 1258 et
732 1225 1001 1269 promissiones,
1029 1237 1176 1269 quarum
1195 1237 1292 1268 prae-
1320 1254 1322 1259 ,

310 1278 410 1322 cipua
428 1285 477 1310 est
495 1284 527 1310 et
544 1278 811 1310 fundamentum
830 1276 1062 1309 invocationis
1079 1277 1120 1308 de
1137 1287 1292 1320 quacun-

310 1341 376 1373 que
399 1341 452 1367 re,
481 1327 666 1371 promissio
686 1327 900 1359 remissionis
919 1334 1150 1370 peccatorum.

309 1380 412 1412 etiam
437 1391 515 1411 cnm
541 1378 702 1410 mandata
729 1377 942 1419 cogitamus,
978 1383 1095 1409 tamen
1120 1374 1203 1409 baec
1229 1388 1293 1407 vox

310 1441 375 1462 nos
397 1429 581 1462 absterret:
611 1434 806 1470 peccatores
821 1427 916 1461 Deus
935 1438 1006 1459 non
1023 1427 1174 1461 exaudit.
1226 1425 1295 1458 Hic

310 1480 418 1522 igitur
441 1486 520 1512 ante
543 1485 691 1511 caeteras
711 1477 959 1521 promissiones
976 1488 1214 1520 proponamus
1231 1477 1294 1508 do-
1321 1509 1322 1516 ἵ

311 1531 458 1564 ctriuam
476 1531 518 1562 de
534 1528 737 1561 remissione
754 1534 986 1570 peccatorum,
1012 1527 1161 1559 sciamus
1179 1527 1294 1559 omni-

310 1582 377 1614 bus
400 1580 583 1622 agentibus
601 1578 870 1622 poenitentiam,
897 1584 991 1610 certo
1010 1578 1136 1610 remitti
1158 1585 1293 1620 peccata
1320 1613 1322 1619 ⁴

313 1638 454 1675 propter
478 1628 656 1664 Christum
681 1629 930 1668 mediatorem,
958 1640 1029 1660 non
1056 1636 1198 1670 propter
1230 1640 1294 1659 no-
1321 1634 1323 1653 t

312 1689 418 1715 stram
442 1681 657 1722 dignitatem.

312 1739 468 1765 catorum
507 1732 590 1769 fide,

312 1781 495 1824 Evangelii
521 1781 616 1815 locis.

313 1833 442 1866 tentiae
483 1831 716 1876 proponitur,
773 1830 1002 1862 instificamur
1042 1829 1147 1871 gratis
1187 1830 1295 1869 gratia

313 1883 441 1926 ipsius,
475 1895 536 1926 per
574 1881 847 1918 redemtionem,
882 1892 970 1925 quae
1003 1887 1052 1912 est
1085 1880 1121 1912 in
1154 1878 1295 1913 Christo

314 1933 410 1973 Iesu,
453 1944 557 1978 quem
595 1932 776 1975 proposuit
805 1930 900 1964 Deus
935 1931 1204 1975 propiciatorem
1237 1942 1297 1974 per

313 1984 415 2017 fidem
433 1983 469 2016 in
487 1983 656 2024 sanguiue
675 1982 792 2025 ipsius.

416 2049 517 2083 Hanc
541 2050 641 2081 fidem
668 2049 704 2080 in
729 2048 825 2080 omni
853 2049 1075 2081 invocatione
1098 2048 1297 2090 praelucere

315 2108 471 2145 oportet,
501 2101 594 2145 quod
621 2106 760 2142 propter
777 2099 887 2131 filium
905 2099 1132 2132 mediatorem
1150 2098 1296 2141 recipia-

315 2164 415 2192 mur,
438 2151 668 2184 exaudiamur
683 2156 713 2181 et
733 2149 905 2183 iuvemur.

416 2217 505 2251 Cum
529 2215 595 2250 hac
618 2216 685 2249 fide
706 2215 944 2248 remissionem
969 2221 1189 2256 peccatorum
1208 2215 1297 2247 acci-

317 2281 396 2314 pere
421 2280 485 2301 nos
504 2268 707 2306 statuimus,
736 2264 790 2298 bic
811 2266 960 2308 primum
979 2265 1181 2297 dulcescunt
1198 2277 1296 2297 man-

318 2322 415 2359 data,
447 2325 479 2351 et
511 2326 663 2351 caeterae
688 2316 935 2360 promissiones
960 2316 1002 2347 de
1029 2315 1296 2356 particularibus

315 2369 505 2404 beneficiis.
560 2368 656 2402 Ioan.
676 2367 753 2400 14.:
783 2366 958 2409 Quicquid
979 2365 1145 2407 petieritis
1164 2373 1294 2409 patrem

318 2423 353 2453 in
381 2419 523 2452 nomine
547 2431 643 2459 meo,
678 2417 775 2451 dabit
799 2417 910 2448 vobis.
966 2414 1063 2448 lubet
1088 2423 1203 2458 petere
1231 2428 1295 2448 uo—

317 2471 412 2503 mine
430 2481 511 2507 suo,
536 2469 572 2501 id
590 2476 658 2509 est,
685 2479 718 2500 se
735 2467 934 2504 nominato,
960 2477 995 2498 se
1014 2465 1192 2503 invocato,
1217 2472 1294 2499 tan—

316 2532 420 2566 quam
453 2519 661 2561 mediatore,
692 2525 834 2562 propter
864 2528 966 2560 quem
989 2523 1082 2548 certo
1107 2516 1295 2559 recipimur
1320 2531 1322 2553 1

315 2579 348 2604 et
381 2569 607 2606 exaudimur,
640 2575 680 2601 ut
703 2569 743 2601 ad
773 2567 911 2600 Heb.4.
936 2567 1079 2598 dicitur:
1116 2565 1294 2599 Habentes

312 2621 516 2654 Pontificem
538 2618 662 2660 lesum,
685 2619 886 2651 accedamus
904 2630 980 2650 curu
998 2617 1123 2650 fiducia
1142 2619 1181 2650 ad
1197 2614 1292 2650 tliro·
1318 2625 1320 2637 ³

312 2685 394 2706 num
411 2670 552 2715 gratiae.

895 114 1017 149 PHIL.
1045 112 1158 149 MEL.
1187 113 1396 151 SCRIPTA
1424 114 1722 151 EXEGETICA.

781 1007 837 1041 Ad
856 1006 949 1042 Phil.
967 1007 1017 1042 4.:
1046 1007 1124 1041 Non
1144 1008 1219 1040 sitis
1237 1020 1292 1040 so-
1319 1003 1321 1009 ’

1204 1325 1292 1358 Nam
1320 1358 1321 1361 ,

711 1677 833 1721 Accipi
856 1691 939 1711 vero
959 1678 1197 1711 remissionem
1216 1690 1294 1721 pec-
1322 1706 1323 1709 ,

633 1737 671 1763 ut
707 1729 897 1761 clarissime
929 1730 1080 1762 traditur
1109 1729 1146 1760 in
1177 1729 1295 1761 multis
1321 1752 1323 1772 ἶ

668 1780 713 1813 Et
737 1779 842 1814 Rom.
862 1781 915 1814 3.:
949 1779 1093 1813 Summa
1119 1780 1191 1812 eius
1218 1791 1297 1811 sen-
1322 1792 1323 1797 ¹

2248 119 2321 155 260

1441 200 1513 234 Iam
1548 201 1656 243 igitur
1694 212 1912 245 opponamus
1948 201 2149 244 indignitati
2181 209 2319 236 nostrae

1340 253 1501 284 mandata
1520 259 1551 284 et
1568 252 1826 293 promissiones.
1873 251 2020 286 Etiamsi
2037 264 2156 286 sumus
2173 252 2322 295 indigni,

1340 311 1453 336 tamen
1472 303 1653 335 mandanti
1666 301 1737 335 Deo
1756 304 2069 346 obtemperandum
2083 310 2143 343 est,
2166 310 2196 336 et
2210 315 2321 348 quan—

1313 358 1315 389 }
1341 366 1444 398 quam
1469 364 1588 386 snmus
1613 353 1682 389 rei,
1709 360 1823 385 tamen
1849 354 1997 386 donatus
2015 360 2063 387 est
2082 354 2183 386 nobis
2203 354 2322 397 propi-

1341 405 1468 443 cia·‹›r‚
1502 411 1535 436 et
1566 404 1782 446 promittenti
1808 402 1882 436 Deo
1917 405 2130 437 credendum
2155 411 2225 444 est,
2258 415 2322 436 nec

1341 454 1554 487 accusandus
1579 461 1628 486 est
1649 453 1743 486 Deus
1766 454 1951 488 mendacii.
2018 452 2234 488 Accedamus
2258 454 2324 497 igi-

1343 513 1399 538 tur
1421 506 1462 536 ad
1483 516 1581 544 eum,
1608 512 1639 538 et
1659 512 1816 548 petamus
1833 504 2075 537 remissionem
2093 511 2324 548 peccatorum,

1316 575 1317 588 l
1343 555 1515 598 Spiritum
1542 562 1720 591 sanctum,
1748 562 1779 588 et
1802 555 1866 587 alia
1888 556 1978 588 bona
1998 555 2188 588 necessaria
2204 554 2325 588 Eccle-

1316 605 1318 643 ζ
1343 606 1431 644 siae,
1468 605 1630 647 politicae
1662 606 1928 647 gubernationi,
1963 613 1995 639 et
2017 605 2120 639 nobis
2146 605 2326 649 privatim.

1346 656 1395 688 De
1418 655 1553 696 Spiritu
1577 663 1694 687 sancto
1720 655 1930 688 nominatim
1955 657 2085 689 dictum
2109 662 2176 695 est,
2212 655 2326 688 Lucae

1349 706 1417 738 ll.:
1446 705 1587 747 Quanto
1605 705 1712 747 magis
1730 712 1825 748 pater
1842 713 1953 739 vester
1970 706 2126 739 coelestis
2140 705 2325 750 dabitSpi-

1345 757 1449 788 ritum
1474 764 1631 789 sanctum
1658 756 1882 799 petentibus?
1935 755 1987 788 De
2012 755 2088 788 aliis
2106 756 2325 789 liberationi-

1346 808 1409 838 bus
1433 806 1535 839 etiarn
1564 807 1764 850 perspicuae
1791 813 1822 838 et
1847 807 1975 839 multae
1995 805 2241 849 promissiones
2257 812 2327 839 tra-

1345 857 1435 889 ditae
1459 863 1558 894 sunt,
1593 856 1749 891 Psat.3.:
1778 856 1875 889 quta
1901 864 1949 889 est
1972 856 2136 889 dominus
2160 853 2233 896 his,
2263 857 2327 903 qui

1345 907 1513 939 tribulato
1537 914 1618 940 sunt
1645 909 1767 946 corde,
1796 914 1829 940 et
1854 905 2003 940 humiles
2026 907 2151 950 spiritu
2166 906 2326 945 salvabit,

1345 964 1378 990 et
1417 958 1540 989 eodem
1575 957 1732 990 Psalmo:
1776 957 1856 990 Non
1893 965 1943 991 est
1974 957 2093 1000 inopia
2123 956 2328 990 timentibus

1318 1011 1321 1045 l
1346 1019 1436 1042 eum.
1491 1006 1537 1040 Et
1558 1006 1718 1041 Christus
1744 1008 1875 1052 inquit:
1910 1008 2068 1040 Primum
2095 1007 2250 1052 quaerite
2272 1019 2328 1040 re-

1345 1069 1452 1100 gnum
1465 1056 1529 1089 Dei
1542 1084 1550 1097 ‚
1576 1065 1609 1090 et
1625 1066 1754 1091 caetera
1771 1058 1980 1091 adiicientnr
1997 1058 2107 1093 vobis.
2159 1056 2203 1090 Et
2224 1057 2328 1091 1.Ti-

1345 1105 1523 1142 motl1.4.:
1551 1107 1665 1141 Pietas
1691 1108 1938 1152 promissiones
1960 1107 2064 1142 habet
2087 1107 2279 1152 praesentis
2296 1115 2330 1141 et

1345 1159 1483 1191 suturae
1498 1158 1604 1197 vitae,
1632 1166 1693 1192 etc.

1450 1208 1551 1241 Talia
1572 1209 1662 1241 dicta
1682 1209 1791 1242 multa
1809 1208 1845 1241 in
1863 1216 2049 1257 conspectu
2068 1209 2155 1249 sint,
2180 1216 2214 1243 et
2229 1219 2330 1252 saepe

1347 1260 1544 1301 cogitentur
1561 1260 1696 1299 animo,
1723 1267 1761 1293 ut
1777 1272 1840 1292 nos
1857 1261 1899 1292 ad
1920 1260 2177 1293 invocationem
2195 1259 2330 1292 exusci-

1347 1317 1438 1349 teut,
1472 1317 1505 1342 et
1534 1310 1651 1354 aliqua
1682 1311 1774 1343 inter
1799 1312 2011 1352 precandum
2037 1310 2193 1355 quotidie
2217 1317 2330 1343 atten-

1347 1361 1496 1400 tionem,
1524 1368 1555 1393 et
1574 1361 1676 1392 fidem
1694 1361 1730 1392 in
1748 1361 1850 1393 nobis
1865 1363 2067 1394 accendant.
2120 1359 2223 1394 Certe
2239 1371 2330 1393 sem-

1347 1422 1425 1454 per,
1453 1410 1588 1454 quoties
1617 1411 1853 1452 precationem
1879 1411 2077 1451 incoamus,
2104 1411 2330 1453 cogitandum

1320 1480 1322 1504 l
1347 1468 1415 1500 est,
1451 1473 1554 1504 quem
1578 1460 1690 1493 Deum
1717 1462 1875 1501 invoces,
1910 1473 1954 1493 an
1980 1461 2038 1493 ille
2062 1461 2248 1504 indignum
2273 1473 2330 1494 ex-

1320 1526 1322 1544 t
1347 1511 1483 1550 audiat,
1509 1517 1541 1543 et
1559 1523 1621 1543 cur
1641 1512 1818 1549 exaudiat,
1848 1519 1880 1545 et
1898 1511 2100 1554 indignitati
2117 1512 2329 1556 opponenda

1320 1545 1323 1612 l
1347 1568 1428 1593 sunt
1453 1562 1615 1594 mandata
1639 1568 1672 1594 et
1696 1562 1964 1604 promissiones,
1993 1574 2031 1594 ac
2057 1563 2241 1605 praecipue
2257 1574 2328 1594 me-

1321 1654 1323 1666 l

1321 1681 1323 1694 l

1348 1612 1490 1643 ditanda
1517 1618 1549 1644 et
1573 1611 1812 1655 amplectenda
1837 1620 1886 1645 est
1909 1612 2094 1659 promissio
2113 1612 2331 1644 remissionis

1322 1667 1323 1678 ³
1350 1668 1583 1704 peccatorum.
1637 1662 1776 1694 Deinde
1794 1662 1896 1694 etiam
1916 1674 1968 1694 res
1985 1663 2133 1705 petenda
2151 1662 2332 1704 cogitetur.

1349 1712 1428 1745 Non
1453 1712 1546 1744 enim
1571 1712 1615 1744 sit
1642 1712 1754 1744 oratio
1779 1712 1895 1744 inanis
1918 1709 2163 1759 βαττολογία,
2193 1713 2252 1745 sed
2276 1724 2331 1745 res

1349 1762 1546 1804 corporales
1577 1769 1610 1794 et
1635 1762 1832 1805 spirituales
1856 1763 2068 1795 necessariae
2094 1762 2273 1795 communi
2299 1770 2332 1796 et

1351 1813 1505 1854 privatae
1538 1813 1641 1845 saluti
1676 1820 1849 1855 petantur.
1901 1813 1987 1846 Ideo
2016 1813 2109 1845 enim
2137 1813 2332 1858 plerunque

1349 1863 1450 1905 friget
1475 1863 1607 1903 oratio,
1637 1864 1717 1907 quia
1743 1875 1814 1896 non
1839 1871 2058 1908 expectamus
2082 1864 2141 1896 illa
2166 1864 2332 1896 beneficia

1350 1926 1368 1946 a
1388 1914 1479 1954 Deo,
1505 1926 1569 1946 nec
1594 1915 1689 1946 ardet
1714 1914 1750 1945 in
1772 1915 1875 1946 corde
1893 1912 1976 1946 haec
1991 1915 2050 1946 lux
2065 1921 2096 1946 et
2114 1914 2208 1954 fides,
2236 1916 2331 1958 quod

1349 1963 1444 1996 Dens
1476 1976 1555 1996 vere
1582 1964 1716 2008 aliquid
1743 1965 1923 1996 nobiscum
1950 1971 2046 2007 agat,
2080 1965 2137 1997 det
2158 1964 2330 2008 Spiritum

1351 2022 1527 2052 sanctum,
1556 2021 1668 2056 regat,
1699 2014 1814 2057 iuvet,
1842 2015 2006 2048 defendat
2021 2027 2097 2057 uos,
2125 2016 2182 2048 ‹let
2200 2015 2330 2048 victum

1351 2064 1463 2103 nobis,
1491 2065 1548 2096 sed
1568 2071 1701 2097 mentes
1719 2072 1797 2097 sunt
1814 2077 1997 2107 oppressae
2011 2065 2241 2105 dubitatione,
2267 2077 2332 2099 nec

1352 2122 1495 2157 possunt
1510 2127 1544 2147 se
1562 2115 1712 2157 erigere,
1738 2122 1775 2148 ut
1794 2128 1846 2148 res
1864 2116 1940 2148 illas
1956 2128 2036 2148 vere
2053 2118 2205 2149 statuant
2222 2128 2239 2148 a
2253 2116 2330 2149 Deo

1351 2166 1447 2207 dari,
1481 2177 1558 2197 cum
1587 2164 1649 2198 hac
1673 2173 1790 2198 nostra
1816 2166 2038 2199 dubitatione
2066 2167 2249 2210 praecipue
2273 2167 2330 2199 lu-

1351 2216 1514 2248 ctandum
1539 2222 1604 2255 est,
1632 2217 1780 2249 nitimur
1804 2217 1933 2249 nostris
1952 2217 2107 2250 consiliis
2126 2223 2158 2249 et
2175 2229 2330 2250 commo-

1323 2279 1325 2300 τ
1350 2266 1403 2298 dis
1426 2266 1625 2299 visibilibus
1651 2274 1682 2299 et
1706 2267 1888 2310 praesidiis
1913 2265 2087 2300 humanis.
2139 2266 2233 2299 Haec
2250 2279 2329 2300 cum

1350 2317 1419 2349 siut
1441 2317 1477 2349 in
1503 2324 1708 2359 conspectu,
1737 2315 1826 2349 nibil
1846 2318 2034 2350 admodum
2053 2317 2143 2350 serio
2162 2317 2292 2361 petitur
2309 2330 2329 2351 a

1322 2396 1323 2412 χ
1349 2365 1434 2401 Deo,
1497 2365 1583 2400 Cum
1615 2366 1698 2400 haec
1731 2368 1946 2410 eripiuntur,
1982 2368 2169 2411 incipimus
2190 2368 2271 2411 angi
2296 2375 2330 2401 et

1322 2431 1323 2435 ¹
1349 2417 1528 2457 dubitare,
1558 2430 1600 2450 an
1620 2417 1692 2450 Deo
1715 2430 1817 2450 curae
1835 2418 1961 2459 simus,
1988 2430 2032 2450 an
2051 2418 2280 2461 respiciamur
2294 2426 2328 2453 et

1349 2468 1520 2501 iuvemur.
1576 2468 1694 2510 Quare
1719 2479 1946 2509 agnoscamus
1970 2469 2244 2501 imbecillitatem
2262 2481 2327 2502 no-

1348 2524 1470 2558 stram,
1496 2520 1588 2562 quod
1616 2519 1659 2551 sit
1677 2519 1779 2550 nobis
1796 2530 1885 2566 opus
1902 2520 2155 2561 gubernatione
2174 2518 2326 2562 Spiritus

1318 2557 1322 2623 J
1346 2569 1475 2608 sancti,
1497 2576 1536 2602 ⁴ct
1559 2569 1652 2612 quod
1670 2567 1763 2601 Deus
1789 2581 1867 2601 vere
1889 2569 1968 2602 velit
1988 2581 2064 2602 eum
2084 2569 2201 2611 largiri
2223 2570 2324 2601 invo-

1345 2619 1515 2652 cantibus.
1568 2618 1768 2659 Discamus,
1804 2626 1837 2652 et
1861 2621 2042 2652 commoda
2069 2620 2243 2663 corporis,
2271 2620 2324 2652 vi—

1315 2644 1321 2710 l
1346 2676 1457 2708 ctum,
1485 2669 1742 2710 defensionem,
1771 2680 1947 2702 successus
1964 2670 1999 2702 in
2021 2671 2218 2711 vocatione,
2243 2683 2321 2704 cum
