2415 2942
287 109 356 143 871

390 194 423 228 8,
453 191 592 225 Nullius
611 195 766 222 creatura
786 187 896 219 robur
911 192 1047 219 tantum
1064 193 1123 225 est,
1139 192 1175 219 ut
1197 198 1270 219 sus—

289 246 400 276 tinere
425 250 556 275 tautam
585 241 671 273 iram
695 237 866 282 potuerit,
895 237 972 269 ideo
997 234 1052 270 bic
1077 235 1272 270 Redemtor

293 295 385 326 Deus
410 300 473 325 est.

387 344 419 377 4.
455 341 503 376 Ut
525 342 673 386 pretium
705 346 790 372 esset
822 338 982 382 aequale,
1016 339 1192 372 redemtor
1222 346 1269 372 est

287 394 400 432 Deus,
429 395 505 425 ideo
533 392 756 434 cogitandum
782 396 831 422 est
856 390 1017 422 meritum
1049 389 1110 421 filii
1137 390 1269 421 media-

290 445 374 477 toris
392 445 426 476 in
445 443 621 476 infinitum
648 442 750 484 longe
772 440 980 474 antecellere
1003 441 1168 473 omnibus
1193 452 1268 473 om—

291 496 387 529 nium
414 495 571 535 peccatis.

388 545 422 579 5.
452 545 617 578 (frentura
645 555 715 576 uon
740 549 790 575 est
813 541 1039 578 vivificatrix,
1068 542 1125 573 sed
1152 548 1188 574 ut
1212 540 1269 573 lo-

286 597 388 630 annis
405 597 518 638 primo
538 595 704 637 scriptum
724 600 789 626 est:
826 592 866 624 ln
890 592 965 635 ipso
984 600 1055 625 erat
1083 593 1151 625 vita
1190 592 1266 623 ideo

287 646 342 680 liic
366 648 540 679 redemtor
564 654 611 678 est
638 645 880 686 omnipotens,
907 650 945 675 ut
972 643 1088 673 vincat
1107 649 1266 679 mortem,

287 709 315 730 vt
345 698 501 730 restituat
527 693 699 728 humanae
725 701 870 726 naturae
897 692 1018 723 vitam:
1051 692 1137 724 sicut
1163 693 1266 725 initio

289 750 322 781 iu
342 748 515 780 creatione
538 743 644 791 λόγος
668 744 867 776 immediate
891 742 957 775 fuit
975 742 1187 783 vixificator‚
1220 742 1265 775 ita

288 809 319 833 rt
339 810 432 831 nunc
451 805 496 828 est
519 797 720 828 vivificator.

389 849 421 882 6.
448 847 513 880 llic
542 847 714 878 mediator
737 845 874 878 assidue
899 843 1096 886 interpellat
1122 854 1183 885 pro
1200 842 1266 875 Ec-

287 901 407 937 clesia,
439 899 529 930 tilius
555 903 669 928 autem
697 896 789 928 videt
816 906 981 928 arcanum
1007 901 1124 937 pectus
1149 894 1268 936 patris,

286 951 371 983 sicut
399 948 530 992 inquit:
567 946 676 979 Nemo
701 947 800 979 novit
824 952 974 990 patrem,
1001 945 1070 977 nisi
1097 944 1207 984 filius,
1235 950 1267 976 et

286 1001 338 1033 cui
360 1000 449 1031 tilius
470 998 559 1030 volet
578 997 745 1029 revelare.

385 1049 452 1082 Hic
475 1049 627 1080 salvator
643 1047 779 1079 assidue
797 1047 893 1079 adest
912 1044 1103 1086 Ecclesiae,
1129 1045 1269 1078 exaudit

286 1113 381 1139 eam,
419 1107 550 1139 servat,
587 1098 752 1140 protegit,
791 1098 908 1130 reddit
941 1097 1046 1130 vitam
1079 1103 1268 1133 aeternam,

285 1153 372 1185 sicut
401 1151 529 1194 iuquit:
566 1148 638 1191 Ego
667 1149 771 1181 vitam
799 1155 974 1180 aeternam
1001 1149 1045 1179 do
1072 1147 1131 1180 eis.
1193 1145 1268 1188 Ego

285 1214 360 1235 sum
388 1202 485 1239 vitis,
521 1212 581 1232 vos
612 1199 796 1242 palmites,
824 1198 899 1230 sine
926 1210 979 1230 me
1005 1195 1097 1230 nihil
1126 1198 1270 1240 potestis

285 1255 405 1286 facere.
481 1254 583 1284 item:
621 1250 724 1282 Sedet
751 1250 792 1280 ad
824 1250 980 1281 dextram
1005 1249 1136 1282 aeterni
1163 1248 1270 1291 patris

285 1305 372 1335 dans
390 1304 481 1334 doun
501 1300 714 1333 hominibus.
758 1298 855 1332 Haec
879 1306 993 1332 autem
1020 1305 1102 1332 sunt
1129 1298 1269 1342 proprie

286 1353 536 1394 omnipotentis
556 1359 708 1384 naturae.

388 1402 482 1436 Haec
501 1409 629 1435 attente
646 1401 897 1433 consideranda.
914 1407 991 1433 sunt
1011 1400 1046 1432 in
1064 1399 1268 1444 quotidiana

285 1456 500 1491 invocatioe,
542 1460 579 1485 ut
613 1453 647 1484 iu
679 1449 892 1495 propheticis
926 1451 1063 1493 scriptis
1094 1450 1268 1482 invocatio

285 1505 436 1539 Messiae
454 1512 501 1537 est
521 1504 656 1535 illustre
676 1510 706 1535 ct
724 1504 861 1534 firmum
887 1502 1124 1534 testimonium
1138 1527 1146 1538 ‚
1175 1502 1266 1543 quod

285 1556 437 1589 ostendit
467 1566 545 1587 eum
579 1565 650 1585 esse
682 1559 803 1585 natura
833 1551 945 1583 Deum
980 1558 1012 1583 et
1045 1551 1268 1592 omnipoten-

283 1616 372 1644 tem,
416 1606 509 1638 iuxta
536 1604 644 1642 dicta,
672 1602 762 1637 Psal,
782 1602 856 1634 72:
892 1601 936 1634 Et
965 1602 1161 1634 adorabunt
1190 1613 1268 1632 eum

285 1668 406 1689 omnes
434 1668 530 1698 reges
555 1662 677 1687 terrae.
731 1652 774 1686 lit
800 1654 890 1696 apud
919 1652 1117 1684 Ieremiam:
1154 1650 1267 1683 Voca-

284 1710 371 1740 hunt
394 1719 490 1744 eum,
529 1706 620 1738 Deus
644 1704 779 1736 iusticia
805 1710 942 1743 nostra,
968 1703 1002 1735 id
1028 1709 1098 1738 est,
1126 1701 1268 1733 invoca-

284 1760 370 1791 bunt
384 1785 392 1796 ,
420 1765 451 1790 et
472 1756 692 1788 invocatione
711 1754 972 1787 confitebuntur
990 1765 1061 1785 esse
1076 1752 1191 1784 Deum
1214 1752 1269 1783 iu-

284 1809 416 1842 sticiam
436 1815 604 1840 nostram.
651 1805 709 1839 Sic
726 1806 798 1847 ipse
818 1816 881 1837 nos
898 1805 938 1835 ad
961 1815 1033 1836 sese
1050 1809 1167 1835 vocat:
1198 1801 1268 1833 Ve-

284 1860 355 1892 nite
383 1860 424 1891 ad
450 1871 503 1890 me
528 1868 649 1889 omnes
675 1856 734 1900 qui
762 1855 929 1888 laboratis
955 1862 989 1888 et
1016 1853 1152 1887 onerati
1178 1853 1269 1892 estis,

285 1919 313 1943 et
336 1920 396 1952 rgo
417 1908 565 1941 reficiam
586 1918 657 1940 vos-

384 1959 472 1993 Cum
517 1958 624 1999 igitur
661 1957 696 1989 fit
720 1956 874 1989 summio
917 1955 1108 1999 particulae
1136 1953 1267 1995 Gratis,

284 2012 436 2054 primum
463 2008 611 2040 sciamus
637 2008 772 2039 excludi
796 2008 914 2039 omnia
931 2005 1052 2038 merita
1072 2012 1209 2044 nostra,
1238 2012 1267 2037 et
1295 2039 1296 2047 ἵ

285 2075 355 2094 nou
378 2061 490 2093 solum
514 2071 616 2101 opera
644 2058 908 2095 ceremonialia,
938 2057 997 2089 sed
1021 2057 1125 2088 etiam
1153 2056 1268 2097 operi-

286 2115 348 2144 bus
378 2110 533 2151 decalogi
560 2106 695 2141 detralii
725 2109 904 2144 meritum,
930 2114 961 2139 et
989 2106 1092 2138 simul
1120 2106 1268 2138 sciamus
1295 2127 1296 2133 1

285 2163 512 2195 constitutum
537 2170 607 2191 esse
633 2159 794 2190 meritum
823 2158 883 2190 filii
904 2157 986 2194 Dei,
1016 2158 1266 2199 propterquod
1295 2182 1296 2189 1

286 2214 397 2245 solum
421 2211 640 2252 recipiuntur
656 2221 776 2241 omnes
796 2209 831 2241 iu
853 2207 1099 2247 conversione,
1118 2207 1177 2251 qui
1194 2218 1267 2238 cre-
1294 2227 1295 2235 1

286 2265 373 2296 dunt
394 2264 430 2294 in
449 2262 580 2299 filium,
608 2268 639 2293 et
666 2260 698 2291 id
727 2267 794 2292 tam
824 2271 988 2301 magnum
1010 2265 1077 2297 est,
1104 2264 1143 2290 ut
1166 2257 1267 2299 longe

286 2314 401 2346 vincat
417 2312 534 2345 omnia
553 2310 712 2344 omnium
732 2317 879 2352 peccata.
934 2308 981 2342 Ut
997 2309 1103 2351 igitur
1121 2309 1209 2341 latro
1230 2309 1266 2340 in

286 2376 404 2400 cruce,
434 2363 561 2394 mulier
587 2362 780 2408 peccatrix,
810 2360 1006 2397 manasses,
1034 2366 1065 2391 et
1081 2359 1159 2399 alii,
1184 2370 1265 2401 pro-

285 2421 363 2458 pter
380 2413 607 2445 mediatorem
626 2411 732 2452 gratis
758 2411 976 2454 recipiuntur
1001 2410 1085 2450 fide,
1113 2416 1145 2442 et
1161 2409 1265 2442 simul

283 2464 507 2497 vivificantur
534 2474 594 2505 per
622 2462 733 2494 filium
764 2463 844 2494 dato
877 2460 1013 2504 Spiritu
1047 2467 1166 2492 sancto
1185 2487 1193 2499 ‚
1233 2467 1265 2493 et

284 2516 371 2548 fiunt
392 2511 556 2546 haeredes
575 2513 662 2544 vitae
678 2519 853 2546 aeternae:
880 2512 928 2544 sic
951 2519 980 2544 et
1002 2508 1126 2554 loseph
1144 2517 1176 2543 et
1193 2511 1265 2545 Da—

284 2563 484 2598 nielGratis
505 2573 565 2606 per
580 2562 856 2595 misericordiam
875 2570 1018 2605 propter
1034 2562 1261 2593 mediatorem
1289 2591 1291 2597 ,

282 2615 499 2658 recipiuntur
525 2613 610 2652 fide,
635 2619 667 2645 et
690 2613 794 2644 simul
822 2613 1044 2645 vivificantur
1068 2624 1128 2654 per
1151 2611 1260 2644 filium

282 2669 361 2700 dato
380 2663 515 2709 Spiritu
541 2669 679 2703 sancto,
705 2669 738 2696 et
761 2662 847 2696 fiunt
863 2660 1028 2697 haeredes
1046 2662 1135 2696 vitae
1150 2670 1259 2696 aeter-

874 98 1002 135 PHlL.
1033 98 1147 135 MEL.
1175 98 1384 135 SCRIPTA
1417 94 1716 133 EXEGETICA.

2235 98 2308 135 872

1326 196 1398 218 nae.
1464 184 1561 217 Haec
1587 183 1789 228 exaequatio
1816 189 1848 217 et
1875 187 2082 228 opponenda
2108 192 2155 219 est
2182 197 2302 229 super-

1325 236 1418 274 biae,
1445 235 1530 267 sicut
1555 235 1701 268 dicitur:
1732 233 1844 267 Totus
1869 236 2020 268 mundus
2045 248 2124 269 reus
2147 237 2189 269 sit
2214 235 2301 276 Deo,

1325 293 1357 318 ct
1375 285 1568 317 consolatio
1586 285 1682 317 firma
1702 291 1750 317 est
1767 284 1932 316 omnibus
1945 311 1954 324 ‚
1981 287 2039 329 qui
2059 287 2176 331 aliquo
2195 289 2299 319 modo

1323 336 1477 369 sentiunt
1501 336 1628 367 molem
1655 346 1797 367 suorum
1825 341 2053 376 peccatorum.
2123 338 2202 370 ldeo
2228 337 2299 370 Do-

1324 387 1441 419 minus
1469 387 1581 430 inquit
1610 385 1724 418 Lucae
1747 383 1797 417 5.:
1827 384 1906 417 Non
1933 385 2012 417 veni
2038 397 2159 419 vocare
2182 389 2301 427 iustos,

1324 438 1379 469 scd
1399 445 1592 480 peccatores
1609 437 1649 468 ad
1672 436 1933 478 poenitentiam.

1426 486 1502 519 lluc
1530 487 1680 530 pertinet
1703 494 1735 519 et
1765 485 1952 528 parabolae
1982 487 2025 517 ‹le
2050 486 2120 519 filio
2144 486 2302 529 prodigo,

1323 538 1402 569 item
1429 539 1471 570 de
1494 550 1559 570 ove
1584 550 1671 582 quae
1699 538 1810 569 fuerat
1837 537 1979 576 amissa,
2006 543 2038 569 et
2063 534 2128 569 hoc
2153 537 2300 570 dictum:

1323 588 1440 620 Maius
1483 589 1648 630 gaudium
1684 594 1732 620 est
1774 586 1871 619 coelo
1916 588 1958 619 de
2005 599 2077 619 uno
2113 593 2302 631 peccatore.

1324 637 1529 673 1.Ti11101h.
1556 640 1587 672 1.
1623 638 1748 671 Certus
1772 644 1821 670 est
1845 648 1977 676 sermo,
2022 644 2054 669 et
2085 638 2181 670 omni
2207 649 2301 670 acce-

1322 689 1440 732 ptione
1472 690 1617 732 diguus,
1660 689 1752 733 quod
1788 687 1881 719 lesus
1906 686 2066 721 Christus
2102 688 2235 721 venerit
2268 688 2302 720 in

1321 741 1510 779 muudum,
1539 746 1735 782 peccatores
1752 738 1866 771 salvos
1885 738 1996 770 facere
2015 745 2077 771 etc.

1426 799 1570 842 Semper
1588 806 1702 831 autem
1723 798 1759 830 in
1777 803 1965 840 conspectu
1984 797 2054 830 sint
2072 794 2137 830 hae
2155 804 2305 843 quatuor

1321 861 1462 890 causae,
1496 856 1638 893 propter
1661 859 1745 893 quas
1769 858 1904 880 necesse
1934 854 1984 882 est
2008 848 2159 883 retinere
2185 848 2303 882 exclu—

1322 910 1443 934 swam.

1422 958 1559 1000 Prima,
1587 969 1675 1002 quae
1696 964 1745 990 est
1765 957 1988 1000 principalis,
2016 963 2055 990 ut
2082 957 2221 990 debitus
2238 955 2304 990 ho-

1323 1021 1386 1041 nos
1401 1009 1475 1041 silio
1493 1006 1558 1041 Dei
1576 1009 1768 1042 tribuatur:
1797 1009 1890 1052 quod
1910 1008 1981 1040 sola
2006 1008 2114 1050 ipsius
2135 1008 2304 1040 obedien-

1323 1061 1369 1093 tia
1389 1060 1433 1093 sit
1453 1061 1603 1103 pretium
1626 1066 1658 1091 et
1678 1058 1840 1090 meritum
1860 1069 1921 1100 pro
1939 1060 2086 1101 peccatis
2104 1056 2303 1096 hominum,

1323 1123 1394 1143 uon
1424 1111 1531 1143 ullius
1563 1107 1716 1142 hominis
1743 1120 1860 1151 opera.
1931 1107 2011 1140 ldeo
2037 1108 2168 1142 dictum
2194 1115 2244 1141 est
2267 1108 2304 1140 in

1324 1161 1461 1193 Psalmo
1478 1160 1555 1193 39:
1584 1159 1838 1193 Holocaustum
1857 1156 2053 1200 etjhostiam
2079 1171 2141 1202 pro
2167 1165 2305 1202 peccato

1323 1224 1394 1244 non
1419 1211 1613 1255 postulasti.
1665 1209 1768 1242 Tunc
1786 1209 1876 1242 dixi:
1914 1207 2002 1242 Ecce
2029 1210 2152 1249 venio,
2187 1209 2221 1242 in
2248 1221 2305 1242 ca-

1324 1263 1393 1306 pite
1410 1262 1491 1295 libri
1509 1262 1678 1305 scriptum
1700 1267 1748 1292 est
1773 1260 1816 1292 de
1835 1271 1908 1299 me,
1935 1266 1973 1292 ut
1994 1260 2117 1291 faciam
2144 1260 2306 1293 volunta-

1325 1320 1392 1346 tem
1418 1321 1525 1346 tuam.
1599 1311 1706 1349 Item,
1743 1311 1849 1344 unica
1876 1310 2057 1343 oblatione
2083 1321 2306 1344 consumma—

1325 1364 1373 1397 vit
1395 1370 1542 1396 sanctos.

1425 1422 1584 1456 Secunda
1609 1433 1708 1454 causa
1725 1448 1733 1460 ‚
1761 1427 1797 1453 ut
1815 1419 2047 1453 conscientiae
2079 1417 2230 1452 habeant
2248 1419 2307 1450 fir-

1324 1485 1415 1504 mam
1440 1473 1732 1506 consolationem:
1762 1471 1865 1515 quia,
1901 1471 1929 1502 si
1958 1469 2115 1502 remissio
2145 1475 2303 1512 peccato-

1324 1535 1401 1555 rum
1436 1525 1602 1564 penderet
1634 1535 1673 1555 ex
1704 1521 1906 1553 conditione
1936 1527 2074 1554 nostrae
2111 1519 2304 1562 dignitatis,

1324 1575 1418 1605 tieret
1436 1574 1566 1606 incerta
1580 1600 1588 1613 ,
1616 1572 1729 1616 inquit
1750 1572 1855 1613 igitur
1872 1569 2019 1604 Paulus:
2059 1569 2143 1602 Ideo
2167 1581 2206 1602 ex
2224 1569 2304 1609 fide,

1324 1623 1461 1661 Gratis,
1487 1630 1524 1656 ut
1542 1624 1584 1656 sit
1604 1623 1701 1655 firma
1722 1620 1919 1665 promissio.

1425 1681 1545 1714 Tertia
1563 1693 1684 1721 causa,
1710 1687 1747 1713 ut
1772 1680 1879 1722 possit
1898 1678 2074 1712 invocatio
2089 1678 2163 1710 fieri
2181 1678 2306 1711 fiducia

1324 1732 1386 1764 lilii
1401 1730 1483 1771 Dei,
1509 1744 1581 1764 non
1598 1731 1723 1764 fiducia
1743 1738 1943 1763 nostrorum
1961 1728 2165 1761 meritorum
2178 1755 2187 1768 ‚
2212 1728 2307 1761 iuxta

1325 1782 1409 1815 llaec
1431 1783 1540 1815 dicta:
1571 1782 1760 1824 Quomodo
1786 1779 2023 1818 invocabunt,
2061 1779 2128 1810 nisi
2151 1780 2304 1812 credent.

1327 1833 1428 1867 item:
1459 1832 1637 1877 Quicquid
1662 1831 1828 1875 petieritis
1847 1837 1980 1873 patrem
1998 1829 2035 1861 in
2051 1829 2194 1861 nomine
2213 1841 2301 1868 meo,

1323 1885 1356 1916 id
1385 1891 1452 1923 est,
1496 1885 1529 1915 id
1554 1884 1731 1926 agnitione
1747 1889 1779 1913 et
1804 1880 1929 1912 fiducia
1947 1879 2030 1918 mei,
2067 1879 2164 1912 dabit
2194 1880 2306 1914 vobis.

1323 1935 1442 1968 Donec
1459 1934 1551 1966 enim
1569 1935 1672 1967 corda
1693 1933 1832 1975 fugiunt
1852 1929 1981 1967 Deum,
1999 1936 2032 1962 et
2047 1930 2199 1963 retinent
2218 1930 2305 1962 iram

1323 1993 1354 2018 et
1371 1985 1531 2017 fremitus
1548 1986 1713 2017 adversus
1729 1994 1806 2015 eum
1818 2008 1827 2022 ‚
1856 1992 1927 2013 non
1944 1980 1981 2013 fit
1998 1991 2077 2012 vera
2095 1981 2281 2013 invocatio.

1424 2044 1559 2087 Quarta
1584 2055 1702 2081 causa,
1739 2049 1778 2075 ut
1802 2041 1846 2074 sit
1871 2041 2091 2083 conspectius
2119 2040 2306 2074 discrimen

1323 2096 1407 2137 legis
1432 2102 1463 2128 et
1488 2094 1684 2137 Evangelii.
1738 2092 1854 2126 Habet
1879 2092 1932 2124 lex
1950 2102 2028 2124 suas
2048 2091 2307 2133 promissiones„

1323 2149 1386 2178 sed.
1399 2157 1618 2189 nequaquam
1642 2144 1826 2188 gratuitas,
1847 2149 1884 2175 ut
1905 2141 2050 2176 dicitur:
2080 2140 2171 2183 Quia
2188 2142 2306 2174 fecerit

1323 2210 1377 2233 ea,
1413 2197 1503 2228 vivet
1529 2197 1565 2227 in
1594 2196 1652 2231 eis,
1715 2193 1761 2227 At
1788 2193 1978 2237 particula,
2016 2190 2135 2224 Gratis
2162 2198 2303 2234 propter

1322 2247 1432 2279 filium
1475 2245 1568 2287 Dei,
1619 2246 1801 2280 manifeste
1850 2242 2017 2276 discernit
2071 2239 2302 2284 Evangelium

1321 2310 1339 2330 a
1366 2298 1450 2339 lege.

1410 2355 1504 2389 Haec
1521 2354 1776 2397 simplicissima
1795 2353 1967 2386 elementa
1984 2348 2163 2382 doctrinae
2183 2349 2218 2382 in
2236 2347 2304 2383 Ec-

1321 2408 1421 2440 clesia
1455 2418 1591 2439 necesse
1622 2412 1670 2437 est
1709 2404 1875 2437 omnibus
1914 2400 2186 2434 familiarissime
2221 2408 2303 2434 nota

1319 2471 1401 2493 csse.
1456 2457 1592 2499 Quare,
1621 2468 1698 2488 cum
1718 2453 1875 2487 hocloco
1894 2450 2025 2483 Paulus
2045 2462 2203 2493 expresse
2223 2463 2303 2494 par-

1319 2510 1459 2541 ticulam
1479 2507 1597 2541 Gratis
1614 2506 1785 2551 posuerit,
1812 2502 1966 2537 breviter
1984 2498 2073 2532 lianc
2091 2502 2303 2536 sententiam

1318 2559 1558 2602 repetivimus.
1624 2555 1669 2590 Et
1693 2557 1729 2588 in
1755 2556 1899 2588 eandem
1925 2551 2137 2585 sententiam
2166 2552 2304 2586 dicitur

1317 2611 1352 2642 in
1372 2609 1534 2642 Ecclesiis
1561 2607 1703 2641 nostris:
1732 2605 1813 2640 Sola
1831 2605 1899 2637 fide
1917 2602 2164 2643 iustificamur,
2183 2603 2216 2635 id
2244 2610 2305 2643 est,

1314 2661 1492 2705 agnitione
1511 2667 1541 2694 et
1556 2657 1680 2692 fiducia
1699 2656 1807 2691 solius
1826 2654 1889 2689 filii
1903 2652 1968 2687 Dei
1986 2659 2174 2694 statuente,
2201 2655 2305 2698 quod
