2415 2942
71 92 144 127 701
251 87 352 126 Xi'ti.
403 88 438 124 Ξ.
473 82 839 124 (ΞΟΜΜΕΝΤΑἮῙ
865 82 914 121 IN

72 178 177 213 exitu.
247 175 392 209 Fatetur
416 186 480 208 nos
508 181 653 219 propter
680 178 859 218 peccatum
884 170 1060 205 subiectos

71 240 144 263 esse
163 226 218 261 his
237 227 338 260 malis
350 253 359 267 ‚
395 227 455 259 sed
472 232 587 259 tamen
605 236 677 258 non
695 231 733 257 ut
751 234 942 267 pereamus.

941 79 1093 119 EPtST.
1120 77 1267 118 PAULI
1291 77 1358 116 AD
1385 76 1651 116 ROMANOS.

1705 74 1807 115 CAP.
1833 75 1912 112 XII,
2029 78 2104 114 702

1112 168 1312 209 firmemur,
1338 173 1372 202 et
1398 173 1591 201 statuamus
1606 163 1721 199 Deum
1745 175 1825 198 vere
1845 174 1911 197 nos
1932 162 2100 208 recipere,

1112 231 1191 252 vere
1215 219 1283 252 sibi
1308 218 1480 263 populum
1504 217 1635 256 facere,
1663 227 1743 250 vere
1768 215 1857 249 velle
1881 214 2016 249 salvare
2041 215 2098 248 in-

174 285 257 319 ldeo
281 285 380 320 addit
404 286 548 318 modum
574 282 812 322 liberationis,
841 281 1059 324 promittitur
1109 276 1284 305 vocante&

69 337 218 382 gratuita
240 336 497 375 misericordia,
525 341 563 368 ut
587 334 632 368 sit
650 340 741 367 certa
762 332 974 372 consolatio,
1002 331 1055 364 iu-

67 390 127 423 bet
145 389 286 421 credere
302 388 396 433 quod
416 398 478 431 per
494 384 788 422 misericordiam,
816 395 888 416 non
912 389 1055 427 propter

67 446 225 473 nostram
250 438 457 482 dignitatem
481 443 540 471 aut
571 435 717 479 merita,
761 433 992 467 iustificemur
1022 440 1054 467 et

67 491 255 524 salvemur.
296 488 370 522 [mo
387 489 483 522 iubet
499 498 561 520 uos
578 486 762 520 conclusos
778 485 843 518 sub
861 490 1052 528 peccatum,

67 541 106 574 id
125 547 192 579 est,
222 552 301 574 vere
324 551 422 580 reos,
450 538 636 581 confugere
663 536 960 574 misericordiam,
989 547 1052 568 nec

65 592 245 636 aspernari
277 591 429 624 oblatam
460 587 756 628 misericordiam,
794 588 854 620 sed
888 594 1052 627 statuere,

64 643 159 688 quod
176 642 282 686 gratis
301 647 442 686 propter
458 638 638 674 Christum
653 650 911 684 consequamur
927 637 1050 671 remis-

64 694 201 728 sionem
225 699 457 737 peccatorum.

168 750 218 786 Ita
246 752 303 784 fiet
330 750 512 795 perspicua
539 755 572 782 et
604 748 719 782 dulcis
751 744 838 780 haec
866 745 1049 786 sententia,

64 814 142 837 cum
161 803 203 835 ad
225 814 326 835 usum
343 801 608 840 transferemus,
634 811 714 833 cum
739 798 777 831 in
796 798 886 831 veris
909 797 1047 842 pavori-

63 854 129 887 bus
147 860 179 887 et
196 852 448 886 afflictionibus
466 864 540 884 eam
568 852 610 883 ad
639 861 703 883 nos
723 849 897 893 pertinere
920 849 1048 882 sentie-

64 916 159 944 mus,
193 915 327 948 nosque
354 901 417 936 hac
440 902 673 946 promissione
691 899 952 934 misericordiae
971 912 1047 932 sus-

62 954 287 988 tentabimus.
371 952 433 987 Est
465 954 571 996 igitur
596 952 694 986 utilis
718 951 908 991 sententia,
953 958 984 984 et
1012 951 1048 982 iu

61 1005 228 1039 omnibus
245 1004 495 1038 afflictionibus
517 1004 738 1047 usurpanda,
766 1003 846 1047 quia
866 1009 983 1035 monet
1005 1002 1048 1034 de

63 1068 163 1089 causa
183 1056 278 1089 finali
295 1055 541 1089 afflictionum.
598 1054 684 1088 Item
702 1054 746 1086 de
767 1053 918 1097 gratuita
943 1053 1046 1087 mise-

63 1107 228 1143 ricordia,
316 1150 321 1154 ι

160 1165 222 1198 Est
247 1171 281 1198 et
309 1164 519 1198 universalis
544 1164 715 1207 particula
739 1163 977 1202 observanda,
1010 1169 1048 1196 ut

61 1216 210 1249 sciamus
228 1216 498 1259 promissionem
515 1227 587 1248 esse
604 1215 850 1255 universalem,
874 1221 906 1247 et
923 1222 961 1248 ut
977 1213 1047 1247 siu—

60 1267 132 1310 guli
153 1278 216 1300 nos
235 1278 313 1300 vere
329 1267 366 1299 in
386 1267 483 1299 illam
502 1267 736 1299 universalem
754 1266 990 1299 includamus.

283 1361 317 1399 O
336 1364 499 1399 altitudo
518 1364 733 1400 divitiarum
753 1371 814 1402 etc.

158 1433 378 1468 Exclamatio
399 1435 517 1467 addita
544 1442 613 1473 est,
640 1442 679 1468 ut
701 1441 897 1479 compescat
921 1432 1046 1468 liuma-

57 1497 138 1519 nam
175 1485 412 1527 arrogantiam
455 1493 487 1518 et
525 1484 697 1518 humanas
730 1487 958 1529 cogitationes
1001 1488 1044 1519 de

58 1536 206 1570 consilio
224 1534 302 1575 Dei,
325 1547 395 1580 quo
413 1536 824 1570 mirabiliterEcclesiam
842 1549 939 1570 suam
958 1550 1043 1570 cou-

57 1587 171 1620 stituit
186 1593 218 1618 et
236 1587 420 1628 gubernat.
474 1586 589 1620 Multa
609 1588 700 1619 euim
718 1588 905 1621 offendunt
934 1589 1041 1620 ratio-

58 1649 156 1677 nem,
187 1636 366 1676 videlicet,
393 1638 486 1680 quod
507 1638 609 1680 pauci
626 1644 761 1671 tantum
780 1645 814 1671 et
836 1639 959 1671 abiecti
978 1635 1041 1671 ho-

58 1688 171 1720 mines
192 1687 280 1720 fiunt
303 1687 454 1730 populus
477 1687 559 1725 Dei,
596 1689 691 1732 quod
718 1696 813 1722 tanta
835 1688 1039 1732 multitudo,

57 1750 146 1783 quae
169 1744 318 1782 praestat
342 1749 508 1777 numero,
537 1738 682 1779 virtute,
711 1739 820 1783 gloria
842 1751 957 1772 rerum
982 1751 1040 1782 ge-

57 1796 188 1822 starum
211 1789 410 1823 damnatur.
468 1788 585 1822 ludaei
612 1801 695 1822 vero
721 1790 864 1822 mirifice
881 1790 1038 1823 offende—

57 1841 205 1879 bantur,
248 1851 325 1871 cum
354 1839 517 1872 audirent
540 1839 760 1885 Synagogam
793 1840 908 1883 reiici,
950 1853 1039 1886 quae

54 1888 205 1923 habebat
228 1887 622 1923 honorificentissimum
650 1892 792 1925 titulum
819 1892 940 1935 populi
962 1891 1037 1926 Dei.

58 1940 106 1973 lta
138 1947 171 1974 et
194 1952 289 1973 nunc
321 1941 553 1974 offenduntur
583 1942 817 1985 plurimorum
843 1943 972 1983 animi,
1007 1950 1038 1977 et

52 1993 225 2032 fremunt,
252 2003 330 2024 cum
353 1992 504 2025 audiunt
528 1993 627 2036 illos,
665 1994 727 2039 qui
750 2000 870 2028 tenent
895 1994 1036 2029 titulum

52 2041 246 2080 Ecclesiae,
275 2054 347 2074 non
366 2054 438 2075 esse
454 2042 660 2077 Ecclesiam.

156 2098 335 2133 Adversus
357 2098 442 2133 haec
457 2103 620 2136 scaudala
637 2103 785 2147 opponit
798 2103 927 2137 Paulus
947 2102 1036 2137 hanc

53 2151 360 2189 exclamationem,
388 2151 424 2183 in
441 2164 507 2195 qua
525 2154 643 2194 docet,
669 2161 706 2187 ut
725 2167 789 2187 nos
807 2156 1036 2189 subiiciamus

52 2202 244 2246 sapientiae
267 2208 300 2235 et
323 2202 431 2235 verbo
450 2203 539 2246 Dei,
567 2215 631 2237 nec
655 2205 856 2239 deficiamus
878 2218 895 2239 a
914 2208 1036 2247 verbo,

51 2253 187 2287 etiarnsi
205 2265 275 2286 non
294 2253 547 2296 intelligamus,
567 2267 674 2299 quare
691 2262 760 2288 tam
779 2257 933 2290 mirabili
951 2270 1036 2291 con—

53 2304 131 2337 silio
147 2303 241 2337 Deus
259 2305 428 2346 gubernet
447 2302 653 2347 Ecclesiam,
680 2313 713 2339 et
728 2313 917 2352 utrumque
936 2321 1034 2352 prae-

53 2361 199 2397 stemus,
240 2365 468 2398 agnoscamus
502 2357 782 2400 magnitudinem
815 2358 888 2391 irae
919 2359 955 2391 in
979 2372 1034 2392 re-

53 2405 200 2438 iectione
224 2412 273 2439 tot
298 2406 474 2448 gentium,
509 2413 560 2441 tot
593 2408 812 2449 seculorum,
853 2416 1033 2443 tantorum

53 2453 248 2489 hominum.
312 2455 407 2490 Haec
441 2457 492 2490 ira
523 2469 588 2491 nos
612 2460 655 2491 ad
679 2460 838 2493 timorem
865 2458 1035 2502 hortetur,

53 2518 97 2538 ne
127 2513 389 2540 contemnamus
422 2509 567 2542 verbum
601 2508 680 2544 Dei.
753 2509 894 2544 Rursus
927 2512 1032 2545 etiam

1065 1744 1068 1779 1

1209 319 1306 353 Haec
1341 326 1393 353 est
1434 330 1571 352 summa
1613 317 1877 352 exclamationis
1911 315 2095 358 Paulinae,

1106 382 1173 415 qua
1191 370 1343 404 occurrit
1361 370 1552 410 scandalis,
1579 376 1611 402 et
1629 367 1793 413 probibet
1818 367 1972 402 humana
1997 368 2094 401 iudi-

1106 421 1157 454 cia
1183 422 1227 454 de
1251 421 1314 454 illo
1340 433 1467 454 arcano
1491 420 1639 453 consilio
1668 419 1745 454 Dei.
1814 418 1900 453 Item
1925 417 2091 462 prohibet

1104 473 1365 515 arrogantiam,
1399 483 1443 504 ne
1473 478 1619 515 propter
1646 470 1803 504 carnales
1832 470 2091 514 praerogativas

1103 530 1162 556 aut
1194 523 1317 556 merita
1352 522 1570 556 confidamus
1602 533 1667 555 nos
1697 520 1773 554 fieri
1803 521 1974 565 populum
2008 519 2087 559 Dei,

1103 574 1191 608 sicut
1214 572 1379 618 Episcopi
1408 580 1555 619 propter
1585 572 1838 607 successionem
1870 573 2090 606 contendunt

1102 636 1138 658 se
1154 636 1226 659 esse
1243 623 1448 659 Ecclesiam.

1453 749 1593 803 Caput
1631 749 1729 791 ΧΗ.

1201 832 1359 868 Instituit
1384 846 1512 867 novam
1544 839 1698 877 partem,
1745 830 1876 865 scilicet
1907 837 2090 876 praecepta

1100 885 1142 918 de
1174 885 1276 918 bouis
1304 886 1481 929 operibus.
1534 884 1623 918 Nam
1650 895 1755 927 supra
1788 882 1935 916 tradidit
1972 883 2090 915 locum

1099 934 1284 979 Evangelii
1311 937 1513 980 proprium,
1541 936 1674 968 scilicet
1693 934 1891 967 doctrinam
1917 934 1960 966 de
1986 933 2089 966 iusti-

1100 987 1260 1020 ficatione
1286 994 1318 1021 et
1343 989 1385 1019 de
1405 988 1480 1019 fide.
1535 985 1630 1019 Haec
1648 998 1721 1018 non
1743 992 1792 1018 est
1813 984 1974 1018 doctrina
1990 984 2088 1027 legis,

1099 1050 1138 1070 ac
1161 1038 1264 1081 longe
1289 1039 1395 1072 distat
1418 1050 1435 1071 a
1461 1039 1550 1080 lege,
1588 1044 1626 1070 ut
1658 1048 1721 1069 suo
1753 1036 1830 1068 loco
1861 1036 1994 1068 dictum
2024 1042 2089 1069 est.

1099 1088 1258 1121 Primum
1276 1089 1369 1121 enim
1394 1089 1460 1121 fide
1481 1095 1624 1133 propter
1642 1085 1821 1121 Christum
1849 1086 1955 1128 gratis
1979 1085 2090 1129 accipi

1099 1146 1236 1183 oportet
1253 1140 1501 1184 'remissionem
1528 1145 1768 1183 peccatorum,
1804 1136 2088 1187 itistijicationem

1099 1198 1130 1223 et
1150 1191 1376 1223 donationem
1396 1190 1548 1233 Spiritus
1567 1189 1687 1223 sancti.
1740 1187 1863 1221 Postea
1882 1199 2019 1220 necesse
2037 1195 2088 1221 est

1099 1241 1196 1285 sequi
1218 1253 1345 1274 novam
1368 1241 1623 1278 obedientiam,
1651 1251 1740 1284 quae
1767 1246 1818 1272 est
1839 1240 2010 1283 quaedam
2033 1238 2088 1271 in-

1099 1299 1195 1324 coata
1227 1291 1311 1334 legis
1344 1292 1513 1334 impletio.
1584 1290 1737 1335 Ideoque
1770 1290 1961 1323 traduntur
1985 1301 2085 1333 prae-

1099 1351 1195 1386 cepta
1211 1350 1286 1384 post
1304 1343 1500 1375 doctrinam
1519 1343 1559 1375 de
1578 1342 1655 1375 fide.

1201 1392 1320 1435 Quare
1336 1400 1448 1426 autem
1469 1400 1517 1426 est
1537 1393 1627 1426 tradi
1647 1398 1846 1436 praecepta,
1874 1402 1952 1424 cum
1978 1389 2084 1434 spiri-

1098 1449 1152 1476 tus
1177 1445 1270 1477 ultro
1292 1444 1509 1488 obtemperet
1530 1443 1629 1477 Deo?
1665 1442 1894 1487 Respondeo:
1922 1440 2082 1474 Primum

1097 1506 1184 1537 opus
1200 1502 1248 1528 est
1268 1496 1384 1533 verbo,
1403 1503 1438 1527 ut
1456 1498 1657 1528 coerceatur
1668 1506 1746 1538 pars
1757 1493 1919 1527 carnalis.
1945 1491 2083 1525 Deinde

1097 1557 1233 1577 necesse
1259 1552 1308 1578 est
1334 1558 1469 1589 semper
1493 1547 1582 1579 tradi
1610 1546 1804 1578 doctrinam
1829 1543 2079 1588 poenitentiae,

1094 1602 1126 1628 et
1148 1596 1350 1628 mortificari
1375 1597 1540 1641 reliquias
1563 1597 1694 1640 peccati
1726 1596 1761 1628 in
1788 1596 1909 1634 nobis,
1946 1601 1978 1626 et
2006 1605 2081 1626 cre-

1093 1657 1184 1679 scere
1204 1647 1467 1690 poenitentiam.
1520 1646 1643 1680 Tertio
1663 1659 1751 1691 opus
1775 1653 1823 1679 est
1843 1645 1943 1678 iustis
1960 1645 2081 1684 verbo,

1092 1709 1153 1740 per
1176 1699 1269 1742 quod
1296 1699 1512 1741 doceantur,
1557 1701 1646 1744 quae
1676 1709 1780 1742 opera
1808 1697 1967 1741 placeant
1993 1695 2080 1735 Deo,

1091 1755 1123 1780 et
1151 1760 1212 1792 per
1235 1750 1328 1793 quod
1355 1749 1555 1793 spirituales
1579 1756 1696 1782 motus
1721 1748 1930 1782 excitantur.
1997 1745 2080 1779 ldeo

1091 1799 1273 1847 proposita
1297 1801 1457 1834 doctrina
1483 1798 1668 1844 Evangelii
1694 1800 1736 1833 de
1763 1799 1851 1840 fide,
1893 1798 2084 1831 traduntur

1089 1850 1192 1883 etiarn
1209 1858 1369 1896 pracepta
1386 1863 1446 1884 seu
1470 1852 1534 1887 lex.

1243 1942 1468 1973 Doctrina
1492 1943 1541 1972 ‹le
1563 1941 1684 1972 bonis
1708 1937 1916 1981 opefiibus.

1191 2002 1263 2036 lam
1290 2001 1346 2038 hic
1371 2005 1511 2037 scienda
1530 2011 1581 2038 est
1598 2004 1758 2037 doctrina
1778 2004 1820 2035 de
1840 2001 1943 2035 bonis
1961 1999 2079 2043 operi-

1088 2055 1171 2097 bus,
1200 2055 1317 2100 qualia
1336 2067 1440 2100 opera
1467 2056 1712 2101 requirantur,
1740 2061 1772 2088 et
1801 2052 1979 2098 quomodo
2003 2050 2081 2095 pla-

1086 2112 1196 2140 ceant.

1187 2155 1346 2189 Primum
1384 2156 1510 2202 qualia.
1565 2156 1816 2201 Requiruntur
1848 2153 1941 2186 enim
1982 2152 2076 2185 bona

1086 2219 1189 2250 opera
1215 2207 1387 2241 divinitus
1410 2216 1612 2252 praecepta,
1641 2207 1809 2239 interiora
1834 2212 1865 2238 et
1892 2203 2077 2241 exteriora,

1091 2259 1252 2292 videlicet
1281 2260 1388 2293 timor
1413 2258 1498 2299 Dei,
1526 2260 1630 2297 fides,
1657 2257 1817 2294 dilectio,
1846 2254 2076 2300 poenitentia,

1088 2309 1272 2352 patientia,
1310 2310 1498 2344 invocatio.
1576 2308 1622 2341 Hi
1650 2308 1835 2340 interiores
1860 2312 1977 2339 motus
2001 2316 2076 2337 non

1086 2361 1221 2393 suntin
1240 2360 1375 2405 impiis,
1402 2360 1540 2394 etiamsi
1558 2361 1653 2394 adest
1673 2365 1814 2391 externa
1834 2357 1947 2390 civilis
1971 2355 2077 2389 disci-

1086 2411 1194 2454 plina.
1248 2410 1331 2445 ldeo
1357 2412 1543 2455 diligenter
1566 2410 1863 2443 considerandum
1889 2415 1957 2449 est,
1984 2419 2073 2452 qua-

1085 2462 1130 2496 tia
1146 2474 1250 2506 opera
1268 2463 1414 2496 existere
1432 2463 1468 2494 in
1488 2461 1712 2495 credentibus
1730 2461 1892 2493 debeant.

1183 2513 1253 2547 Sed
1279 2515 1457 2558 quomodo
1490 2511 1659 2556 placent?
1699 2510 1795 2544 Haec
1824 2508 1984 2544 doctrina
2011 2519 2075 2540 ne-

51 2568 278 2600 agnoscamus
301 2558 595 2602 misericordiam,
635 2562 729 2606 quod
754 2562 904 2595 subinde
928 2574 1032 2596 reno·
1082 2564 1227 2598 cessaria
1253 2572 1303 2598 est
1322 2563 1519 2604 Ecclesiae,
1564 2571 1598 2598 et
1630 2573 1734 2607 supra
1767 2562 1920 2595 traditur
1948 2571 2021 2603 cap.
2040 2558 2074 2591 8-

50 2608 146 2642 vavit
170 2607 269 2641 Deus
291 2619 392 2642 suum
415 2611 580 2652 verbum,
615 2619 648 2646 et
673 2614 814 2646 tandem
841 2614 967 2656 sparsit
994 2614 1031 2647 in

49 2664 163 2694 toturn
180 2658 314 2696 orbem.
356 2657 433 2694 Hoc
449 2662 652 2697 testimonio
669 2664 930 2698 misericordiae
946 2677 1031 2699 con-

1054 2630 1058 2691 Ι

1083 2614 1280 2659 Utrumque
1296 2622 1413 2648 tenere
1431 2625 1570 2647 necesse
1584 2620 1644 2647 est.
1698 2612 1859 2646 Primum
1884 2611 1979 2656 quod
1999 2621 2071 2641 non

1081 2666 1190 2700 simus
1206 2666 1288 2700 iusti
1306 2672 1452 2711 propter
1467 2672 1606 2700 nostras
1626 2663 1774 2700 virtutes
1789 2670 1848 2698 aut
1865 2673 1982 2707 opera·
2023 2657 2072 2693 Et
