<?xml version="1.0" encoding="UTF-8"?>
<!DOCTYPE html PUBLIC "-//W3C//DTD XHTML 1.0 Transitional//EN"
    "http://www.w3.org/TR/xhtml1/DTD/xhtml1-transitional.dtd">
<html xmlns="http://www.w3.org/1999/xhtml" xml:lang="en" lang="en">
 <head>
  <title>
</title>
<meta http-equiv="Content-Type" content="text/html;charset=utf-8" />
  <meta name='ocr-system' content='tesseract 3.04.00' />
  <meta name='ocr-capabilities' content='ocr_page ocr_carea ocr_par ocr_line ocrx_word'/>
</head>
<body>
  <div class='ocr_page' id='page_1' title='image "./operaquaesupersu15melauoft/operaquaesupersu15melauoft_0269.png"; bbox 0 0 2415 2942; ppageno 0'>
   <div class='ocr_carea' id='block_1_1' title="bbox 99 118 502 159">
    <p class='ocr_par' dir='ltr' id='par_1_1' title="bbox 99 118 502 159">
     <span class='ocr_line' id='line_1_1' title="bbox 99 118 502 159; baseline -0.01 -2"><span class='ocrx_word' id='word_1_1' title='bbox 99 121 171 159; x_wconf 78' lang='lat'>521</span> <span class='ocrx_word' id='word_1_2' title='bbox 400 118 502 154; x_wconf 87' lang='lat' dir='ltr'>x111.</span> 
     </span>
    </p>
   </div>
   <div class='ocr_carea' id='block_1_2' title="bbox 94 205 1082 507">
    <p class='ocr_par' dir='ltr' id='par_1_2' title="bbox 94 205 1082 507">
     <span class='ocr_line' id='line_1_2' title="bbox 97 205 1081 250; baseline -0.002 -7"><span class='ocrx_word' id='word_1_3' title='bbox 97 216 173 250; x_wconf 90' lang='lat' dir='ltr'>tes,</span> <span class='ocrx_word' id='word_1_4' title='bbox 211 218 271 240; x_wconf 90' lang='lat' dir='ltr'>seu</span> <span class='ocrx_word' id='word_1_5' title='bbox 304 205 542 240; x_wconf 86' lang='lat' dir='ltr'>universalem</span> <span class='ocrx_word' id='word_1_6' title='bbox 571 205 808 240; x_wconf 77' lang='lat' dir='ltr'>obedientiam</span> <span class='ocrx_word' id='word_1_7' title='bbox 839 217 959 239; x_wconf 91' lang='lat' dir='ltr'>sumus</span> <span class='ocrx_word' id='word_1_8' title='bbox 987 206 1081 241; x_wconf 88' lang='lat' dir='ltr'>iusti.</span> 
     </span>
     <span class='ocr_line' id='line_1_3' title="bbox 95 257 1081 301; baseline -0.002 -9"><span class='ocrx_word' id='word_1_9' title='bbox 95 260 154 293; x_wconf 87' lang='lat' dir='ltr'>Sic</span> <span class='ocrx_word' id='word_1_10' title='bbox 181 257 384 301; x_wconf 85' lang='lat' dir='ltr'>intelligunt</span> <span class='ocrx_word' id='word_1_11' title='bbox 408 258 531 295; x_wconf 90' lang='lat' dir='ltr'>fidem,</span> <span class='ocrx_word' id='word_1_12' title='bbox 570 264 603 291; x_wconf 89' lang='lat' dir='ltr'>et</span> <span class='ocrx_word' id='word_1_13' title='bbox 631 257 767 290; x_wconf 89' lang='lat' dir='ltr'>laudari</span> <span class='ocrx_word' id='word_1_14' title='bbox 791 257 1040 301; x_wconf 78' lang='lat' dir='ltr'>professionem</span> <span class='ocrx_word' id='word_1_15' title='bbox 1063 269 1081 290; x_wconf 92' lang='lat' dir='ltr'>a</span> 
     </span>
     <span class='ocr_line' id='line_1_4' title="bbox 95 307 1081 353; baseline -0.003 -10"><span class='ocrx_word' id='word_1_16' title='bbox 95 308 205 343; x_wconf 87' lang='lat' dir='ltr'>Paulo</span> <span class='ocrx_word' id='word_1_17' title='bbox 226 308 469 348; x_wconf 79' lang='lat' dir='ltr'>arbitrantur,</span> <span class='ocrx_word' id='word_1_18' title='bbox 511 308 594 353; x_wconf 90' lang='lat' dir='ltr'>quia</span> <span class='ocrx_word' id='word_1_19' title='bbox 617 308 680 341; x_wconf 87' lang='lat' dir='ltr'>etsi</span> <span class='ocrx_word' id='word_1_20' title='bbox 703 307 901 341; x_wconf 90' lang='lat' dir='ltr'>communis</span> <span class='ocrx_word' id='word_1_21' title='bbox 924 314 974 340; x_wconf 88' lang='lat' dir='ltr'>est</span> <span class='ocrx_word' id='word_1_22' title='bbox 999 319 1081 351; x_wconf 89' lang='lat' dir='ltr'>pro-</span> 
     </span>
     <span class='ocr_line' id='line_1_5' title="bbox 94 358 1082 402; baseline -0.002 -10"><span class='ocrx_word' id='word_1_23' title='bbox 94 359 198 393; x_wconf 86' lang='lat' dir='ltr'>fessio</span> <span class='ocrx_word' id='word_1_24' title='bbox 216 371 293 393; x_wconf 91' lang='lat' dir='ltr'>cum</span> <span class='ocrx_word' id='word_1_25' title='bbox 312 359 512 402; x_wconf 83' lang='lat' dir='ltr'>flagitiosis,</span> <span class='ocrx_word' id='word_1_26' title='bbox 540 365 656 392; x_wconf 88' lang='lat' dir='ltr'>tamen</span> <span class='ocrx_word' id='word_1_27' title='bbox 677 358 752 391; x_wconf 90' lang='lat' dir='ltr'>sine</span> <span class='ocrx_word' id='word_1_28' title='bbox 776 370 814 391; x_wconf 88' lang='lat' dir='ltr'>ea</span> <span class='ocrx_word' id='word_1_29' title='bbox 838 364 992 391; x_wconf 85' lang='lat' dir='ltr'>caeterae</span> <span class='ocrx_word' id='word_1_30' title='bbox 1010 358 1082 390; x_wconf 91' lang='lat' dir='ltr'>vir-</span> 
     </span>
     <span class='ocr_line' id='line_1_6' title="bbox 94 406 1080 452; baseline -0.003 -8"><span class='ocrx_word' id='word_1_31' title='bbox 94 417 185 444; x_wconf 84' lang='lat' dir='ltr'><strong>tutes</strong></span> <span class='ocrx_word' id='word_1_32' title='bbox 199 436 210 451; x_wconf 96' lang='lat'>,</span> <span class='ocrx_word' id='word_1_33' title='bbox 236 417 274 443; x_wconf 88' lang='lat' dir='ltr'>ut</span> <span class='ocrx_word' id='word_1_34' title='bbox 292 410 329 443; x_wconf 90' lang='lat' dir='ltr'>in</span> <span class='ocrx_word' id='word_1_35' title='bbox 348 409 495 448; x_wconf 87' lang='lat' dir='ltr'>Tureis,</span> <span class='ocrx_word' id='word_1_36' title='bbox 517 421 592 443; x_wconf 91' lang='lat' dir='ltr'>non</span> <span class='ocrx_word' id='word_1_37' title='bbox 608 410 784 452; x_wconf 83' lang='lat' dir='ltr'>placerent</span> <span class='ocrx_word' id='word_1_38' title='bbox 800 407 889 442; x_wconf 88' lang='lat' dir='ltr'>Deo.</span> <span class='ocrx_word' id='word_1_39' title='bbox 930 408 980 441; x_wconf 91' lang='lat' dir='ltr'>Ita</span> <span class='ocrx_word' id='word_1_40' title='bbox 997 406 1080 441; x_wconf 91' lang='lat' dir='ltr'>haec</span> 
     </span>
     <span class='ocr_line' id='line_1_7' title="bbox 94 458 1080 507; baseline -0.003 -13"><span class='ocrx_word' id='word_1_41' title='bbox 94 459 316 507; x_wconf 81' lang='lat' dir='ltr'>synecdoche</span> <span class='ocrx_word' id='word_1_42' title='bbox 347 461 574 494; x_wconf 81' lang='lat' dir='ltr'>transformat</span> <span class='ocrx_word' id='word_1_43' title='bbox 604 458 836 502; x_wconf 85' lang='lat' dir='ltr'>Evangelium</span> <span class='ocrx_word' id='word_1_44' title='bbox 879 459 915 491; x_wconf 92' lang='lat' dir='ltr'>in</span> <span class='ocrx_word' id='word_1_45' title='bbox 956 459 1080 502; x_wconf 82' lang='lat' dir='ltr'>legem,</span> 
     </span>
    </p>
   </div>
   <div class='ocr_carea' id='block_1_3' title="bbox 94 509 1107 555">
    <p class='ocr_par' dir='ltr' id='par_1_3' title="bbox 94 509 1107 555">
     <span class='ocr_line' id='line_1_8' title="bbox 94 509 1107 555; baseline -0.005 -10"><span class='ocrx_word' id='word_1_46' title='bbox 94 512 261 546; x_wconf 74' lang='lat' dir='ltr'>transfert</span> <span class='ocrx_word' id='word_1_47' title='bbox 278 511 425 555; x_wconf 82' lang='lat' dir='ltr'>gloriam</span> <span class='ocrx_word' id='word_1_48' title='bbox 439 509 572 544; x_wconf 81' lang='lat' dir='ltr'>Christi</span> <span class='ocrx_word' id='word_1_49' title='bbox 588 511 629 543; x_wconf 91' lang='lat' dir='ltr'>ad</span> <span class='ocrx_word' id='word_1_50' title='bbox 647 516 783 543; x_wconf 87' lang='lat' dir='ltr'>nostras</span> <span class='ocrx_word' id='word_1_51' title='bbox 802 510 959 550; x_wconf 85' lang='lat' dir='ltr'>virtutes,</span> <span class='ocrx_word' id='word_1_52' title='bbox 987 510 1080 544; x_wconf 87' lang='lat' dir='ltr'>delet</span> <span class='ocrx_word' id='word_1_53' title='bbox 1105 526 1107 540; x_wconf 55' lang='lat'>2</span> 
     </span>
    </p>
   </div>
   <div class='ocr_carea' id='block_1_4' title="bbox 93 560 1079 653">
    <p class='ocr_par' dir='ltr' id='par_1_4' title="bbox 93 560 1079 653">
     <span class='ocr_line' id='line_1_9' title="bbox 94 560 1079 600; baseline -0.003 -4"><span class='ocrx_word' id='word_1_54' title='bbox 94 562 373 596; x_wconf 76' lang='lat' dir='ltr'>consolationem</span> <span class='ocrx_word' id='word_1_55' title='bbox 390 561 701 600; x_wconf 79' lang='lat' dir='ltr'>conscientiarum,</span> <span class='ocrx_word' id='word_1_56' title='bbox 736 560 854 594; x_wconf 83' lang='lat' dir='ltr'>abolet</span> <span class='ocrx_word' id='word_1_57' title='bbox 880 562 1079 594; x_wconf 83' lang='lat' dir='ltr'>doctrinam</span> 
     </span>
     <span class='ocr_line' id='line_1_10' title="bbox 93 611 1079 653; baseline -0.002 -7"><span class='ocrx_word' id='word_1_58' title='bbox 93 625 212 646; x_wconf 86' lang='lat' dir='ltr'>veram</span> <span class='ocrx_word' id='word_1_59' title='bbox 228 614 271 646; x_wconf 91' lang='lat' dir='ltr'>de</span> <span class='ocrx_word' id='word_1_60' title='bbox 288 613 374 653; x_wconf 89' lang='lat' dir='ltr'>fide,</span> <span class='ocrx_word' id='word_1_61' title='bbox 401 612 436 645; x_wconf 89' lang='lat' dir='ltr'>id</span> <span class='ocrx_word' id='word_1_62' title='bbox 453 619 517 652; x_wconf 88' lang='lat' dir='ltr'>est,</span> <span class='ocrx_word' id='word_1_63' title='bbox 544 611 670 644; x_wconf 86' lang='lat' dir='ltr'>fiducia</span> <span class='ocrx_word' id='word_1_64' title='bbox 685 611 959 647; x_wconf 85' lang='lat' dir='ltr'>misericordiae.</span> <span class='ocrx_word' id='word_1_65' title='bbox 1003 611 1079 645; x_wconf 91' lang='lat' dir='ltr'>Imo</span> 
     </span>
    </p>
   </div>
   <div class='ocr_carea' id='block_1_5' title="bbox 93 660 1107 698">
    <p class='ocr_par' dir='ltr' id='par_1_5' title="bbox 93 660 1107 698">
     <span class='ocr_line' id='line_1_11' title="bbox 93 660 1107 698; baseline -0.002 -2"><span class='ocrx_word' id='word_1_66' title='bbox 93 660 267 696; x_wconf 89' lang='lat' dir='ltr'>Monachi</span> <span class='ocrx_word' id='word_1_67' title='bbox 297 663 401 698; x_wconf 87' lang='lat' dir='ltr'>etiam</span> <span class='ocrx_word' id='word_1_68' title='bbox 440 662 564 695; x_wconf 87' lang='lat' dir='ltr'>iubent</span> <span class='ocrx_word' id='word_1_69' title='bbox 595 662 756 695; x_wconf 91' lang='lat' dir='ltr'>dubitare</span> <span class='ocrx_word' id='word_1_70' title='bbox 793 663 837 695; x_wconf 91' lang='lat' dir='ltr'>de</span> <span class='ocrx_word' id='word_1_71' title='bbox 872 663 1107 696; x_wconf 52' lang='lat' dir='ltr'>remissione}</span> 
     </span>
    </p>
   </div>
   <div class='ocr_carea' id='block_1_6' title="bbox 88 710 1080 1113">
    <p class='ocr_par' dir='ltr' id='par_1_6' title="bbox 88 710 1080 1113">
     <span class='ocr_line' id='line_1_12' title="bbox 91 710 1080 758; baseline -0.001 -11"><span class='ocrx_word' id='word_1_72' title='bbox 91 721 326 758; x_wconf 88' lang='lat' dir='ltr'>peccatorum.</span> <span class='ocrx_word' id='word_1_73' title='bbox 378 712 511 746; x_wconf 85' lang='lat' dir='ltr'>Vident</span> <span class='ocrx_word' id='word_1_74' title='bbox 534 713 627 745; x_wconf 90' lang='lat' dir='ltr'>enim</span> <span class='ocrx_word' id='word_1_75' title='bbox 654 713 691 745; x_wconf 87' lang='lat' dir='ltr'>in</span> <span class='ocrx_word' id='word_1_76' title='bbox 716 710 880 745; x_wconf 88' lang='lat' dir='ltr'>humanis</span> <span class='ocrx_word' id='word_1_77' title='bbox 900 713 1080 746; x_wconf 88' lang='lat' dir='ltr'>mentibus</span> 
     </span>
     <span class='ocr_line' id='line_1_13' title="bbox 91 762 1079 799; baseline -0.001 -1"><span class='ocrx_word' id='word_1_78' title='bbox 91 765 302 798; x_wconf 75' lang='lat' dir='ltr'>naturaliter</span> <span class='ocrx_word' id='word_1_79' title='bbox 324 762 466 797; x_wconf 91' lang='lat' dir='ltr'>haerere</span> <span class='ocrx_word' id='word_1_80' title='bbox 483 763 723 797; x_wconf 77' lang='lat' dir='ltr'>dubitationes</span> <span class='ocrx_word' id='word_1_81' title='bbox 740 764 783 796; x_wconf 93' lang='lat' dir='ltr'>de</span> <span class='ocrx_word' id='word_1_82' title='bbox 801 763 865 797; x_wconf 87' lang='lat' dir='ltr'>Dei</span> <span class='ocrx_word' id='word_1_83' title='bbox 885 765 1079 799; x_wconf 83' lang='lat' dir='ltr'>voluntate.</span> 
     </span>
     <span class='ocr_line' id='line_1_14' title="bbox 94 814 1078 858; baseline -0.001 -10"><span class='ocrx_word' id='word_1_84' title='bbox 94 814 176 848; x_wconf 91' lang='lat' dir='ltr'>Ideo</span> <span class='ocrx_word' id='word_1_85' title='bbox 193 816 403 848; x_wconf 87' lang='lat' dir='ltr'>confirmant</span> <span class='ocrx_word' id='word_1_86' title='bbox 425 826 500 855; x_wconf 86' lang='lat' dir='ltr'>eas,</span> <span class='ocrx_word' id='word_1_87' title='bbox 527 827 590 847; x_wconf 92' lang='lat' dir='ltr'>nec</span> <span class='ocrx_word' id='word_1_88' title='bbox 613 820 736 858; x_wconf 87' lang='lat' dir='ltr'>putant</span> <span class='ocrx_word' id='word_1_89' title='bbox 758 825 830 847; x_wconf 91' lang='lat' dir='ltr'>esse</span> <span class='ocrx_word' id='word_1_90' title='bbox 852 814 955 855; x_wconf 88' lang='lat' dir='ltr'>vitia,</span> <span class='ocrx_word' id='word_1_91' title='bbox 981 822 1078 848; x_wconf 88' lang='lat' dir='ltr'>tene-</span> 
     </span>
     <span class='ocr_line' id='line_1_15' title="bbox 90 864 1078 909; baseline -0.001 -10"><span class='ocrx_word' id='word_1_92' title='bbox 90 867 173 899; x_wconf 83' lang='lat' dir='ltr'>bras</span> <span class='ocrx_word' id='word_1_93' title='bbox 197 866 379 899; x_wconf 88' lang='lat' dir='ltr'>uobiscum</span> <span class='ocrx_word' id='word_1_94' title='bbox 402 872 516 905; x_wconf 84' lang='lat' dir='ltr'>natas,</span> <span class='ocrx_word' id='word_1_95' title='bbox 551 866 695 909; x_wconf 85' lang='lat' dir='ltr'>prorsus</span> <span class='ocrx_word' id='word_1_96' title='bbox 716 872 755 898; x_wconf 91' lang='lat' dir='ltr'>ut</span> <span class='ocrx_word' id='word_1_97' title='bbox 779 865 965 899; x_wconf 86' lang='lat' dir='ltr'>academici</span> <span class='ocrx_word' id='word_1_98' title='bbox 992 864 1078 899; x_wconf 89' lang='lat' dir='ltr'>Phi-</span> 
     </span>
     <span class='ocr_line' id='line_1_16' title="bbox 91 913 1078 962; baseline 0 -13"><span class='ocrx_word' id='word_1_99' title='bbox 91 915 229 960; x_wconf 89' lang='lat' dir='ltr'>losophi</span> <span class='ocrx_word' id='word_1_100' title='bbox 252 928 312 949; x_wconf 91' lang='lat' dir='ltr'>seu</span> <span class='ocrx_word' id='word_1_101' title='bbox 330 913 533 962; x_wconf 58' lang='lat' dir='ltr'>Pyrrhonii,</span> <span class='ocrx_word' id='word_1_102' title='bbox 583 915 771 960; x_wconf 84' lang='lat' dir='ltr'>Copiosius</span> <span class='ocrx_word' id='word_1_103' title='bbox 791 916 898 959; x_wconf 85' lang='lat' dir='ltr'>igitur</span> <span class='ocrx_word' id='word_1_104' title='bbox 924 917 1014 950; x_wconf 83' lang='lat' dir='ltr'>infra</span> <span class='ocrx_word' id='word_1_105' title='bbox 1040 917 1078 949; x_wconf 90' lang='lat' dir='ltr'>in</span> 
     </span>
     <span class='ocr_line' id='line_1_17' title="bbox 88 964 1077 1012; baseline 0 -12"><span class='ocrx_word' id='word_1_106' title='bbox 88 966 352 1000; x_wconf 81' lang='lat' dir='ltr'>Commentario</span> <span class='ocrx_word' id='word_1_107' title='bbox 388 967 548 1000; x_wconf 80' lang='lat' dir='ltr'>refutabo</span> <span class='ocrx_word' id='word_1_108' title='bbox 585 964 675 1000; x_wconf 91' lang='lat' dir='ltr'>hanc</span> <span class='ocrx_word' id='word_1_109' title='bbox 710 967 976 1012; x_wconf 84' lang='lat' dir='ltr'>synecdochen,</span> <span class='ocrx_word' id='word_1_110' title='bbox 1013 980 1077 1011; x_wconf 92' lang='lat' dir='ltr'>pu-</span> 
     </span>
     <span class='ocr_line' id='line_1_18' title="bbox 90 1017 839 1061; baseline 0.003 -12"><span class='ocrx_word' id='word_1_111' title='bbox 90 1023 255 1060; x_wconf 85' lang='lat' dir='ltr'>gnantem</span> <span class='ocrx_word' id='word_1_112' title='bbox 279 1029 357 1049; x_wconf 89' lang='lat' dir='ltr'>cum</span> <span class='ocrx_word' id='word_1_113' title='bbox 374 1024 445 1050; x_wconf 87' lang='lat' dir='ltr'>tota</span> <span class='ocrx_word' id='word_1_114' title='bbox 468 1018 707 1061; x_wconf 89' lang='lat' dir='ltr'>disputatione</span> <span class='ocrx_word' id='word_1_115' title='bbox 725 1017 839 1052; x_wconf 88' lang='lat' dir='ltr'>Pauli.</span> 
     </span>
     <span class='ocr_line' id='line_1_19' title="bbox 90 1065 1079 1113; baseline 0.001 -12"><span class='ocrx_word' id='word_1_116' title='bbox 90 1080 214 1101; x_wconf 90' lang='lat' dir='ltr'>nemus</span> <span class='ocrx_word' id='word_1_117' title='bbox 232 1065 274 1102; x_wconf 84' lang='grc' dir='ltr'>τὸ</span> <span class='ocrx_word' id='word_1_118' title='bbox 293 1065 404 1113; x_wconf 74' lang='grc' dir='ltr'><strong><em>ῥητὸν</em></strong></span> <span class='ocrx_word' id='word_1_119' title='bbox 425 1069 518 1112; x_wconf 91' lang='lat' dir='ltr'>apud</span> <span class='ocrx_word' id='word_1_120' title='bbox 536 1067 703 1101; x_wconf 87' lang='lat' dir='ltr'>Paulum:</span> <span class='ocrx_word' id='word_1_121' title='bbox 738 1068 825 1102; x_wconf 86' lang='lat' dir='ltr'>Fide</span> <span class='ocrx_word' id='word_1_122' title='bbox 848 1069 1079 1103; x_wconf 88' lang='lat' dir='ltr'>iustificamur</span> 
     </span>
    </p>
   </div>
   <div class='ocr_carea' id='block_1_7' title="bbox 91 1120 2123 1191">
    <p class='ocr_par' dir='ltr' id='par_1_7' title="bbox 91 1120 2123 1191">
     <span class='ocr_line' id='line_1_20' title="bbox 91 1120 2123 1191; baseline 0.002 -16"><span class='ocrx_word' id='word_1_123' title='bbox 91 1126 217 1161; x_wconf 63' lang='lat' dir='ltr'>gmus’</span> <span class='ocrx_word' id='word_1_124' title='bbox 251 1120 287 1151; x_wconf 69' lang='lat' dir='ltr'>&#39;d</span> <span class='ocrx_word' id='word_1_125' title='bbox 313 1126 384 1159; x_wconf 43' lang='grc' dir='ltr'>’ἐπ’</span> <span class='ocrx_word' id='word_1_126' title='bbox 415 1130 666 1164; x_wconf 67' lang='lat' dir='ltr'>conseqmmur</span> <span class='ocrx_word' id='word_1_127' title='bbox 692 1131 931 1153; x_wconf 62' lang='lat' dir='ltr'>remlssmnem</span> <span class='ocrx_word' id='word_1_128' title='bbox 956 1132 1077 1165; x_wconf 58' lang='lat' dir='ltr'><strong>pecca*</strong></span> <span class='ocrx_word' id='word_1_129' title='bbox 1102 1144 1104 1170; x_wconf 57' lang='grc' dir='ltr'><strong>ἶ</strong></span> <span class='ocrx_word' id='word_1_130' title='bbox 1132 1145 1271 1178; x_wconf 87' lang='lat' dir='ltr'>incitari</span> <span class='ocrx_word' id='word_1_131' title='bbox 1298 1157 1316 1177; x_wconf 88' lang='lat' dir='ltr'>a</span> <span class='ocrx_word' id='word_1_132' title='bbox 1341 1145 1487 1188; x_wconf 88' lang='lat' dir='ltr'>spiritu,</span> <span class='ocrx_word' id='word_1_133' title='bbox 1528 1158 1592 1178; x_wconf 90' lang='lat' dir='ltr'>nec</span> <span class='ocrx_word' id='word_1_134' title='bbox 1625 1159 1696 1179; x_wconf 85' lang='lat' dir='ltr'>esse</span> <span class='ocrx_word' id='word_1_135' title='bbox 1719 1147 1794 1189; x_wconf 86' lang='lat' dir='ltr'>lege</span> <span class='ocrx_word' id='word_1_136' title='bbox 1821 1147 1984 1189; x_wconf 87' lang='lat' dir='ltr'>spiritum</span> <span class='ocrx_word' id='word_1_137' title='bbox 2011 1148 2123 1191; x_wconf 85' lang='lat' dir='ltr'>impe-</span> 
     </span>
    </p>
   </div>
   <div class='ocr_carea' id='block_1_8' title="bbox 87 1170 1077 1315">
    <p class='ocr_par' dir='ltr' id='par_1_8' title="bbox 87 1170 1077 1315">
     <span class='ocr_line' id='line_1_21' title="bbox 89 1170 1077 1213; baseline 0 -10"><span class='ocrx_word' id='word_1_138' title='bbox 89 1176 207 1203; x_wconf 88' lang='lat' dir='ltr'>torum</span> <span class='ocrx_word' id='word_1_139' title='bbox 225 1177 259 1203; x_wconf 92' lang='lat' dir='ltr'>et</span> <span class='ocrx_word' id='word_1_140' title='bbox 275 1170 544 1213; x_wconf 85' lang='lat' dir='ltr'>imputationem</span> <span class='ocrx_word' id='word_1_141' title='bbox 564 1170 721 1203; x_wconf 87' lang='lat' dir='ltr'>iusticiae</span> <span class='ocrx_word' id='word_1_142' title='bbox 745 1182 861 1204; x_wconf 88' lang='lat' dir='ltr'>coram</span> <span class='ocrx_word' id='word_1_143' title='bbox 881 1170 976 1212; x_wconf 90' lang='lat' dir='ltr'>Deo,</span> <span class='ocrx_word' id='word_1_144' title='bbox 1003 1183 1077 1203; x_wconf 87' lang='lat' dir='ltr'>non</span> 
     </span>
     <span class='ocr_line' id='line_1_22' title="bbox 87 1220 1076 1264; baseline 0.004 -12"><span class='ocrx_word' id='word_1_145' title='bbox 87 1228 234 1264; x_wconf 88' lang='lat' dir='ltr'>propter</span> <span class='ocrx_word' id='word_1_146' title='bbox 248 1220 319 1253; x_wconf 89' lang='lat' dir='ltr'>ulla</span> <span class='ocrx_word' id='word_1_147' title='bbox 337 1227 456 1253; x_wconf 87' lang='lat' dir='ltr'>nostra</span> <span class='ocrx_word' id='word_1_148' title='bbox 471 1221 612 1260; x_wconf 87' lang='lat' dir='ltr'>merita,</span> <span class='ocrx_word' id='word_1_149' title='bbox 639 1222 698 1253; x_wconf 90' lang='lat' dir='ltr'>sed</span> <span class='ocrx_word' id='word_1_150' title='bbox 722 1221 809 1262; x_wconf 89' lang='lat' dir='ltr'>fide,</span> <span class='ocrx_word' id='word_1_151' title='bbox 836 1222 872 1255; x_wconf 91' lang='lat' dir='ltr'>id</span> <span class='ocrx_word' id='word_1_152' title='bbox 890 1229 959 1262; x_wconf 91' lang='lat' dir='ltr'>est,</span> <span class='ocrx_word' id='word_1_153' title='bbox 985 1222 1076 1255; x_wconf 83' lang='lat' dir='ltr'>fidu-</span> 
     </span>
     <span class='ocr_line' id='line_1_23' title="bbox 88 1271 1076 1315; baseline 0.003 -11"><span class='ocrx_word' id='word_1_154' title='bbox 88 1271 141 1304; x_wconf 85' lang='lat' dir='ltr'>cia</span> <span class='ocrx_word' id='word_1_155' title='bbox 176 1271 437 1303; x_wconf 83' lang='lat' dir='ltr'>misericordiae</span> <span class='ocrx_word' id='word_1_156' title='bbox 476 1272 667 1314; x_wconf 86' lang='lat' dir='ltr'>promissae</span> <span class='ocrx_word' id='word_1_157' title='bbox 708 1279 853 1315; x_wconf 88' lang='lat' dir='ltr'>propter</span> <span class='ocrx_word' id='word_1_158' title='bbox 883 1271 1076 1307; x_wconf 85' lang='lat' dir='ltr'>Christum.</span> 
     </span>
    </p>
   </div>
   <div class='ocr_carea' id='block_1_9' title="bbox 88 1320 1104 1367">
    <p class='ocr_par' dir='ltr' id='par_1_9' title="bbox 88 1320 1104 1367">
     <span class='ocr_line' id='line_1_24' title="bbox 88 1320 1104 1367; baseline 0 -12"><span class='ocrx_word' id='word_1_159' title='bbox 88 1320 171 1355; x_wconf 83' lang='lat' dir='ltr'>Non</span> <span class='ocrx_word' id='word_1_160' title='bbox 196 1321 303 1364; x_wconf 81' lang='lat' dir='ltr'>igitur</span> <span class='ocrx_word' id='word_1_161' title='bbox 335 1321 534 1364; x_wconf 84' lang='lat' dir='ltr'>affingimus</span> <span class='ocrx_word' id='word_1_162' title='bbox 566 1321 676 1355; x_wconf 86' lang='lat' dir='ltr'>Paulo</span> <span class='ocrx_word' id='word_1_163' title='bbox 708 1321 970 1367; x_wconf 68' lang='lat' dir='ltr'>synecdochen,</span> <span class='ocrx_word' id='word_1_164' title='bbox 1013 1334 1076 1355; x_wconf 90' lang='lat' dir='ltr'>nec</span> <span class='ocrx_word' id='word_1_165' title='bbox 1102 1346 1104 1355; x_wconf 68' lang='grc'>,</span> 
     </span>
    </p>
   </div>
   <div class='ocr_carea' id='block_1_10' title="bbox 85 1372 1076 1567">
    <p class='ocr_par' dir='ltr' id='par_1_10' title="bbox 85 1372 1076 1567">
     <span class='ocr_line' id='line_1_25' title="bbox 87 1372 1076 1415; baseline 0 -10"><span class='ocrx_word' id='word_1_166' title='bbox 87 1379 264 1405; x_wconf 86' lang='lat' dir='ltr'>mutamus</span> <span class='ocrx_word' id='word_1_167' title='bbox 288 1372 362 1404; x_wconf 89' lang='lat' dir='ltr'>eius</span> <span class='ocrx_word' id='word_1_168' title='bbox 386 1372 612 1414; x_wconf 88' lang='lat' dir='ltr'>concionem,</span> <span class='ocrx_word' id='word_1_169' title='bbox 641 1373 702 1405; x_wconf 91' lang='lat' dir='ltr'>sed</span> <span class='ocrx_word' id='word_1_170' title='bbox 725 1374 770 1405; x_wconf 91' lang='lat' dir='ltr'>ab</span> <span class='ocrx_word' id='word_1_171' title='bbox 795 1373 870 1415; x_wconf 89' lang='lat' dir='ltr'>ipso</span> <span class='ocrx_word' id='word_1_172' title='bbox 896 1373 1076 1412; x_wconf 88' lang='lat' dir='ltr'>discimus,</span> 
     </span>
     <span class='ocr_line' id='line_1_26' title="bbox 86 1422 1075 1466; baseline 0 -11"><span class='ocrx_word' id='word_1_173' title='bbox 86 1423 279 1455; x_wconf 81' lang='lat' dir='ltr'>retinemus</span> <span class='ocrx_word' id='word_1_174' title='bbox 296 1422 523 1459; x_wconf 86' lang='lat' dir='ltr'>sententiam,</span> <span class='ocrx_word' id='word_1_175' title='bbox 550 1434 654 1466; x_wconf 88' lang='lat' dir='ltr'>quam</span> <span class='ocrx_word' id='word_1_176' title='bbox 675 1428 707 1455; x_wconf 91' lang='lat' dir='ltr'>et</span> <span class='ocrx_word' id='word_1_177' title='bbox 725 1422 898 1455; x_wconf 89' lang='lat' dir='ltr'>sermonis</span> <span class='ocrx_word' id='word_1_178' title='bbox 916 1423 1075 1466; x_wconf 86' lang='lat' dir='ltr'>proprie-</span> 
     </span>
     <span class='ocr_line' id='line_1_27' title="bbox 85 1472 1075 1517; baseline -0.001 -11"><span class='ocrx_word' id='word_1_179' title='bbox 85 1479 156 1512; x_wconf 84' lang='lat' dir='ltr'>tas,</span> <span class='ocrx_word' id='word_1_180' title='bbox 184 1479 218 1506; x_wconf 91' lang='lat' dir='ltr'>et</span> <span class='ocrx_word' id='word_1_181' title='bbox 232 1472 338 1505; x_wconf 85' lang='lat' dir='ltr'>series</span> <span class='ocrx_word' id='word_1_182' title='bbox 355 1472 605 1515; x_wconf 85' lang='lat' dir='ltr'>disputationis</span> <span class='ocrx_word' id='word_1_183' title='bbox 621 1472 790 1508; x_wconf 84' lang='lat' dir='ltr'>efficiunt.</span> <span class='ocrx_word' id='word_1_184' title='bbox 844 1472 955 1517; x_wconf 83' lang='lat' dir='ltr'>Spero</span> <span class='ocrx_word' id='word_1_185' title='bbox 972 1485 1075 1506; x_wconf 87' lang='lat' dir='ltr'>enar-</span> 
     </span>
     <span class='ocr_line' id='line_1_28' title="bbox 85 1522 1074 1567; baseline 0 -10"><span class='ocrx_word' id='word_1_186' title='bbox 85 1524 170 1557; x_wconf 87' lang='lat' dir='ltr'>ratis</span> <span class='ocrx_word' id='word_1_187' title='bbox 187 1522 378 1563; x_wconf 87' lang='lat' dir='ltr'>vocabulis,</span> <span class='ocrx_word' id='word_1_188' title='bbox 402 1523 551 1565; x_wconf 83' lang='lat' dir='ltr'>intelligi</span> <span class='ocrx_word' id='word_1_189' title='bbox 570 1523 864 1566; x_wconf 88' lang='lat' dir='ltr'>propositionem:</span> <span class='ocrx_word' id='word_1_190' title='bbox 891 1522 979 1557; x_wconf 83' lang='lat' dir='ltr'>Fide</span> <span class='ocrx_word' id='word_1_191' title='bbox 997 1535 1074 1567; x_wconf 81' lang='lat' dir='ltr'>gra-</span> 
     </span>
    </p>
   </div>
   <div class='ocr_carea' id='block_1_11' title="bbox 86 1573 1101 1618">
    <p class='ocr_par' dir='ltr' id='par_1_11' title="bbox 86 1573 1101 1618">
     <span class='ocr_line' id='line_1_29' title="bbox 86 1573 1101 1618; baseline -0.002 -10"><span class='ocrx_word' id='word_1_192' title='bbox 86 1576 129 1609; x_wconf 83' lang='lat' dir='ltr'>tis</span> <span class='ocrx_word' id='word_1_193' title='bbox 147 1574 388 1607; x_wconf 88' lang='lat' dir='ltr'>iustificamur.</span> <span class='ocrx_word' id='word_1_194' title='bbox 431 1573 542 1606; x_wconf 76' lang='lat' dir='ltr'>Valde</span> <span class='ocrx_word' id='word_1_195' title='bbox 559 1580 675 1607; x_wconf 90' lang='lat' dir='ltr'>autem</span> <span class='ocrx_word' id='word_1_196' title='bbox 696 1576 838 1618; x_wconf 85' lang='lat' dir='ltr'>prodest</span> <span class='ocrx_word' id='word_1_197' title='bbox 855 1575 942 1618; x_wconf 91' lang='lat' dir='ltr'>piis,</span> <span class='ocrx_word' id='word_1_198' title='bbox 968 1573 1075 1609; x_wconf 88' lang='lat' dir='ltr'>huius</span> <span class='ocrx_word' id='word_1_199' title='bbox 1100 1596 1101 1606; x_wconf 55' lang='lat'>2</span> 
     </span>
    </p>
   </div>
   <div class='ocr_carea' id='block_1_12' title="bbox 86 1625 1076 1720">
    <p class='ocr_par' dir='ltr' id='par_1_12' title="bbox 86 1625 1076 1720">
     <span class='ocr_line' id='line_1_30' title="bbox 86 1625 1076 1670; baseline 0.001 -12"><span class='ocrx_word' id='word_1_200' title='bbox 86 1625 338 1670; x_wconf 83' lang='lat' dir='ltr'>propositionis</span> <span class='ocrx_word' id='word_1_201' title='bbox 360 1631 450 1657; x_wconf 85' lang='lat' dir='ltr'>certa</span> <span class='ocrx_word' id='word_1_202' title='bbox 477 1625 700 1665; x_wconf 79' lang='lat' dir='ltr'>testimonia,</span> <span class='ocrx_word' id='word_1_203' title='bbox 727 1637 766 1659; x_wconf 89' lang='lat' dir='ltr'>ac</span> <span class='ocrx_word' id='word_1_204' title='bbox 790 1626 1076 1660; x_wconf 87' lang='lat' dir='ltr'>confirmationes</span> 
     </span>
     <span class='ocr_line' id='line_1_31' title="bbox 86 1673 1075 1720; baseline 0.002 -11"><span class='ocrx_word' id='word_1_205' title='bbox 86 1677 123 1710; x_wconf 88' lang='lat' dir='ltr'>in</span> <span class='ocrx_word' id='word_1_206' title='bbox 150 1684 291 1720; x_wconf 88' lang='lat' dir='ltr'>promtu</span> <span class='ocrx_word' id='word_1_207' title='bbox 312 1683 344 1709; x_wconf 89' lang='lat' dir='ltr'>et</span> <span class='ocrx_word' id='word_1_208' title='bbox 370 1675 407 1708; x_wconf 90' lang='lat' dir='ltr'>in</span> <span class='ocrx_word' id='word_1_209' title='bbox 432 1684 620 1719; x_wconf 89' lang='lat' dir='ltr'>conspectu</span> <span class='ocrx_word' id='word_1_210' title='bbox 647 1673 796 1715; x_wconf 66' lang='lat' dir='ltr'>habere„</span> <span class='ocrx_word' id='word_1_211' title='bbox 823 1683 898 1710; x_wconf 86' lang='lat' dir='ltr'>tum</span> <span class='ocrx_word' id='word_1_212' title='bbox 925 1678 969 1711; x_wconf 90' lang='lat' dir='ltr'>ad</span> <span class='ocrx_word' id='word_1_213' title='bbox 994 1689 1075 1711; x_wconf 88' lang='lat' dir='ltr'>eru-</span> 
     </span>
    </p>
   </div>
   <div class='ocr_carea' id='block_1_13' title="bbox 87 1727 1101 1774">
    <p class='ocr_par' dir='ltr' id='par_1_13' title="bbox 87 1727 1101 1774">
     <span class='ocr_line' id='line_1_32' title="bbox 87 1727 1101 1774; baseline 0 -14"><span class='ocrx_word' id='word_1_214' title='bbox 87 1728 234 1760; x_wconf 88' lang='lat' dir='ltr'>diendas</span> <span class='ocrx_word' id='word_1_215' title='bbox 252 1733 402 1767; x_wconf 84' lang='lat' dir='ltr'>mentes,</span> <span class='ocrx_word' id='word_1_216' title='bbox 430 1733 503 1759; x_wconf 90' lang='lat' dir='ltr'>tum</span> <span class='ocrx_word' id='word_1_217' title='bbox 530 1727 574 1759; x_wconf 88' lang='lat' dir='ltr'>ad</span> <span class='ocrx_word' id='word_1_218' title='bbox 598 1727 818 1760; x_wconf 82' lang='lat' dir='ltr'>excitandam</span> <span class='ocrx_word' id='word_1_219' title='bbox 843 1728 946 1761; x_wconf 85' lang='lat' dir='ltr'>fidem</span> <span class='ocrx_word' id='word_1_220' title='bbox 970 1735 1075 1774; x_wconf 88' lang='lat' dir='ltr'>atque</span> <span class='ocrx_word' id='word_1_221' title='bbox 1099 1748 1101 1760; x_wconf 67' lang='lat'><em>1</em></span> 
     </span>
    </p>
   </div>
   <div class='ocr_carea' id='block_1_14' title="bbox 85 1776 1075 2276">
    <p class='ocr_par' dir='ltr' id='par_1_14' title="bbox 85 1776 1075 2276">
     <span class='ocr_line' id='line_1_33' title="bbox 86 1776 1075 1813; baseline 0 -1"><span class='ocrx_word' id='word_1_222' title='bbox 86 1779 358 1813; x_wconf 84' lang='lat' dir='ltr'>invocationem.</span> <span class='ocrx_word' id='word_1_223' title='bbox 429 1776 511 1810; x_wconf 93' lang='lat' dir='ltr'>Ideo</span> <span class='ocrx_word' id='word_1_224' title='bbox 544 1778 628 1810; x_wconf 87' lang='lat' dir='ltr'>alibi</span> <span class='ocrx_word' id='word_1_225' title='bbox 654 1779 782 1811; x_wconf 82' lang='lat' dir='ltr'>multas</span> <span class='ocrx_word' id='word_1_226' title='bbox 813 1779 1002 1812; x_wconf 87' lang='lat' dir='ltr'>sententias</span> <span class='ocrx_word' id='word_1_227' title='bbox 1034 1791 1075 1812; x_wconf 80' lang='lat' dir='ltr'>ex</span> 
     </span>
     <span class='ocr_line' id='line_1_34' title="bbox 86 1827 1073 1872; baseline 0 -10"><span class='ocrx_word' id='word_1_228' title='bbox 86 1828 198 1863; x_wconf 88' lang='lat' dir='ltr'>Paulo</span> <span class='ocrx_word' id='word_1_229' title='bbox 224 1829 379 1872; x_wconf 81' lang='lat' dir='ltr'>congessi</span> <span class='ocrx_word' id='word_1_230' title='bbox 404 1829 446 1861; x_wconf 90' lang='lat' dir='ltr'>de</span> <span class='ocrx_word' id='word_1_231' title='bbox 473 1827 537 1861; x_wconf 54' lang='lat' dir='ltr'>hac</span> <span class='ocrx_word' id='word_1_232' title='bbox 564 1829 816 1872; x_wconf 88' lang='lat' dir='ltr'>propositione.</span> <span class='ocrx_word' id='word_1_233' title='bbox 894 1830 967 1864; x_wconf 90' lang='lat' dir='ltr'>Hic</span> <span class='ocrx_word' id='word_1_234' title='bbox 991 1830 1073 1862; x_wconf 86' lang='lat' dir='ltr'>satis</span> 
     </span>
     <span class='ocr_line' id='line_1_35' title="bbox 86 1880 1075 1928; baseline -0.001 -14"><span class='ocrx_word' id='word_1_235' title='bbox 86 1880 129 1914; x_wconf 85' lang='lat' dir='ltr'>sit</span> <span class='ocrx_word' id='word_1_236' title='bbox 146 1887 358 1913; x_wconf 86' lang='lat' dir='ltr'>monstrasse</span> <span class='ocrx_word' id='word_1_237' title='bbox 376 1880 562 1928; x_wconf 87' lang='lat' dir='ltr'>praecipua</span> <span class='ocrx_word' id='word_1_238' title='bbox 579 1880 664 1913; x_wconf 84' lang='lat' dir='ltr'>loca.</span> <span class='ocrx_word' id='word_1_239' title='bbox 722 1880 760 1913; x_wconf 94' lang='lat' dir='ltr'>ln</span> <span class='ocrx_word' id='word_1_240' title='bbox 778 1881 846 1913; x_wconf 85' lang='lat' dir='ltr'>fine</span> <span class='ocrx_word' id='word_1_241' title='bbox 865 1881 988 1925; x_wconf 88' lang='lat' dir='ltr'>capitis</span> <span class='ocrx_word' id='word_1_242' title='bbox 1004 1887 1075 1914; x_wconf 86' lang='lat' dir='ltr'>ter-</span> 
     </span>
     <span class='ocr_line' id='line_1_36' title="bbox 85 1929 1074 1976; baseline 0 -11"><span class='ocrx_word' id='word_1_243' title='bbox 85 1931 126 1965; x_wconf 83' lang='lat' dir='ltr'>tii</span> <span class='ocrx_word' id='word_1_244' title='bbox 142 1932 184 1964; x_wconf 91' lang='lat' dir='ltr'>ad</span> <span class='ocrx_word' id='word_1_245' title='bbox 203 1930 402 1971; x_wconf 88' lang='lat' dir='ltr'>Romanos,</span> <span class='ocrx_word' id='word_1_246' title='bbox 429 1931 557 1964; x_wconf 84' lang='lat' dir='ltr'>diserte</span> <span class='ocrx_word' id='word_1_247' title='bbox 574 1938 606 1964; x_wconf 85' lang='lat' dir='ltr'>et</span> <span class='ocrx_word' id='word_1_248' title='bbox 622 1931 742 1965; x_wconf 88' lang='lat' dir='ltr'>multis</span> <span class='ocrx_word' id='word_1_249' title='bbox 761 1933 866 1966; x_wconf 88' lang='lat' dir='ltr'>tradit</span> <span class='ocrx_word' id='word_1_250' title='bbox 883 1929 973 1966; x_wconf 81' lang='lat' dir='ltr'>hanc</span> <span class='ocrx_word' id='word_1_251' title='bbox 992 1943 1074 1976; x_wconf 92' lang='lat' dir='ltr'>pro-</span> 
     </span>
     <span class='ocr_line' id='line_1_37' title="bbox 86 1981 1072 2028; baseline 0 -13"><span class='ocrx_word' id='word_1_252' title='bbox 86 1983 296 2028; x_wconf 85' lang='lat' dir='ltr'>positionem</span> <span class='ocrx_word' id='word_1_253' title='bbox 322 1981 470 2015; x_wconf 86' lang='lat' dir='ltr'>Paulus:</span> <span class='ocrx_word' id='word_1_254' title='bbox 508 1982 635 2014; x_wconf 89' lang='lat' dir='ltr'>deinde</span> <span class='ocrx_word' id='word_1_255' title='bbox 659 1984 901 2017; x_wconf 87' lang='lat' dir='ltr'>accommodat</span> <span class='ocrx_word' id='word_1_256' title='bbox 922 1984 964 2016; x_wconf 90' lang='lat' dir='ltr'>ad</span> <span class='ocrx_word' id='word_1_257' title='bbox 992 1995 1072 2026; x_wconf 91' lang='lat' dir='ltr'>pro—</span> 
     </span>
     <span class='ocr_line' id='line_1_38' title="bbox 88 2033 1075 2077; baseline 0.002 -12"><span class='ocrx_word' id='word_1_258' title='bbox 88 2033 300 2077; x_wconf 86' lang='lat' dir='ltr'>positionem</span> <span class='ocrx_word' id='word_1_259' title='bbox 316 2060 325 2073; x_wconf 90' lang='lat'>,</span> <span class='ocrx_word' id='word_1_260' title='bbox 366 2040 404 2066; x_wconf 90' lang='lat' dir='ltr'>ut</span> <span class='ocrx_word' id='word_1_261' title='bbox 440 2033 545 2066; x_wconf 88' lang='lat' dir='ltr'>series</span> <span class='ocrx_word' id='word_1_262' title='bbox 578 2033 829 2077; x_wconf 86' lang='lat' dir='ltr'>disputationis</span> <span class='ocrx_word' id='word_1_263' title='bbox 864 2034 1075 2077; x_wconf 89' lang='lat' dir='ltr'>postulabat,</span> 
     </span>
     <span class='ocr_line' id='line_1_39' title="bbox 89 2083 1074 2130; baseline 0.003 -15"><span class='ocrx_word' id='word_1_264' title='bbox 89 2084 309 2127; x_wconf 85' lang='lat' dir='ltr'>gravissimas</span> <span class='ocrx_word' id='word_1_265' title='bbox 325 2090 357 2116; x_wconf 85' lang='lat' dir='ltr'>et</span> <span class='ocrx_word' id='word_1_266' title='bbox 377 2084 629 2118; x_wconf 87' lang='lat' dir='ltr'>eruditissimas</span> <span class='ocrx_word' id='word_1_267' title='bbox 653 2083 958 2123; x_wconf 85' lang='lat' dir='ltr'>confirmationes,</span> <span class='ocrx_word' id='word_1_268' title='bbox 985 2097 1074 2130; x_wconf 85' lang='lat' dir='ltr'>quae</span> 
     </span>
     <span class='ocr_line' id='line_1_40' title="bbox 90 2133 1074 2178; baseline 0.003 -12"><span class='ocrx_word' id='word_1_269' title='bbox 90 2134 231 2178; x_wconf 89' lang='lat' dir='ltr'>quidem</span> <span class='ocrx_word' id='word_1_270' title='bbox 257 2133 451 2175; x_wconf 82' lang='lat' dir='ltr'>infigendae</span> <span class='ocrx_word' id='word_1_271' title='bbox 479 2141 560 2167; x_wconf 89' lang='lat' dir='ltr'>sunt</span> <span class='ocrx_word' id='word_1_272' title='bbox 583 2135 729 2176; x_wconf 89' lang='lat' dir='ltr'>animis,</span> <span class='ocrx_word' id='word_1_273' title='bbox 757 2142 797 2169; x_wconf 88' lang='lat' dir='ltr'>ut</span> <span class='ocrx_word' id='word_1_274' title='bbox 820 2136 924 2169; x_wconf 89' lang='lat' dir='ltr'>fidem</span> <span class='ocrx_word' id='word_1_275' title='bbox 950 2148 1074 2169; x_wconf 90' lang='lat' dir='ltr'>accen-</span> 
     </span>
     <span class='ocr_line' id='line_1_41' title="bbox 89 2185 1041 2230; baseline 0.002 -12"><span class='ocrx_word' id='word_1_276' title='bbox 89 2186 192 2225; x_wconf 71' lang='lat' dir='ltr'>dant,</span> <span class='ocrx_word' id='word_1_277' title='bbox 221 2191 252 2217; x_wconf 88' lang='lat' dir='ltr'>et</span> <span class='ocrx_word' id='word_1_278' title='bbox 268 2185 371 2218; x_wconf 91' lang='lat' dir='ltr'>nobis</span> <span class='ocrx_word' id='word_1_279' title='bbox 389 2185 613 2228; x_wconf 85' lang='lat' dir='ltr'>praeluceant</span> <span class='ocrx_word' id='word_1_280' title='bbox 630 2185 666 2218; x_wconf 89' lang='lat' dir='ltr'>in</span> <span class='ocrx_word' id='word_1_281' title='bbox 683 2187 849 2220; x_wconf 90' lang='lat' dir='ltr'>omnibus</span> <span class='ocrx_word' id='word_1_282' title='bbox 865 2187 1041 2230; x_wconf 78' lang='lat' dir='ltr'>periculiS.</span> 
     </span>
     <span class='ocr_line' id='line_1_42' title="bbox 187 2234 1073 2276; baseline 0.003 -9"><span class='ocrx_word' id='word_1_283' title='bbox 187 2234 268 2268; x_wconf 87' lang='lat' dir='ltr'>Dixi</span> <span class='ocrx_word' id='word_1_284' title='bbox 290 2236 332 2268; x_wconf 90' lang='lat' dir='ltr'>de</span> <span class='ocrx_word' id='word_1_285' title='bbox 350 2236 612 2276; x_wconf 80' lang='lat' dir='ltr'>iustificatione,</span> <span class='ocrx_word' id='word_1_286' title='bbox 642 2243 675 2270; x_wconf 89' lang='lat' dir='ltr'>et</span> <span class='ocrx_word' id='word_1_287' title='bbox 692 2238 734 2270; x_wconf 91' lang='lat' dir='ltr'>de</span> <span class='ocrx_word' id='word_1_288' title='bbox 751 2238 829 2272; x_wconf 83' lang='lat' dir='ltr'>fide.</span> <span class='ocrx_word' id='word_1_289' title='bbox 872 2237 974 2271; x_wconf 86' lang='lat' dir='ltr'>Nunc</span> <span class='ocrx_word' id='word_1_290' title='bbox 992 2238 1073 2271; x_wconf 90' lang='lat' dir='ltr'>bre—</span> 
     </span>
    </p>
   </div>
   <div class='ocr_carea' id='block_1_15' title="bbox 87 2286 1803 2358">
    <p class='ocr_par' dir='ltr' id='par_1_15' title="bbox 87 2286 1803 2358">
     <span class='ocr_line' id='line_1_43' title="bbox 87 2286 1789 2349; baseline 0.002 -31"><span class='ocrx_word' id='word_1_291' title='bbox 87 2286 176 2320; x_wconf 87' lang='lat' dir='ltr'>viter</span> <span class='ocrx_word' id='word_1_292' title='bbox 192 2286 353 2319; x_wconf 85' lang='lat' dir='ltr'>adiiciam</span> <span class='ocrx_word' id='word_1_293' title='bbox 369 2288 566 2321; x_wconf 87' lang='lat' dir='ltr'>doctrinam</span> <span class='ocrx_word' id='word_1_294' title='bbox 590 2288 633 2320; x_wconf 88' lang='lat' dir='ltr'>de</span> <span class='ocrx_word' id='word_1_295' title='bbox 651 2288 753 2321; x_wconf 89' lang='lat' dir='ltr'>bonis</span> <span class='ocrx_word' id='word_1_296' title='bbox 769 2290 935 2332; x_wconf 88' lang='lat' dir='ltr'>operibus</span> <span class='ocrx_word' id='word_1_297' title='bbox 952 2301 1012 2322; x_wconf 87' lang='lat' dir='ltr'>seu</span> <span class='ocrx_word' id='word_1_298' title='bbox 1031 2290 1074 2322; x_wconf 89' lang='lat' dir='ltr'>de</span> <span class='ocrx_word' id='word_1_299' title='bbox 1099 2310 1100 2334; x_wconf 47' lang='lat'>;</span> <span class='ocrx_word' id='word_1_300' title='bbox 1128 2316 1243 2348; x_wconf 63' lang='lat' dir='ltr'>cordis</span> <span class='ocrx_word' id='word_1_301' title='bbox 1261 2314 1518 2348; x_wconf 50' lang='lat' dir='ltr'><strong>consentientes</strong></span> <span class='ocrx_word' id='word_1_302' title='bbox 1537 2327 1615 2348; x_wconf 70' lang='lat' dir='ltr'>cum</span> <span class='ocrx_word' id='word_1_303' title='bbox 1634 2315 1707 2348; x_wconf 49' lang='lat' dir='ltr'>leve</span> <span class='ocrx_word' id='word_1_304' title='bbox 1724 2314 1789 2349; x_wconf 66' lang='lat' dir='ltr'>Dei</span> 
     </span>
     <span class='ocr_line' id='line_1_44' title="bbox 1668 2340 1803 2358; baseline 0 -8"><span class='ocrx_word' id='word_1_305' title='bbox 1668 2340 1685 2358; x_wconf 57' lang='grc' dir='ltr'>ι,</span> <span class='ocrx_word' id='word_1_306' title='bbox 1795 2342 1803 2350; x_wconf 92' lang='grc'><strong>.</strong></span> 
     </span>
    </p>
   </div>
   <div class='ocr_carea' id='block_1_16' title="bbox 84 2338 1073 2741">
    <p class='ocr_par' dir='ltr' id='par_1_16' title="bbox 84 2338 1073 2741">
     <span class='ocr_line' id='line_1_45' title="bbox 88 2338 901 2384; baseline 0.004 -14"><span class='ocrx_word' id='word_1_307' title='bbox 88 2349 177 2370; x_wconf 88' lang='lat' dir='ltr'>nova</span> <span class='ocrx_word' id='word_1_308' title='bbox 193 2338 412 2381; x_wconf 82' lang='lat' dir='ltr'>obedientia,</span> <span class='ocrx_word' id='word_1_309' title='bbox 441 2351 529 2384; x_wconf 83' lang='lat' dir='ltr'>quae</span> <span class='ocrx_word' id='word_1_310' title='bbox 548 2339 651 2372; x_wconf 86' lang='lat' dir='ltr'>fidem</span> <span class='ocrx_word' id='word_1_311' title='bbox 671 2340 770 2384; x_wconf 82' lang='lat' dir='ltr'>sequi</span> <span class='ocrx_word' id='word_1_312' title='bbox 788 2341 901 2373; x_wconf 85' lang='lat' dir='ltr'>debet.</span> 
     </span>
     <span class='ocr_line' id='line_1_46' title="bbox 87 2387 1072 2435; baseline 0.003 -14"><span class='ocrx_word' id='word_1_313' title='bbox 87 2395 214 2422; x_wconf 92' lang='lat' dir='ltr'>runtur</span> <span class='ocrx_word' id='word_1_314' title='bbox 230 2395 344 2422; x_wconf 85' lang='lat' dir='ltr'>autem</span> <span class='ocrx_word' id='word_1_315' title='bbox 362 2387 445 2423; x_wconf 80' lang='lat' dir='ltr'>haec</span> <span class='ocrx_word' id='word_1_316' title='bbox 461 2397 621 2435; x_wconf 86' lang='lat' dir='ltr'>quatuor.</span> <span class='ocrx_word' id='word_1_317' title='bbox 675 2389 775 2432; x_wconf 87' lang='lat' dir='ltr'>Quae</span> <span class='ocrx_word' id='word_1_318' title='bbox 793 2403 897 2435; x_wconf 89' lang='lat' dir='ltr'>opera</span> <span class='ocrx_word' id='word_1_319' title='bbox 914 2392 1072 2424; x_wconf 87' lang='lat' dir='ltr'>facienda</span> 
     </span>
     <span class='ocr_line' id='line_1_47' title="bbox 89 2438 1073 2486; baseline 0.003 -15"><span class='ocrx_word' id='word_1_320' title='bbox 89 2439 180 2472; x_wconf 76' lang='lat' dir='ltr'>sint?</span> <span class='ocrx_word' id='word_1_321' title='bbox 223 2438 412 2481; x_wconf 84' lang='lat' dir='ltr'>Quomodo</span> <span class='ocrx_word' id='word_1_322' title='bbox 453 2441 527 2474; x_wconf 89' lang='lat' dir='ltr'>fieri</span> <span class='ocrx_word' id='word_1_323' title='bbox 562 2441 721 2485; x_wconf 81' lang='lat' dir='ltr'>possint?</span> <span class='ocrx_word' id='word_1_324' title='bbox 770 2441 960 2485; x_wconf 86' lang='lat' dir='ltr'>Quomodo</span> <span class='ocrx_word' id='word_1_325' title='bbox 997 2442 1073 2486; x_wconf 92' lang='lat' dir='ltr'>pla-</span> 
     </span>
     <span class='ocr_line' id='line_1_48' title="bbox 89 2489 1072 2537; baseline 0.003 -15"><span class='ocrx_word' id='word_1_326' title='bbox 89 2489 212 2523; x_wconf 74' lang='lat' dir='ltr'>ceant?</span> <span class='ocrx_word' id='word_1_327' title='bbox 243 2498 293 2530; x_wconf 86' lang='lat' dir='ltr'>et,</span> <span class='ocrx_word' id='word_1_328' title='bbox 322 2502 366 2524; x_wconf 91' lang='lat' dir='ltr'>an</span> <span class='ocrx_word' id='word_1_329' title='bbox 388 2500 531 2537; x_wconf 90' lang='lat' dir='ltr'>propter</span> <span class='ocrx_word' id='word_1_330' title='bbox 549 2505 677 2526; x_wconf 85' lang='lat' dir='ltr'>novam</span> <span class='ocrx_word' id='word_1_331' title='bbox 694 2493 934 2527; x_wconf 83' lang='lat' dir='ltr'>obedientiam</span> <span class='ocrx_word' id='word_1_332' title='bbox 959 2493 1072 2526; x_wconf 88' lang='lat' dir='ltr'>renati</span> 
     </span>
     <span class='ocr_line' id='line_1_49' title="bbox 89 2540 1070 2587; baseline 0 -12"><span class='ocrx_word' id='word_1_333' title='bbox 89 2540 159 2575; x_wconf 82' lang='lat' dir='ltr'>sint</span> <span class='ocrx_word' id='word_1_334' title='bbox 174 2540 279 2574; x_wconf 74' lang='lat' dir='ltr'>iusti?</span> <span class='ocrx_word' id='word_1_335' title='bbox 306 2541 340 2573; x_wconf 89' lang='lat' dir='ltr'>id</span> <span class='ocrx_word' id='word_1_336' title='bbox 357 2550 424 2584; x_wconf 92' lang='lat' dir='ltr'>est,</span> <span class='ocrx_word' id='word_1_337' title='bbox 451 2544 581 2587; x_wconf 89' lang='lat' dir='ltr'>accepti</span> <span class='ocrx_word' id='word_1_338' title='bbox 599 2543 674 2577; x_wconf 90' lang='lat' dir='ltr'>Deo</span> <span class='ocrx_word' id='word_1_339' title='bbox 692 2545 735 2577; x_wconf 90' lang='lat' dir='ltr'>ad</span> <span class='ocrx_word' id='word_1_340' title='bbox 755 2544 861 2577; x_wconf 89' lang='lat' dir='ltr'>vitam</span> <span class='ocrx_word' id='word_1_341' title='bbox 880 2551 1070 2585; x_wconf 87' lang='lat' dir='ltr'>aeternam,</span> 
     </span>
     <span class='ocr_line' id='line_1_50' title="bbox 87 2591 1070 2638; baseline 0.002 -13"><span class='ocrx_word' id='word_1_342' title='bbox 87 2603 166 2632; x_wconf 82' lang='lat' dir='ltr'>seu,</span> <span class='ocrx_word' id='word_1_343' title='bbox 199 2603 244 2625; x_wconf 88' lang='lat' dir='ltr'>an</span> <span class='ocrx_word' id='word_1_344' title='bbox 267 2591 338 2625; x_wconf 88' lang='lat' dir='ltr'>sint</span> <span class='ocrx_word' id='word_1_345' title='bbox 361 2594 435 2627; x_wconf 89' lang='lat' dir='ltr'>sine</span> <span class='ocrx_word' id='word_1_346' title='bbox 464 2602 622 2638; x_wconf 81' lang='lat' dir='ltr'>peccato,</span> <span class='ocrx_word' id='word_1_347' title='bbox 656 2602 688 2629; x_wconf 92' lang='lat' dir='ltr'>et</span> <span class='ocrx_word' id='word_1_348' title='bbox 711 2595 810 2637; x_wconf 87' lang='lat' dir='ltr'>digni</span> <span class='ocrx_word' id='word_1_349' title='bbox 835 2595 903 2628; x_wconf 86' lang='lat' dir='ltr'>vita</span> <span class='ocrx_word' id='word_1_350' title='bbox 932 2601 1070 2628; x_wconf 85' lang='lat' dir='ltr'>aeterna</span> 
     </span>
     <span class='ocr_line' id='line_1_51' title="bbox 84 2644 1072 2690; baseline 0.003 -14"><span class='ocrx_word' id='word_1_351' title='bbox 84 2649 230 2688; x_wconf 85' lang='lat' dir='ltr'>propter</span> <span class='ocrx_word' id='word_1_352' title='bbox 251 2644 429 2686; x_wconf 87' lang='lat' dir='ltr'>propriam</span> <span class='ocrx_word' id='word_1_353' title='bbox 451 2646 673 2681; x_wconf 86' lang='lat' dir='ltr'>munditiem.</span> <span class='ocrx_word' id='word_1_354' title='bbox 727 2645 864 2689; x_wconf 87' lang='lat' dir='ltr'>Quarto</span> <span class='ocrx_word' id='word_1_355' title='bbox 890 2646 1072 2690; x_wconf 89' lang='lat' dir='ltr'>quaeritur</span> 
     </span>
     <span class='ocr_line' id='line_1_52' title="bbox 86 2693 1068 2741; baseline 0.004 -14"><span class='ocrx_word' id='word_1_356' title='bbox 86 2696 129 2729; x_wconf 89' lang='lat' dir='ltr'>de</span> <span class='ocrx_word' id='word_1_357' title='bbox 162 2693 366 2728; x_wconf 79' lang='lat' dir='ltr'>discrimine</span> <span class='ocrx_word' id='word_1_358' title='bbox 390 2703 625 2740; x_wconf 83' lang='lat' dir='ltr'>peccatorum:</span> <span class='ocrx_word' id='word_1_359' title='bbox 663 2696 763 2740; x_wconf 88' lang='lat' dir='ltr'>Quae</span> <span class='ocrx_word' id='word_1_360' title='bbox 787 2697 962 2731; x_wconf 80' lang='lat' dir='ltr'>excutiant</span> <span class='ocrx_word' id='word_1_361' title='bbox 990 2709 1068 2741; x_wconf 84' lang='lat' dir='ltr'>gra-</span> 
     </span>
    </p>
   </div>
   <div class='ocr_carea' id='block_1_17' title="bbox 893 1017 1104 1052">
    <p class='ocr_par' dir='ltr' id='par_1_17' title="bbox 893 1017 1104 1052">
     <span class='ocr_line' id='line_1_53' title="bbox 893 1017 1104 1052; baseline -0.005 0"><span class='ocrx_word' id='word_1_362' title='bbox 893 1017 965 1052; x_wconf 93' lang='lat' dir='ltr'>Nos</span> <span class='ocrx_word' id='word_1_363' title='bbox 992 1018 1077 1052; x_wconf 88' lang='lat' dir='ltr'>reti·</span> <span class='ocrx_word' id='word_1_364' title='bbox 1103 1043 1104 1047; x_wconf 65' lang='lat'>,</span> 
     </span>
    </p>
   </div>
   <div class='ocr_carea' id='block_1_18' title="bbox 955 2339 1100 2383">
    <p class='ocr_par' dir='ltr' id='par_1_18' title="bbox 955 2339 1100 2383">
     <span class='ocr_line' id='line_1_54' title="bbox 955 2339 1100 2383; baseline 0 -11"><span class='ocrx_word' id='word_1_365' title='bbox 955 2339 1072 2383; x_wconf 85' lang='lat' dir='ltr'>Quae·</span> <span class='ocrx_word' id='word_1_366' title='bbox 1099 2366 1100 2369; x_wconf 56' lang='grc'>,</span> 
     </span>
    </p>
   </div>
   <div class='ocr_carea' id='block_1_19' title="bbox 554 117 1816 158">
    <p class='ocr_par' dir='ltr' id='par_1_19' title="bbox 554 117 1816 158">
     <span class='ocr_line' id='line_1_55' title="bbox 554 117 1816 158; baseline 0 -3"><span class='ocrx_word' id='word_1_367' title='bbox 554 121 591 157; x_wconf 80' lang='grc'>2.</span> <span class='ocrx_word' id='word_1_368' title='bbox 626 117 991 156; x_wconf 84' lang='lat' dir='ltr'>COMMENTARII</span> <span class='ocrx_word' id='word_1_369' title='bbox 1019 118 1068 156; x_wconf 88' lang='lat' dir='ltr'>IN</span> <span class='ocrx_word' id='word_1_370' title='bbox 1095 119 1249 157; x_wconf 89' lang='lat' dir='ltr'>EPIST.</span> <span class='ocrx_word' id='word_1_371' title='bbox 1277 117 1425 156; x_wconf 84' lang='lat' dir='ltr'>PAULI</span> <span class='ocrx_word' id='word_1_372' title='bbox 1453 120 1523 155; x_wconf 87' lang='lat' dir='ltr'>AD</span> <span class='ocrx_word' id='word_1_373' title='bbox 1551 119 1816 158; x_wconf 83' lang='lat' dir='ltr'>ROMANOS.</span> 
     </span>
    </p>
   </div>
   <div class='ocr_carea' id='block_1_20' title="bbox 1104 412 1108 1003">
    <p class='ocr_par' dir='ltr' id='par_1_20' title="bbox 1104 412 1108 1003">
     <span class='ocr_line' id='line_1_56' title="bbox 1104 412 1108 1003; baseline 0 0"><span class='ocrx_word' id='word_1_374' title='bbox 1104 412 1108 1003; x_wconf 95' lang='lat' dir='ltr'> </span> 
     </span>
    </p>
   </div>
   <div class='ocr_carea' id='block_1_21' title="bbox 2049 123 2125 160">
    <p class='ocr_par' dir='ltr' id='par_1_21' title="bbox 2049 123 2125 160">
     <span class='ocr_line' id='line_1_57' title="bbox 2049 123 2125 160; baseline -0.026 0"><span class='ocrx_word' id='word_1_375' title='bbox 2049 123 2125 160; x_wconf 73' lang='lat'>522</span> 
     </span>
    </p>
   </div>
   <div class='ocr_carea' id='block_1_22' title="bbox 1137 207 2129 292">
    <p class='ocr_par' dir='ltr' id='par_1_22' title="bbox 1137 207 2129 292">
     <span class='ocr_line' id='line_1_58' title="bbox 1137 207 2129 252; baseline 0 -10"><span class='ocrx_word' id='word_1_376' title='bbox 1137 207 1240 245; x_wconf 87' lang='lat' dir='ltr'>tiam,</span> <span class='ocrx_word' id='word_1_377' title='bbox 1269 207 1391 245; x_wconf 88' lang='lat' dir='ltr'>fidem,</span> <span class='ocrx_word' id='word_1_378' title='bbox 1420 214 1453 242; x_wconf 93' lang='lat' dir='ltr'>et</span> <span class='ocrx_word' id='word_1_379' title='bbox 1468 207 1641 252; x_wconf 85' lang='lat' dir='ltr'>Spiritum</span> <span class='ocrx_word' id='word_1_380' title='bbox 1662 207 1847 242; x_wconf 81' lang='lat' dir='ltr'>sanctum?</span> <span class='ocrx_word' id='word_1_381' title='bbox 1888 207 1989 252; x_wconf 88' lang='lat' dir='ltr'>Quae</span> <span class='ocrx_word' id='word_1_382' title='bbox 2006 208 2129 242; x_wconf 84' lang='lat' dir='ltr'>dican-</span> 
     </span>
     <span class='ocr_line' id='line_1_59' title="bbox 1137 258 1384 292; baseline -0.008 0"><span class='ocrx_word' id='word_1_383' title='bbox 1137 265 1195 292; x_wconf 85' lang='lat' dir='ltr'>tur</span> <span class='ocrx_word' id='word_1_384' title='bbox 1211 258 1384 291; x_wconf 79' lang='lat' dir='ltr'>venialia?</span> 
     </span>
    </p>
   </div>
   <div class='ocr_carea' id='block_1_23' title="bbox 1132 330 2125 1139">
    <p class='ocr_par' dir='ltr' id='par_1_23' title="bbox 1132 330 2125 1139">
     <span class='ocr_line' id='line_1_60' title="bbox 1236 330 2125 380; baseline 0.007 -16"><span class='ocrx_word' id='word_1_385' title='bbox 1236 330 1289 365; x_wconf 90' lang='lat' dir='ltr'>De</span> <span class='ocrx_word' id='word_1_386' title='bbox 1314 332 1427 376; x_wconf 88' lang='lat' dir='ltr'>prima</span> <span class='ocrx_word' id='word_1_387' title='bbox 1453 335 1675 378; x_wconf 89' lang='lat' dir='ltr'>quaestione,</span> <span class='ocrx_word' id='word_1_388' title='bbox 1710 334 1810 378; x_wconf 89' lang='lat' dir='ltr'>Quae</span> <span class='ocrx_word' id='word_1_389' title='bbox 1836 348 1941 380; x_wconf 89' lang='lat' dir='ltr'>opera</span> <span class='ocrx_word' id='word_1_390' title='bbox 1965 335 2125 370; x_wconf 83' lang='lat' dir='ltr'>facienda</span> 
     </span>
     <span class='ocr_line' id='line_1_61' title="bbox 1135 381 2123 421; baseline 0.007 -7"><span class='ocrx_word' id='word_1_391' title='bbox 1135 382 1217 415; x_wconf 86' lang='lat' dir='ltr'>sint.</span> <span class='ocrx_word' id='word_1_392' title='bbox 1283 381 1435 416; x_wconf 74' lang='lat' dir='ltr'>Rectum</span> <span class='ocrx_word' id='word_1_393' title='bbox 1469 391 1520 418; x_wconf 89' lang='lat' dir='ltr'>est</span> <span class='ocrx_word' id='word_1_394' title='bbox 1551 386 1724 419; x_wconf 87' lang='lat' dir='ltr'>deducere</span> <span class='ocrx_word' id='word_1_395' title='bbox 1748 394 1880 421; x_wconf 86' lang='lat' dir='ltr'>mentes</span> <span class='ocrx_word' id='word_1_396' title='bbox 1905 388 1947 420; x_wconf 91' lang='lat' dir='ltr'>ad</span> <span class='ocrx_word' id='word_1_397' title='bbox 1977 387 2123 421; x_wconf 89' lang='lat' dir='ltr'>verbum</span> 
     </span>
     <span class='ocr_line' id='line_1_62' title="bbox 1133 432 2124 473; baseline 0.006 -8"><span class='ocrx_word' id='word_1_398' title='bbox 1133 432 1220 473; x_wconf 93' lang='lat' dir='ltr'>Dei,</span> <span class='ocrx_word' id='word_1_399' title='bbox 1262 439 1302 466; x_wconf 87' lang='lat' dir='ltr'>ut</span> <span class='ocrx_word' id='word_1_400' title='bbox 1326 433 1437 466; x_wconf 84' lang='lat' dir='ltr'>sciant</span> <span class='ocrx_word' id='word_1_401' title='bbox 1461 441 1569 467; x_wconf 88' lang='lat' dir='ltr'>totam</span> <span class='ocrx_word' id='word_1_402' title='bbox 1606 435 1713 468; x_wconf 88' lang='lat' dir='ltr'>vitam</span> <span class='ocrx_word' id='word_1_403' title='bbox 1755 437 1791 468; x_wconf 89' lang='lat' dir='ltr'>in</span> <span class='ocrx_word' id='word_1_404' title='bbox 1816 438 2008 471; x_wconf 89' lang='lat' dir='ltr'>certamine</span> <span class='ocrx_word' id='word_1_405' title='bbox 2038 450 2124 471; x_wconf 89' lang='lat' dir='ltr'>con-</span> 
     </span>
     <span class='ocr_line' id='line_1_63' title="bbox 1134 484 2122 529; baseline 0.005 -13"><span class='ocrx_word' id='word_1_406' title='bbox 1134 484 1319 524; x_wconf 87' lang='lat' dir='ltr'>scientiae,</span> <span class='ocrx_word' id='word_1_407' title='bbox 1362 491 1395 517; x_wconf 88' lang='lat' dir='ltr'>et</span> <span class='ocrx_word' id='word_1_408' title='bbox 1418 484 1453 517; x_wconf 89' lang='lat' dir='ltr'>in</span> <span class='ocrx_word' id='word_1_409' title='bbox 1479 485 1676 519; x_wconf 85' lang='lat' dir='ltr'>actionibus</span> <span class='ocrx_word' id='word_1_410' title='bbox 1700 489 1887 529; x_wconf 85' lang='lat' dir='ltr'>regendam</span> <span class='ocrx_word' id='word_1_411' title='bbox 1913 500 1985 521; x_wconf 90' lang='lat' dir='ltr'>esse</span> <span class='ocrx_word' id='word_1_412' title='bbox 2015 490 2122 521; x_wconf 88' lang='lat' dir='ltr'>verbo</span> 
     </span>
     <span class='ocr_line' id='line_1_64' title="bbox 1134 533 2124 580; baseline 0.004 -12"><span class='ocrx_word' id='word_1_413' title='bbox 1134 533 1212 574; x_wconf 85' lang='lat' dir='ltr'>Dei,</span> <span class='ocrx_word' id='word_1_414' title='bbox 1234 535 1323 567; x_wconf 91' lang='lat' dir='ltr'>sicut</span> <span class='ocrx_word' id='word_1_415' title='bbox 1340 534 1454 579; x_wconf 89' lang='lat' dir='ltr'>inquit</span> <span class='ocrx_word' id='word_1_416' title='bbox 1471 534 1664 580; x_wconf 85' lang='lat' dir='ltr'>Propheta:</span> <span class='ocrx_word' id='word_1_417' title='bbox 1692 536 1853 571; x_wconf 90' lang='lat' dir='ltr'>Lucerna</span> <span class='ocrx_word' id='word_1_418' title='bbox 1871 539 2018 580; x_wconf 83' lang='lat' dir='ltr'>pedibus</span> <span class='ocrx_word' id='word_1_419' title='bbox 2038 539 2124 573; x_wconf 89' lang='lat' dir='ltr'>meis</span> 
     </span>
     <span class='ocr_line' id='line_1_65' title="bbox 1134 585 2124 631; baseline 0.006 -14"><span class='ocrx_word' id='word_1_420' title='bbox 1134 586 1280 618; x_wconf 82' lang='lat' dir='ltr'>verbum</span> <span class='ocrx_word' id='word_1_421' title='bbox 1307 592 1419 618; x_wconf 85' lang='lat' dir='ltr'>tuum.</span> <span class='ocrx_word' id='word_1_422' title='bbox 1489 585 1703 631; x_wconf 88' lang='lat' dir='ltr'>Respondeo</span> <span class='ocrx_word' id='word_1_423' title='bbox 1728 588 1835 631; x_wconf 86' lang='lat' dir='ltr'>igitur</span> <span class='ocrx_word' id='word_1_424' title='bbox 1861 590 2019 622; x_wconf 88' lang='lat' dir='ltr'>facienda</span> <span class='ocrx_word' id='word_1_425' title='bbox 2051 602 2124 623; x_wconf 88' lang='lat' dir='ltr'>esse</span> 
     </span>
     <span class='ocr_line' id='line_1_66' title="bbox 1133 635 2123 684; baseline 0.003 -15"><span class='ocrx_word' id='word_1_426' title='bbox 1133 648 1240 679; x_wconf 88' lang='lat' dir='ltr'>opera</span> <span class='ocrx_word' id='word_1_427' title='bbox 1259 636 1362 669; x_wconf 87' lang='lat' dir='ltr'>nobis</span> <span class='ocrx_word' id='word_1_428' title='bbox 1387 648 1404 668; x_wconf 91' lang='lat' dir='ltr'>a</span> <span class='ocrx_word' id='word_1_429' title='bbox 1421 635 1496 669; x_wconf 92' lang='lat' dir='ltr'>Deo</span> <span class='ocrx_word' id='word_1_430' title='bbox 1514 645 1710 684; x_wconf 84' lang='lat' dir='ltr'>praecepta.</span> <span class='ocrx_word' id='word_1_431' title='bbox 1761 639 1806 672; x_wconf 84' lang='lat' dir='ltr'>Et</span> <span class='ocrx_word' id='word_1_432' title='bbox 1824 646 1958 672; x_wconf 84' lang='lat' dir='ltr'>certum</span> <span class='ocrx_word' id='word_1_433' title='bbox 1976 641 2123 673; x_wconf 86' lang='lat' dir='ltr'>verbum</span> 
     </span>
     <span class='ocr_line' id='line_1_67' title="bbox 1134 687 2124 734; baseline 0.004 -15"><span class='ocrx_word' id='word_1_434' title='bbox 1134 695 1373 734; x_wconf 85' lang='lat' dir='ltr'>proponatur,</span> <span class='ocrx_word' id='word_1_435' title='bbox 1402 687 1583 729; x_wconf 84' lang='lat' dir='ltr'>videlicet,</span> <span class='ocrx_word' id='word_1_436' title='bbox 1610 690 1811 732; x_wconf 88' lang='lat' dir='ltr'>Decalogus</span> <span class='ocrx_word' id='word_1_437' title='bbox 1833 697 1872 723; x_wconf 88' lang='lat' dir='ltr'>ut</span> <span class='ocrx_word' id='word_1_438' title='bbox 1893 690 1929 722; x_wconf 88' lang='lat' dir='ltr'>in</span> <span class='ocrx_word' id='word_1_439' title='bbox 1954 702 2048 723; x_wconf 89' lang='lat' dir='ltr'>novo</span> <span class='ocrx_word' id='word_1_440' title='bbox 2071 697 2124 723; x_wconf 89' lang='lat' dir='ltr'>te-</span> 
     </span>
     <span class='ocr_line' id='line_1_68' title="bbox 1133 737 2123 785; baseline 0.004 -16"><span class='ocrx_word' id='word_1_441' title='bbox 1133 744 1307 770; x_wconf 86' lang='lat' dir='ltr'>stamento</span> <span class='ocrx_word' id='word_1_442' title='bbox 1326 737 1493 781; x_wconf 89' lang='lat' dir='ltr'>repetitus</span> <span class='ocrx_word' id='word_1_443' title='bbox 1516 745 1548 771; x_wconf 91' lang='lat' dir='ltr'>et</span> <span class='ocrx_word' id='word_1_444' title='bbox 1572 747 1756 774; x_wconf 87' lang='lat' dir='ltr'>enarratus</span> <span class='ocrx_word' id='word_1_445' title='bbox 1780 747 1852 780; x_wconf 87' lang='lat' dir='ltr'>est,</span> <span class='ocrx_word' id='word_1_446' title='bbox 1881 741 1945 773; x_wconf 91' lang='lat' dir='ltr'>etsi</span> <span class='ocrx_word' id='word_1_447' title='bbox 1968 752 2035 785; x_wconf 88' lang='lat' dir='ltr'>qua</span> <span class='ocrx_word' id='word_1_448' title='bbox 2056 741 2123 773; x_wconf 88' lang='lat' dir='ltr'>alia</span> 
     </span>
     <span class='ocr_line' id='line_1_69' title="bbox 1133 789 2124 832; baseline 0.004 -12"><span class='ocrx_word' id='word_1_449' title='bbox 1133 795 1316 832; x_wconf 86' lang='lat' dir='ltr'>praecepta</span> <span class='ocrx_word' id='word_1_450' title='bbox 1335 794 1417 821; x_wconf 89' lang='lat' dir='ltr'>suut</span> <span class='ocrx_word' id='word_1_451' title='bbox 1439 789 1482 821; x_wconf 90' lang='lat' dir='ltr'>de</span> <span class='ocrx_word' id='word_1_452' title='bbox 1502 790 1662 822; x_wconf 87' lang='lat' dir='ltr'>moribus</span> <span class='ocrx_word' id='word_1_453' title='bbox 1685 791 1722 823; x_wconf 90' lang='lat' dir='ltr'>in</span> <span class='ocrx_word' id='word_1_454' title='bbox 1744 791 1975 824; x_wconf 90' lang='lat' dir='ltr'>concionibus</span> <span class='ocrx_word' id='word_1_455' title='bbox 1991 789 2124 825; x_wconf 87' lang='lat' dir='ltr'>Christi</span> 
     </span>
     <span class='ocr_line' id='line_1_70' title="bbox 1132 838 2125 886; baseline 0.004 -14"><span class='ocrx_word' id='word_1_456' title='bbox 1132 846 1165 873; x_wconf 91' lang='lat' dir='ltr'>et</span> <span class='ocrx_word' id='word_1_457' title='bbox 1181 839 1445 882; x_wconf 86' lang='lat' dir='ltr'>Apostolorum.</span> <span class='ocrx_word' id='word_1_458' title='bbox 1487 838 1564 873; x_wconf 91' lang='lat' dir='ltr'>Hoc</span> <span class='ocrx_word' id='word_1_459' title='bbox 1580 853 1622 874; x_wconf 91' lang='lat' dir='ltr'>eo</span> <span class='ocrx_word' id='word_1_460' title='bbox 1638 841 1827 875; x_wconf 89' lang='lat' dir='ltr'>dicendum</span> <span class='ocrx_word' id='word_1_461' title='bbox 1844 850 1912 883; x_wconf 90' lang='lat' dir='ltr'>est,</span> <span class='ocrx_word' id='word_1_462' title='bbox 1940 855 1983 875; x_wconf 93' lang='lat' dir='ltr'>ne</span> <span class='ocrx_word' id='word_1_463' title='bbox 2000 850 2125 886; x_wconf 85' lang='lat' dir='ltr'>putent</span> 
     </span>
     <span class='ocr_line' id='line_1_71' title="bbox 1133 888 2122 936; baseline 0.004 -14"><span class='ocrx_word' id='word_1_464' title='bbox 1133 888 1294 923; x_wconf 88' lang='lat' dir='ltr'>homines</span> <span class='ocrx_word' id='word_1_465' title='bbox 1310 890 1414 923; x_wconf 89' lang='lat' dir='ltr'>licere</span> <span class='ocrx_word' id='word_1_466' title='bbox 1435 890 1517 933; x_wconf 84' lang='lat' dir='ltr'>fingi</span> <span class='ocrx_word' id='word_1_467' title='bbox 1534 892 1648 925; x_wconf 88' lang='lat' dir='ltr'>cultus</span> <span class='ocrx_word' id='word_1_468' title='bbox 1665 900 1697 926; x_wconf 87' lang='lat' dir='ltr'>et</span> <span class='ocrx_word' id='word_1_469' title='bbox 1713 905 1818 936; x_wconf 90' lang='lat' dir='ltr'>opera</span> <span class='ocrx_word' id='word_1_470' title='bbox 1836 901 1957 926; x_wconf 89' lang='lat' dir='ltr'>nostro</span> <span class='ocrx_word' id='word_1_471' title='bbox 1974 893 2122 927; x_wconf 89' lang='lat' dir='ltr'>arbitrio</span> 
     </span>
     <span class='ocr_line' id='line_1_72' title="bbox 1132 939 2125 983; baseline 0.004 -10"><span class='ocrx_word' id='word_1_472' title='bbox 1132 942 1207 974; x_wconf 89' lang='lat' dir='ltr'>sine</span> <span class='ocrx_word' id='word_1_473' title='bbox 1233 942 1399 974; x_wconf 79' lang='lat' dir='ltr'>mandato</span> <span class='ocrx_word' id='word_1_474' title='bbox 1429 939 1514 983; x_wconf 83' lang='lat' dir='ltr'>Dei,</span> <span class='ocrx_word' id='word_1_475' title='bbox 1553 942 1642 976; x_wconf 87' lang='lat' dir='ltr'>sicut</span> <span class='ocrx_word' id='word_1_476' title='bbox 1675 941 1925 977; x_wconf 85' lang='lat' dir='ltr'>Enthusiastae</span> <span class='ocrx_word' id='word_1_477' title='bbox 1957 945 2125 977; x_wconf 88' lang='lat' dir='ltr'>omnibus</span> 
     </span>
     <span class='ocr_line' id='line_1_73' title="bbox 1132 989 2123 1035; baseline 0.003 -9"><span class='ocrx_word' id='word_1_478' title='bbox 1132 992 1372 1035; x_wconf 78' lang='lat' dir='ltr'>temporibuS,</span> <span class='ocrx_word' id='word_1_479' title='bbox 1414 989 1481 1025; x_wconf 89' lang='lat' dir='ltr'>hoc</span> <span class='ocrx_word' id='word_1_480' title='bbox 1509 1000 1579 1034; x_wconf 90' lang='lat' dir='ltr'>est,</span> <span class='ocrx_word' id='word_1_481' title='bbox 1620 994 1706 1027; x_wconf 89' lang='lat' dir='ltr'>olim</span> <span class='ocrx_word' id='word_1_482' title='bbox 1730 992 1924 1035; x_wconf 85' lang='lat' dir='ltr'>Monachi‚</span> <span class='ocrx_word' id='word_1_483' title='bbox 1965 1002 1998 1029; x_wconf 90' lang='lat' dir='ltr'>et</span> <span class='ocrx_word' id='word_1_484' title='bbox 2028 1007 2123 1029; x_wconf 90' lang='lat' dir='ltr'>nunc</span> 
     </span>
     <span class='ocr_line' id='line_1_74' title="bbox 1133 1043 2123 1090; baseline 0.004 -15"><span class='ocrx_word' id='word_1_485' title='bbox 1133 1043 1406 1086; x_wconf 86' lang='lat' dir='ltr'>Anabaptistae,</span> <span class='ocrx_word' id='word_1_486' title='bbox 1435 1044 1563 1077; x_wconf 92' lang='lat' dir='ltr'>omisso</span> <span class='ocrx_word' id='word_1_487' title='bbox 1580 1050 1613 1078; x_wconf 91' lang='lat' dir='ltr'>et</span> <span class='ocrx_word' id='word_1_488' title='bbox 1630 1046 1765 1078; x_wconf 87' lang='lat' dir='ltr'>abiecto</span> <span class='ocrx_word' id='word_1_489' title='bbox 1784 1046 1889 1079; x_wconf 87' lang='lat' dir='ltr'>verbo</span> <span class='ocrx_word' id='word_1_490' title='bbox 1908 1045 1994 1086; x_wconf 88' lang='lat' dir='ltr'>Dei,</span> <span class='ocrx_word' id='word_1_491' title='bbox 2016 1058 2123 1090; x_wconf 89' lang='lat' dir='ltr'>opera</span> 
     </span>
     <span class='ocr_line' id='line_1_75' title="bbox 1133 1094 2123 1139; baseline 0.004 -13"><span class='ocrx_word' id='word_1_492' title='bbox 1133 1094 1312 1137; x_wconf 82' lang='lat' dir='ltr'>elegerunt</span> <span class='ocrx_word' id='word_1_493' title='bbox 1343 1106 1406 1127; x_wconf 92' lang='lat' dir='ltr'>suo</span> <span class='ocrx_word' id='word_1_494' title='bbox 1439 1094 1587 1135; x_wconf 87' lang='lat' dir='ltr'>iudicio,</span> <span class='ocrx_word' id='word_1_495' title='bbox 1630 1103 1747 1139; x_wconf 88' lang='lat' dir='ltr'>postea</span> <span class='ocrx_word' id='word_1_496' title='bbox 1779 1097 1991 1130; x_wconf 78' lang='lat' dir='ltr'>affinxerunt</span> <span class='ocrx_word' id='word_1_497' title='bbox 2013 1110 2048 1130; x_wconf 85' lang='lat' dir='ltr'>se</span> <span class='ocrx_word' id='word_1_498' title='bbox 2073 1097 2123 1130; x_wconf 90' lang='lat' dir='ltr'>sic</span> 
     </span>
    </p>
   </div>
   <div class='ocr_carea' id='block_1_24' title="bbox 1130 1194 2122 1393">
    <p class='ocr_par' dir='ltr' id='par_1_24' title="bbox 1130 1194 2122 1393">
     <span class='ocr_line' id='line_1_76' title="bbox 1131 1194 2121 1242; baseline -0.003 -14"><span class='ocrx_word' id='word_1_499' title='bbox 1131 1196 1314 1230; x_wconf 88' lang='lat' dir='ltr'>diendum.</span> <span class='ocrx_word' id='word_1_500' title='bbox 1375 1194 1470 1228; x_wconf 84' lang='lat' dir='ltr'>Hinc</span> <span class='ocrx_word' id='word_1_501' title='bbox 1496 1204 1611 1230; x_wconf 90' lang='lat' dir='ltr'>secuta</span> <span class='ocrx_word' id='word_1_502' title='bbox 1639 1204 1688 1231; x_wconf 85' lang='lat' dir='ltr'>est</span> <span class='ocrx_word' id='word_1_503' title='bbox 1715 1195 1898 1230; x_wconf 85' lang='lat' dir='ltr'>horribilis</span> <span class='ocrx_word' id='word_1_504' title='bbox 1923 1196 2121 1242; x_wconf 77' lang='lat' dir='ltr'>Anabapti-</span> 
     </span>
     <span class='ocr_line' id='line_1_77' title="bbox 1131 1243 2121 1293; baseline 0.002 -14"><span class='ocrx_word' id='word_1_505' title='bbox 1131 1254 1262 1279; x_wconf 85' lang='lat' dir='ltr'>starum</span> <span class='ocrx_word' id='word_1_506' title='bbox 1283 1243 1432 1289; x_wconf 74' lang='grc' dir='ltr'>ἀνομία.</span> <span class='ocrx_word' id='word_1_507' title='bbox 1466 1245 1578 1279; x_wconf 83' lang='lat' dir='ltr'>Porro</span> <span class='ocrx_word' id='word_1_508' title='bbox 1595 1246 1684 1280; x_wconf 81' lang='lat' dir='ltr'>infra</span> <span class='ocrx_word' id='word_1_509' title='bbox 1703 1249 1857 1288; x_wconf 86' lang='lat' dir='ltr'>dicetur,</span> <span class='ocrx_word' id='word_1_510' title='bbox 1885 1249 1969 1293; x_wconf 86' lang='lat' dir='ltr'>qnid</span> <span class='ocrx_word' id='word_1_511' title='bbox 1988 1249 2031 1282; x_wconf 87' lang='lat' dir='ltr'>sit</span> <span class='ocrx_word' id='word_1_512' title='bbox 2049 1260 2121 1282; x_wconf 90' lang='lat' dir='ltr'>esse</span> 
     </span>
     <span class='ocr_line' id='line_1_78' title="bbox 1130 1297 2121 1338; baseline 0.003 -8"><span class='ocrx_word' id='word_1_513' title='bbox 1130 1298 1320 1330; x_wconf 80' lang='lat' dir='ltr'>liberatum</span> <span class='ocrx_word' id='word_1_514' title='bbox 1339 1309 1355 1328; x_wconf 88' lang='lat' dir='ltr'>a</span> <span class='ocrx_word' id='word_1_515' title='bbox 1374 1297 1467 1337; x_wconf 79' lang='lat' dir='ltr'>lege,</span> <span class='ocrx_word' id='word_1_516' title='bbox 1496 1309 1591 1330; x_wconf 89' lang='lat' dir='ltr'>nunc</span> <span class='ocrx_word' id='word_1_517' title='bbox 1610 1298 1698 1331; x_wconf 90' lang='lat' dir='ltr'>illud</span> <span class='ocrx_word' id='word_1_518' title='bbox 1716 1299 1869 1332; x_wconf 67' lang='lat' dir='ltr'>breviter</span> <span class='ocrx_word' id='word_1_519' title='bbox 1891 1300 1988 1338; x_wconf 87' lang='lat' dir='ltr'>dico,</span> <span class='ocrx_word' id='word_1_520' title='bbox 2017 1312 2121 1333; x_wconf 85' lang='lat' dir='ltr'>rena—</span> 
     </span>
     <span class='ocr_line' id='line_1_79' title="bbox 1130 1347 2122 1393; baseline 0.003 -12"><span class='ocrx_word' id='word_1_521' title='bbox 1130 1356 1182 1381; x_wconf 91' lang='lat' dir='ltr'>tos</span> <span class='ocrx_word' id='word_1_522' title='bbox 1208 1347 1292 1387; x_wconf 89' lang='lat' dir='ltr'>fide,</span> <span class='ocrx_word' id='word_1_523' title='bbox 1328 1354 1367 1380; x_wconf 85' lang='lat' dir='ltr'>ut</span> <span class='ocrx_word' id='word_1_524' title='bbox 1391 1347 1522 1380; x_wconf 86' lang='lat' dir='ltr'>dictum</span> <span class='ocrx_word' id='word_1_525' title='bbox 1547 1356 1617 1389; x_wconf 86' lang='lat' dir='ltr'>est,</span> <span class='ocrx_word' id='word_1_526' title='bbox 1657 1350 1811 1393; x_wconf 90' lang='lat' dir='ltr'>accipere</span> <span class='ocrx_word' id='word_1_527' title='bbox 1838 1349 2011 1393; x_wconf 86' lang='lat' dir='ltr'>Spiritum</span> <span class='ocrx_word' id='word_1_528' title='bbox 2041 1363 2122 1384; x_wconf 89' lang='lat' dir='ltr'>san—</span> 
     </span>
    </p>
   </div>
   <div class='ocr_carea' id='block_1_25' title="bbox 1102 1397 2121 1442">
    <p class='ocr_par' dir='ltr' id='par_1_25' title="bbox 1102 1397 2121 1442">
     <span class='ocr_line' id='line_1_80' title="bbox 1102 1397 2121 1442; baseline 0.006 -14"><span class='ocrx_word' id='word_1_529' title='bbox 1102 1413 1103 1428; x_wconf 72' lang='lat'>:</span> <span class='ocrx_word' id='word_1_530' title='bbox 1130 1405 1246 1435; x_wconf 88' lang='lat' dir='ltr'>ctum,</span> <span class='ocrx_word' id='word_1_531' title='bbox 1281 1403 1319 1430; x_wconf 89' lang='lat' dir='ltr'>ut</span> <span class='ocrx_word' id='word_1_532' title='bbox 1344 1397 1380 1429; x_wconf 90' lang='lat' dir='ltr'>in</span> <span class='ocrx_word' id='word_1_533' title='bbox 1411 1397 1460 1430; x_wconf 91' lang='lat' dir='ltr'>eis</span> <span class='ocrx_word' id='word_1_534' title='bbox 1485 1398 1648 1431; x_wconf 71' lang='lat' dir='ltr'>incoe&#39;tur</span> <span class='ocrx_word' id='word_1_535' title='bbox 1674 1412 1763 1432; x_wconf 75' lang='lat' dir='ltr'>nova</span> <span class='ocrx_word' id='word_1_536' title='bbox 1795 1401 2016 1440; x_wconf 87' lang='lat' dir='ltr'>obedientia,</span> <span class='ocrx_word' id='word_1_537' title='bbox 2050 1402 2121 1442; x_wconf 85' lang='lat' dir='ltr'>lux,</span> 
     </span>
    </p>
   </div>
   <div class='ocr_carea' id='block_1_26' title="bbox 1128 1448 2121 2257">
    <p class='ocr_par' dir='ltr' id='par_1_26' title="bbox 1128 1448 2121 2257">
     <span class='ocr_line' id='line_1_81' title="bbox 1130 1448 2121 1494; baseline 0.005 -14"><span class='ocrx_word' id='word_1_538' title='bbox 1130 1455 1164 1481; x_wconf 91' lang='lat' dir='ltr'>et</span> <span class='ocrx_word' id='word_1_539' title='bbox 1184 1448 1252 1481; x_wconf 85' lang='lat' dir='ltr'>vita</span> <span class='ocrx_word' id='word_1_540' title='bbox 1270 1455 1427 1487; x_wconf 84' lang='lat' dir='ltr'>aeterna,</span> <span class='ocrx_word' id='word_1_541' title='bbox 1455 1460 1543 1492; x_wconf 87' lang='lat' dir='ltr'>quae</span> <span class='ocrx_word' id='word_1_542' title='bbox 1561 1456 1609 1482; x_wconf 88' lang='lat' dir='ltr'>est</span> <span class='ocrx_word' id='word_1_543' title='bbox 1633 1452 1802 1494; x_wconf 87' lang='lat' dir='ltr'>quaedam</span> <span class='ocrx_word' id='word_1_544' title='bbox 1823 1451 1858 1483; x_wconf 88' lang='lat' dir='ltr'>in</span> <span class='ocrx_word' id='word_1_545' title='bbox 1879 1452 1981 1485; x_wconf 86' lang='lat' dir='ltr'>uobis</span> <span class='ocrx_word' id='word_1_546' title='bbox 2000 1452 2121 1485; x_wconf 86' lang='lat' dir='ltr'>incoa—</span> 
     </span>
     <span class='ocr_line' id='line_1_82' title="bbox 1131 1498 2121 1546; baseline 0.006 -16"><span class='ocrx_word' id='word_1_547' title='bbox 1131 1499 1178 1532; x_wconf 91' lang='lat' dir='ltr'>tio</span> <span class='ocrx_word' id='word_1_548' title='bbox 1198 1498 1282 1541; x_wconf 82' lang='lat' dir='ltr'>legis</span> <span class='ocrx_word' id='word_1_549' title='bbox 1299 1498 1451 1534; x_wconf 87' lang='lat' dir='ltr'>divinae.</span> <span class='ocrx_word' id='word_1_550' title='bbox 1500 1498 1581 1532; x_wconf 86' lang='lat' dir='ltr'>Ideo</span> <span class='ocrx_word' id='word_1_551' title='bbox 1598 1501 1730 1535; x_wconf 82' lang='lat' dir='ltr'>dicitur</span> <span class='ocrx_word' id='word_1_552' title='bbox 1746 1503 1779 1534; x_wconf 90' lang='lat' dir='ltr'>in</span> <span class='ocrx_word' id='word_1_553' title='bbox 1800 1501 1991 1546; x_wconf 82' lang='lat' dir='ltr'>Propheta:</span> <span class='ocrx_word' id='word_1_554' title='bbox 2019 1502 2121 1536; x_wconf 89' lang='lat' dir='ltr'>Dabo</span> 
     </span>
     <span class='ocr_line' id='line_1_83' title="bbox 1129 1550 2119 1593; baseline 0.003 -10"><span class='ocrx_word' id='word_1_555' title='bbox 1129 1551 1239 1593; x_wconf 78' lang='lat' dir='ltr'>Iegem</span> <span class='ocrx_word' id='word_1_556' title='bbox 1258 1561 1370 1582; x_wconf 89' lang='lat' dir='ltr'>meam</span> <span class='ocrx_word' id='word_1_557' title='bbox 1389 1550 1424 1581; x_wconf 92' lang='lat' dir='ltr'>in</span> <span class='ocrx_word' id='word_1_558' title='bbox 1444 1552 1548 1583; x_wconf 85' lang='lat' dir='ltr'>corda</span> <span class='ocrx_word' id='word_1_559' title='bbox 1567 1563 1701 1586; x_wconf 88' lang='lat' dir='ltr'>eorum.</span> <span class='ocrx_word' id='word_1_560' title='bbox 1756 1552 1851 1586; x_wconf 86' lang='lat' dir='ltr'>Haec</span> <span class='ocrx_word' id='word_1_561' title='bbox 1876 1554 2029 1587; x_wconf 80' lang='lat' dir='ltr'>incoatio</span> <span class='ocrx_word' id='word_1_562' title='bbox 2056 1566 2119 1586; x_wconf 90' lang='lat' dir='ltr'>ne-</span> 
     </span>
     <span class='ocr_line' id='line_1_84' title="bbox 1129 1600 2120 1645; baseline 0.002 -10"><span class='ocrx_word' id='word_1_563' title='bbox 1129 1600 1278 1635; x_wconf 89' lang='lat' dir='ltr'>cessario</span> <span class='ocrx_word' id='word_1_564' title='bbox 1295 1601 1391 1645; x_wconf 87' lang='lat' dir='ltr'>sequi</span> <span class='ocrx_word' id='word_1_565' title='bbox 1413 1601 1515 1633; x_wconf 85' lang='lat' dir='ltr'>fidem</span> <span class='ocrx_word' id='word_1_566' title='bbox 1535 1602 1654 1640; x_wconf 85' lang='lat' dir='ltr'>debet,</span> <span class='ocrx_word' id='word_1_567' title='bbox 1683 1603 1770 1636; x_wconf 88' lang='lat' dir='ltr'>sicut</span> <span class='ocrx_word' id='word_1_568' title='bbox 1798 1610 1971 1637; x_wconf 86' lang='lat' dir='ltr'>testantur</span> <span class='ocrx_word' id='word_1_569' title='bbox 1988 1605 2120 1638; x_wconf 89' lang='lat' dir='ltr'>multae</span> 
     </span>
     <span class='ocr_line' id='line_1_85' title="bbox 1129 1650 2121 1696; baseline 0.002 -10"><span class='ocrx_word' id='word_1_570' title='bbox 1129 1651 1337 1686; x_wconf 89' lang='lat' dir='ltr'>sententiae:</span> <span class='ocrx_word' id='word_1_571' title='bbox 1373 1650 1410 1685; x_wconf 88' lang='lat' dir='ltr'>Si</span> <span class='ocrx_word' id='word_1_572' title='bbox 1439 1652 1489 1684; x_wconf 83' lang='lat' dir='ltr'>vis</span> <span class='ocrx_word' id='word_1_573' title='bbox 1516 1652 1551 1684; x_wconf 89' lang='lat' dir='ltr'>in</span> <span class='ocrx_word' id='word_1_574' title='bbox 1579 1653 1685 1686; x_wconf 87' lang='lat' dir='ltr'>vitam</span> <span class='ocrx_word' id='word_1_575' title='bbox 1716 1654 1871 1696; x_wconf 87' lang='lat' dir='ltr'>ingredi,</span> <span class='ocrx_word' id='word_1_576' title='bbox 1899 1667 1996 1688; x_wconf 83' lang='lat' dir='ltr'>serva</span> <span class='ocrx_word' id='word_1_577' title='bbox 2018 1667 2121 1688; x_wconf 87' lang='lat' dir='ltr'>man-</span> 
     </span>
     <span class='ocr_line' id='line_1_86' title="bbox 1130 1701 2119 1746; baseline 0.005 -10"><span class='ocrx_word' id='word_1_578' title='bbox 1130 1705 1220 1737; x_wconf 85' lang='lat' dir='ltr'>data.</span> <span class='ocrx_word' id='word_1_579' title='bbox 1275 1701 1380 1735; x_wconf 82' lang='lat' dir='ltr'>Item:</span> <span class='ocrx_word' id='word_1_580' title='bbox 1406 1702 1483 1735; x_wconf 77' lang='lat' dir='ltr'>Nisi</span> <span class='ocrx_word' id='word_1_581' title='bbox 1503 1704 1737 1738; x_wconf 85' lang='lat' dir='ltr'>abundaverit</span> <span class='ocrx_word' id='word_1_582' title='bbox 1756 1705 1892 1739; x_wconf 87' lang='lat' dir='ltr'>iusticia</span> <span class='ocrx_word' id='word_1_583' title='bbox 1913 1713 2037 1746; x_wconf 88' lang='lat' dir='ltr'>vestra,</span> <span class='ocrx_word' id='word_1_584' title='bbox 2055 1713 2119 1742; x_wconf 85' lang='lat' dir='ltr'>etc.</span> 
     </span>
     <span class='ocr_line' id='line_1_87' title="bbox 1131 1752 2120 1800; baseline 0.003 -13"><span class='ocrx_word' id='word_1_585' title='bbox 1131 1754 1233 1788; x_wconf 81' lang='lat' dir='ltr'>Item:</span> <span class='ocrx_word' id='word_1_586' title='bbox 1269 1752 1534 1793; x_wconf 86' lang='lat' dir='ltr'>Fornicatores,</span> <span class='ocrx_word' id='word_1_587' title='bbox 1572 1755 1743 1796; x_wconf 87' lang='lat' dir='ltr'>adulteri,</span> <span class='ocrx_word' id='word_1_588' title='bbox 1778 1768 1850 1789; x_wconf 89' lang='lat' dir='ltr'>non</span> <span class='ocrx_word' id='word_1_589' title='bbox 1886 1757 2120 1800; x_wconf 88' lang='lat' dir='ltr'>possidebunt</span> 
     </span>
     <span class='ocr_line' id='line_1_88' title="bbox 1129 1803 2118 1848; baseline 0.002 -9"><span class='ocrx_word' id='word_1_590' title='bbox 1129 1817 1276 1848; x_wconf 84' lang='lat' dir='ltr'>regnum</span> <span class='ocrx_word' id='word_1_591' title='bbox 1302 1803 1380 1838; x_wconf 88' lang='lat' dir='ltr'>Dei.</span> <span class='ocrx_word' id='word_1_592' title='bbox 1448 1803 1495 1838; x_wconf 90' lang='lat' dir='ltr'>Et</span> <span class='ocrx_word' id='word_1_593' title='bbox 1518 1804 1672 1847; x_wconf 88' lang='lat' dir='ltr'>Spiritus</span> <span class='ocrx_word' id='word_1_594' title='bbox 1700 1815 1841 1841; x_wconf 89' lang='lat' dir='ltr'>sanctus</span> <span class='ocrx_word' id='word_1_595' title='bbox 1868 1815 1987 1841; x_wconf 85' lang='lat' dir='ltr'>movet</span> <span class='ocrx_word' id='word_1_596' title='bbox 2011 1809 2118 1841; x_wconf 89' lang='lat' dir='ltr'>corda</span> 
     </span>
     <span class='ocr_line' id='line_1_89' title="bbox 1130 1854 2118 1901; baseline 0.003 -12"><span class='ocrx_word' id='word_1_597' title='bbox 1130 1869 1191 1901; x_wconf 91' lang='lat' dir='ltr'>per</span> <span class='ocrx_word' id='word_1_598' title='bbox 1215 1856 1361 1888; x_wconf 80' lang='lat' dir='ltr'>verbum</span> <span class='ocrx_word' id='word_1_599' title='bbox 1388 1854 1466 1890; x_wconf 85' lang='lat' dir='ltr'>Dei.</span> <span class='ocrx_word' id='word_1_600' title='bbox 1547 1855 1628 1890; x_wconf 90' lang='lat' dir='ltr'>Ideo</span> <span class='ocrx_word' id='word_1_601' title='bbox 1658 1859 1809 1901; x_wconf 86' lang='lat' dir='ltr'>regenda</span> <span class='ocrx_word' id='word_1_602' title='bbox 1841 1865 1891 1892; x_wconf 89' lang='lat' dir='ltr'>est</span> <span class='ocrx_word' id='word_1_603' title='bbox 1915 1857 2118 1893; x_wconf 87' lang='lat' dir='ltr'>obedientia</span> 
     </span>
     <span class='ocr_line' id='line_1_90' title="bbox 1129 1905 2119 1954; baseline 0.003 -14"><span class='ocrx_word' id='word_1_604' title='bbox 1129 1914 1223 1940; x_wconf 89' lang='lat' dir='ltr'>certo</span> <span class='ocrx_word' id='word_1_605' title='bbox 1246 1907 1352 1939; x_wconf 86' lang='lat' dir='ltr'>verbo</span> <span class='ocrx_word' id='word_1_606' title='bbox 1370 1905 1452 1946; x_wconf 91' lang='lat' dir='ltr'>Dei,</span> <span class='ocrx_word' id='word_1_607' title='bbox 1482 1907 1537 1940; x_wconf 89' lang='lat' dir='ltr'>cui</span> <span class='ocrx_word' id='word_1_608' title='bbox 1557 1908 1724 1942; x_wconf 89' lang='lat' dir='ltr'>dehemus</span> <span class='ocrx_word' id='word_1_609' title='bbox 1741 1910 2002 1954; x_wconf 87' lang='lat' dir='ltr'>obtemperare,</span> <span class='ocrx_word' id='word_1_610' title='bbox 2028 1910 2119 1943; x_wconf 88' lang='lat' dir='ltr'>sicut</span> 
     </span>
     <span class='ocr_line' id='line_1_91' title="bbox 1128 1957 2117 2001; baseline 0.001 -9"><span class='ocrx_word' id='word_1_611' title='bbox 1128 1958 1259 1992; x_wconf 87' lang='lat' dir='ltr'>Paulus</span> <span class='ocrx_word' id='word_1_612' title='bbox 1285 1957 1417 2001; x_wconf 85' lang='lat' dir='ltr'>iuquit:</span> <span class='ocrx_word' id='word_1_613' title='bbox 1459 1957 1648 1992; x_wconf 85' lang='lat' dir='ltr'>Debitores</span> <span class='ocrx_word' id='word_1_614' title='bbox 1674 1971 1813 2000; x_wconf 87' lang='lat' dir='ltr'>sumus,</span> <span class='ocrx_word' id='word_1_615' title='bbox 1856 1973 1899 1993; x_wconf 91' lang='lat' dir='ltr'>ne</span> <span class='ocrx_word' id='word_1_616' title='bbox 1924 1961 2117 1993; x_wconf 88' lang='lat' dir='ltr'>secundum</span> 
     </span>
     <span class='ocr_line' id='line_1_92' title="bbox 1130 2009 2118 2053; baseline 0 -10"><span class='ocrx_word' id='word_1_617' title='bbox 1130 2021 1269 2043; x_wconf 86' lang='lat' dir='ltr'>carnem</span> <span class='ocrx_word' id='word_1_618' title='bbox 1295 2009 1463 2041; x_wconf 79' lang='lat' dir='ltr'>vivamus.</span> <span class='ocrx_word' id='word_1_619' title='bbox 1531 2009 1602 2043; x_wconf 84' lang='lat' dir='ltr'>Nec</span> <span class='ocrx_word' id='word_1_620' title='bbox 1627 2018 1740 2053; x_wconf 90' lang='lat' dir='ltr'>potest</span> <span class='ocrx_word' id='word_1_621' title='bbox 1763 2012 1909 2045; x_wconf 86' lang='lat' dir='ltr'>existere</span> <span class='ocrx_word' id='word_1_622' title='bbox 1931 2012 2016 2044; x_wconf 87' lang='lat' dir='ltr'>fides</span> <span class='ocrx_word' id='word_1_623' title='bbox 2042 2011 2118 2044; x_wconf 88' lang='lat' dir='ltr'>sine</span> 
     </span>
     <span class='ocr_line' id='line_1_93' title="bbox 1129 2059 2117 2106; baseline -0.001 -12"><span class='ocrx_word' id='word_1_624' title='bbox 1129 2059 1362 2104; x_wconf 86' lang='lat' dir='ltr'>poenitentia:</span> <span class='ocrx_word' id='word_1_625' title='bbox 1392 2060 1473 2104; x_wconf 88' lang='lat' dir='ltr'>quia</span> <span class='ocrx_word' id='word_1_626' title='bbox 1492 2060 1558 2093; x_wconf 83' lang='lat' dir='ltr'>fide</span> <span class='ocrx_word' id='word_1_627' title='bbox 1574 2062 1775 2105; x_wconf 87' lang='lat' dir='ltr'>accipienda</span> <span class='ocrx_word' id='word_1_628' title='bbox 1797 2069 1845 2095; x_wconf 91' lang='lat' dir='ltr'>est</span> <span class='ocrx_word' id='word_1_629' title='bbox 1864 2062 2021 2095; x_wconf 89' lang='lat' dir='ltr'>remissio</span> <span class='ocrx_word' id='word_1_630' title='bbox 2038 2074 2117 2106; x_wconf 86' lang='lat' dir='ltr'>pec-</span> 
     </span>
     <span class='ocr_line' id='line_1_94' title="bbox 1128 2110 2118 2158; baseline 0 -13"><span class='ocrx_word' id='word_1_631' title='bbox 1128 2119 1298 2145; x_wconf 88' lang='lat' dir='ltr'>catorum.</span> <span class='ocrx_word' id='word_1_632' title='bbox 1353 2110 1433 2143; x_wconf 85' lang='lat' dir='ltr'>Non</span> <span class='ocrx_word' id='word_1_633' title='bbox 1458 2118 1574 2144; x_wconf 89' lang='lat' dir='ltr'>autem</span> <span class='ocrx_word' id='word_1_634' title='bbox 1600 2113 1686 2156; x_wconf 89' lang='lat' dir='ltr'>petit</span> <span class='ocrx_word' id='word_1_635' title='bbox 1710 2113 1952 2146; x_wconf 86' lang='lat' dir='ltr'>remissionem</span> <span class='ocrx_word' id='word_1_636' title='bbox 1980 2113 2028 2149; x_wconf 82' lang='lat' dir='ltr'>is,</span> <span class='ocrx_word' id='word_1_637' title='bbox 2057 2113 2118 2158; x_wconf 87' lang='lat' dir='ltr'>qui</span> 
     </span>
     <span class='ocr_line' id='line_1_95' title="bbox 1128 2162 2118 2207; baseline 0 -11"><span class='ocrx_word' id='word_1_638' title='bbox 1128 2163 1322 2196; x_wconf 80' lang='lat' dir='ltr'>delectatur</span> <span class='ocrx_word' id='word_1_639' title='bbox 1352 2162 1481 2194; x_wconf 86' lang='lat' dir='ltr'>scelere</span> <span class='ocrx_word' id='word_1_640' title='bbox 1515 2170 1636 2196; x_wconf 86' lang='lat' dir='ltr'>contra</span> <span class='ocrx_word' id='word_1_641' title='bbox 1662 2164 1923 2196; x_wconf 82' lang='lat' dir='ltr'>conscientiam.</span> <span class='ocrx_word' id='word_1_642' title='bbox 1996 2163 2118 2207; x_wconf 83' lang='lat' dir='ltr'>Neque</span> 
     </span>
     <span class='ocr_line' id='line_1_96' title="bbox 1128 2214 2118 2257; baseline 0.001 -12"><span class='ocrx_word' id='word_1_643' title='bbox 1128 2226 1210 2246; x_wconf 80' lang='lat' dir='ltr'>vero</span> <span class='ocrx_word' id='word_1_644' title='bbox 1229 2219 1368 2247; x_wconf 89' lang='lat' dir='ltr'>tantum</span> <span class='ocrx_word' id='word_1_645' title='bbox 1391 2219 1532 2246; x_wconf 87' lang='lat' dir='ltr'>externa</span> <span class='ocrx_word' id='word_1_646' title='bbox 1550 2214 1736 2257; x_wconf 91' lang='lat' dir='ltr'>disciplina</span> <span class='ocrx_word' id='word_1_647' title='bbox 1755 2214 1952 2256; x_wconf 83' lang='lat' dir='ltr'>flagitatur,</span> <span class='ocrx_word' id='word_1_648' title='bbox 1982 2215 2039 2247; x_wconf 87' lang='lat' dir='ltr'>sed</span> <span class='ocrx_word' id='word_1_649' title='bbox 2062 2215 2118 2247; x_wconf 92' lang='lat' dir='ltr'>in-</span> 
     </span>
    </p>
   </div>
   <div class='ocr_carea' id='block_1_27' title="bbox 1099 2263 2118 2309">
    <p class='ocr_par' dir='ltr' id='par_1_27' title="bbox 1099 2263 2118 2309">
     <span class='ocr_line' id='line_1_97' title="bbox 1099 2263 2118 2309; baseline 0.002 -13"><span class='ocrx_word' id='word_1_650' title='bbox 1099 2279 1100 2283; x_wconf 51' lang='lat'><em>*</em></span> <span class='ocrx_word' id='word_1_651' title='bbox 1128 2265 1241 2297; x_wconf 88' lang='lat' dir='ltr'>coatio</span> <span class='ocrx_word' id='word_1_652' title='bbox 1268 2263 1448 2297; x_wconf 86' lang='lat' dir='ltr'>interioris</span> <span class='ocrx_word' id='word_1_653' title='bbox 1480 2264 1722 2304; x_wconf 86' lang='lat' dir='ltr'>obedientiae,</span> <span class='ocrx_word' id='word_1_654' title='bbox 1763 2265 1894 2298; x_wconf 86' lang='lat' dir='ltr'>scilicet</span> <span class='ocrx_word' id='word_1_655' title='bbox 1926 2265 1976 2309; x_wconf 89' lang='lat' dir='ltr'>pii</span> <span class='ocrx_word' id='word_1_656' title='bbox 2002 2273 2118 2299; x_wconf 88' lang='lat' dir='ltr'>motus</span> 
     </span>
    </p>
   </div>
   <div class='ocr_carea' id='block_1_28' title="bbox 1098 2335 1101 2357">
    <p class='ocr_par' dir='ltr' id='par_1_28' title="bbox 1098 2335 1101 2357">
     <span class='ocr_line' id='line_1_98' title="bbox 1098 2335 1101 2357; baseline 0 0"><span class='ocrx_word' id='word_1_657' title='bbox 1098 2335 1101 2357; x_wconf 70' lang='lat'>7</span> 
     </span>
    </p>
   </div>
   <div class='ocr_carea' id='block_1_29' title="bbox 1098 1173 1106 2643">
    <p class='ocr_par' dir='ltr' id='par_1_29' title="bbox 1098 1173 1106 2643">
     <span class='ocr_line' id='line_1_99' title="bbox 1098 1173 1106 2643; baseline 0 0"><span class='ocrx_word' id='word_1_658' title='bbox 1098 1173 1106 2643; x_wconf 95' lang='lat' dir='ltr'> </span> 
     </span>
    </p>
   </div>
   <div class='ocr_carea' id='block_1_30' title="bbox 1123 2390 2119 2742">
    <p class='ocr_par' dir='ltr' id='par_1_30' title="bbox 1123 2390 2119 2742">
     <span class='ocr_line' id='line_1_100' title="bbox 1230 2390 2119 2435; baseline 0.001 -11"><span class='ocrx_word' id='word_1_659' title='bbox 1230 2390 1434 2424; x_wconf 79' lang='lat' dir='ltr'>Adversarii</span> <span class='ocrx_word' id='word_1_660' title='bbox 1452 2391 1562 2424; x_wconf 87' lang='lat' dir='ltr'>nostri</span> <span class='ocrx_word' id='word_1_661' title='bbox 1581 2404 1658 2424; x_wconf 91' lang='lat' dir='ltr'>cum</span> <span class='ocrx_word' id='word_1_662' title='bbox 1679 2392 1722 2423; x_wconf 88' lang='lat' dir='ltr'>de</span> <span class='ocrx_word' id='word_1_663' title='bbox 1746 2392 1849 2424; x_wconf 81' lang='lat' dir='ltr'>bonis</span> <span class='ocrx_word' id='word_1_664' title='bbox 1873 2393 2039 2435; x_wconf 87' lang='lat' dir='ltr'>operibus</span> <span class='ocrx_word' id='word_1_665' title='bbox 2057 2405 2119 2425; x_wconf 80' lang='lat' dir='ltr'>vo-</span> 
     </span>
     <span class='ocr_line' id='line_1_101' title="bbox 1128 2442 2118 2486; baseline 0 -11"><span class='ocrx_word' id='word_1_666' title='bbox 1128 2442 1337 2482; x_wconf 83' lang='lat' dir='ltr'>ciferantur,</span> <span class='ocrx_word' id='word_1_667' title='bbox 1365 2442 1546 2475; x_wconf 85' lang='lat' dir='ltr'>clamitant</span> <span class='ocrx_word' id='word_1_668' title='bbox 1564 2442 1606 2474; x_wconf 91' lang='lat' dir='ltr'>de</span> <span class='ocrx_word' id='word_1_669' title='bbox 1625 2442 1751 2485; x_wconf 89' lang='lat' dir='ltr'>puerili</span> <span class='ocrx_word' id='word_1_670' title='bbox 1769 2443 1955 2486; x_wconf 85' lang='lat' dir='ltr'>diciplina,</span> <span class='ocrx_word' id='word_1_671' title='bbox 1983 2444 2026 2476; x_wconf 91' lang='lat' dir='ltr'>de</span> <span class='ocrx_word' id='word_1_672' title='bbox 2043 2456 2118 2476; x_wconf 88' lang='lat' dir='ltr'>mo-</span> 
     </span>
     <span class='ocr_line' id='line_1_102' title="bbox 1127 2492 2117 2535; baseline 0 -9"><span class='ocrx_word' id='word_1_673' title='bbox 1127 2494 1236 2527; x_wconf 77' lang='lat' dir='ltr'>destia</span> <span class='ocrx_word' id='word_1_674' title='bbox 1262 2494 1297 2526; x_wconf 89' lang='lat' dir='ltr'>in</span> <span class='ocrx_word' id='word_1_675' title='bbox 1326 2493 1470 2532; x_wconf 76' lang='lat' dir='ltr'>vestitu,</span> <span class='ocrx_word' id='word_1_676' title='bbox 1508 2493 1544 2524; x_wconf 90' lang='lat' dir='ltr'>in</span> <span class='ocrx_word' id='word_1_677' title='bbox 1570 2492 1649 2525; x_wconf 85' lang='lat' dir='ltr'>cibo</span> <span class='ocrx_word' id='word_1_678' title='bbox 1676 2499 1708 2526; x_wconf 90' lang='lat' dir='ltr'>et</span> <span class='ocrx_word' id='word_1_679' title='bbox 1733 2500 1839 2535; x_wconf 89' lang='lat' dir='ltr'>potu,</span> <span class='ocrx_word' id='word_1_680' title='bbox 1871 2494 2050 2527; x_wconf 86' lang='lat' dir='ltr'>interdum</span> <span class='ocrx_word' id='word_1_681' title='bbox 2074 2495 2117 2526; x_wconf 91' lang='lat' dir='ltr'>de</span> 
     </span>
     <span class='ocr_line' id='line_1_103' title="bbox 1127 2542 2118 2589; baseline 0 -12"><span class='ocrx_word' id='word_1_682' title='bbox 1127 2544 1358 2589; x_wconf 78' lang='lat' dir='ltr'>eleemosynis</span> <span class='ocrx_word' id='word_1_683' title='bbox 1381 2543 1515 2588; x_wconf 88' lang='lat' dir='ltr'>aliquid</span> <span class='ocrx_word' id='word_1_684' title='bbox 1542 2543 1674 2577; x_wconf 84' lang='lat' dir='ltr'>dicunt.</span> <span class='ocrx_word' id='word_1_685' title='bbox 1729 2542 1866 2578; x_wconf 89' lang='lat' dir='ltr'>Interea</span> <span class='ocrx_word' id='word_1_686' title='bbox 1892 2546 1933 2577; x_wconf 88' lang='lat' dir='ltr'>de</span> <span class='ocrx_word' id='word_1_687' title='bbox 1951 2545 2118 2588; x_wconf 84' lang='lat' dir='ltr'>operibus</span> 
     </span>
     <span class='ocr_line' id='line_1_104' title="bbox 1126 2594 2116 2640; baseline -0.002 -12"><span class='ocrx_word' id='word_1_688' title='bbox 1126 2596 1260 2639; x_wconf 87' lang='lat' dir='ltr'>primae</span> <span class='ocrx_word' id='word_1_689' title='bbox 1289 2594 1429 2628; x_wconf 85' lang='lat' dir='ltr'>tabulae</span> <span class='ocrx_word' id='word_1_690' title='bbox 1461 2594 1640 2627; x_wconf 86' lang='lat' dir='ltr'>silentium</span> <span class='ocrx_word' id='word_1_691' title='bbox 1669 2601 1738 2634; x_wconf 87' lang='lat' dir='ltr'>est,</span> <span class='ocrx_word' id='word_1_692' title='bbox 1776 2596 1820 2628; x_wconf 89' lang='lat' dir='ltr'>de</span> <span class='ocrx_word' id='word_1_693' title='bbox 1846 2596 1995 2640; x_wconf 78' lang='lat' dir='ltr'>quibuS,</span> <span class='ocrx_word' id='word_1_694' title='bbox 2038 2607 2116 2628; x_wconf 91' lang='lat' dir='ltr'>cum</span> 
     </span>
     <span class='ocr_line' id='line_1_105' title="bbox 1124 2642 2116 2690; baseline -0.002 -11"><span class='ocrx_word' id='word_1_695' title='bbox 1124 2647 1287 2690; x_wconf 88' lang='lat' dir='ltr'>ignorent</span> <span class='ocrx_word' id='word_1_696' title='bbox 1304 2645 1500 2678; x_wconf 87' lang='lat' dir='ltr'>doctrinam</span> <span class='ocrx_word' id='word_1_697' title='bbox 1520 2646 1562 2678; x_wconf 93' lang='lat' dir='ltr'>de</span> <span class='ocrx_word' id='word_1_698' title='bbox 1581 2644 1668 2686; x_wconf 88' lang='lat' dir='ltr'>fide,</span> <span class='ocrx_word' id='word_1_699' title='bbox 1694 2642 1787 2678; x_wconf 90' lang='lat' dir='ltr'>nihil</span> <span class='ocrx_word' id='word_1_700' title='bbox 1813 2647 1930 2679; x_wconf 90' lang='lat' dir='ltr'>dicere</span> <span class='ocrx_word' id='word_1_701' title='bbox 1959 2652 2116 2689; x_wconf 88' lang='lat' dir='ltr'>possunt.</span> 
     </span>
     <span class='ocr_line' id='line_1_106' title="bbox 1123 2695 2117 2742; baseline -0.003 -10"><span class='ocrx_word' id='word_1_702' title='bbox 1123 2697 1191 2732; x_wconf 90' lang='lat' dir='ltr'>Sed</span> <span class='ocrx_word' id='word_1_703' title='bbox 1210 2697 1305 2731; x_wconf 90' lang='lat' dir='ltr'>Deus</span> <span class='ocrx_word' id='word_1_704' title='bbox 1322 2696 1454 2740; x_wconf 82' lang='lat' dir='ltr'>flagitat</span> <span class='ocrx_word' id='word_1_705' title='bbox 1473 2696 1659 2742; x_wconf 89' lang='lat' dir='ltr'>utriusque</span> <span class='ocrx_word' id='word_1_706' title='bbox 1684 2697 1824 2731; x_wconf 90' lang='lat' dir='ltr'>tabulae</span> <span class='ocrx_word' id='word_1_707' title='bbox 1846 2697 1973 2732; x_wconf 84' lang='lat' dir='ltr'>officia.</span> <span class='ocrx_word' id='word_1_708' title='bbox 2029 2695 2117 2730; x_wconf 86' lang='lat' dir='ltr'>Vult</span> 
     </span>
    </p>
   </div>
  </div>
 </body>
</html>
