<?xml version="1.0" encoding="UTF-8"?>
<!DOCTYPE html PUBLIC "-//W3C//DTD XHTML 1.0 Transitional//EN"
    "http://www.w3.org/TR/xhtml1/DTD/xhtml1-transitional.dtd">
<html xmlns="http://www.w3.org/1999/xhtml" xml:lang="en" lang="en">
 <head>
  <title>
</title>
<meta http-equiv="Content-Type" content="text/html;charset=utf-8" />
  <meta name='ocr-system' content='tesseract 3.04.00' />
  <meta name='ocr-capabilities' content='ocr_page ocr_carea ocr_par ocr_line ocrx_word'/>
</head>
<body>
  <div class='ocr_page' id='page_1' title='image "./operaquaesupersu15melauoft/operaquaesupersu15melauoft_0381.png"; bbox 0 0 2415 2942; ppageno 0'>
   <div class='ocr_carea' id='block_1_1' title="bbox 99 85 374 123">
    <p class='ocr_par' dir='ltr' id='par_1_1' title="bbox 99 85 374 123">
     <span class='ocr_line' id='line_1_1' title="bbox 99 85 374 123; baseline 0.007 -2"><span class='ocrx_word' id='word_1_1' title='bbox 99 85 173 123; x_wconf 83' lang='lat'>⁷45</span> <span class='ocrx_word' id='word_1_2' title='bbox 275 85 374 123; x_wconf 81' lang='lat' dir='ltr'>xm.</span> 
     </span>
    </p>
   </div>
   <div class='ocr_carea' id='block_1_2' title="bbox 80 170 1094 2710">
    <p class='ocr_par' dir='ltr' id='par_1_2' title="bbox 98 170 1087 564">
     <span class='ocr_line' id='line_1_2' title="bbox 99 170 1085 216; baseline -0.003 -10"><span class='ocrx_word' id='word_1_3' title='bbox 99 173 227 209; x_wconf 88' lang='lat' dir='ltr'>talibus</span> <span class='ocrx_word' id='word_1_4' title='bbox 252 171 401 214; x_wconf 86' lang='lat' dir='ltr'>exempli</span> <span class='ocrx_word' id='word_1_5' title='bbox 427 171 695 216; x_wconf 72' lang='lat' dir='ltr'>superstitiones</span> <span class='ocrx_word' id='word_1_6' title='bbox 726 182 897 211; x_wconf 90' lang='lat' dir='ltr'>crescere,</span> <span class='ocrx_word' id='word_1_7' title='bbox 940 183 1012 203; x_wconf 93' lang='lat' dir='ltr'>non</span> <span class='ocrx_word' id='word_1_8' title='bbox 1039 170 1085 203; x_wconf 91' lang='lat' dir='ltr'>ita</span> 
     </span>
     <span class='ocr_line' id='line_1_3' title="bbox 98 220 1083 268; baseline -0.003 -11"><span class='ocrx_word' id='word_1_9' title='bbox 98 224 268 258; x_wconf 88' lang='lat' dir='ltr'>miremur</span> <span class='ocrx_word' id='word_1_10' title='bbox 287 224 323 256; x_wconf 95' lang='lat' dir='ltr'>in</span> <span class='ocrx_word' id='word_1_11' title='bbox 343 221 406 256; x_wconf 87' lang='lat' dir='ltr'>hac</span> <span class='ocrx_word' id='word_1_12' title='bbox 424 235 459 256; x_wconf 90' lang='lat' dir='ltr'>re</span> <span class='ocrx_word' id='word_1_13' title='bbox 479 223 666 268; x_wconf 83' lang='lat' dir='ltr'>synodum,</span> <span class='ocrx_word' id='word_1_14' title='bbox 694 229 732 256; x_wconf 92' lang='lat' dir='ltr'>ut</span> <span class='ocrx_word' id='word_1_15' title='bbox 751 222 899 255; x_wconf 85' lang='lat' dir='ltr'>velimus</span> <span class='ocrx_word' id='word_1_16' title='bbox 917 221 997 254; x_wconf 89' lang='lat' dir='ltr'>illos</span> <span class='ocrx_word' id='word_1_17' title='bbox 1016 220 1083 255; x_wconf 91' lang='lat' dir='ltr'>Ca-</span> 
     </span>
     <span class='ocr_line' id='line_1_4' title="bbox 101 271 1087 318; baseline -0.005 -9"><span class='ocrx_word' id='word_1_18' title='bbox 101 286 212 309; x_wconf 86' lang='lat' dir='ltr'>nones</span> <span class='ocrx_word' id='word_1_19' title='bbox 230 281 290 308; x_wconf 89' lang='lat' dir='ltr'>aut</span> <span class='ocrx_word' id='word_1_20' title='bbox 312 275 507 318; x_wconf 82' lang='lat' dir='ltr'>approbare</span> <span class='ocrx_word' id='word_1_21' title='bbox 525 280 583 307; x_wconf 89' lang='lat' dir='ltr'>aut</span> <span class='ocrx_word' id='word_1_22' title='bbox 601 274 794 308; x_wconf 69' lang='lat' dir='ltr'>restituere.</span> <span class='ocrx_word' id='word_1_23' title='bbox 847 271 919 305; x_wconf 91' lang='lat' dir='ltr'>Nec</span> <span class='ocrx_word' id='word_1_24' title='bbox 945 279 1087 316; x_wconf 89' lang='lat' dir='ltr'>propte—</span> 
     </span>
     <span class='ocr_line' id='line_1_5' title="bbox 102 323 1084 362; baseline -0.005 -2"><span class='ocrx_word' id='word_1_25' title='bbox 102 338 158 360; x_wconf 87' lang='lat' dir='ltr'>rea</span> <span class='ocrx_word' id='word_1_26' title='bbox 176 326 404 359; x_wconf 70' lang='lat' dir='ltr'>dissentimus</span> <span class='ocrx_word' id='word_1_27' title='bbox 424 337 442 358; x_wconf 88' lang='lat' dir='ltr'>a</span> <span class='ocrx_word' id='word_1_28' title='bbox 462 325 574 359; x_wconf 89' lang='lat' dir='ltr'>veteri</span> <span class='ocrx_word' id='word_1_29' title='bbox 591 324 764 362; x_wconf 81' lang='lat' dir='ltr'>Ecclesia,</span> <span class='ocrx_word' id='word_1_30' title='bbox 792 323 982 356; x_wconf 79' lang='lat' dir='ltr'>retinemus</span> <span class='ocrx_word' id='word_1_31' title='bbox 999 323 1084 356; x_wconf 86' lang='lat' dir='ltr'>arti-</span> 
     </span>
     <span class='ocr_line' id='line_1_6' title="bbox 99 374 1084 423; baseline -0.005 -12"><span class='ocrx_word' id='word_1_32' title='bbox 99 378 197 411; x_wconf 88' lang='lat' dir='ltr'>culos</span> <span class='ocrx_word' id='word_1_33' title='bbox 227 377 353 423; x_wconf 84' lang='lat' dir='ltr'>synodi</span> <span class='ocrx_word' id='word_1_34' title='bbox 386 377 430 409; x_wconf 92' lang='lat' dir='ltr'>de</span> <span class='ocrx_word' id='word_1_35' title='bbox 460 377 703 420; x_wconf 75' lang='lat' dir='ltr'>dogmatibus,</span> <span class='ocrx_word' id='word_1_36' title='bbox 749 385 837 418; x_wconf 90' lang='lat' dir='ltr'>quae</span> <span class='ocrx_word' id='word_1_37' title='bbox 868 374 1011 418; x_wconf 83' lang='lat' dir='ltr'>proprie</span> <span class='ocrx_word' id='word_1_38' title='bbox 1041 375 1084 407; x_wconf 87' lang='lat' dir='ltr'>ad</span> 
     </span>
     <span class='ocr_line' id='line_1_7' title="bbox 99 425 1084 472; baseline -0.004 -10"><span class='ocrx_word' id='word_1_39' title='bbox 99 426 292 462; x_wconf 85' lang='lat' dir='ltr'>Ecclesiam</span> <span class='ocrx_word' id='word_1_40' title='bbox 325 428 514 472; x_wconf 73' lang='lat' dir='ltr'>pertinent.</span> <span class='ocrx_word' id='word_1_41' title='bbox 566 425 730 460; x_wconf 86' lang='lat' dir='ltr'>Caeterae</span> <span class='ocrx_word' id='word_1_42' title='bbox 761 436 851 469; x_wconf 89' lang='lat' dir='ltr'>quae</span> <span class='ocrx_word' id='word_1_43' title='bbox 878 433 960 459; x_wconf 87' lang='lat' dir='ltr'>sunt</span> <span class='ocrx_word' id='word_1_44' title='bbox 988 432 1084 458; x_wconf 82' lang='lat' dir='ltr'>extra</span> 
     </span>
     <span class='ocr_line' id='line_1_8' title="bbox 99 475 1084 520; baseline -0.001 -9"><span class='ocrx_word' id='word_1_45' title='bbox 99 480 155 512; x_wconf 89' lang='lat' dir='ltr'>vel</span> <span class='ocrx_word' id='word_1_46' title='bbox 178 486 300 513; x_wconf 92' lang='lat' dir='ltr'>contra</span> <span class='ocrx_word' id='word_1_47' title='bbox 330 479 476 512; x_wconf 84' lang='lat' dir='ltr'>verbum</span> <span class='ocrx_word' id='word_1_48' title='bbox 501 476 585 516; x_wconf 92' lang='lat' dir='ltr'>Dei,</span> <span class='ocrx_word' id='word_1_49' title='bbox 632 488 704 509; x_wconf 91' lang='lat' dir='ltr'>non</span> <span class='ocrx_word' id='word_1_50' title='bbox 731 475 910 520; x_wconf 81' lang='lat' dir='ltr'>pertinent</span> <span class='ocrx_word' id='word_1_51' title='bbox 940 477 984 510; x_wconf 90' lang='lat' dir='ltr'>ad</span> <span class='ocrx_word' id='word_1_52' title='bbox 1014 475 1084 510; x_wconf 88' lang='lat' dir='ltr'>Ec—</span> 
     </span>
     <span class='ocr_line' id='line_1_9' title="bbox 100 530 252 564; baseline -0.007 -1"><span class='ocrx_word' id='word_1_53' title='bbox 100 530 252 564; x_wconf 88' lang='lat' dir='ltr'>clesiam.</span> 
     </span>
    </p>

    <p class='ocr_par' dir='ltr' id='par_1_3' title="bbox 94 577 1084 1021">
     <span class='ocr_line' id='line_1_10' title="bbox 206 577 1083 623; baseline -0.005 -9"><span class='ocrx_word' id='word_1_54' title='bbox 206 578 313 614; x_wconf 88' lang='lat' dir='ltr'>Anno</span> <span class='ocrx_word' id='word_1_55' title='bbox 325 578 565 614; x_wconf 75' lang='lat' dir='ltr'>Domini583.</span> <span class='ocrx_word' id='word_1_56' title='bbox 593 577 987 622; x_wconf 85' lang='lat' dir='ltr'>Constantinopolitana</span> <span class='ocrx_word' id='word_1_57' title='bbox 1001 590 1083 623; x_wconf 83' lang='lat' dir='ltr'>syn-</span> 
     </span>
     <span class='ocr_line' id='line_1_11' title="bbox 106 629 1083 674; baseline -0.004 -8"><span class='ocrx_word' id='word_1_58' title='bbox 106 632 196 666; x_wconf 89' lang='lat' dir='ltr'>odus</span> <span class='ocrx_word' id='word_1_59' title='bbox 219 643 237 665; x_wconf 88' lang='lat' dir='ltr'>a</span> <span class='ocrx_word' id='word_1_60' title='bbox 254 630 455 665; x_wconf 85' lang='lat' dir='ltr'>Theodosio</span> <span class='ocrx_word' id='word_1_61' title='bbox 480 635 668 663; x_wconf 86' lang='lat' dir='ltr'>convocata</span> <span class='ocrx_word' id='word_1_62' title='bbox 694 635 763 670; x_wconf 83' lang='lat' dir='ltr'>est,</span> <span class='ocrx_word' id='word_1_63' title='bbox 790 629 828 662; x_wconf 90' lang='lat' dir='ltr'>in</span> <span class='ocrx_word' id='word_1_64' title='bbox 849 641 915 674; x_wconf 87' lang='lat' dir='ltr'>qua</span> <span class='ocrx_word' id='word_1_65' title='bbox 935 630 1083 672; x_wconf 78' lang='lat' dir='ltr'>praefuit</span> 
     </span>
     <span class='ocr_line' id='line_1_12' title="bbox 101 680 1081 727; baseline -0.004 -10"><span class='ocrx_word' id='word_1_66' title='bbox 101 681 299 727; x_wconf 73' lang='lat' dir='ltr'>Episcopus</span> <span class='ocrx_word' id='word_1_67' title='bbox 352 680 765 725; x_wconf 85' lang='lat' dir='ltr'>Constantinopolitanus</span> <span class='ocrx_word' id='word_1_68' title='bbox 781 703 792 723; x_wconf 90' lang='lat'>,</span> <span class='ocrx_word' id='word_1_69' title='bbox 845 680 1081 713; x_wconf 86' lang='lat' dir='ltr'>controversia</span> 
     </span>
     <span class='ocr_line' id='line_1_13' title="bbox 100 731 1084 777; baseline -0.004 -10"><span class='ocrx_word' id='word_1_70' title='bbox 100 734 215 777; x_wconf 85' lang='lat' dir='ltr'>gravis</span> <span class='ocrx_word' id='word_1_71' title='bbox 238 733 427 766; x_wconf 84' lang='lat' dir='ltr'>diiudicata</span> <span class='ocrx_word' id='word_1_72' title='bbox 452 738 502 765; x_wconf 90' lang='lat' dir='ltr'>est</span> <span class='ocrx_word' id='word_1_73' title='bbox 528 733 571 765; x_wconf 92' lang='lat' dir='ltr'>de</span> <span class='ocrx_word' id='word_1_74' title='bbox 594 731 730 775; x_wconf 87' lang='lat' dir='ltr'>Spiritu</span> <span class='ocrx_word' id='word_1_75' title='bbox 749 738 891 775; x_wconf 88' lang='lat' dir='ltr'>sancto,</span> <span class='ocrx_word' id='word_1_76' title='bbox 919 732 1013 776; x_wconf 90' lang='lat' dir='ltr'>quod</span> <span class='ocrx_word' id='word_1_77' title='bbox 1040 732 1084 764; x_wconf 85' lang='lat' dir='ltr'>sit</span> 
     </span>
     <span class='ocr_line' id='line_1_14' title="bbox 98 782 1082 829; baseline -0.001 -11"><span class='ocrx_word' id='word_1_78' title='bbox 98 797 244 829; x_wconf 88' lang='lat' dir='ltr'>persona</span> <span class='ocrx_word' id='word_1_79' title='bbox 262 784 453 828; x_wconf 76' lang='lat' dir='ltr'>procedens</span> <span class='ocrx_word' id='word_1_80' title='bbox 470 795 487 815; x_wconf 89' lang='lat' dir='ltr'>a</span> <span class='ocrx_word' id='word_1_81' title='bbox 505 789 601 826; x_wconf 86' lang='lat' dir='ltr'>patre</span> <span class='ocrx_word' id='word_1_82' title='bbox 620 789 652 816; x_wconf 88' lang='lat' dir='ltr'>et</span> <span class='ocrx_word' id='word_1_83' title='bbox 670 782 761 822; x_wconf 86' lang='lat' dir='ltr'>filio,</span> <span class='ocrx_word' id='word_1_84' title='bbox 791 789 823 816; x_wconf 87' lang='lat' dir='ltr'>et</span> <span class='ocrx_word' id='word_1_85' title='bbox 848 783 890 815; x_wconf 88' lang='lat' dir='ltr'>sit</span> <span class='ocrx_word' id='word_1_86' title='bbox 909 782 1021 825; x_wconf 89' lang='lat' dir='ltr'>Deus,</span> <span class='ocrx_word' id='word_1_87' title='bbox 1049 790 1082 817; x_wconf 84' lang='lat' dir='ltr'>et</span> 
     </span>
     <span class='ocr_line' id='line_1_15' title="bbox 97 832 1081 878; baseline -0.002 -10"><span class='ocrx_word' id='word_1_88' title='bbox 97 843 188 869; x_wconf 87' lang='lat' dir='ltr'>recte</span> <span class='ocrx_word' id='word_1_89' title='bbox 208 835 363 868; x_wconf 87' lang='lat' dir='ltr'>damnati</span> <span class='ocrx_word' id='word_1_90' title='bbox 382 841 463 867; x_wconf 91' lang='lat' dir='ltr'>sunt</span> <span class='ocrx_word' id='word_1_91' title='bbox 481 832 681 867; x_wconf 88' lang='lat' dir='ltr'>Eunomius</span> <span class='ocrx_word' id='word_1_92' title='bbox 698 840 730 868; x_wconf 93' lang='lat' dir='ltr'>et</span> <span class='ocrx_word' id='word_1_93' title='bbox 748 833 827 874; x_wconf 89' lang='lat' dir='ltr'>alii,</span> <span class='ocrx_word' id='word_1_94' title='bbox 855 833 916 878; x_wconf 89' lang='lat' dir='ltr'>qui</span> <span class='ocrx_word' id='word_1_95' title='bbox 941 841 1081 867; x_wconf 90' lang='lat' dir='ltr'>contra-</span> 
     </span>
     <span class='ocr_line' id='line_1_16' title="bbox 95 884 1078 929; baseline -0.001 -11"><span class='ocrx_word' id='word_1_96' title='bbox 95 886 186 918; x_wconf 89' lang='lat' dir='ltr'>rium</span> <span class='ocrx_word' id='word_1_97' title='bbox 204 891 395 920; x_wconf 83' lang='lat' dir='ltr'>senserant.</span> <span class='ocrx_word' id='word_1_98' title='bbox 447 884 541 918; x_wconf 84' lang='lat' dir='ltr'>Sunt</span> <span class='ocrx_word' id='word_1_99' title='bbox 565 891 598 918; x_wconf 86' lang='lat' dir='ltr'>et</span> <span class='ocrx_word' id='word_1_100' title='bbox 620 884 762 928; x_wconf 90' lang='lat' dir='ltr'>politica</span> <span class='ocrx_word' id='word_1_101' title='bbox 788 885 957 929; x_wconf 78' lang='lat' dir='ltr'>quaedam</span> <span class='ocrx_word' id='word_1_102' title='bbox 984 885 1078 917; x_wconf 84' lang='lat' dir='ltr'>ordi-</span> 
     </span>
     <span class='ocr_line' id='line_1_17' title="bbox 94 934 1079 980; baseline 0.001 -12"><span class='ocrx_word' id='word_1_103' title='bbox 94 942 192 977; x_wconf 88' lang='lat' dir='ltr'>nata,</span> <span class='ocrx_word' id='word_1_104' title='bbox 238 948 283 968; x_wconf 90' lang='lat' dir='ltr'>ne</span> <span class='ocrx_word' id='word_1_105' title='bbox 307 934 473 980; x_wconf 86' lang='lat' dir='ltr'>Episcopi</span> <span class='ocrx_word' id='word_1_106' title='bbox 496 935 534 968; x_wconf 90' lang='lat' dir='ltr'>in</span> <span class='ocrx_word' id='word_1_107' title='bbox 558 936 681 969; x_wconf 86' lang='lat' dir='ltr'>alienis</span> <span class='ocrx_word' id='word_1_108' title='bbox 705 936 923 969; x_wconf 85' lang='lat' dir='ltr'>dioecesibus</span> <span class='ocrx_word' id='word_1_109' title='bbox 945 935 1079 980; x_wconf 90' lang='lat' dir='ltr'>aliquid</span> 
     </span>
     <span class='ocr_line' id='line_1_18' title="bbox 95 987 352 1021; baseline -0.004 0"><span class='ocrx_word' id='word_1_110' title='bbox 95 987 352 1021; x_wconf 76' lang='lat' dir='ltr'>administrent.</span> 
     </span>
    </p>

    <p class='ocr_par' dir='ltr' id='par_1_4' title="bbox 92 1035 1080 1429">
     <span class='ocr_line' id='line_1_19' title="bbox 198 1035 1080 1084; baseline 0 -13"><span class='ocrx_word' id='word_1_111' title='bbox 198 1035 304 1071; x_wconf 83' lang='lat' dir='ltr'>Anno</span> <span class='ocrx_word' id='word_1_112' title='bbox 322 1037 408 1071; x_wconf 81' lang='lat'>433.</span> <span class='ocrx_word' id='word_1_113' title='bbox 431 1035 611 1082; x_wconf 89' lang='lat' dir='ltr'>Ephesina</span> <span class='ocrx_word' id='word_1_114' title='bbox 634 1038 792 1084; x_wconf 87' lang='lat' dir='ltr'>synodus</span> <span class='ocrx_word' id='word_1_115' title='bbox 817 1044 1007 1071; x_wconf 85' lang='lat' dir='ltr'>convocata</span> <span class='ocrx_word' id='word_1_116' title='bbox 1031 1045 1080 1072; x_wconf 91' lang='lat' dir='ltr'>est</span> 
     </span>
     <span class='ocr_line' id='line_1_20' title="bbox 97 1087 1080 1134; baseline 0 -12"><span class='ocrx_word' id='word_1_117' title='bbox 97 1100 115 1122; x_wconf 82' lang='lat' dir='ltr'>a</span> <span class='ocrx_word' id='word_1_118' title='bbox 138 1088 277 1122; x_wconf 90' lang='lat' dir='ltr'>iuniore</span> <span class='ocrx_word' id='word_1_119' title='bbox 301 1087 526 1129; x_wconf 88' lang='lat' dir='ltr'>Theodosio,</span> <span class='ocrx_word' id='word_1_120' title='bbox 572 1090 609 1122; x_wconf 88' lang='lat' dir='ltr'>in</span> <span class='ocrx_word' id='word_1_121' title='bbox 642 1101 709 1134; x_wconf 90' lang='lat' dir='ltr'>qua</span> <span class='ocrx_word' id='word_1_122' title='bbox 740 1089 892 1133; x_wconf 82' lang='lat' dir='ltr'>praefuit</span> <span class='ocrx_word' id='word_1_123' title='bbox 923 1087 1080 1134; x_wconf 87' lang='lat' dir='ltr'>Cyrillus</span> 
     </span>
     <span class='ocr_line' id='line_1_21' title="bbox 93 1139 1078 1186; baseline 0.001 -14"><span class='ocrx_word' id='word_1_124' title='bbox 93 1140 368 1180; x_wconf 78' lang='lat' dir='ltr'>Alexandrinus,</span> <span class='ocrx_word' id='word_1_125' title='bbox 421 1139 516 1173; x_wconf 82' lang='lat' dir='ltr'>Haec</span> <span class='ocrx_word' id='word_1_126' title='bbox 531 1142 687 1186; x_wconf 84' lang='lat' dir='ltr'>synodus</span> <span class='ocrx_word' id='word_1_127' title='bbox 703 1147 794 1173; x_wconf 91' lang='lat' dir='ltr'>recte</span> <span class='ocrx_word' id='word_1_128' title='bbox 810 1140 991 1173; x_wconf 87' lang='lat' dir='ltr'>damnavit</span> <span class='ocrx_word' id='word_1_129' title='bbox 1007 1140 1078 1173; x_wconf 86' lang='lat' dir='ltr'>Ne·-</span> 
     </span>
     <span class='ocr_line' id='line_1_22' title="bbox 93 1189 1077 1236; baseline -0.001 -12"><span class='ocrx_word' id='word_1_130' title='bbox 93 1191 259 1231; x_wconf 83' lang='lat' dir='ltr'>storium,</span> <span class='ocrx_word' id='word_1_131' title='bbox 288 1191 346 1236; x_wconf 86' lang='lat' dir='ltr'>qui</span> <span class='ocrx_word' id='word_1_132' title='bbox 366 1192 512 1233; x_wconf 79' lang='lat' dir='ltr'>negabat</span> <span class='ocrx_word' id='word_1_133' title='bbox 532 1192 566 1224; x_wconf 91' lang='lat' dir='ltr'>in</span> <span class='ocrx_word' id='word_1_134' title='bbox 585 1189 727 1225; x_wconf 90' lang='lat' dir='ltr'>Christo</span> <span class='ocrx_word' id='word_1_135' title='bbox 745 1191 886 1224; x_wconf 89' lang='lat' dir='ltr'>unitum</span> <span class='ocrx_word' id='word_1_136' title='bbox 909 1202 981 1224; x_wconf 88' lang='lat' dir='ltr'>esse</span> <span class='ocrx_word' id='word_1_137' title='bbox 999 1203 1077 1224; x_wconf 83' lang='lat' dir='ltr'>ver-</span> 
     </span>
     <span class='ocr_line' id='line_1_23' title="bbox 92 1239 1076 1283; baseline 0 -9"><span class='ocrx_word' id='word_1_138' title='bbox 92 1242 176 1275; x_wconf 89' lang='lat' dir='ltr'>bum</span> <span class='ocrx_word' id='word_1_139' title='bbox 204 1239 378 1274; x_wconf 91' lang='lat' dir='ltr'>humanae</span> <span class='ocrx_word' id='word_1_140' title='bbox 408 1249 553 1275; x_wconf 90' lang='lat' dir='ltr'>naturae</span> <span class='ocrx_word' id='word_1_141' title='bbox 579 1243 801 1275; x_wconf 76' lang='lat' dir='ltr'>substantiali</span> <span class='ocrx_word' id='word_1_142' title='bbox 831 1243 984 1283; x_wconf 89' lang='lat' dir='ltr'>unione,</span> <span class='ocrx_word' id='word_1_143' title='bbox 1019 1243 1076 1275; x_wconf 88' lang='lat' dir='ltr'>sed</span> 
     </span>
     <span class='ocr_line' id='line_1_24' title="bbox 92 1290 1076 1333; baseline -0.001 -7"><span class='ocrx_word' id='word_1_144' title='bbox 92 1299 228 1326; x_wconf 85' lang='lat' dir='ltr'>tantum</span> <span class='ocrx_word' id='word_1_145' title='bbox 255 1294 373 1325; x_wconf 83' lang='lat' dir='ltr'>adesse</span> <span class='ocrx_word' id='word_1_146' title='bbox 398 1294 543 1326; x_wconf 88' lang='lat' dir='ltr'>verbum</span> <span class='ocrx_word' id='word_1_147' title='bbox 558 1320 566 1333; x_wconf 91' lang='lat'>‚</span> <span class='ocrx_word' id='word_1_148' title='bbox 595 1300 626 1326; x_wconf 90' lang='lat' dir='ltr'>et</span> <span class='ocrx_word' id='word_1_149' title='bbox 649 1290 847 1326; x_wconf 90' lang='lat' dir='ltr'>inhabitare</span> <span class='ocrx_word' id='word_1_150' title='bbox 866 1293 902 1325; x_wconf 93' lang='lat' dir='ltr'>in</span> <span class='ocrx_word' id='word_1_151' title='bbox 924 1291 1076 1326; x_wconf 90' lang='lat' dir='ltr'>humana</span> 
     </span>
     <span class='ocr_line' id='line_1_25' title="bbox 92 1341 1077 1388; baseline 0 -12"><span class='ocrx_word' id='word_1_152' title='bbox 92 1350 217 1376; x_wconf 87' lang='lat' dir='ltr'>natura</span> <span class='ocrx_word' id='word_1_153' title='bbox 242 1344 337 1377; x_wconf 88' lang='lat' dir='ltr'>velut</span> <span class='ocrx_word' id='word_1_154' title='bbox 357 1341 529 1388; x_wconf 86' lang='lat' dir='ltr'>hospitem</span> <span class='ocrx_word' id='word_1_155' title='bbox 558 1344 594 1376; x_wconf 90' lang='lat' dir='ltr'>in</span> <span class='ocrx_word' id='word_1_156' title='bbox 622 1344 821 1386; x_wconf 89' lang='lat' dir='ltr'>domicilio,</span> <span class='ocrx_word' id='word_1_157' title='bbox 855 1350 893 1377; x_wconf 87' lang='lat' dir='ltr'>ut</span> <span class='ocrx_word' id='word_1_158' title='bbox 917 1344 967 1376; x_wconf 91' lang='lat' dir='ltr'>ibi</span> <span class='ocrx_word' id='word_1_159' title='bbox 991 1350 1077 1377; x_wconf 86' lang='lat' dir='ltr'>essct</span> 
     </span>
     <span class='ocr_line' id='line_1_26' title="bbox 93 1394 223 1429; baseline 0.008 -1"><span class='ocrx_word' id='word_1_160' title='bbox 93 1394 223 1429; x_wconf 81' lang='lat' dir='ltr'>efficax.</span> 
     </span>
    </p>

    <p class='ocr_par' dir='ltr' id='par_1_5' title="bbox 90 1444 1094 1937">
     <span class='ocr_line' id='line_1_27' title="bbox 180 1444 1074 1489; baseline 0.001 -12"><span class='ocrx_word' id='word_1_161' title='bbox 180 1444 276 1478; x_wconf 89' lang='lat' dir='ltr'>Haec</span> <span class='ocrx_word' id='word_1_162' title='bbox 292 1445 359 1479; x_wconf 83' lang='lat' dir='ltr'>fuit</span> <span class='ocrx_word' id='word_1_163' title='bbox 377 1445 493 1489; x_wconf 86' lang='lat' dir='ltr'>magni</span> <span class='ocrx_word' id='word_1_164' title='bbox 510 1446 680 1479; x_wconf 87' lang='lat' dir='ltr'>momenti</span> <span class='ocrx_word' id='word_1_165' title='bbox 706 1445 963 1480; x_wconf 86' lang='lat' dir='ltr'>controversia:</span> <span class='ocrx_word' id='word_1_166' title='bbox 993 1457 1074 1478; x_wconf 87' lang='lat' dir='ltr'>nam</span> 
     </span>
     <span class='ocr_line' id='line_1_28' title="bbox 92 1493 1076 1531; baseline 0.001 -3"><span class='ocrx_word' id='word_1_167' title='bbox 92 1495 128 1528; x_wconf 92' lang='lat' dir='ltr'>in</span> <span class='ocrx_word' id='word_1_168' title='bbox 145 1493 287 1529; x_wconf 88' lang='lat' dir='ltr'>Christo</span> <span class='ocrx_word' id='word_1_169' title='bbox 306 1508 386 1529; x_wconf 87' lang='lat' dir='ltr'>vere</span> <span class='ocrx_word' id='word_1_170' title='bbox 403 1504 433 1530; x_wconf 93' lang='lat' dir='ltr'>et</span> <span class='ocrx_word' id='word_1_171' title='bbox 452 1497 729 1530; x_wconf 80' lang='lat' dir='ltr'>substantialiter</span> <span class='ocrx_word' id='word_1_172' title='bbox 751 1497 870 1531; x_wconf 88' lang='lat' dir='ltr'>unitae</span> <span class='ocrx_word' id='word_1_173' title='bbox 886 1503 969 1531; x_wconf 87' lang='lat' dir='ltr'>sunt</span> <span class='ocrx_word' id='word_1_174' title='bbox 987 1498 1076 1529; x_wconf 90' lang='lat' dir='ltr'>duae</span> 
     </span>
     <span class='ocr_line' id='line_1_29' title="bbox 92 1546 1094 1581; baseline 0.001 -2"><span class='ocrx_word' id='word_1_175' title='bbox 92 1553 248 1581; x_wconf 84' lang='lat' dir='ltr'>naturae.</span> <span class='ocrx_word' id='word_1_176' title='bbox 283 1546 354 1580; x_wconf 86' lang='lat' dir='ltr'>Nec</span> <span class='ocrx_word' id='word_1_177' title='bbox 372 1560 492 1580; x_wconf 89' lang='lat' dir='ltr'>verum</span> <span class='ocrx_word' id='word_1_178' title='bbox 511 1555 559 1581; x_wconf 89' lang='lat' dir='ltr'>est</span> <span class='ocrx_word' id='word_1_179' title='bbox 578 1546 768 1581; x_wconf 84' lang='lat' dir='ltr'>humanam</span> <span class='ocrx_word' id='word_1_180' title='bbox 786 1555 947 1581; x_wconf 91' lang='lat' dir='ltr'>naturam</span> <span class='ocrx_word' id='word_1_181' title='bbox 965 1548 1094 1580; x_wconf 72' lang='lat' dir='ltr'>solam-</span> 
     </span>
     <span class='ocr_line' id='line_1_30' title="bbox 92 1595 1075 1637; baseline 0.001 -8"><span class='ocrx_word' id='word_1_182' title='bbox 92 1608 164 1630; x_wconf 87' lang='lat' dir='ltr'>esse</span> <span class='ocrx_word' id='word_1_183' title='bbox 182 1595 380 1637; x_wconf 78' lang='lat' dir='ltr'>Christum,</span> <span class='ocrx_word' id='word_1_184' title='bbox 414 1610 451 1630; x_wconf 88' lang='lat' dir='ltr'>ac</span> <span class='ocrx_word' id='word_1_185' title='bbox 469 1599 687 1631; x_wconf 81' lang='lat' dir='ltr'>domicilium</span> <span class='ocrx_word' id='word_1_186' title='bbox 705 1610 776 1631; x_wconf 89' lang='lat' dir='ltr'>esse</span> <span class='ocrx_word' id='word_1_187' title='bbox 793 1599 891 1631; x_wconf 86' lang='lat' dir='ltr'>verbi</span> <span class='ocrx_word' id='word_1_188' title='bbox 910 1599 1075 1632; x_wconf 85' lang='lat' dir='ltr'>assisten—</span> 
     </span>
     <span class='ocr_line' id='line_1_31' title="bbox 94 1646 1075 1693; baseline 0.002 -14"><span class='ocrx_word' id='word_1_189' title='bbox 94 1647 148 1680; x_wconf 89' lang='lat' dir='ltr'>tis.</span> <span class='ocrx_word' id='word_1_190' title='bbox 204 1646 290 1679; x_wconf 89' lang='lat' dir='ltr'>Inde</span> <span class='ocrx_word' id='word_1_191' title='bbox 313 1655 477 1681; x_wconf 85' lang='lat' dir='ltr'>urserunt</span> <span class='ocrx_word' id='word_1_192' title='bbox 506 1649 554 1692; x_wconf 92' lang='lat' dir='ltr'>pii</span> <span class='ocrx_word' id='word_1_193' title='bbox 580 1646 641 1681; x_wconf 86' lang='lat' dir='ltr'>has</span> <span class='ocrx_word' id='word_1_194' title='bbox 670 1650 800 1682; x_wconf 90' lang='lat' dir='ltr'>formas</span> <span class='ocrx_word' id='word_1_195' title='bbox 830 1649 998 1693; x_wconf 87' lang='lat' dir='ltr'>loquendi</span> <span class='ocrx_word' id='word_1_196' title='bbox 1033 1650 1075 1681; x_wconf 86' lang='lat' dir='ltr'>de</span> 
     </span>
     <span class='ocr_line' id='line_1_32' title="bbox 94 1697 1074 1743; baseline 0.002 -14"><span class='ocrx_word' id='word_1_197' title='bbox 94 1697 229 1730; x_wconf 86' lang='lat' dir='ltr'>unitate</span> <span class='ocrx_word' id='word_1_198' title='bbox 247 1709 432 1740; x_wconf 82' lang='lat' dir='ltr'>personae,</span> <span class='ocrx_word' id='word_1_199' title='bbox 460 1697 572 1732; x_wconf 83' lang='lat' dir='ltr'>Deum</span> <span class='ocrx_word' id='word_1_200' title='bbox 591 1711 662 1732; x_wconf 86' lang='lat' dir='ltr'>esse</span> <span class='ocrx_word' id='word_1_201' title='bbox 685 1706 826 1740; x_wconf 89' lang='lat' dir='ltr'>natum,</span> <span class='ocrx_word' id='word_1_202' title='bbox 853 1711 992 1743; x_wconf 88' lang='lat' dir='ltr'>passum</span> <span class='ocrx_word' id='word_1_203' title='bbox 1012 1707 1074 1735; x_wconf 86' lang='lat' dir='ltr'>ete.</span> 
     </span>
     <span class='ocr_line' id='line_1_33' title="bbox 91 1746 1075 1793; baseline 0 -11"><span class='ocrx_word' id='word_1_204' title='bbox 91 1746 169 1782; x_wconf 78' lang='lat' dir='ltr'>Etsi</span> <span class='ocrx_word' id='word_1_205' title='bbox 191 1755 306 1782; x_wconf 91' lang='lat' dir='ltr'>autem</span> <span class='ocrx_word' id='word_1_206' title='bbox 323 1748 504 1782; x_wconf 81' lang='lat' dir='ltr'>Nestorius</span> <span class='ocrx_word' id='word_1_207' title='bbox 528 1751 672 1793; x_wconf 84' lang='lat' dir='ltr'>negabat</span> <span class='ocrx_word' id='word_1_208' title='bbox 690 1762 725 1783; x_wconf 90' lang='lat' dir='ltr'>se</span> <span class='ocrx_word' id='word_1_209' title='bbox 748 1747 826 1783; x_wconf 83' lang='lat' dir='ltr'>cum</span> <span class='ocrx_word' id='word_1_210' title='bbox 848 1751 1075 1783; x_wconf 67' lang='lat' dir='ltr'>samosateno</span> 
     </span>
     <span class='ocr_line' id='line_1_34' title="bbox 92 1800 1076 1845; baseline 0.001 -12"><span class='ocrx_word' id='word_1_211' title='bbox 92 1800 235 1839; x_wconf 87' lang='lat' dir='ltr'>sentire,</span> <span class='ocrx_word' id='word_1_212' title='bbox 259 1806 373 1832; x_wconf 90' lang='lat' dir='ltr'>tamen</span> <span class='ocrx_word' id='word_1_213' title='bbox 392 1801 550 1843; x_wconf 89' lang='lat' dir='ltr'>suspicor</span> <span class='ocrx_word' id='word_1_214' title='bbox 569 1813 647 1834; x_wconf 90' lang='lat' dir='ltr'>eum</span> <span class='ocrx_word' id='word_1_215' title='bbox 667 1813 703 1834; x_wconf 92' lang='lat' dir='ltr'>re</span> <span class='ocrx_word' id='word_1_216' title='bbox 721 1802 793 1845; x_wconf 91' lang='lat' dir='ltr'>ipsa</span> <span class='ocrx_word' id='word_1_217' title='bbox 810 1801 901 1833; x_wconf 90' lang='lat' dir='ltr'>idem</span> <span class='ocrx_word' id='word_1_218' title='bbox 919 1801 1076 1842; x_wconf 88' lang='lat' dir='ltr'>sensisse,</span> 
     </span>
     <span class='ocr_line' id='line_1_35' title="bbox 92 1851 1074 1897; baseline 0.002 -15"><span class='ocrx_word' id='word_1_219' title='bbox 92 1851 152 1883; x_wconf 88' lang='lat' dir='ltr'>sed</span> <span class='ocrx_word' id='word_1_220' title='bbox 178 1851 214 1882; x_wconf 92' lang='lat' dir='ltr'>in</span> <span class='ocrx_word' id='word_1_221' title='bbox 236 1851 385 1893; x_wconf 86' lang='lat' dir='ltr'>speciem</span> <span class='ocrx_word' id='word_1_222' title='bbox 411 1852 512 1884; x_wconf 87' lang='lat' dir='ltr'>aliter</span> <span class='ocrx_word' id='word_1_223' title='bbox 537 1853 759 1897; x_wconf 88' lang='lat' dir='ltr'>proposuisse</span> <span class='ocrx_word' id='word_1_224' title='bbox 785 1859 882 1886; x_wconf 86' lang='lat' dir='ltr'>vetus</span> <span class='ocrx_word' id='word_1_225' title='bbox 909 1852 1074 1885; x_wconf 82' lang='lat' dir='ltr'>delirium</span> 
     </span>
     <span class='ocr_line' id='line_1_36' title="bbox 90 1901 449 1937; baseline 0.006 -3"><span class='ocrx_word' id='word_1_226' title='bbox 90 1901 284 1934; x_wconf 85' lang='lat' dir='ltr'>involueris</span> <span class='ocrx_word' id='word_1_227' title='bbox 308 1908 449 1937; x_wconf 87' lang='lat' dir='ltr'>tectum.</span> 
     </span>
    </p>

    <p class='ocr_par' dir='ltr' id='par_1_6' title="bbox 85 1950 1073 2394">
     <span class='ocr_line' id='line_1_37' title="bbox 171 1950 1072 2000; baseline 0.004 -16"><span class='ocrx_word' id='word_1_228' title='bbox 171 1950 277 1985; x_wconf 86' lang='lat' dir='ltr'>Anno</span> <span class='ocrx_word' id='word_1_229' title='bbox 290 1950 374 1987; x_wconf 74' lang='lat'>452.</span> <span class='ocrx_word' id='word_1_230' title='bbox 392 1951 690 1987; x_wconf 80' lang='lat' dir='ltr'>Chalcedonensis</span> <span class='ocrx_word' id='word_1_231' title='bbox 710 1954 865 2000; x_wconf 85' lang='lat' dir='ltr'>synodus</span> <span class='ocrx_word' id='word_1_232' title='bbox 883 1961 1072 1988; x_wconf 77' lang='lat' dir='ltr'>convocata</span> 
     </span>
     <span class='ocr_line' id='line_1_38' title="bbox 88 2002 1073 2050; baseline 0.002 -14"><span class='ocrx_word' id='word_1_233' title='bbox 88 2009 138 2036; x_wconf 87' lang='lat' dir='ltr'>est</span> <span class='ocrx_word' id='word_1_234' title='bbox 155 2015 173 2035; x_wconf 90' lang='lat' dir='ltr'>a</span> <span class='ocrx_word' id='word_1_235' title='bbox 192 2002 371 2036; x_wconf 82' lang='lat' dir='ltr'>Martiano</span> <span class='ocrx_word' id='word_1_236' title='bbox 396 2004 627 2048; x_wconf 83' lang='lat' dir='ltr'>Imperatore,</span> <span class='ocrx_word' id='word_1_237' title='bbox 663 2005 700 2038; x_wconf 94' lang='lat' dir='ltr'>in</span> <span class='ocrx_word' id='word_1_238' title='bbox 726 2017 794 2050; x_wconf 89' lang='lat' dir='ltr'>qua</span> <span class='ocrx_word' id='word_1_239' title='bbox 817 2012 908 2039; x_wconf 90' lang='lat' dir='ltr'>recte</span> <span class='ocrx_word' id='word_1_240' title='bbox 927 2006 1073 2038; x_wconf 83' lang='lat' dir='ltr'>damna-</span> 
     </span>
     <span class='ocr_line' id='line_1_39' title="bbox 88 2051 1073 2099; baseline 0.004 -13"><span class='ocrx_word' id='word_1_241' title='bbox 88 2061 143 2087; x_wconf 89' lang='lat' dir='ltr'>tus</span> <span class='ocrx_word' id='word_1_242' title='bbox 168 2060 216 2086; x_wconf 92' lang='lat' dir='ltr'>est</span> <span class='ocrx_word' id='word_1_243' title='bbox 236 2051 431 2099; x_wconf 84' lang='lat' dir='ltr'>Eutyches,</span> <span class='ocrx_word' id='word_1_244' title='bbox 466 2056 527 2099; x_wconf 88' lang='lat' dir='ltr'>qui</span> <span class='ocrx_word' id='word_1_245' title='bbox 547 2057 684 2098; x_wconf 79' lang='lat' dir='ltr'>negavit</span> <span class='ocrx_word' id='word_1_246' title='bbox 702 2056 806 2090; x_wconf 88' lang='lat' dir='ltr'>etiam</span> <span class='ocrx_word' id='word_1_247' title='bbox 825 2057 912 2089; x_wconf 88' lang='lat' dir='ltr'>duas</span> <span class='ocrx_word' id='word_1_248' title='bbox 931 2063 1073 2090; x_wconf 87' lang='lat' dir='ltr'>naturas</span> 
     </span>
     <span class='ocr_line' id='line_1_40' title="bbox 89 2101 1072 2150; baseline 0.004 -14"><span class='ocrx_word' id='word_1_249' title='bbox 89 2104 125 2136; x_wconf 88' lang='lat' dir='ltr'>in</span> <span class='ocrx_word' id='word_1_250' title='bbox 142 2101 303 2144; x_wconf 62' lang='lat' dir='ltr'>Christo,</span> <span class='ocrx_word' id='word_1_251' title='bbox 332 2117 370 2137; x_wconf 89' lang='lat' dir='ltr'>ac</span> <span class='ocrx_word' id='word_1_252' title='bbox 392 2108 574 2139; x_wconf 86' lang='lat' dir='ltr'>contendit</span> <span class='ocrx_word' id='word_1_253' title='bbox 591 2107 700 2150; x_wconf 83' lang='lat' dir='ltr'>ipsam</span> <span class='ocrx_word' id='word_1_254' title='bbox 720 2107 818 2140; x_wconf 75' lang='lat' dir='ltr'>verbi</span> <span class='ocrx_word' id='word_1_255' title='bbox 835 2115 997 2141; x_wconf 86' lang='lat' dir='ltr'>naturam</span> <span class='ocrx_word' id='word_1_256' title='bbox 1018 2108 1072 2140; x_wconf 88' lang='lat' dir='ltr'>di-</span> 
     </span>
     <span class='ocr_line' id='line_1_41' title="bbox 88 2155 1072 2202; baseline 0.005 -16"><span class='ocrx_word' id='word_1_257' title='bbox 88 2155 220 2188; x_wconf 89' lang='lat' dir='ltr'>vinitus</span> <span class='ocrx_word' id='word_1_258' title='bbox 246 2155 409 2196; x_wconf 86' lang='lat' dir='ltr'>missam,</span> <span class='ocrx_word' id='word_1_259' title='bbox 440 2158 567 2189; x_wconf 90' lang='lat' dir='ltr'>editam</span> <span class='ocrx_word' id='word_1_260' title='bbox 597 2170 668 2191; x_wconf 89' lang='lat' dir='ltr'>esse</span> <span class='ocrx_word' id='word_1_261' title='bbox 693 2171 754 2202; x_wconf 88' lang='lat' dir='ltr'>per</span> <span class='ocrx_word' id='word_1_262' title='bbox 779 2159 972 2201; x_wconf 85' lang='lat' dir='ltr'>virginem,</span> <span class='ocrx_word' id='word_1_263' title='bbox 1010 2171 1072 2192; x_wconf 89' lang='lat' dir='ltr'>nec</span> 
     </span>
     <span class='ocr_line' id='line_1_42' title="bbox 86 2206 1071 2243; baseline 0.004 -5"><span class='ocrx_word' id='word_1_264' title='bbox 86 2206 174 2239; x_wconf 89' lang='lat' dir='ltr'>duas</span> <span class='ocrx_word' id='word_1_265' title='bbox 195 2217 267 2238; x_wconf 87' lang='lat' dir='ltr'>esse</span> <span class='ocrx_word' id='word_1_266' title='bbox 295 2213 436 2240; x_wconf 81' lang='lat' dir='ltr'>naturas</span> <span class='ocrx_word' id='word_1_267' title='bbox 461 2207 588 2241; x_wconf 86' lang='lat' dir='ltr'>unitas.</span> <span class='ocrx_word' id='word_1_268' title='bbox 652 2208 803 2243; x_wconf 83' lang='lat' dir='ltr'>Videtur</span> <span class='ocrx_word' id='word_1_269' title='bbox 828 2217 862 2243; x_wconf 87' lang='lat' dir='ltr'>et</span> <span class='ocrx_word' id='word_1_270' title='bbox 887 2207 944 2242; x_wconf 91' lang='lat' dir='ltr'>hic</span> <span class='ocrx_word' id='word_1_271' title='bbox 967 2222 1071 2242; x_wconf 92' lang='lat' dir='ltr'>reno-</span> 
     </span>
     <span class='ocr_line' id='line_1_43' title="bbox 86 2257 1069 2297; baseline 0.006 -9"><span class='ocrx_word' id='word_1_272' title='bbox 86 2268 182 2290; x_wconf 87' lang='lat' dir='ltr'>vasse</span> <span class='ocrx_word' id='word_1_273' title='bbox 211 2257 376 2291; x_wconf 87' lang='lat' dir='ltr'>delirium</span> <span class='ocrx_word' id='word_1_274' title='bbox 407 2258 645 2297; x_wconf 86' lang='lat' dir='ltr'>Samosateni,</span> <span class='ocrx_word' id='word_1_275' title='bbox 691 2261 748 2293; x_wconf 88' lang='lat' dir='ltr'>sed</span> <span class='ocrx_word' id='word_1_276' title='bbox 784 2261 853 2293; x_wconf 92' lang='lat' dir='ltr'>alio</span> <span class='ocrx_word' id='word_1_277' title='bbox 884 2260 1069 2294; x_wconf 90' lang='lat' dir='ltr'>involucro</span> 
     </span>
     <span class='ocr_line' id='line_1_44' title="bbox 86 2308 1069 2357; baseline 0.005 -17"><span class='ocrx_word' id='word_1_278' title='bbox 86 2308 314 2352; x_wconf 87' lang='lat' dir='ltr'>propositum.</span> <span class='ocrx_word' id='word_1_279' title='bbox 391 2308 468 2343; x_wconf 85' lang='lat' dir='ltr'>Hoc</span> <span class='ocrx_word' id='word_1_280' title='bbox 514 2310 685 2344; x_wconf 89' lang='lat' dir='ltr'>iudicium</span> <span class='ocrx_word' id='word_1_281' title='bbox 743 2311 868 2357; x_wconf 92' lang='lat' dir='ltr'>synodi</span> <span class='ocrx_word' id='word_1_282' title='bbox 919 2311 1069 2345; x_wconf 88' lang='lat' dir='ltr'>laudan-</span> 
     </span>
     <span class='ocr_line' id='line_1_45' title="bbox 85 2360 263 2394; baseline 0.017 -4"><span class='ocrx_word' id='word_1_283' title='bbox 85 2360 166 2391; x_wconf 88' lang='lat' dir='ltr'>dum</span> <span class='ocrx_word' id='word_1_284' title='bbox 203 2366 263 2394; x_wconf 87' lang='lat' dir='ltr'>est.</span> 
     </span>
    </p>

    <p class='ocr_par' dir='ltr' id='par_1_7' title="bbox 80 2408 1068 2710">
     <span class='ocr_line' id='line_1_46' title="bbox 184 2408 1068 2447; baseline 0.006 -5"><span class='ocrx_word' id='word_1_285' title='bbox 184 2408 365 2444; x_wconf 83' lang='lat' dir='ltr'>Caeterum</span> <span class='ocrx_word' id='word_1_286' title='bbox 384 2419 565 2446; x_wconf 83' lang='lat' dir='ltr'>creverant</span> <span class='ocrx_word' id='word_1_287' title='bbox 583 2413 650 2446; x_wconf 87' lang='lat' dir='ltr'>iam</span> <span class='ocrx_word' id='word_1_288' title='bbox 668 2413 705 2445; x_wconf 89' lang='lat' dir='ltr'>in</span> <span class='ocrx_word' id='word_1_289' title='bbox 721 2410 875 2446; x_wconf 87' lang='lat' dir='ltr'>Ecclesia</span> <span class='ocrx_word' id='word_1_290' title='bbox 895 2410 1068 2447; x_wconf 84' lang='lat' dir='ltr'>humanae</span> 
     </span>
     <span class='ocr_line' id='line_1_47' title="bbox 86 2459 1067 2510; baseline 0.005 -18"><span class='ocrx_word' id='word_1_291' title='bbox 86 2459 300 2496; x_wconf 81' lang='lat' dir='ltr'>traditiones,</span> <span class='ocrx_word' id='word_1_292' title='bbox 354 2461 435 2496; x_wconf 87' lang='lat' dir='ltr'>ldeo</span> <span class='ocrx_word' id='word_1_293' title='bbox 468 2465 604 2510; x_wconf 83' lang='lat' dir='ltr'>aliquas</span> <span class='ocrx_word' id='word_1_294' title='bbox 637 2464 775 2497; x_wconf 82' lang='lat' dir='ltr'>addidit</span> <span class='ocrx_word' id='word_1_295' title='bbox 797 2461 882 2497; x_wconf 88' lang='lat' dir='ltr'>haec</span> <span class='ocrx_word' id='word_1_296' title='bbox 911 2466 1067 2509; x_wconf 88' lang='lat' dir='ltr'>synodus</span> 
     </span>
     <span class='ocr_line' id='line_1_48' title="bbox 85 2510 1065 2558; baseline 0.007 -17"><span class='ocrx_word' id='word_1_297' title='bbox 85 2510 227 2543; x_wconf 83' lang='lat' dir='ltr'>vitiosas</span> <span class='ocrx_word' id='word_1_298' title='bbox 251 2513 536 2555; x_wconf 83' lang='lat' dir='ltr'>constitutiones,</span> <span class='ocrx_word' id='word_1_299' title='bbox 570 2528 643 2549; x_wconf 90' lang='lat' dir='ltr'>non</span> <span class='ocrx_word' id='word_1_300' title='bbox 662 2517 705 2549; x_wconf 91' lang='lat' dir='ltr'>de</span> <span class='ocrx_word' id='word_1_301' title='bbox 729 2515 969 2558; x_wconf 84' lang='lat' dir='ltr'>dogmatibus,</span> <span class='ocrx_word' id='word_1_302' title='bbox 1006 2517 1065 2548; x_wconf 93' lang='lat' dir='ltr'>sed</span> 
     </span>
     <span class='ocr_line' id='line_1_49' title="bbox 83 2562 1064 2610; baseline 0.007 -17"><span class='ocrx_word' id='word_1_303' title='bbox 83 2562 126 2594; x_wconf 86' lang='lat' dir='ltr'>de</span> <span class='ocrx_word' id='word_1_304' title='bbox 145 2564 351 2596; x_wconf 87' lang='lat' dir='ltr'>ceremoniis</span> <span class='ocrx_word' id='word_1_305' title='bbox 369 2572 401 2598; x_wconf 87' lang='lat' dir='ltr'>et</span> <span class='ocrx_word' id='word_1_306' title='bbox 418 2567 570 2600; x_wconf 86' lang='lat' dir='ltr'>cultibus</span> <span class='ocrx_word' id='word_1_307' title='bbox 589 2575 682 2601; x_wconf 81' lang='lat' dir='ltr'>extra</span> <span class='ocrx_word' id='word_1_308' title='bbox 705 2566 933 2610; x_wconf 83' lang='lat' dir='ltr'>scripturam,</span> <span class='ocrx_word' id='word_1_309' title='bbox 963 2573 995 2600; x_wconf 92' lang='lat' dir='ltr'>et</span> <span class='ocrx_word' id='word_1_310' title='bbox 1013 2574 1064 2600; x_wconf 87' lang='lat' dir='ltr'>ta—</span> 
     </span>
     <span class='ocr_line' id='line_1_50' title="bbox 81 2611 1063 2659; baseline 0.007 -16"><span class='ocrx_word' id='word_1_311' title='bbox 81 2624 161 2644; x_wconf 90' lang='lat' dir='ltr'>men</span> <span class='ocrx_word' id='word_1_312' title='bbox 182 2611 296 2647; x_wconf 88' lang='lat' dir='ltr'>adhuc</span> <span class='ocrx_word' id='word_1_313' title='bbox 313 2623 392 2648; x_wconf 87' lang='lat' dir='ltr'>sunt</span> <span class='ocrx_word' id='word_1_314' title='bbox 411 2619 681 2652; x_wconf 84' lang='lat' dir='ltr'>verecundiores</span> <span class='ocrx_word' id='word_1_315' title='bbox 700 2615 764 2650; x_wconf 84' lang='lat' dir='ltr'>hae</span> <span class='ocrx_word' id='word_1_316' title='bbox 782 2617 1063 2659; x_wconf 86' lang='lat' dir='ltr'>constitutiones,</span> 
     </span>
     <span class='ocr_line' id='line_1_51' title="bbox 80 2665 552 2710; baseline 0.019 -15"><span class='ocrx_word' id='word_1_317' title='bbox 80 2674 184 2708; x_wconf 84' lang='lat' dir='ltr'>quam</span> <span class='ocrx_word' id='word_1_318' title='bbox 203 2665 292 2699; x_wconf 80' lang='lat' dir='ltr'>aliae</span> <span class='ocrx_word' id='word_1_319' title='bbox 308 2673 425 2710; x_wconf 83' lang='lat' dir='ltr'>postea</span> <span class='ocrx_word' id='word_1_320' title='bbox 441 2675 552 2706; x_wconf 85' lang='lat' dir='ltr'>natae.</span> 
     </span>
    </p>
   </div>
   <div class='ocr_carea' id='block_1_3' title="bbox 425 81 1952 126">
    <p class='ocr_par' dir='ltr' id='par_1_8' title="bbox 425 81 1952 126">
     <span class='ocr_line' id='line_1_52' title="bbox 425 81 1952 126; baseline 0.003 -5"><span class='ocrx_word' id='word_1_321' title='bbox 425 87 460 121; x_wconf 77' lang='lat'>2.</span> <span class='ocrx_word' id='word_1_322' title='bbox 487 83 850 121; x_wconf 84' lang='lat' dir='ltr'>COMMENTARII</span> <span class='ocrx_word' id='word_1_323' title='bbox 878 84 927 121; x_wconf 84' lang='lat' dir='ltr'>IN</span> <span class='ocrx_word' id='word_1_324' title='bbox 953 83 1108 121; x_wconf 85' lang='lat' dir='ltr'>EPIST.</span> <span class='ocrx_word' id='word_1_325' title='bbox 1134 82 1284 119; x_wconf 77' lang='lat' dir='ltr'><strong>PAULI</strong></span> <span class='ocrx_word' id='word_1_326' title='bbox 1311 81 1377 119; x_wconf 89' lang='lat' dir='ltr'>AD</span> <span class='ocrx_word' id='word_1_327' title='bbox 1406 81 1668 120; x_wconf 82' lang='lat' dir='ltr'>ROMANOS.</span> <span class='ocrx_word' id='word_1_328' title='bbox 1719 84 1824 124; x_wconf 87' lang='lat' dir='ltr'>CAP.</span> <span class='ocrx_word' id='word_1_329' title='bbox 1853 87 1952 126; x_wconf 87' lang='lat' dir='ltr'><strong>XIV.</strong></span> 
     </span>
    </p>
   </div>
   <div class='ocr_carea' id='block_1_4' title="bbox 608 2667 1089 2714">
    <p class='ocr_par' dir='ltr' id='par_1_9' title="bbox 608 2667 1089 2714">
     <span class='ocr_line' id='line_1_53' title="bbox 608 2667 1089 2714; baseline -0.004 -11"><span class='ocrx_word' id='word_1_330' title='bbox 608 2669 649 2703; x_wconf 88' lang='lat' dir='ltr'>ln</span> <span class='ocrx_word' id='word_1_331' title='bbox 671 2667 736 2703; x_wconf 89' lang='lat' dir='ltr'>hac</span> <span class='ocrx_word' id='word_1_332' title='bbox 755 2670 889 2714; x_wconf 90' lang='lat' dir='ltr'>synodo</span> <span class='ocrx_word' id='word_1_333' title='bbox 908 2669 1061 2713; x_wconf 90' lang='lat' dir='ltr'>primum</span> <span class='ocrx_word' id='word_1_334' title='bbox 1087 2699 1089 2701; x_wconf 87' lang='grc'><em>,</em></span> 
     </span>
    </p>
   </div>
   <div class='ocr_carea' id='block_1_5' title="bbox 2057 91 2130 126">
    <p class='ocr_par' dir='ltr' id='par_1_10' title="bbox 2057 91 2130 126">
     <span class='ocr_line' id='line_1_54' title="bbox 2057 91 2130 126; baseline 0 0"><span class='ocrx_word' id='word_1_335' title='bbox 2057 91 2130 126; x_wconf 80' lang='grc'>746</span> 
     </span>
    </p>
   </div>
   <div class='ocr_carea' id='block_1_6' title="bbox 1118 169 2128 2662">
    <p class='ocr_par' dir='ltr' id='par_1_11' title="bbox 1138 169 2128 417">
     <span class='ocr_line' id='line_1_55' title="bbox 1142 169 2128 218; baseline 0.007 -16"><span class='ocrx_word' id='word_1_336' title='bbox 1142 169 1230 203; x_wconf 88' lang='lat' dir='ltr'>facta</span> <span class='ocrx_word' id='word_1_337' title='bbox 1259 176 1309 204; x_wconf 88' lang='lat' dir='ltr'>est</span> <span class='ocrx_word' id='word_1_338' title='bbox 1332 169 1558 215; x_wconf 84' lang='lat' dir='ltr'>constitutio,</span> <span class='ocrx_word' id='word_1_339' title='bbox 1588 183 1677 216; x_wconf 90' lang='lat' dir='ltr'>quae</span> <span class='ocrx_word' id='word_1_340' title='bbox 1701 170 1865 216; x_wconf 86' lang='lat' dir='ltr'>prohibet</span> <span class='ocrx_word' id='word_1_341' title='bbox 1888 175 2028 218; x_wconf 89' lang='lat' dir='ltr'>nuptias</span> <span class='ocrx_word' id='word_1_342' title='bbox 2050 187 2128 209; x_wconf 88' lang='lat' dir='ltr'>mo-</span> 
     </span>
     <span class='ocr_line' id='line_1_56' title="bbox 1142 218 2126 268; baseline 0.009 -16"><span class='ocrx_word' id='word_1_343' title='bbox 1142 218 1263 253; x_wconf 87' lang='lat' dir='ltr'>nachis</span> <span class='ocrx_word' id='word_1_344' title='bbox 1289 228 1322 255; x_wconf 90' lang='lat' dir='ltr'>et</span> <span class='ocrx_word' id='word_1_345' title='bbox 1346 221 1559 265; x_wconf 84' lang='lat' dir='ltr'>virginibus,</span> <span class='ocrx_word' id='word_1_346' title='bbox 1588 235 1676 267; x_wconf 87' lang='lat' dir='ltr'>quae</span> <span class='ocrx_word' id='word_1_347' title='bbox 1699 231 1778 257; x_wconf 90' lang='lat' dir='ltr'>vota</span> <span class='ocrx_word' id='word_1_348' title='bbox 1803 225 1984 268; x_wconf 83' lang='lat' dir='ltr'>fecerunt,</span> <span class='ocrx_word' id='word_1_349' title='bbox 2011 233 2045 260; x_wconf 84' lang='lat' dir='ltr'>et</span> <span class='ocrx_word' id='word_1_350' title='bbox 2067 238 2126 260; x_wconf 84' lang='lat' dir='ltr'>ex-</span> 
     </span>
     <span class='ocr_line' id='line_1_57' title="bbox 1140 271 2128 322; baseline 0.008 -19"><span class='ocrx_word' id='word_1_351' title='bbox 1140 271 1376 306; x_wconf 89' lang='lat' dir='ltr'>communicat</span> <span class='ocrx_word' id='word_1_352' title='bbox 1400 273 1484 305; x_wconf 87' lang='lat' dir='ltr'>tales</span> <span class='ocrx_word' id='word_1_353' title='bbox 1509 271 1754 307; x_wconf 80' lang='lat' dir='ltr'>contrahentes</span> <span class='ocrx_word' id='word_1_354' title='bbox 1781 277 1975 318; x_wconf 86' lang='lat' dir='ltr'>connubia,</span> <span class='ocrx_word' id='word_1_355' title='bbox 2015 289 2128 322; x_wconf 86' lang='lat' dir='ltr'>quan-</span> 
     </span>
     <span class='ocr_line' id='line_1_58' title="bbox 1139 323 2128 370; baseline 0.009 -17"><span class='ocrx_word' id='word_1_356' title='bbox 1139 333 1244 366; x_wconf 85' lang='lat' dir='ltr'>quam</span> <span class='ocrx_word' id='word_1_357' title='bbox 1273 323 1370 356; x_wconf 85' lang='lat' dir='ltr'>addit</span> <span class='ocrx_word' id='word_1_358' title='bbox 1395 323 1670 366; x_wconf 87' lang='lat' dir='ltr'>mitigationem,</span> <span class='ocrx_word' id='word_1_359' title='bbox 1707 338 1807 370; x_wconf 90' lang='lat' dir='ltr'>posse</span> <span class='ocrx_word' id='word_1_360' title='bbox 1834 335 1866 362; x_wconf 87' lang='lat' dir='ltr'>et</span> <span class='ocrx_word' id='word_1_361' title='bbox 1890 325 1957 362; x_wconf 89' lang='lat' dir='ltr'>hoc</span> <span class='ocrx_word' id='word_1_362' title='bbox 1981 328 2128 362; x_wconf 86' lang='lat' dir='ltr'>concedi</span> 
     </span>
     <span class='ocr_line' id='line_1_59' title="bbox 1138 372 1476 417; baseline 0.003 -12"><span class='ocrx_word' id='word_1_363' title='bbox 1138 372 1270 406; x_wconf 86' lang='lat' dir='ltr'>iudicio</span> <span class='ocrx_word' id='word_1_364' title='bbox 1297 372 1476 417; x_wconf 82' lang='lat' dir='ltr'>Episcopi.</span> 
     </span>
    </p>

    <p class='ocr_par' dir='ltr' id='par_1_12' title="bbox 1134 422 2127 816">
     <span class='ocr_line' id='line_1_60' title="bbox 1239 422 2127 469; baseline 0.009 -14"><span class='ocrx_word' id='word_1_365' title='bbox 1239 422 1370 456; x_wconf 70' lang='lat' dir='ltr'>Verum</span> <span class='ocrx_word' id='word_1_366' title='bbox 1390 424 1499 458; x_wconf 85' lang='lat' dir='ltr'>multa</span> <span class='ocrx_word' id='word_1_367' title='bbox 1517 425 1661 469; x_wconf 87' lang='lat' dir='ltr'>politica</span> <span class='ocrx_word' id='word_1_368' title='bbox 1678 425 1812 460; x_wconf 86' lang='lat' dir='ltr'>utiliter</span> <span class='ocrx_word' id='word_1_369' title='bbox 1830 434 1913 462; x_wconf 88' lang='lat' dir='ltr'>tunc</span> <span class='ocrx_word' id='word_1_370' title='bbox 1936 429 2127 463; x_wconf 79' lang='lat' dir='ltr'>constituta</span> 
     </span>
     <span class='ocr_line' id='line_1_61' title="bbox 1137 474 2126 520; baseline 0.007 -13"><span class='ocrx_word' id='word_1_371' title='bbox 1137 480 1238 515; x_wconf 88' lang='lat' dir='ltr'>sunt,</span> <span class='ocrx_word' id='word_1_372' title='bbox 1264 486 1308 507; x_wconf 87' lang='lat' dir='ltr'>ne</span> <span class='ocrx_word' id='word_1_373' title='bbox 1324 474 1487 518; x_wconf 86' lang='lat' dir='ltr'>Episcopi</span> <span class='ocrx_word' id='word_1_374' title='bbox 1506 476 1570 520; x_wconf 90' lang='lat' dir='ltr'>ipsi</span> <span class='ocrx_word' id='word_1_375' title='bbox 1597 483 1755 511; x_wconf 84' lang='lat' dir='ltr'>tenerent</span> <span class='ocrx_word' id='word_1_376' title='bbox 1779 480 2126 514; x_wconf 83' lang='lat' dir='ltr'>administrationem</span> 
     </span>
     <span class='ocr_line' id='line_1_62' title="bbox 1137 525 2126 568; baseline 0.008 -11"><span class='ocrx_word' id='word_1_377' title='bbox 1137 525 1343 558; x_wconf 87' lang='lat' dir='ltr'>facultatum</span> <span class='ocrx_word' id='word_1_378' title='bbox 1370 526 1699 568; x_wconf 88' lang='lat' dir='ltr'>ecclesiasticarum,</span> <span class='ocrx_word' id='word_1_379' title='bbox 1729 529 1787 561; x_wconf 89' lang='lat' dir='ltr'>sed</span> <span class='ocrx_word' id='word_1_380' title='bbox 1811 536 1850 563; x_wconf 86' lang='lat' dir='ltr'>ut</span> <span class='ocrx_word' id='word_1_381' title='bbox 1866 529 2040 564; x_wconf 78' lang='lat' dir='ltr'>Ecclesiae</span> <span class='ocrx_word' id='word_1_382' title='bbox 2061 529 2126 564; x_wconf 90' lang='lat' dir='ltr'>ha-</span> 
     </span>
     <span class='ocr_line' id='line_1_63' title="bbox 1137 575 2125 622; baseline 0.007 -14"><span class='ocrx_word' id='word_1_383' title='bbox 1137 576 1260 609; x_wconf 88' lang='lat' dir='ltr'>berent</span> <span class='ocrx_word' id='word_1_384' title='bbox 1285 575 1528 610; x_wconf 90' lang='lat' dir='ltr'>Oeconomos:</span> <span class='ocrx_word' id='word_1_385' title='bbox 1556 590 1600 610; x_wconf 87' lang='lat' dir='ltr'>ne</span> <span class='ocrx_word' id='word_1_386' title='bbox 1624 579 1703 622; x_wconf 89' lang='lat' dir='ltr'>quis</span> <span class='ocrx_word' id='word_1_387' title='bbox 1730 579 1829 622; x_wconf 89' lang='lat' dir='ltr'>plura</span> <span class='ocrx_word' id='word_1_388' title='bbox 1853 581 2047 615; x_wconf 82' lang='lat' dir='ltr'>ministeria</span> <span class='ocrx_word' id='word_1_389' title='bbox 2073 589 2125 615; x_wconf 87' lang='lat' dir='ltr'>te·</span> 
     </span>
     <span class='ocr_line' id='line_1_64' title="bbox 1136 627 2124 673; baseline 0.007 -14"><span class='ocrx_word' id='word_1_390' title='bbox 1136 634 1254 661; x_wconf 78' lang='lat' dir='ltr'>neret:</span> <span class='ocrx_word' id='word_1_391' title='bbox 1290 627 1393 666; x_wconf 87' lang='lat' dir='ltr'>item,</span> <span class='ocrx_word' id='word_1_392' title='bbox 1420 640 1464 660; x_wconf 91' lang='lat' dir='ltr'>ne</span> <span class='ocrx_word' id='word_1_393' title='bbox 1487 628 1565 673; x_wconf 88' lang='lat' dir='ltr'>quis</span> <span class='ocrx_word' id='word_1_394' title='bbox 1581 628 1656 661; x_wconf 89' lang='lat' dir='ltr'>sine</span> <span class='ocrx_word' id='word_1_395' title='bbox 1674 631 1869 664; x_wconf 87' lang='lat' dir='ltr'>ministerio</span> <span class='ocrx_word' id='word_1_396' title='bbox 1888 632 2124 667; x_wconf 85' lang='lat' dir='ltr'>ordinaretur.</span> 
     </span>
     <span class='ocr_line' id='line_1_65' title="bbox 1136 678 2125 728; baseline 0.006 -18"><span class='ocrx_word' id='word_1_397' title='bbox 1136 679 1224 711; x_wconf 88' lang='lat' dir='ltr'>Item</span> <span class='ocrx_word' id='word_1_398' title='bbox 1241 678 1334 711; x_wconf 87' lang='lat' dir='ltr'>utin</span> <span class='ocrx_word' id='word_1_399' title='bbox 1358 679 1506 721; x_wconf 88' lang='lat' dir='ltr'>singulis</span> <span class='ocrx_word' id='word_1_400' title='bbox 1531 679 1725 723; x_wconf 86' lang='lat' dir='ltr'>provinciis</span> <span class='ocrx_word' id='word_1_401' title='bbox 1743 679 1911 728; x_wconf 78' lang='lat' dir='ltr'>Episcopi</span> <span class='ocrx_word' id='word_1_402' title='bbox 1935 683 2125 727; x_wconf 83' lang='lat' dir='ltr'>quotannis</span> 
     </span>
     <span class='ocr_line' id='line_1_66' title="bbox 1136 728 2125 778; baseline 0.007 -17"><span class='ocrx_word' id='word_1_403' title='bbox 1136 731 1368 770; x_wconf 73' lang='lat' dir='ltr'>conveniant,</span> <span class='ocrx_word' id='word_1_404' title='bbox 1405 737 1436 763; x_wconf 88' lang='lat' dir='ltr'>et</span> <span class='ocrx_word' id='word_1_405' title='bbox 1462 731 1615 775; x_wconf 89' lang='lat' dir='ltr'>synodos</span> <span class='ocrx_word' id='word_1_406' title='bbox 1640 728 1792 766; x_wconf 80' lang='lat' dir='ltr'>habeant</span> <span class='ocrx_word' id='word_1_407' title='bbox 1814 734 1856 766; x_wconf 86' lang='lat' dir='ltr'>de</span> <span class='ocrx_word' id='word_1_408' title='bbox 1881 734 2125 778; x_wconf 84' lang='lat' dir='ltr'>praesentibus</span> 
     </span>
     <span class='ocr_line' id='line_1_67' title="bbox 1134 778 1597 816; baseline 0.002 -2"><span class='ocrx_word' id='word_1_409' title='bbox 1134 778 1311 814; x_wconf 85' lang='lat' dir='ltr'>Ecclesiae</span> <span class='ocrx_word' id='word_1_410' title='bbox 1336 781 1597 816; x_wconf 86' lang='lat' dir='ltr'>controversiis.</span> 
     </span>
    </p>

    <p class='ocr_par' dir='ltr' id='par_1_13' title="bbox 1134 830 2124 1020">
     <span class='ocr_line' id='line_1_68' title="bbox 1237 830 2124 878; baseline 0.005 -14"><span class='ocrx_word' id='word_1_411' title='bbox 1237 830 1333 864; x_wconf 86' lang='lat' dir='ltr'>Haec</span> <span class='ocrx_word' id='word_1_412' title='bbox 1365 831 1465 866; x_wconf 89' lang='lat' dir='ltr'>utilia</span> <span class='ocrx_word' id='word_1_413' title='bbox 1503 833 1641 865; x_wconf 86' lang='lat' dir='ltr'>decreta</span> <span class='ocrx_word' id='word_1_414' title='bbox 1676 834 1894 878; x_wconf 88' lang='lat' dir='ltr'>synodorum</span> <span class='ocrx_word' id='word_1_415' title='bbox 1930 835 2124 868; x_wconf 86' lang='lat' dir='ltr'>adversarii</span> 
     </span>
     <span class='ocr_line' id='line_1_69' title="bbox 1134 881 2123 929; baseline 0.006 -15"><span class='ocrx_word' id='word_1_416' title='bbox 1134 881 1378 924; x_wconf 85' lang='lat' dir='ltr'>dissimulant,</span> <span class='ocrx_word' id='word_1_417' title='bbox 1406 895 1445 916; x_wconf 90' lang='lat' dir='ltr'>ac</span> <span class='ocrx_word' id='word_1_418' title='bbox 1462 883 1602 916; x_wconf 90' lang='lat' dir='ltr'>interim</span> <span class='ocrx_word' id='word_1_419' title='bbox 1622 883 1688 916; x_wconf 72' lang='lat' dir='ltr'>alia</span> <span class='ocrx_word' id='word_1_420' title='bbox 1707 885 1838 918; x_wconf 84' lang='lat' dir='ltr'>leviora</span> <span class='ocrx_word' id='word_1_421' title='bbox 1857 886 2055 929; x_wconf 86' lang='lat' dir='ltr'>proferunt,</span> <span class='ocrx_word' id='word_1_422' title='bbox 2083 893 2123 920; x_wconf 86' lang='lat' dir='ltr'>ut</span> 
     </span>
     <span class='ocr_line' id='line_1_70' title="bbox 1134 933 2122 979; baseline 0.007 -15"><span class='ocrx_word' id='word_1_423' title='bbox 1134 933 1324 967; x_wconf 74' lang='lat' dir='ltr'>videantur</span> <span class='ocrx_word' id='word_1_424' title='bbox 1346 934 1451 968; x_wconf 90' lang='lat' dir='ltr'>nobis</span> <span class='ocrx_word' id='word_1_425' title='bbox 1475 946 1654 979; x_wconf 89' lang='lat' dir='ltr'>opponere</span> <span class='ocrx_word' id='word_1_426' title='bbox 1678 936 1805 970; x_wconf 82' lang='lat' dir='ltr'>veteris</span> <span class='ocrx_word' id='word_1_427' title='bbox 1821 936 1998 970; x_wconf 83' lang='lat' dir='ltr'>Ecclesiae</span> <span class='ocrx_word' id='word_1_428' title='bbox 2020 943 2122 971; x_wconf 88' lang='lat' dir='ltr'>auto—</span> 
     </span>
     <span class='ocr_line' id='line_1_71' title="bbox 1134 991 1285 1020; baseline 0 -4"><span class='ocrx_word' id='word_1_429' title='bbox 1134 991 1285 1020; x_wconf 79' lang='lat' dir='ltr'>ritatem.</span> 
     </span>
    </p>

    <p class='ocr_par' dir='ltr' id='par_1_14' title="bbox 1129 1035 2121 1589">
     <span class='ocr_line' id='line_1_72' title="bbox 1236 1035 2118 1082; baseline 0.005 -14"><span class='ocrx_word' id='word_1_430' title='bbox 1236 1035 1395 1070; x_wconf 83' lang='lat' dir='ltr'>Fuerunt</span> <span class='ocrx_word' id='word_1_431' title='bbox 1412 1035 1554 1070; x_wconf 87' lang='lat' dir='ltr'>interim</span> <span class='ocrx_word' id='word_1_432' title='bbox 1573 1042 1605 1070; x_wconf 89' lang='lat' dir='ltr'>et</span> <span class='ocrx_word' id='word_1_433' title='bbox 1623 1036 1712 1069; x_wconf 89' lang='lat' dir='ltr'>aliae</span> <span class='ocrx_word' id='word_1_434' title='bbox 1729 1037 1873 1082; x_wconf 88' lang='lat' dir='ltr'>synodi,</span> <span class='ocrx_word' id='word_1_435' title='bbox 1897 1050 1956 1072; x_wconf 90' lang='lat' dir='ltr'>seu</span> <span class='ocrx_word' id='word_1_436' title='bbox 1975 1038 2118 1082; x_wconf 88' lang='lat' dir='ltr'>provin-</span> 
     </span>
     <span class='ocr_line' id='line_1_73' title="bbox 1133 1086 2121 1132; baseline 0.006 -14"><span class='ocrx_word' id='word_1_437' title='bbox 1133 1086 1237 1119; x_wconf 87' lang='lat' dir='ltr'>ciales</span> <span class='ocrx_word' id='word_1_438' title='bbox 1258 1099 1318 1120; x_wconf 87' lang='lat' dir='ltr'>seu</span> <span class='ocrx_word' id='word_1_439' title='bbox 1341 1088 1617 1132; x_wconf 83' lang='lat' dir='ltr'>frequentiores,</span> <span class='ocrx_word' id='word_1_440' title='bbox 1652 1088 1688 1120; x_wconf 92' lang='lat' dir='ltr'>in</span> <span class='ocrx_word' id='word_1_441' title='bbox 1715 1089 1843 1132; x_wconf 89' lang='lat' dir='ltr'>quibus</span> <span class='ocrx_word' id='word_1_442' title='bbox 1877 1096 2121 1124; x_wconf 85' lang='lat' dir='ltr'>convenerunt</span> 
     </span>
     <span class='ocr_line' id='line_1_74' title="bbox 1132 1136 2121 1186; baseline 0.003 -16"><span class='ocrx_word' id='word_1_443' title='bbox 1132 1138 1328 1171; x_wconf 89' lang='lat' dir='ltr'>vicinarum</span> <span class='ocrx_word' id='word_1_444' title='bbox 1347 1139 1609 1181; x_wconf 87' lang='lat' dir='ltr'>provinciarum</span> <span class='ocrx_word' id='word_1_445' title='bbox 1627 1136 1805 1182; x_wconf 85' lang='lat' dir='ltr'>Episcopi.</span> <span class='ocrx_word' id='word_1_446' title='bbox 1834 1139 1933 1173; x_wconf 85' lang='lat' dir='ltr'>Talis</span> <span class='ocrx_word' id='word_1_447' title='bbox 1954 1140 2020 1174; x_wconf 85' lang='lat' dir='ltr'>suit</span> <span class='ocrx_word' id='word_1_448' title='bbox 2038 1152 2121 1186; x_wconf 90' lang='lat' dir='ltr'>syn-</span> 
     </span>
     <span class='ocr_line' id='line_1_75' title="bbox 1131 1187 2121 1230; baseline 0.004 -9"><span class='ocrx_word' id='word_1_449' title='bbox 1131 1190 1219 1221; x_wconf 87' lang='lat' dir='ltr'>odus</span> <span class='ocrx_word' id='word_1_450' title='bbox 1253 1187 1478 1222; x_wconf 82' lang='lat' dir='ltr'>Antiocbena</span> <span class='ocrx_word' id='word_1_451' title='bbox 1512 1196 1593 1222; x_wconf 88' lang='lat' dir='ltr'>ante</span> <span class='ocrx_word' id='word_1_452' title='bbox 1618 1188 1805 1230; x_wconf 85' lang='lat' dir='ltr'>Nicenam,</span> <span class='ocrx_word' id='word_1_453' title='bbox 1842 1198 2030 1225; x_wconf 82' lang='lat' dir='ltr'>convocata</span> <span class='ocrx_word' id='word_1_454' title='bbox 2058 1193 2121 1225; x_wconf 86' lang='lat' dir='ltr'>ad-</span> 
     </span>
     <span class='ocr_line' id='line_1_76' title="bbox 1131 1239 2121 1284; baseline 0.005 -13"><span class='ocrx_word' id='word_1_455' title='bbox 1131 1250 1251 1271; x_wconf 75' lang='lat' dir='ltr'>versus</span> <span class='ocrx_word' id='word_1_456' title='bbox 1269 1239 1556 1280; x_wconf 86' lang='lat' dir='ltr'>Samosatenum,</span> <span class='ocrx_word' id='word_1_457' title='bbox 1584 1252 1672 1284; x_wconf 91' lang='lat' dir='ltr'>quae</span> <span class='ocrx_word' id='word_1_458' title='bbox 1698 1241 1754 1284; x_wconf 88' lang='lat' dir='ltr'>pie</span> <span class='ocrx_word' id='word_1_459' title='bbox 1777 1248 1809 1274; x_wconf 87' lang='lat' dir='ltr'>et</span> <span class='ocrx_word' id='word_1_460' title='bbox 1826 1250 1917 1275; x_wconf 87' lang='lat' dir='ltr'>recte</span> <span class='ocrx_word' id='word_1_461' title='bbox 1939 1243 2121 1277; x_wconf 83' lang='lat' dir='ltr'>damnavit</span> 
     </span>
     <span class='ocr_line' id='line_1_77' title="bbox 1131 1289 2120 1338; baseline 0.004 -15"><span class='ocrx_word' id='word_1_462' title='bbox 1131 1289 1351 1323; x_wconf 79' lang='lat' dir='ltr'>samosateni</span> <span class='ocrx_word' id='word_1_463' title='bbox 1368 1291 1598 1335; x_wconf 86' lang='lat' dir='ltr'>impietatem.</span> <span class='ocrx_word' id='word_1_464' title='bbox 1650 1290 1749 1323; x_wconf 85' lang='lat' dir='ltr'>Talis</span> <span class='ocrx_word' id='word_1_465' title='bbox 1768 1291 1851 1324; x_wconf 86' lang='lat' dir='ltr'>item</span> <span class='ocrx_word' id='word_1_466' title='bbox 1874 1293 1940 1326; x_wconf 87' lang='lat' dir='ltr'>suit</span> <span class='ocrx_word' id='word_1_467' title='bbox 1964 1294 2120 1338; x_wconf 88' lang='lat' dir='ltr'>synodus</span> 
     </span>
     <span class='ocr_line' id='line_1_78' title="bbox 1131 1339 2118 1388; baseline 0.004 -14"><span class='ocrx_word' id='word_1_468' title='bbox 1131 1339 1349 1384; x_wconf 83' lang='lat' dir='ltr'>Gangrensis</span> <span class='ocrx_word' id='word_1_469' title='bbox 1368 1342 1405 1374; x_wconf 91' lang='lat' dir='ltr'>in</span> <span class='ocrx_word' id='word_1_470' title='bbox 1423 1340 1562 1375; x_wconf 85' lang='lat' dir='ltr'>Galatia</span> <span class='ocrx_word' id='word_1_471' title='bbox 1580 1348 1678 1374; x_wconf 89' lang='lat' dir='ltr'>vetus</span> <span class='ocrx_word' id='word_1_472' title='bbox 1696 1349 1727 1375; x_wconf 91' lang='lat' dir='ltr'>et</span> <span class='ocrx_word' id='word_1_473' title='bbox 1744 1354 1848 1386; x_wconf 87' lang='lat' dir='ltr'>pura,</span> <span class='ocrx_word' id='word_1_474' title='bbox 1865 1341 1969 1376; x_wconf 89' lang='lat' dir='ltr'>habet</span> <span class='ocrx_word' id='word_1_475' title='bbox 1985 1344 2118 1388; x_wconf 85' lang='lat' dir='ltr'>optima</span> 
     </span>
     <span class='ocr_line' id='line_1_79' title="bbox 1130 1392 2120 1437; baseline 0.005 -13"><span class='ocrx_word' id='word_1_476' title='bbox 1130 1393 1266 1425; x_wconf 87' lang='lat' dir='ltr'>decreta</span> <span class='ocrx_word' id='word_1_477' title='bbox 1285 1400 1406 1426; x_wconf 87' lang='lat' dir='ltr'>contra</span> <span class='ocrx_word' id='word_1_478' title='bbox 1424 1392 1692 1437; x_wconf 89' lang='lat' dir='ltr'>superstitiones</span> <span class='ocrx_word' id='word_1_479' title='bbox 1708 1394 1750 1425; x_wconf 89' lang='lat' dir='ltr'>de</span> <span class='ocrx_word' id='word_1_480' title='bbox 1768 1394 1942 1437; x_wconf 83' lang='lat' dir='ltr'>coniugio,</span> <span class='ocrx_word' id='word_1_481' title='bbox 1960 1395 2002 1428; x_wconf 89' lang='lat' dir='ltr'>de</span> <span class='ocrx_word' id='word_1_482' title='bbox 2020 1395 2120 1436; x_wconf 72' lang='lat' dir='ltr'>ethis,</span> 
     </span>
     <span class='ocr_line' id='line_1_80' title="bbox 1130 1441 2119 1491; baseline 0.004 -16"><span class='ocrx_word' id='word_1_483' title='bbox 1130 1444 1172 1476; x_wconf 91' lang='lat' dir='ltr'>de</span> <span class='ocrx_word' id='word_1_484' title='bbox 1198 1442 1423 1478; x_wconf 88' lang='lat' dir='ltr'>monachatu.</span> <span class='ocrx_word' id='word_1_485' title='bbox 1477 1442 1523 1477; x_wconf 86' lang='lat' dir='ltr'>Et</span> <span class='ocrx_word' id='word_1_486' title='bbox 1548 1450 1691 1488; x_wconf 83' lang='lat' dir='ltr'>apparet</span> <span class='ocrx_word' id='word_1_487' title='bbox 1721 1441 1810 1477; x_wconf 88' lang='lat' dir='ltr'>hanc</span> <span class='ocrx_word' id='word_1_488' title='bbox 1834 1447 2008 1491; x_wconf 87' lang='lat' dir='ltr'>synodum</span> <span class='ocrx_word' id='word_1_489' title='bbox 2034 1458 2119 1479; x_wconf 80' lang='lat' dir='ltr'>con-</span> 
     </span>
     <span class='ocr_line' id='line_1_81' title="bbox 1129 1494 2120 1538; baseline 0.005 -12"><span class='ocrx_word' id='word_1_490' title='bbox 1129 1494 1264 1527; x_wconf 86' lang='lat' dir='ltr'>venisse</span> <span class='ocrx_word' id='word_1_491' title='bbox 1282 1503 1425 1538; x_wconf 90' lang='lat' dir='ltr'>propter</span> <span class='ocrx_word' id='word_1_492' title='bbox 1443 1494 1676 1535; x_wconf 85' lang='lat' dir='ltr'>Montanum,</span> <span class='ocrx_word' id='word_1_493' title='bbox 1705 1494 1947 1536; x_wconf 82' lang='lat' dir='ltr'>Marcionem,</span> <span class='ocrx_word' id='word_1_494' title='bbox 1975 1504 2007 1531; x_wconf 88' lang='lat' dir='ltr'>et</span> <span class='ocrx_word' id='word_1_495' title='bbox 2022 1497 2120 1530; x_wconf 85' lang='lat' dir='ltr'>simi·</span> 
     </span>
     <span class='ocr_line' id='line_1_82' title="bbox 1129 1545 1991 1589; baseline 0.005 -12"><span class='ocrx_word' id='word_1_496' title='bbox 1129 1545 1178 1578; x_wconf 85' lang='lat' dir='ltr'>les</span> <span class='ocrx_word' id='word_1_497' title='bbox 1191 1570 1199 1583; x_wconf 86' lang='lat'>‚</span> <span class='ocrx_word' id='word_1_498' title='bbox 1228 1547 1287 1589; x_wconf 90' lang='lat' dir='ltr'>qui</span> <span class='ocrx_word' id='word_1_499' title='bbox 1307 1546 1385 1579; x_wconf 89' lang='lat' dir='ltr'>illas</span> <span class='ocrx_word' id='word_1_500' title='bbox 1402 1546 1669 1589; x_wconf 88' lang='lat' dir='ltr'>superstitiones</span> <span class='ocrx_word' id='word_1_501' title='bbox 1688 1546 1788 1578; x_wconf 88' lang='lat' dir='ltr'>valde</span> <span class='ocrx_word' id='word_1_502' title='bbox 1806 1554 1991 1582; x_wconf 83' lang='lat' dir='ltr'>auxerunt.</span> 
     </span>
    </p>

    <p class='ocr_par' dir='ltr' id='par_1_15' title="bbox 1127 1596 2117 1997">
     <span class='ocr_line' id='line_1_83' title="bbox 1231 1596 2116 1643; baseline 0.003 -14"><span class='ocrx_word' id='word_1_503' title='bbox 1231 1596 1376 1629; x_wconf 79' lang='lat' dir='ltr'>Secutae</span> <span class='ocrx_word' id='word_1_504' title='bbox 1394 1603 1476 1629; x_wconf 88' lang='lat' dir='ltr'>sunt</span> <span class='ocrx_word' id='word_1_505' title='bbox 1493 1596 1581 1629; x_wconf 88' lang='lat' dir='ltr'>aliae</span> <span class='ocrx_word' id='word_1_506' title='bbox 1598 1597 1825 1639; x_wconf 82' lang='lat' dir='ltr'>posteriores,</span> <span class='ocrx_word' id='word_1_507' title='bbox 1853 1605 1889 1630; x_wconf 89' lang='lat' dir='ltr'>ut</span> <span class='ocrx_word' id='word_1_508' title='bbox 1914 1596 2116 1643; x_wconf 83' lang='lat' dir='ltr'>Ancyrana‚</span> 
     </span>
     <span class='ocr_line' id='line_1_84' title="bbox 1130 1644 2117 1690; baseline 0.005 -12"><span class='ocrx_word' id='word_1_509' title='bbox 1130 1659 1216 1690; x_wconf 88' lang='lat' dir='ltr'>quae</span> <span class='ocrx_word' id='word_1_510' title='bbox 1234 1644 1338 1681; x_wconf 85' lang='lat' dir='ltr'>habet</span> <span class='ocrx_word' id='word_1_511' title='bbox 1356 1645 1446 1680; x_wconf 88' lang='lat' dir='ltr'>hanc</span> <span class='ocrx_word' id='word_1_512' title='bbox 1462 1647 1749 1681; x_wconf 86' lang='lat' dir='ltr'>constitutionem</span> <span class='ocrx_word' id='word_1_513' title='bbox 1769 1648 2049 1682; x_wconf 83' lang='lat' dir='ltr'>memorabilem:</span> <span class='ocrx_word' id='word_1_514' title='bbox 2077 1650 2117 1684; x_wconf 83' lang='lat' dir='ltr'>Si</span> 
     </span>
     <span class='ocr_line' id='line_1_85' title="bbox 1129 1696 2116 1741; baseline 0.006 -12"><span class='ocrx_word' id='word_1_515' title='bbox 1129 1696 1278 1730; x_wconf 76' lang='lat' dir='ltr'>Diaconi</span> <span class='ocrx_word' id='word_1_516' title='bbox 1303 1699 1338 1730; x_wconf 88' lang='lat' dir='ltr'>in</span> <span class='ocrx_word' id='word_1_517' title='bbox 1358 1698 1581 1731; x_wconf 89' lang='lat' dir='ltr'>ordinatione</span> <span class='ocrx_word' id='word_1_518' title='bbox 1605 1711 1676 1730; x_wconf 89' lang='lat' dir='ltr'>non</span> <span class='ocrx_word' id='word_1_519' title='bbox 1697 1699 1922 1741; x_wconf 64' lang='lat' dir='ltr'>promiserint</span> <span class='ocrx_word' id='word_1_520' title='bbox 1947 1712 1982 1733; x_wconf 88' lang='lat' dir='ltr'>se</span> <span class='ocrx_word' id='word_1_521' title='bbox 2003 1701 2116 1734; x_wconf 86' lang='lat' dir='ltr'>victu-</span> 
     </span>
     <span class='ocr_line' id='line_1_86' title="bbox 1129 1749 2115 1789; baseline 0.004 -9"><span class='ocrx_word' id='word_1_522' title='bbox 1129 1761 1186 1782; x_wconf 90' lang='lat' dir='ltr'>ros</span> <span class='ocrx_word' id='word_1_523' title='bbox 1205 1749 1371 1787; x_wconf 90' lang='lat' dir='ltr'>coelibes,</span> <span class='ocrx_word' id='word_1_524' title='bbox 1390 1749 1567 1783; x_wconf 88' lang='lat' dir='ltr'>retinendi</span> <span class='ocrx_word' id='word_1_525' title='bbox 1586 1756 1667 1782; x_wconf 92' lang='lat' dir='ltr'>sunt</span> <span class='ocrx_word' id='word_1_526' title='bbox 1685 1749 1720 1781; x_wconf 93' lang='lat' dir='ltr'>in</span> <span class='ocrx_word' id='word_1_527' title='bbox 1738 1750 1961 1789; x_wconf 85' lang='lat' dir='ltr'>ministeriis,</span> <span class='ocrx_word' id='word_1_528' title='bbox 1979 1751 2115 1784; x_wconf 90' lang='lat' dir='ltr'>etiamsi</span> 
     </span>
     <span class='ocr_line' id='line_1_87' title="bbox 1129 1800 2117 1846; baseline 0.003 -14"><span class='ocrx_word' id='word_1_529' title='bbox 1129 1806 1247 1843; x_wconf 84' lang='lat' dir='ltr'>postea</span> <span class='ocrx_word' id='word_1_530' title='bbox 1265 1802 1399 1833; x_wconf 89' lang='lat' dir='ltr'>ducunt</span> <span class='ocrx_word' id='word_1_531' title='bbox 1421 1812 1564 1835; x_wconf 85' lang='lat' dir='ltr'>uxores:</span> <span class='ocrx_word' id='word_1_532' title='bbox 1601 1801 1659 1833; x_wconf 86' lang='lat' dir='ltr'>sed</span> <span class='ocrx_word' id='word_1_533' title='bbox 1679 1800 1705 1832; x_wconf 91' lang='lat' dir='ltr'>si</span> <span class='ocrx_word' id='word_1_534' title='bbox 1727 1801 1973 1844; x_wconf 79' lang='lat' dir='ltr'>promiserint,</span> <span class='ocrx_word' id='word_1_535' title='bbox 2001 1808 2033 1836; x_wconf 88' lang='lat' dir='ltr'>et</span> <span class='ocrx_word' id='word_1_536' title='bbox 2052 1815 2117 1846; x_wconf 90' lang='lat' dir='ltr'>po-</span> 
     </span>
     <span class='ocr_line' id='line_1_88' title="bbox 1129 1852 2116 1886; baseline 0.003 -3"><span class='ocrx_word' id='word_1_537' title='bbox 1129 1857 1198 1883; x_wconf 87' lang='lat' dir='ltr'>stea</span> <span class='ocrx_word' id='word_1_538' title='bbox 1233 1858 1349 1884; x_wconf 89' lang='lat' dir='ltr'>tamen</span> <span class='ocrx_word' id='word_1_539' title='bbox 1382 1852 1547 1885; x_wconf 87' lang='lat' dir='ltr'>duxerint</span> <span class='ocrx_word' id='word_1_540' title='bbox 1582 1863 1707 1885; x_wconf 82' lang='lat' dir='ltr'>uxores</span> <span class='ocrx_word' id='word_1_541' title='bbox 1750 1853 1955 1885; x_wconf 76' lang='lat' dir='ltr'>removendi</span> <span class='ocrx_word' id='word_1_542' title='bbox 1989 1860 2069 1886; x_wconf 87' lang='lat' dir='ltr'>sunt</span> <span class='ocrx_word' id='word_1_543' title='bbox 2096 1865 2116 1886; x_wconf 86' lang='lat' dir='ltr'>a</span> 
     </span>
     <span class='ocr_line' id='line_1_89' title="bbox 1127 1901 2114 1944; baseline 0.004 -11"><span class='ocrx_word' id='word_1_544' title='bbox 1127 1901 1337 1936; x_wconf 88' lang='lat' dir='ltr'>ministerio.</span> <span class='ocrx_word' id='word_1_545' title='bbox 1390 1901 1507 1936; x_wconf 88' lang='lat' dir='ltr'>Habet</span> <span class='ocrx_word' id='word_1_546' title='bbox 1542 1910 1575 1936; x_wconf 89' lang='lat' dir='ltr'>et</span> <span class='ocrx_word' id='word_1_547' title='bbox 1610 1903 1697 1935; x_wconf 87' lang='lat' dir='ltr'>alios</span> <span class='ocrx_word' id='word_1_548' title='bbox 1734 1901 1915 1944; x_wconf 82' lang='lat' dir='ltr'>Canones,</span> <span class='ocrx_word' id='word_1_549' title='bbox 1944 1905 1986 1937; x_wconf 91' lang='lat' dir='ltr'>de</span> <span class='ocrx_word' id='word_1_550' title='bbox 2012 1904 2114 1937; x_wconf 83' lang='lat' dir='ltr'>annis</span> 
     </span>
     <span class='ocr_line' id='line_1_90' title="bbox 1127 1953 1986 1997; baseline 0.005 -12"><span class='ocrx_word' id='word_1_551' title='bbox 1127 1953 1384 1996; x_wconf 87' lang='lat' dir='ltr'>poenitentiae,</span> <span class='ocrx_word' id='word_1_552' title='bbox 1413 1953 1628 1997; x_wconf 86' lang='lat' dir='ltr'>periculosos</span> <span class='ocrx_word' id='word_1_553' title='bbox 1656 1960 1688 1986; x_wconf 87' lang='lat' dir='ltr'>et</span> <span class='ocrx_word' id='word_1_554' title='bbox 1716 1954 1986 1997; x_wconf 75' lang='lat' dir='ltr'>superstitiosos.</span> 
     </span>
    </p>

    <p class='ocr_par' dir='ltr' id='par_1_16' title="bbox 1123 2003 2113 2354">
     <span class='ocr_line' id='line_1_91' title="bbox 1228 2003 2113 2046; baseline 0.001 -9"><span class='ocrx_word' id='word_1_555' title='bbox 1228 2004 1429 2037; x_wconf 83' lang='lat' dir='ltr'>Laodicena</span> <span class='ocrx_word' id='word_1_556' title='bbox 1449 2011 1540 2038; x_wconf 89' lang='lat' dir='ltr'>recte</span> <span class='ocrx_word' id='word_1_557' title='bbox 1558 2005 1701 2038; x_wconf 81' lang='lat' dir='ltr'>damnat</span> <span class='ocrx_word' id='word_1_558' title='bbox 1718 2003 1952 2046; x_wconf 74' lang='lat' dir='ltr'>Novatianos‚</span> <span class='ocrx_word' id='word_1_559' title='bbox 1980 2006 2038 2038; x_wconf 89' lang='lat' dir='ltr'>sed</span> <span class='ocrx_word' id='word_1_560' title='bbox 2058 2017 2113 2038; x_wconf 89' lang='lat' dir='ltr'>er-</span> 
     </span>
     <span class='ocr_line' id='line_1_92' title="bbox 1126 2055 2113 2100; baseline 0.002 -12"><span class='ocrx_word' id='word_1_561' title='bbox 1126 2062 1179 2088; x_wconf 89' lang='lat' dir='ltr'>rat</span> <span class='ocrx_word' id='word_1_562' title='bbox 1202 2061 1323 2088; x_wconf 85' lang='lat' dir='ltr'>taxans</span> <span class='ocrx_word' id='word_1_563' title='bbox 1343 2056 1501 2098; x_wconf 85' lang='lat' dir='ltr'>digamos</span> <span class='ocrx_word' id='word_1_564' title='bbox 1527 2056 1630 2089; x_wconf 88' lang='lat' dir='ltr'>etiam</span> <span class='ocrx_word' id='word_1_565' title='bbox 1654 2055 1783 2096; x_wconf 83' lang='lat' dir='ltr'>laicos,</span> <span class='ocrx_word' id='word_1_566' title='bbox 1812 2056 1906 2089; x_wconf 80' lang='lat' dir='ltr'>iubet</span> <span class='ocrx_word' id='word_1_567' title='bbox 1933 2068 1990 2089; x_wconf 92' lang='lat' dir='ltr'>eos</span> <span class='ocrx_word' id='word_1_568' title='bbox 2016 2057 2113 2100; x_wconf 90' lang='lat' dir='ltr'>prius</span> 
     </span>
     <span class='ocr_line' id='line_1_93' title="bbox 1126 2106 2113 2151; baseline 0.003 -13"><span class='ocrx_word' id='word_1_569' title='bbox 1126 2106 1243 2149; x_wconf 87' lang='lat' dir='ltr'>puniri</span> <span class='ocrx_word' id='word_1_570' title='bbox 1262 2119 1365 2151; x_wconf 89' lang='lat' dir='ltr'>quam</span> <span class='ocrx_word' id='word_1_571' title='bbox 1385 2106 1617 2140; x_wconf 87' lang='lat' dir='ltr'>admittantur</span> <span class='ocrx_word' id='word_1_572' title='bbox 1631 2107 1673 2139; x_wconf 90' lang='lat' dir='ltr'>ad</span> <span class='ocrx_word' id='word_1_573' title='bbox 1693 2107 1979 2140; x_wconf 82' lang='lat' dir='ltr'>communionem</span> <span class='ocrx_word' id='word_1_574' title='bbox 1993 2134 2000 2147; x_wconf 95' lang='lat'>,</span> <span class='ocrx_word' id='word_1_575' title='bbox 2029 2119 2113 2151; x_wconf 92' lang='lat' dir='ltr'>pro-</span> 
     </span>
     <span class='ocr_line' id='line_1_94' title="bbox 1126 2155 2112 2203; baseline 0.002 -14"><span class='ocrx_word' id='word_1_576' title='bbox 1126 2155 1223 2190; x_wconf 87' lang='lat' dir='ltr'>hibet</span> <span class='ocrx_word' id='word_1_577' title='bbox 1241 2159 1343 2190; x_wconf 90' lang='lat' dir='ltr'>etiam</span> <span class='ocrx_word' id='word_1_578' title='bbox 1363 2158 1576 2200; x_wconf 87' lang='lat' dir='ltr'>baptismum</span> <span class='ocrx_word' id='word_1_579' title='bbox 1601 2164 1676 2201; x_wconf 86' lang='lat' dir='ltr'>post</span> <span class='ocrx_word' id='word_1_580' title='bbox 1696 2159 1781 2190; x_wconf 90' lang='lat' dir='ltr'>duas</span> <span class='ocrx_word' id='word_1_581' title='bbox 1800 2158 2009 2201; x_wconf 82' lang='lat' dir='ltr'>septimanas</span> <span class='ocrx_word' id='word_1_582' title='bbox 2027 2170 2112 2203; x_wconf 86' lang='lat' dir='ltr'>qua-</span> 
     </span>
     <span class='ocr_line' id='line_1_95' title="bbox 1124 2206 2113 2253; baseline 0.002 -12"><span class='ocrx_word' id='word_1_583' title='bbox 1124 2209 1349 2251; x_wconf 83' lang='lat' dir='ltr'>dragesimae.</span> <span class='ocrx_word' id='word_1_584' title='bbox 1404 2210 1546 2243; x_wconf 79' lang='lat' dir='ltr'>Caetera</span> <span class='ocrx_word' id='word_1_585' title='bbox 1579 2209 1720 2253; x_wconf 89' lang='lat' dir='ltr'>politica</span> <span class='ocrx_word' id='word_1_586' title='bbox 1751 2215 1831 2242; x_wconf 88' lang='lat' dir='ltr'>sunt</span> <span class='ocrx_word' id='word_1_587' title='bbox 1864 2206 2029 2247; x_wconf 84' lang='lat' dir='ltr'>honesta,</span> <span class='ocrx_word' id='word_1_588' title='bbox 2073 2216 2113 2243; x_wconf 85' lang='lat' dir='ltr'>ut</span> 
     </span>
     <span class='ocr_line' id='line_1_96' title="bbox 1124 2256 2112 2306; baseline 0.001 -14"><span class='ocrx_word' id='word_1_589' title='bbox 1124 2271 1201 2293; x_wconf 89' lang='lat' dir='ltr'>cum</span> <span class='ocrx_word' id='word_1_590' title='bbox 1220 2257 1385 2306; x_wconf 85' lang='lat' dir='ltr'>prohibet</span> <span class='ocrx_word' id='word_1_591' title='bbox 1411 2260 1553 2303; x_wconf 88' lang='lat' dir='ltr'>nuptias</span> <span class='ocrx_word' id='word_1_592' title='bbox 1578 2272 1656 2293; x_wconf 90' lang='lat' dir='ltr'>cum</span> <span class='ocrx_word' id='word_1_593' title='bbox 1677 2256 1869 2293; x_wconf 85' lang='lat' dir='ltr'>haereticis.</span> <span class='ocrx_word' id='word_1_594' title='bbox 1912 2258 2008 2293; x_wconf 81' lang='lat' dir='ltr'>Haec</span> <span class='ocrx_word' id='word_1_595' title='bbox 2027 2271 2112 2306; x_wconf 89' lang='lat' dir='ltr'>syn-</span> 
     </span>
     <span class='ocr_line' id='line_1_97' title="bbox 1123 2309 2035 2354; baseline 0.001 -11"><span class='ocrx_word' id='word_1_596' title='bbox 1123 2311 1211 2344; x_wconf 91' lang='lat' dir='ltr'>odus</span> <span class='ocrx_word' id='word_1_597' title='bbox 1231 2323 1302 2343; x_wconf 91' lang='lat' dir='ltr'>non</span> <span class='ocrx_word' id='word_1_598' title='bbox 1320 2312 1425 2354; x_wconf 85' lang='lat' dir='ltr'>longo</span> <span class='ocrx_word' id='word_1_599' title='bbox 1446 2311 1633 2344; x_wconf 82' lang='lat' dir='ltr'>intervallo</span> <span class='ocrx_word' id='word_1_600' title='bbox 1649 2316 1763 2343; x_wconf 90' lang='lat' dir='ltr'>secuta</span> <span class='ocrx_word' id='word_1_601' title='bbox 1783 2316 1833 2342; x_wconf 89' lang='lat' dir='ltr'>est</span> <span class='ocrx_word' id='word_1_602' title='bbox 1853 2309 2035 2348; x_wconf 81' lang='lat' dir='ltr'>Nicenam.</span> 
     </span>
    </p>

    <p class='ocr_par' dir='ltr' id='par_1_17' title="bbox 1118 2360 2112 2662">
     <span class='ocr_line' id='line_1_98' title="bbox 1224 2360 2111 2404; baseline -0.001 -9"><span class='ocrx_word' id='word_1_603' title='bbox 1224 2361 1299 2395; x_wconf 85' lang='lat' dir='ltr'>Sub</span> <span class='ocrx_word' id='word_1_604' title='bbox 1316 2361 1478 2396; x_wconf 85' lang='lat' dir='ltr'>Honorio</span> <span class='ocrx_word' id='word_1_605' title='bbox 1497 2361 1712 2404; x_wconf 89' lang='lat' dir='ltr'>Imperatore</span> <span class='ocrx_word' id='word_1_606' title='bbox 1730 2360 1976 2395; x_wconf 88' lang='lat' dir='ltr'>fuitToletana</span> <span class='ocrx_word' id='word_1_607' title='bbox 1996 2361 2111 2404; x_wconf 85' lang='lat' dir='ltr'>prima</span> 
     </span>
     <span class='ocr_line' id='line_1_99' title="bbox 1123 2411 2112 2458; baseline 0 -13"><span class='ocrx_word' id='word_1_608' title='bbox 1123 2414 1297 2458; x_wconf 90' lang='lat' dir='ltr'>synodus,</span> <span class='ocrx_word' id='word_1_609' title='bbox 1343 2426 1432 2458; x_wconf 89' lang='lat' dir='ltr'>quae</span> <span class='ocrx_word' id='word_1_610' title='bbox 1469 2413 1626 2446; x_wconf 86' lang='lat' dir='ltr'>continet</span> <span class='ocrx_word' id='word_1_611' title='bbox 1659 2411 1769 2444; x_wconf 83' lang='lat' dir='ltr'>multa</span> <span class='ocrx_word' id='word_1_612' title='bbox 1795 2411 1906 2454; x_wconf 88' lang='lat' dir='ltr'>capita</span> <span class='ocrx_word' id='word_1_613' title='bbox 1938 2412 2038 2446; x_wconf 90' lang='lat' dir='ltr'>utilia</span> <span class='ocrx_word' id='word_1_614' title='bbox 2067 2413 2112 2445; x_wconf 88' lang='lat' dir='ltr'>de</span> 
     </span>
     <span class='ocr_line' id='line_1_100' title="bbox 1121 2463 2110 2506; baseline -0.001 -10"><span class='ocrx_word' id='word_1_615' title='bbox 1121 2465 1292 2498; x_wconf 86' lang='lat' dir='ltr'>doctrina.</span> <span class='ocrx_word' id='word_1_616' title='bbox 1344 2463 1434 2497; x_wconf 83' lang='lat' dir='ltr'>Nam</span> <span class='ocrx_word' id='word_1_617' title='bbox 1461 2464 1515 2506; x_wconf 91' lang='lat' dir='ltr'>pie</span> <span class='ocrx_word' id='word_1_618' title='bbox 1543 2469 1697 2496; x_wconf 86' lang='lat' dir='ltr'>recenset</span> <span class='ocrx_word' id='word_1_619' title='bbox 1720 2463 1887 2496; x_wconf 88' lang='lat' dir='ltr'>articulos</span> <span class='ocrx_word' id='word_1_620' title='bbox 1904 2464 1946 2496; x_wconf 90' lang='lat' dir='ltr'>de</span> <span class='ocrx_word' id='word_1_621' title='bbox 1972 2463 2110 2497; x_wconf 78' lang='lat' dir='ltr'>divini-</span> 
     </span>
     <span class='ocr_line' id='line_1_101' title="bbox 1120 2512 2110 2558; baseline 0 -11"><span class='ocrx_word' id='word_1_622' title='bbox 1120 2521 1188 2549; x_wconf 85' lang='lat' dir='ltr'>tate</span> <span class='ocrx_word' id='word_1_623' title='bbox 1213 2522 1247 2549; x_wconf 90' lang='lat' dir='ltr'>et</span> <span class='ocrx_word' id='word_1_624' title='bbox 1265 2516 1399 2549; x_wconf 85' lang='lat' dir='ltr'>naturis</span> <span class='ocrx_word' id='word_1_625' title='bbox 1417 2512 1568 2554; x_wconf 85' lang='lat' dir='ltr'>Christi,</span> <span class='ocrx_word' id='word_1_626' title='bbox 1594 2521 1626 2548; x_wconf 84' lang='lat' dir='ltr'>et</span> <span class='ocrx_word' id='word_1_627' title='bbox 1644 2513 1730 2547; x_wconf 83' lang='lat' dir='ltr'>alios</span> <span class='ocrx_word' id='word_1_628' title='bbox 1748 2514 1930 2558; x_wconf 88' lang='lat' dir='ltr'>quosdam.</span> <span class='ocrx_word' id='word_1_629' title='bbox 1984 2514 2110 2548; x_wconf 87' lang='lat' dir='ltr'>Postea</span> 
     </span>
     <span class='ocr_line' id='line_1_102' title="bbox 1119 2563 2111 2611; baseline -0.001 -12"><span class='ocrx_word' id='word_1_630' title='bbox 1119 2567 1290 2611; x_wconf 85' lang='lat' dir='ltr'>quaedam</span> <span class='ocrx_word' id='word_1_631' title='bbox 1319 2566 1440 2600; x_wconf 83' lang='lat' dir='ltr'>attexit</span> <span class='ocrx_word' id='word_1_632' title='bbox 1461 2565 1603 2608; x_wconf 84' lang='lat' dir='ltr'>politica</span> <span class='ocrx_word' id='word_1_633' title='bbox 1632 2572 1664 2598; x_wconf 85' lang='lat' dir='ltr'>et</span> <span class='ocrx_word' id='word_1_634' title='bbox 1693 2565 1908 2597; x_wconf 85' lang='lat' dir='ltr'>ceremonias</span> <span class='ocrx_word' id='word_1_635' title='bbox 1931 2565 1975 2598; x_wconf 87' lang='lat' dir='ltr'>de</span> <span class='ocrx_word' id='word_1_636' title='bbox 1994 2563 2111 2598; x_wconf 85' lang='lat' dir='ltr'>chris-</span> 
     </span>
     <span class='ocr_line' id='line_1_103' title="bbox 1118 2613 2107 2662; baseline -0.001 -13"><span class='ocrx_word' id='word_1_637' title='bbox 1118 2625 1228 2658; x_wconf 89' lang='lat' dir='ltr'>mate,</span> <span class='ocrx_word' id='word_1_638' title='bbox 1259 2625 1291 2650; x_wconf 89' lang='lat' dir='ltr'>et</span> <span class='ocrx_word' id='word_1_639' title='bbox 1314 2618 1356 2650; x_wconf 88' lang='lat' dir='ltr'>de</span> <span class='ocrx_word' id='word_1_640' title='bbox 1375 2616 1476 2650; x_wconf 80' lang='lat' dir='ltr'>votis.</span> <span class='ocrx_word' id='word_1_641' title='bbox 1516 2615 1612 2649; x_wconf 86' lang='lat' dir='ltr'>Haec</span> <span class='ocrx_word' id='word_1_642' title='bbox 1631 2616 1787 2662; x_wconf 86' lang='lat' dir='ltr'>synodus</span> <span class='ocrx_word' id='word_1_643' title='bbox 1804 2613 1969 2658; x_wconf 87' lang='lat' dir='ltr'>probibet</span> <span class='ocrx_word' id='word_1_644' title='bbox 1986 2616 2107 2648; x_wconf 88' lang='lat' dir='ltr'>diaco-</span> 
     </span>
    </p>
   </div>
   <div class='ocr_carea' id='block_1_7' title="bbox 1116 2665 2109 2714">
    <p class='ocr_par' dir='ltr' id='par_1_18' title="bbox 1116 2665 2109 2714">
     <span class='ocr_line' id='line_1_104' title="bbox 1116 2665 2109 2714; baseline -0.002 -12"><span class='ocrx_word' id='word_1_645' title='bbox 1116 2680 1180 2702; x_wconf 86' lang='lat' dir='ltr'>nos</span> <span class='ocrx_word' id='word_1_646' title='bbox 1199 2665 1299 2702; x_wconf 80' lang='lat' dir='ltr'>evehi</span> <span class='ocrx_word' id='word_1_647' title='bbox 1320 2668 1362 2701; x_wconf 89' lang='lat' dir='ltr'>ad</span> <span class='ocrx_word' id='word_1_648' title='bbox 1380 2679 1507 2702; x_wconf 86' lang='lat' dir='ltr'>munus</span> <span class='ocrx_word' id='word_1_649' title='bbox 1524 2666 1742 2714; x_wconf 84' lang='lat' dir='ltr'>presbyteri,</span> <span class='ocrx_word' id='word_1_650' title='bbox 1769 2666 1797 2700; x_wconf 91' lang='lat' dir='ltr'>si</span> <span class='ocrx_word' id='word_1_651' title='bbox 1816 2678 1888 2700; x_wconf 90' lang='lat' dir='ltr'>non</span> <span class='ocrx_word' id='word_1_652' title='bbox 1906 2667 2109 2701; x_wconf 84' lang='lat' dir='ltr'>abstineant</span> 
     </span>
    </p>
   </div>
  </div>
 </body>
</html>
