2415 2942
93 107 164 144 561

92 193 303 240 promittunt
327 192 394 226 alia
420 191 615 227 beneficia:
656 198 696 226 ut
721 204 816 226 nunc
841 204 983 238 quoque
1005 205 1081 226 cre-

92 247 173 279 dere
199 245 386 285 debemus,
419 243 533 278 Deum
557 250 847 277 conservaturum
874 255 946 277 esse
973 245 1081 277 mini-

91 296 234 329 sterium
262 293 469 338 Evangelii,
499 306 608 343 quare
632 295 788 328 servabit
812 294 950 339 aliquos
974 294 1080 327 mini-

91 353 200 387 stros,
227 352 259 379 et
274 345 514 389 suppeditabit
530 346 579 379 eis
596 344 834 379 defensionem
846 371 856 385 ‚
884 352 916 379 et
932 345 1000 378 alia
1018 358 1078 378 ne-

89 397 235 431 cessaria
259 397 349 431 vitae
373 397 569 430 commoda.
622 395 682 430 Sic
705 407 770 429 nos
793 395 1016 429 includemus
1042 396 1078 428 in

89 447 362 493 promissionem
396 447 527 491 gratiae
567 453 699 480 caetera
733 448 941 479 commoda:
988 445 1075 480 Cum

89 499 184 532 Deus
210 498 312 532 nobis
336 498 381 532 sit
405 498 582 542 propicius
599 504 739 541 propter
755 494 958 536 Christum,
988 498 1074 540 peti-

89 562 166 583 mus
191 556 323 583 caetera
349 548 525 583 beneficia.
577 546 641 581 Est
667 547 759 580 enim
784 559 874 592 opus
898 545 1076 582 Ecclesiae

89 601 160 634 vita
180 600 421 633 ministrorum
436 626 445 640 ,
472 599 586 642 victu,
615 610 696 643 pace
713 598 820 633 civili.

186 649 282 684 Haec
299 651 335 683 in
354 661 479 693 genere
497 649 664 693 respondi
682 649 724 682 de
742 649 864 689 dictis,
892 649 929 681 in
947 650 1075 694 quibus

87 701 125 734 fit
145 701 277 735 mentio
292 701 385 736 fidei.
437 699 619 734 Caeterum
637 700 747 741 dicta,
776 712 865 745 quae
883 700 966 734 citat
982 699 1075 734 Pau-

90 752 143 784 lus
155 779 164 792 ,
191 752 292 786 etiam
308 746 516 785 nominatim
535 752 578 783 de
595 751 783 784 liberatore
799 751 971 794 promisso
990 763 1073 785 con-

88 802 292 840 cionantur,
320 801 462 835 Abacuc
478 801 636 847 loquitur
653 802 696 835 de
713 803 926 845 expectando
944 802 1074 836 libera-

87 854 269 896 torejllo,
295 853 357 900 qui
381 860 452 886 erat
471 852 631 895 patribus
652 853 864 897 promissus,
891 860 929 887 ut
956 861 1073 887 osten-

85 903 139 936 dit
164 910 287 939 textus.
355 903 400 938 Et
424 899 607 936 Abraham
631 903 742 938 credit
772 916 845 937 non
871 910 1006 938 tantum
1037 917 1072 937 se

86 950 290 987 habiturum
309 954 458 993 liberos,
485 955 545 987 sed
562 954 653 988 illud
669 966 808 994 semen,
835 967 905 999 quo
926 956 1072 988 benedi-

86 1005 215 1038 cendae
231 1011 330 1038 erant
349 1017 469 1038 omnes
493 1011 620 1048 gentes.
672 1004 754 1039 Scio
777 1006 821 1039 ab
838 1007 960 1039 astutis
979 1007 1070 1039 mul-

85 1062 136 1089 tas
153 1055 394 1089 cavillationes
420 1056 610 1099 excogitari
633 1067 752 1100 posse,
775 1057 818 1089 ad
841 1057 1013 1090 eludenda
1039 1064 1070 1090 et

84 1106 265 1140 obruenda
282 1104 368 1140 haec
386 1106 597 1142 testimonia.
648 1106 738 1140 Nam
757 1107 924 1150 sapientia
942 1104 1067 1141 huma-

83 1168 146 1198 na,
173 1157 255 1202 quia
270 1157 444 1191 iusticiam
471 1157 551 1190 fidei
576 1169 648 1190 non
674 1157 856 1200 intelligit,
885 1171 957 1190 non
978 1159 1067 1192 acci-

83 1208 133 1251 pit
150 1209 269 1241 dextre
285 1208 376 1241 dicta
392 1206 660 1251 Prophetarum,
683 1210 742 1241 sed
759 1209 851 1241 varie
871 1210 1066 1253 detorquet.

82 1257 138 1291 Pii
157 1270 238 1292 vero
253 1269 463 1292 consensum
482 1259 587 1291 totius
612 1259 805 1302 scripturae
829 1257 1066 1303 propheticae,

85 1316 118 1342 et
137 1321 216 1342 vera
240 1309 400 1342 exercitia
424 1309 504 1342 fidei
528 1309 723 1347 intuentes,
750 1310 848 1342 facile
867 1310 1065 1352 intelligent

84 1356 169 1393 haec
192 1361 283 1392 dicta
308 1366 398 1392 recte
419 1371 437 1391 a
463 1358 575 1392 Paulo
600 1360 643 1391 ad
673 1367 888 1402 praesentem
915 1372 1066 1401 causam,

80 1410 124 1442 de
140 1409 345 1443 remissione
360 1417 579 1453 peccatorum
591 1436 601 1451 ‚
627 1410 895 1443 accommodari.

228 1489 438 1528 Revelatur
456 1491 551 1526 enim
569 1491 628 1527 ira
645 1490 724 1527 Dei
739 1491 781 1527 de
798 1492 902 1527 coelo.

181 1560 409 1596 Horrendum
427 1569 478 1596 est
493 1561 636 1595 initium
654 1574 694 1595 ac
710 1563 842 1596 fulmen
860 1575 930 1607 quo
950 1562 1066 1595 incoat

80 1611 372 1656 disputationem,
400 1613 520 1657 qualia
547 1619 630 1647 sunt
650 1612 751 1647 initia
770 1615 807 1646 in
831 1614 1066 1647 concionibus

81 1661 314 1708 propheticis,
341 1671 379 1697 ut
397 1662 522 1697 Esaiae
539 1664 671 1708 primo:
699 1663 832 1697 Audite
848 1665 936 1697 coeli
953 1671 985 1697 et
1002 1676 1065 1697 au-

82 1714 180 1747 ribus
196 1715 332 1758 percipe
348 1721 460 1754 terra,
487 1726 547 1747 vae
563 1715 658 1757 genti
676 1716 855 1757 peccatrici
876 1723 940 1749 etc.
986 1713 1064 1748 Una

82 1771 135 1799 est
157 1765 251 1798 enim
273 1765 484 1798 concionum
507 1764 790 1808 propheticarum
810 1772 842 1798 et
859 1765 1066 1808 apostolica-

79 1827 160 1850 rum
178 1816 310 1857 forma,
337 1828 441 1860 quam
458 1812 620 1849 Christus
635 1816 835 1860 complexus
851 1823 901 1850 est
919 1814 972 1849 his
988 1827 1066 1848 ver-

82 1867 153 1901 bis:
181 1865 234 1900 lte
250 1867 488 1911 praedicantes
505 1866 758 1911 poenitentiam
776 1874 809 1900 et
828 1867 1066 1899 remissionem

80 1924 301 1963 peccatorum
320 1917 356 1950 in
374 1917 520 1951 nomine
535 1929 624 1952 meo-
676 1915 726 1950 lta
742 1916 872 1950 Paulus
888 1931 966 1951 cum
987 1917 1066 1963 qui-

82 1969 164 2002 dem
195 1968 410 2013 aptissimam
439 1965 610 2013 μέθοδον
638 1968 818 2001 doctrinae
844 1967 1065 2003 Christianae

82 2019 262 2060 instituat,
289 2020 441 2062 primum
459 2019 561 2064 ponit
578 2019 874 2064 propositionem,
903 2033 990 2065 quae
1015 2026 1066 2053 est

85 2070 245 2103 doctrina
262 2070 515 2113 poenitentiae,
541 2082 602 2104 seu
625 2081 774 2114 arguens
797 2078 943 2115 peccata.
996 2070 1063 2104 Su-

85 2131 148 2164 pra
166 2120 259 2152 enim
276 2120 427 2154 absolvit
443 2121 643 2163 exordium,
669 2133 763 2155 nunc
780 2122 904 2166 incipit
921 2128 1064 2155 contro-

87 2171 236 2204 versiam
256 2170 439 2214 explicare.
488 2169 536 2205 Et
559 2173 646 2205 duas
669 2174 927 2216 propositiones
950 2173 1065 2213 tradit,

85 2224 234 2266 quarum
251 2221 357 2255 altera
375 2222 509 2255 aditum
527 2223 569 2255 ad
588 2223 730 2256 alteram
748 2225 918 2267 patefacit.
947 2223 1064 2257 Prima

86 2272 281 2316 propositio
307 2279 374 2306 est:
408 2271 641 2316 Evangelium
666 2274 781 2317 arguit
801 2288 922 2309 omnes
951 2272 1066 2308 homi-

86 2334 168 2363 nes,
204 2335 243 2356 ac
268 2323 476 2367 pronunciat
499 2336 622 2357 omnes
649 2324 714 2357 sub
737 2333 874 2368 peccato
902 2338 993 2364 esse,
1031 2326 1064 2358 id

88 2380 157 2415 est,
189 2386 266 2407 reos
295 2374 425 2422 peccati
448 2381 483 2408 et
507 2382 668 2409 aeternae
695 2376 836 2416 mortis,
871 2389 933 2410 nec
968 2388 1065 2421 posse

87 2424 228 2458 liberari
262 2437 280 2458 a
311 2433 449 2470 peccato
483 2433 517 2460 et
547 2433 687 2459 aeterna
716 2425 765 2459 ira
799 2439 860 2471 per
888 2428 1065 2471 propriam

88 2475 272 2511 iusticiam.
323 2477 365 2510 In
389 2475 455 2510 hoc
479 2477 720 2522 propositione
745 2485 983 2511 commoratur
1009 2491 1068 2521 per

88 2527 159 2560 duo
182 2526 302 2570 capita.
373 2526 457 2561 Vult
483 2528 577 2561 enim
604 2540 726 2562 omnes
748 2530 790 2561 ad
818 2529 1066 2572 poenitentiam

88 2588 226 2610 vocare:
249 2577 322 2612 vult
338 2589 401 2611 nos
417 2591 497 2612 vere
513 2591 739 2624 expavescere
756 2580 925 2613 iudicium
936 2579 1012 2621 Dei,
1029 2587 1067 2614 ut

88 2639 296 2672 quaeramus
318 2629 483 2672 salutem,
518 2642 557 2664 ac
581 2641 809 2673 agnoscamus
834 2630 1068 2672 liberatorem,

86 2691 151 2725 per
168 2691 271 2724 quem
288 2680 455 2723 promissa
476 2688 526 2715 est
542 2681 782 2716 reconciliatio
801 2688 834 2717 et
849 2682 951 2717 salus.
1002 2681 1066 2717 Se-

137 2732 314 2766 Mrchru.
343 2732 445 2768 Ortn.
484 2734 567 2766 Vox..
592 2733 669 2768 XV.

283 105 385 145 XIII.
435 107 470 141 2.
500 102 860 143 COMMENTARH
887 105 939 143 IN
965 105 1119 145 EPIST.
1147 107 1295 145 PAULI
1322 110 1389 146 AD
1418 109 1682 151 ROMANOS.
1737 115 1840 153 CAP.
1871 118 1898 156 l.

2033 122 2109 159 562

1134 193 1256 251 quitur
1287 208 1367 240 ergo
1400 197 1437 231 in
1467 199 1571 233 tertio
1603 201 1714 245 capite
1742 203 1947 250 principalis
1986 218 2118 252 propo-

1133 246 1232 287 sitio,
1266 250 1360 292 quod
1392 246 1554 284 homines
1584 261 1844 298 consequantur
1874 256 2117 291 remissionem

1134 304 1375 340 peccatorum,
1403 307 1437 333 et
1455 309 1663 344 reputentur
1680 304 1781 345 iusti,
1809 312 1841 339 et
1859 306 2053 342 liberentur
2075 312 2118 343 ab

1131 352 1271 379 aeterna
1298 357 1431 390 morte,
1458 364 1530 384 non
1561 361 1704 396 propter
1726 357 1906 399 propriam
1929 358 2117 402 iusticiam,

1131 397 1188 427 sed
1222 409 1284 439 per
1314 400 1590 435 misericordiam
1624 412 1766 448 propter
1790 404 1970 441 Christum
2000 411 2118 452 gratis.

1132 444 1171 478 Et
1196 444 1260 480 hoc
1277 449 1342 481 fide
1367 451 1415 489 fit,
1441 463 1518 484 cum
1539 454 1712 487 credimus
1728 457 1830 489 nobis
1846 467 1989 502 propter
2005 461 2116 495 filium

1130 496 1214 536 Dei,
1251 506 1382 541 patrem
1414 502 1588 544 placatum
1621 511 1652 537 et
1687 507 1884 550 propicium
1911 521 1993 543 esse.
2070 511 2115 546 Et

1129 544 1213 580 haec
1247 556 1296 582 est
1332 551 1536 595 principalis
1570 556 1764 598 propositio
1798 554 1903 590 huius
1925 558 2115 604 Epistolae,

1130 606 1162 631 et
1178 606 1288 633 status
1306 601 1556 645 disputationis
1585 618 1622 638 ac
1647 618 1781 640 summa
1800 605 1992 652 Evangelii.
2044 613 2114 646 Sed

1128 649 1331 696 priusquam
1349 654 1390 685 ad
1409 650 1498 687 hanc
1515 656 1791 699 propositionem
1811 661 1980 701 pervenit,
2007 663 2114 698 altera

1128 700 1225 743 prius
1243 708 1429 736 tractatur:
1457 704 1538 738 Non
1557 707 1650 738 enim
1670 716 1779 750 potest
1798 710 1887 741 tradi
1907 713 2113 755 consolatio,

1126 751 1195 785 nisi
1221 753 1319 796 prius
1345 763 1539 798 arguantur
1567 764 1714 800 peccata.
1768 757 1813 792 Et
1838 758 1932 792 Deus
1958 765 2113 808 postulat

1126 803 1400 846 poenitentiam,
1442 807 1529 840 sicut
1554 815 1585 841 et
1610 807 1760 842 Ioannes
1787 818 1816 842 et
1842 808 2000 845 Christus
2033 826 2111 847 siris

1124 854 1309 888 conciones
1325 855 1486 890 incoant:
1514 857 1615 902 Agite
1635 860 1898 902 poenitentiam.
1941 862 1987 896 Et
2005 863 2110 897 Chr}-

1124 910 1196 937 stus
1214 905 1348 951 inquit:
1385 907 1538 951 Spiritus
1562 916 1702 943 sanctus
1724 918 1845 954 arguet
1869 915 2041 947 muudum
2068 918 2110 949 de

1124 963 1283 998 peccato,
1319 958 1362 990 de
1387 959 1543 997 iusticia,
1571 967 1604 993 et
1627 961 1670 993 de
1696 962 1839 995 iudicio.
1897 964 1946 997 Et
1972 963 2108 999 Esaias:

1123 1005 1192 1038 Ubi
1227 1004 1400 1042 habitabit
1426 1009 1624 1044 Dominus?
1667 1012 1709 1044 ln
1742 1013 1869 1056 spiritu
1896 1016 2048 1049 contrito
2076 1025 2108 1050 ct

1123 1063 1292 1091 tremente
1322 1071 1501 1093 sermones
1538 1073 1641 1097 meos,
1704 1061 1749 1096 Et
1785 1075 1868 1097 usus
1897 1072 1947 1098 est
1977 1065 2108 1101 Paulus

1122 1109 1299 1142 atrocibus
1317 1111 1454 1151 verbis,
1482 1124 1560 1143 cum
1580 1112 1645 1150 ait,
1672 1111 1838 1146 Revelari
1864 1115 1952 1148 iram
1973 1115 2039 1150 Dei
2064 1119 2108 1151 de

1121 1159 1228 1194 coelo.
1274 1159 1436 1193 Minatur
1454 1169 1611 1194 aeternas
1629 1174 1757 1205 poenas
1772 1165 1936 1198 omnibus
1956 1169 2016 1215 qui
2036 1180 2107 1201 non

1121 1219 1368 1252 expavescunt,
1388 1224 1449 1244 nec
1467 1212 1677 1258 confugiunt
1694 1214 1734 1246 ad
1753 1214 1864 1248 filium
1884 1214 1961 1251 Dei.
2000 1217 2108 1252 Vides

1120 1260 1228 1302 igitur
1263 1273 1455 1303 congruere
1479 1261 1580 1294 Pauli
1610 1264 1800 1298 sententias
1817 1292 1826 1305 ,
1864 1273 1897 1300 et
1919 1268 2043 1301 seriem
2068 1270 2107 1303 in

1118 1311 1277 1394 dogelndo
1296 1323 1489 1355 congruere
1506 1325 1585 1346 cum
1602 1314 1835 1350 concionibus
1845 1315 2105 1363 Prophetarum

1118 1367 1150 1393 et
1210 1361 1310 1394 iristi.

1219 1436 1348 1479 Arguit
1378 1444 1494 1471 autem
1518 1437 1754 1484 Evangelium
1785 1455 1858 1476 non
1884 1451 2019 1480 tantum
2044 1460 2102 1481 ex-

1118 1494 1217 1521 terna
1234 1489 1372 1529 delicta,
1400 1501 1489 1534 quae
1506 1490 1595 1524 ratio
1612 1491 1768 1526 iudicare
1785 1501 1907 1538 potest,
1924 1498 1983 1530 sed
2000 1499 2105 1532 etiam

1119 1538 1380 1573 immunditiem
1398 1540 1514 1574 cordis
1531 1540 1568 1573 in
1584 1542 1750 1577 omnibus
1773 1541 1997 1589 hominibus,
2024 1550 2103 1583 ideo

1118 1590 1167 1622 sic
1188 1589 1291 1622 dicit:
1333 1588 1527 1624 Revelatur
1550 1592 1596 1624 ita
1620 1592 1687 1626 Dei
1716 1595 1759 1627 de
1790 1597 1906 1636 coelo,
1951 1596 2018 1632 hoc
2041 1608 2103 1641 est,

1120 1640 1342 1683 praedicatur
1366 1641 1402 1672 in
1426 1639 1621 1685 Evangelio
1645 1644 1818 1679 divinitus
1841 1648 1971 1681 tradito
1988 1676 1996 1689 ‚
2039 1652 2104 1683 ad-

1119 1701 1239 1722 versus
1255 1702 1395 1723 omnem
1412 1691 1624 1734 impietatem
1651 1701 1684 1728 et
1707 1694 1882 1730 iusticiam
1902 1695 2103 1735 hominum.

1119 1739 1324 1774 Ebraismus
1348 1749 1417 1780 est,
1457 1744 1668 1787 transposita
1693 1747 1884 1789 particula,
1926 1747 2101 1784 Omnem:

1119 1804 1196 1824 cum
1213 1792 1256 1825 sit
1275 1793 1459 1834 sententia,
1487 1806 1592 1838 super
1609 1795 1820 1838 impietatem
1835 1806 1868 1832 et
1885 1799 2102 1836 iniusticiam

1116 1843 1275 1875 omnium
1303 1840 1514 1877 hominum:
1557 1852 1674 1889 postea
1701 1847 1795 1880 enim
1829 1849 1958 1885 diserte
1986 1859 2020 1886 et
2042 1865 2101 1887 ex-

1117 1905 1231 1938 presse
1247 1894 1338 1928 dicet
1353 1906 1388 1928 se
1404 1906 1567 1929 accusare
1586 1908 1708 1931 omnes
1729 1895 1901 1935 homines.

1217 1967 1398 2011 Significat
1420 1976 1537 2003 autem
1566 1969 1726 2014 impietas
1755 1975 1897 2018 proprie
1923 1975 2007 2011 vitia
2035 1989 2100 2021 pu-

1115 2019 1258 2062 gnantia
1292 2031 1370 2052 cum
1408 2020 1523 2064 prima
1548 2021 1687 2063 tabula,
1727 2023 1987 2067 ignorationem
2019 2027 2099 2071 Dei,

1117 2082 1237 2103 vacare
1263 2077 1373 2111 metu,
1400 2071 1608 2110 dilectione,
1636 2073 1761 2107 fiducia
1778 2074 1865 2117 Dei,
1893 2075 2020 2112 habere
2045 2091 2099 2113 se-

1116 2121 1299 2154 curitatem
1332 2128 1365 2154 et
1390 2129 1605 2156 contemtum
1630 2122 1716 2165 Dei,
1755 2125 2038 2170 indignationem
2066 2138 2100 2165 et

1115 2172 1294 2205 fremitum
1318 2173 1484 2206 adversus
1507 2171 1621 2207 Deum
1648 2175 1683 2207 in
1705 2176 1974 2220 afflictionibus,
2007 2181 2098 2215 fidu-

1115 2224 1201 2256 ciam
1219 2223 1382 2267 propriae
1397 2224 1608 2268 sapientiae,
1636 2225 1811 2271 iusticiae‚
1838 2241 1965 2273 opum,
1991 2244 2099 2276 quae-

1115 2286 1190 2306 rere
1208 2274 1380 2318 praesidia
1400 2272 1552 2308 humana
1572 2284 1691 2309 contra
1707 2280 1912 2313 mandatum
1930 2279 2007 2323 Dei,
2034 2295 2099 2316 an-

1116 2325 1240 2358 teferre
1258 2325 1431 2359 mandatis
1447 2325 1513 2358 Dei
1530 2326 1688 2360 fortunas
1705 2335 1860 2371 nostras,
1888 2331 2098 2377 voluptates,

1116 2376 1428 2417 existimationem,
1452 2376 1621 2419 gloriam,
1649 2378 1768 2419 vitam,
1792 2381 1880 2414 sicut
1896 2380 1981 2417 haec
1998 2391 2098 2419 ante-

1115 2428 1250 2467 serunt,
1271 2427 1333 2472 qui
1356 2428 1495 2470 fugiunt
1521 2427 1677 2474 pericula
1698 2431 1950 2475 confessionis,
1976 2434 2098 2469 ludere

1115 2478 1287 2520 fingendis
1328 2478 1557 2522 opinionibus
1591 2479 1687 2511 falsis
1714 2481 1758 2513 de
1791 2480 1891 2525 Deo,
1931 2485 2098 2520 delectari

1114 2527 1297 2573 Epicureis
1320 2537 1379 2562 aut
1395 2528 1615 2562 Academicis
1640 2531 1837 2572 erroribus,
1865 2541 1898 2569 et
1921 2548 1994 2569 non
2016 2549 2096 2570 vere

1114 2580 1275 2613 assentiri
1292 2581 1398 2613 verbo
1421 2579 1497 2614 Dei.
1550 2579 1716 2626 Denique
1733 2583 1902 2618 immensa
1921 2594 1971 2621 est
1987 2588 2096 2620 moles

1115 2631 1280 2664 vitiorum
1316 2631 1549 2675 pugnantium
1582 2643 1661 2664 cum
1692 2634 1802 2676 prima
1830 2637 1968 2678 tabula,
2008 2650 2097 2682 quae

1113 2682 1233 2716 omnia
1250 2681 1493 2727 complectitur
1511 2682 1654 2716 nomine
1674 2683 1881 2730 impietatis:
1916 2687 2097 2724 iniustitia

1423 2732 1472 2768 36
