2415 2942
243 112 295 146 79

343 197 434 237 N‘isi
449 199 531 246 quis
547 202 695 232 renalus
712 194 832 243 suerit
852 205 897 227 m·
915 206 1037 242 aqua,
1064 199 1126 228 εἰσ.

342 268 519 303 Restitutio
540 262 717 297 Pharisaei
744 262 895 304 primum
919 261 1128 304 generaliter
1146 273 1228 306 pro-

243 320 402 365 ponitur:
437 317 512 350 lNisi
538 314 615 358 quis
641 318 783 344 renatus
803 312 919 344 suerit.
979 311 1102 345 Postea
1128 325 1230 357 repe-

243 373 328 405 titur
353 371 470 402 eadem
498 363 687 400 sententia,
729 362 863 396 adiecta
889 362 1009 403 brevi,
1050 363 1109 395 sed
1137 375 1230 396 non-

243 424 325 454 dum
347 420 480 459 integra
498 414 752 453 declaratione,
789 425 877 457 quae
905 413 986 446 facit
1011 414 1225 446 mentionem

243 468 438 503 ministerii.
497 464 648 499 Deducit
674 464 768 496 enim
789 461 951 496 Christus
976 476 1040 496 nos
1066 465 1167 498 initio
1185 465 1228 497 ad

242 518 475 553 ministerium
502 515 705 557 Evangelii,
741 514 839 558 quasi
868 515 977 547 dicat:
1014 514 1174 557 intelligo
1197 522 1230 548 te

243 570 433 603 Nicodeme
456 566 590 600 offendi
616 565 717 598 novis
745 565 975 598 concionibus
997 564 1174 609 Baptistae
1196 572 1230 598 et

244 621 347 661 meis,
373 619 466 664 quod
486 617 634 650 dicimus
651 616 773 649 vestris
799 616 970 648 exercitiis
993 623 1025 648 et
1043 616 1230 660 disciplina

244 684 314 704 non
333 671 408 704 tolli
426 675 626 713 peccatum,
651 667 711 700 sed
737 664 803 699 hoc
827 677 970 710 prorsus
995 667 1152 707 affirmo,
1179 673 1231 699 te-

245 735 311 768 que
330 724 371 755 ad
395 720 457 753 boc
477 730 608 751 novum
625 717 858 750 ministerium
878 717 1025 752 deduco.
1078 716 1230 752 Renasci

245 783 274 806 tc
293 778 429 815 oportet
457 782 516 813 per
540 768 605 801 hoc
632 781 764 801 novum
790 767 1024 800 ministerium
1052 767 1230 811 baptismi,

245 824 303 869 qui
325 824 359 856 sit
379 834 466 866 aqua
493 827 524 852 vt
549 819 684 862 spiritu.
745 817 903 851 Primum
931 819 1036 860 igitur
1058 824 1230 851 monstrat

246 874 495 907 ministerium,
530 870 587 901 sul
623 870 782 902 nondum
808 870 940 911 integre
975 869 1143 911 explicata
1177 879 1232 900 res

243 932 302 958 est.
352 922 568 956 Audendum
585 927 633 952 est
649 920 752 953 etiam
769 921 947 964 quomodo
968 920 1013 952 sit
1030 919 1149 952 efficax
1169 930 1231 963 per

246 973 310 1007 lioc
331 971 576 1005 ministerium.

345 1040 455 1073 Porro
480 1037 692 1070 Ixicodemus
715 1037 823 1079 magis
846 1037 1078 1081 obstupescit,
1112 1036 1231 1071 audita

246 1092 424 1125 mentione
445 1089 628 1132 baptismi,
655 1088 738 1132 quid
762 1085 828 1120 lioc
852 1089 901 1121 rei
920 1089 993 1121 est?
1046 1087 1138 1121 Num
1155 1088 1233 1131 plus

247 1144 337 1176 valet
365 1139 449 1174 llaec
485 1150 576 1172 nova
609 1138 827 1178 ceremonia,
861 1151 964 1183 quam
991 1138 1234 1171 circumcisio?

246 1195 390 1239 plusne,
425 1202 530 1236 quam
555 1189 607 1221 lex
627 1188 738 1228 Mosi,
765 1190 892 1222 tradita
911 1189 1016 1223 tantis
1033 1189 1235 1222 miraculis?

248 1243 457 1290 quantulum
475 1247 525 1274 est
541 1238 608 1272 hoc
625 1239 733 1282 mergi
753 1240 789 1272 in
809 1240 959 1284 aquam?
1001 1238 1096 1272 Ilaec
1115 1240 1233 1272 omnia

249 1296 324 1328 viro
350 1292 518 1337 sapienti,
552 1297 586 1324 et
609 1296 750 1323 externa
774 1302 878 1334 opera
901 1291 993 1323 inter
1017 1302 1089 1323 sese
1116 1291 1235 1323 confe-

248 1346 362 1385 renti,
395 1342 586 1376 admodum
610 1342 776 1374 videntur
799 1342 969 1381 absurda,
1004 1353 1111 1386 quare
1135 1353 1234 1374 suam

253 1395 487 1440 ignorantiam
510 1393 713 1435 confitetur,
748 1400 780 1425 et
806 1392 904 1437 quasi
930 1389 1175 1434 stomachans,
1204 1398 1237 1424 et

251 1448 438 1481 relicturus
459 1441 554 1476 hunc
579 1443 800 1485 magistrum,
831 1455 951 1475 rursus
974 1443 1154 1487 quaeritur
1174 1443 1237 1475 ab-

251 1499 374 1537 surda,
417 1496 535 1538 inepta
564 1501 596 1527 et
628 1493 860 1536 impossibilia
895 1494 980 1526 dici:
1033 1493 1237 1535 Quomodo,

252 1548 386 1593 inquit,
413 1551 558 1589 possunt
575 1543 659 1577 haec
679 1544 775 1576 fieri?
803 1543 923 1588 Itaque
941 1542 1104 1577 Christus
1122 1544 1238 1587 prius-

252 1610 355 1644 quam
385 1597 555 1638 integram
597 1595 802 1627 concionem
833 1595 999 1636 absolvit,
1045 1595 1238 1638 interponit

251 1648 533 1691 obiurgationem
558 1645 796 1678 durissimam:
831 1644 934 1677 Tune
959 1657 994 1677 es
1017 1645 1182 1688 magister
1202 1646 1238 1676 in

255 1700 378 1740 lsrael,
407 1704 439 1731 et
455 1695 540 1729 haec
557 1696 719 1739 ignoras?
746 1697 845 1739 quasi
863 1696 970 1728 dicat:
998 1696 1054 1728 Tu
1072 1703 1102 1728 et
1124 1697 1173 1728 tui
1193 1695 1238 1728 si-

255 1751 355 1784 miles
395 1749 475 1781 estis
507 1749 759 1789 gubernatores
784 1744 961 1779 Ecclesiae
988 1746 1072 1786 Dei,
1117 1753 1149 1778 ct
1176 1748 1238 1779 do-

256 1801 423 1839 ctrinam,
451 1810 539 1843 quae
559 1798 666 1831 solius
683 1796 858 1829 Ecclesiae
878 1797 1017 1841 propria
1037 1804 1106 1835 est,
1140 1797 1240 1838 igno-

257 1852 350 1885 ratis.
406 1850 493 1884 Cum
512 1849 618 1891 igitur
635 1848 789 1880 officium
810 1855 962 1881 vestrum
984 1860 1046 1880 nec
1064 1848 1240 1889 intelliga-

256 1904 319 1945 tis,
343 1913 405 1934 nec
425 1900 580 1937 faciatis,
606 1897 682 1931 Deo
710 1909 838 1942 poenas
861 1898 1081 1941 gravissimas
1104 1898 1243 1937 dabitis,

257 1961 289 1987 et
315 1965 354 1985 ex
382 1950 638 1994 gubernatione
667 1956 780 1982 vestra
812 1949 1055 1982 excutiemini:
1100 1947 1243 1982 Nihilne

259 2006 423 2036 interesse
447 2002 538 2034 inter
554 1998 725 2033 Ethnicos
753 2006 785 2032 et
809 1997 999 2033 Ecclesiam
1019 1999 1085 2032 Dei
1102 2000 1244 2032 censes?

257 2069 294 2087 va
312 2066 398 2099 quae
416 2053 458 2085 de
476 2049 634 2084 honestis
660 2050 849 2089 exercitiis,
881 2058 913 2084 et
937 2050 1124 2094 disciplina
1141 2052 1243 2084 doce-

257 2107 318 2143 tis,
348 2109 479 2137 norunt
500 2109 533 2135 et
548 2109 684 2145 gentes,
719 2102 779 2134 sed
804 2102 902 2134 vobis
930 2114 1003 2134 non
1029 2108 1166 2134 tantum
1190 2101 1244 2134 lex

259 2156 385 2190 tradita
420 2162 487 2192 est,
531 2153 590 2185 sed
618 2152 723 2185 etiarn
755 2153 1005 2196 promissiones
1031 2152 1072 2184 de
1102 2152 1245 2195 Messian

260 2205 321 2240 lias
349 2204 547 2249 depravatis
571 2209 604 2236 et
627 2202 842 2247 detorquetis
867 2204 910 2236 ad
934 2203 1059 2236 mundi
1087 2203 1246 2247 imperia,

261 2269 334 2290 non
351 2262 552 2300 peccatum,
578 2265 652 2286 non
681 2254 877 2293 iusticiam,
905 2266 977 2286 non
998 2252 1148 2287 Messiae
1167 2254 1246 2287 offi-

262 2310 353 2341 cium
380 2306 548 2348 novistis,
583 2311 615 2337 et
639 2311 756 2337 tamen
781 2304 818 2336 in
842 2302 997 2338 Ecclesia
1024 2305 1158 2338 iactatis
1186 2317 1247 2337 vos

261 2360 421 2391 doctores
463 2367 565 2390 verae
609 2355 784 2395 iusticiae,
827 2362 880 2388 et·
902 2353 1112 2388 cohaeredes
1149 2356 1246 2399 regni

262 2408 422 2442 Messiae.

356 2488 436 2525 zVos
465 2501 544 2523 cero
571 2486 671 2536 quod
693 2488 827 2522 scimus
854 2487 1058 2537 loquimur,
1092 2494 1154 2525 elc.

367 2566 432 2599 llic
460 2563 642 2599 antithesis
667 2566 923 2600 consideranda
949 2574 1008 2600 est.

266 2619 357 2650 enim
376 2615 573 2653 I'liaiisxiei,
601 2616 662 2661 qui
678 2617 803 2651 omissa
822 2630 900 2650 vera
916 2617 1074 2651 doctrina
1093 2619 1134 2650 (lc
1154 2618 1250 2651 coelo

1067 2566 1251 2600 Taxantur

841 102 965 138 PHlL.
994 101 1109 139 MEL.
1140 100 1349 137 SCRIPTA
1379 99 1679 138 EXEGETICA.

1266 1981 1277 2592 l

2224 104 2272 139 80

1283 189 1366 223 bant
1404 189 1554 222 incertas
1584 188 1771 231 opiniones
1807 194 1841 221 et
1871 189 2080 224 traditiones
2111 189 2275 224 confictas

1282 237 1436 273 bumana
1470 239 1677 279 autoritate,
1719 251 1778 272 seu
1806 240 1949 273 audacia
1974 241 2101 284 potius.
2162 239 2210 274 At
2235 241 2273 273 in

1281 290 1436 324 Ecclesia
1463 303 1529 323 vox
1557 290 1621 323 Dei
1647 301 1770 322 sonare
1794 290 1916 330 (lebet,
1958 303 2028 323 non
2060 292 2211 324 incertae
2242 298 2274 324 et

1283 342 1542 374 commentitiae
1576 340 1782 384 opiniones,
1827 347 1866 374 nt
1897 340 2041 375 fuerunt
2070 343 2113 375 ad
2147 349 2275 385 gentes,

1283 392 1419 425 'Numae
1436 391 1602 434 Pompilii
1622 392 1810 434 religiones
1824 418 1833 431 ,
1861 397 1894 424 et
1910 391 2053 426 similes.
2107 391 2190 425 Ideo
2209 392 2275 425 Pe·-

1283 451 1357 475 trus
1375 443 1492 487 inquit
1509 443 1540 475 1.
1563 442 1656 476 Petri
1675 443 1727 478 3.:
1763 442 1835 484 Qui
1855 442 2013 486 loquitur
2034 441 2213 488 (videlicet
2238 443 2275 476 in

1284 491 1461 538 Ecclesia)
1480 494 1645 538 loquatur
1660 505 1836 526 sormones
1849 492 1924 525 Dei.
1978 492 2067 526 Nam
2083 493 2208 526 Petrus
2225 493 2276 527 ibi

1284 545 1326 577 de
1345 544 1542 576 ministerio
1560 543 1734 576 Ecclesiae
1755 544 1931 587 praecipit.

1383 593 1524 628 Deinde
1548 591 1710 628 Christus
1744 594 1869 637 incipit
1897 595 1941 626 de
1970 593 2100 627 Messia
2132 595 2275 627 concio-

1283 645 1380 686 nari,
1409 652 1551 689 propter
1567 656 1670 689 quein
1690 645 1884 688 baptismus
1902 652 1951 678 est
1970 645 2100 686 efficax,
2128 651 2161 678 et
2179 645 2276 678 illam

1284 696 1500 740 superiorem
1525 696 1800 739 propositionem
1826 695 1960 738 integre
1984 695 2151 729 declarat.
2203 696 2277 729 De·

1285 747 1384 780 duxit
1410 759 1473 780 nos
1501 747 1543 779 ad
1570 746 1825 786 ministerium,
1861 747 1903 778 ad
1928 746 2152 788 baptismum.
2204 744 2278 778 Cur

1286 795 1343 830 bic
1359 804 1410 831 est
1426 797 1619 837 institutus,
1646 804 1678 830 et
1695 797 1872 841 quomodo
1890 803 1939 829 est
1957 796 2100 829 efficax?
2127 795 2278 838 Propter

1286 848 1463 883 Messiam.
1517 846 1591 880 Hac
1611 849 1652 880 de
1667 860 1702 880 re
1722 848 1789 879 iam
1810 848 2056 887 concionatur,
2084 854 2117 880 et
2134 853 2276 880 senten-

1285 899 1349 931 tias
1365 896 1552 931 Pharisaeo
1575 898 1644 931 iam
1670 898 1839 942 proponit
1868 898 1976 941 magis
2009 909 2118 930 novas
2150 904 2183 931 et
2211 897 2278 930 mi-

1285 950 1429 988 randas,
1470 961 1575 993 quam
1600 949 1743 981 suerunt
1767 949 1976 991 superiores.
2032 947 2121 980 Nam
2147 945 2275 981 Phari-

1285 1011 1384 1032 saeus
1402 1000 1444 1032 de
1461 998 1591 1032 Messia
1615 1000 1788 1041 cogitans,
1823 1006 1960 1032 tantum
1988 1005 2142 1042 expectat
2168 999 2279 1042 impe-

1286 1050 1378 1083 rium
1408 1049 1552 1089 mundi,
1585 1049 1714 1081 florens
1742 1049 1900 1089 iusticia,
1935 1061 2036 1092 pace,
2060 1057 2092 1082 et
2108 1049 2189 1082 aliis
2206 1049 2280 1081 vir-

1287 1101 1439 1140 tutibus,
1467 1107 1635 1144 tanquam
1662 1111 1802 1132 auream
1821 1107 1965 1132 aetatem
1984 1100 2168 1144 poeticam.
2205 1098 2280 1132 Hos

1287 1163 1423 1184 errores
1438 1148 1600 1184 Christus
1622 1156 1734 1189 taxat,
1762 1157 1795 1182 et
1820 1151 1991 1189 ostendit,
2025 1150 2190 1183 Messiam
2207 1162 2280 1182 non

1287 1202 1402 1235 solum
1434 1213 1508 1233 non
1545 1198 1751 1233 habiturum
1791 1200 1937 1243 imperia
1971 1201 2170 1241 mundana,
2220 1202 2279 1233 sed

1288 1254 1392 1286 etiam
1413 1252 1488 1284 fore
1514 1251 1690 1284 victimam
1715 1252 1934 1283 mactandam
1956 1262 2020 1295 pro
2046 1248 2202 1283 humano
2223 1262 2281 1294 ge-

1288 1316 1391 1343 nere,
1419 1308 1539 1346 estque
1566 1301 1679 1345 prima
1697 1301 1903 1345 propositio.

1338 1385 1457 1421 ZVemo
1480 1382 1643 1418 ascendit
1669 1384 1706 1417 in
1733 1383 1889 1426 coelum,
1917 1383 1993 1417 nisi
2016 1383 2082 1432 qui
2101 1382 2282 1418 descendit

1393 1434 1434 1470 de
1459 1435 1566 1471 coelo,

1392 1504 1583 1538 Resutatur
1601 1515 1699 1535 error
1720 1500 2008 1544 Pharisaeorum,
2037 1504 2096 1548 qui
2113 1505 2284 1547 putabant

1290 1555 1368 1589 tolli
1387 1562 1583 1599 peccatum,
1611 1561 1642 1585 et
1661 1554 1790 1597 placari
1807 1553 1982 1593 iramDei‚
2010 1555 2081 1587 illis
2097 1555 2170 1587 suis
2186 1567 2284 1588 exer-

1291 1607 1391 1639 citiis.
1444 1601 1619 1638 Chrislus
1649 1602 1800 1637 detrahit
1829 1602 1917 1637 hanc
1951 1605 2090 1638 laudem
2118 1606 2283 1638 omnibus

1293 1656 1519 1698 hominibus,
1547 1654 1660 1694 Noae,
1696 1652 1878 1697 Abrahae,
1915 1655 2028 1696 Most,
2061 1664 2094 1689 et
2118 1656 2283 1688 omnibus

1292 1706 1431 1741 sanctis.
1497 1705 1608 1738 Nemo
1645 1705 1800 1738 ascendit
1837 1705 1874 1737 in
1908 1706 2064 1745 coelum,
2109 1705 2286 1750 videlicet,

1294 1758 1433 1801 placans
1449 1757 1536 1788 iram
1555 1753 1642 1789 Dei.
1695 1754 1807 1787 *Nemo
1824 1756 1979 1788 ascendit
1994 1756 2069 1788 sine
2091 1756 2284 1790 mediatore

1297 1809 1454 1852 placante
1480 1807 1568 1838 iram
1594 1806 1682 1847 Dei,
1717 1806 1784 1837 nisi
1811 1817 1892 1847 ego3
1928 1813 1961 1838 et
1987 1806 2153 1853 adiicitur
2178 1807 2284 1840 ratio:

1295 1858 1388 1900 Quia
1406 1869 1467 1900 ego
1487 1857 1651 1889 descendi
1674 1858 1716 1888 de
1740 1857 1855 1895 coelo,
1884 1867 1945 1898 ego
1969 1868 2045 1889 sum
2070 1857 2149 1897 ille,
2178 1869 2283 1902 quem

1295 1908 1390 1942 Deus
1413 1907 1592 1952 pollicitus
1621 1913 1688 1945 est,
1724 1918 1758 1938 se
1786 1907 1972 1939 missurum
1999 1918 2089 1948 esse,
2123 1914 2161 1941 ut
2183 1908 2284 1942 tollat

1295 1965 1473 2003 peccatum
1503 1965 1537 1991 et
1559 1964 1728 1996 mortem,
1767 1958 1809 1988 de
1828 1957 1926 1989 coelo
1945 1964 2112 1990 venturus
2131 1965 2205 1992 erat
2227 1956 2285 1992 hic

1297 2011 1485 2049 liberator,
1519 2015 1557 2041 ut
1584 2008 1653 2040 alio
1679 2007 1755 2039 loco
1781 2008 1882 2040 dicit:
1919 2006 2086 2041 Glorifica
2110 2020 2165 2041 me
2187 2016 2285 2052 pater

1296 2061 1388 2104 apud
1419 2067 1452 2093 te
1484 2071 1521 2091 ea
1548 2059 1677 2100 gloria,
1719 2070 1823 2102 qnam
1857 2056 1967 2091 habui
1998 2066 2078 2092 ante
2107 2061 2281 2093 mundum

1298 2112 1389 2155 apud
1409 2118 1452 2145 te.
1487 2109 1582 2142 Haec
1600 2109 1771 2142 sententia
1790 2106 1978 2142 Pharisaeo
2000 2122 2090 2142 nova
2108 2117 2198 2150 erat,
2223 2111 2284 2155 qui

1299 2162 1483 2205 ignorabat
1499 2161 1609 2192 filium
1628 2159 1691 2192 Dei
1710 2160 1818 2192 fuisse
1842 2161 1885 2192 ab
1902 2160 2016 2194 initio.
2069 2160 2121 2193 Ac
2137 2172 2285 2205 sequens

1299 2212 1470 2246 sententia
1498 2212 1576 2255 plus
1599 2208 1705 2243 habet
1729 2211 1971 2250 obscuritatis,
2005 2223 2083 2243 cum
2108 2211 2175 2244 ait:
2212 2210 2283 2254 Qui

1300 2271 1350 2297 est
1374 2264 1410 2296 in
1438 2262 1545 2296 coelo.
1606 2260 1796 2303 Quomodo
1820 2268 1851 2294 et
1877 2262 2072 2299 descendit,
2114 2268 2146 2295 et
2169 2269 2219 2295 est
2247 2263 2283 2296 in

1300 2314 1422 2348 coelo?
1450 2313 1638 2346 Descendit
1655 2312 1747 2345 filius
1762 2311 1848 2352 Dei,
1875 2312 1955 2357 quia
1981 2319 2014 2346 et
2040 2312 2157 2346 induit
2181 2319 2285 2347 natu—

1301 2378 1375 2398 ram
1406 2362 1614 2403 humanam,
1659 2370 1693 2396 et
1720 2362 1929 2396 humiliatur
1952 2363 2043 2395 infra
2067 2375 2209 2396 omnem
2231 2376 2286 2398 ca—

1301 2423 1399 2460 ptum
1419 2413 1632 2452 humanum,
1660 2415 1744 2446 dum
1767 2414 1806 2447 fit
1830 2414 1968 2447 victima
1984 2426 2048 2457 pro
2065 2413 2213 2457 peccatis
2229 2425 2285 2457 ge-

1302 2467 1396 2499 neris
1412 2463 1577 2504 humani,
1612 2470 1643 2496 et
1668 2471 1784 2497 tamen
1803 2472 1851 2497 est
1867 2465 1903 2498 in
1920 2465 2037 2503 coelo,
2062 2464 2096 2496 id
2117 2470 2183 2505 est,
2212 2477 2288 2498 cer-

1302 2518 1353 2550 nit
1376 2524 1531 2564 patrem,
1566 2521 1597 2548 et
1623 2515 1748 2548 retinet
1771 2515 1962 2558 potentiam
1989 2515 2166 2552 divinam,
2200 2515 2289 2554 sicut

1303 2580 1376 2611 cap.
1395 2566 1431 2601 5.
1452 2567 1597 2600 dicitur:
1635 2565 1738 2599 Pater
1753 2578 1850 2598 meus
1865 2578 1974 2610 usque
1993 2566 2096 2598 modo
2115 2573 2289 2608 operatur,

1303 2625 1336 2651 et
1368 2629 1428 2660 ego
1460 2629 1598 2661 operor.
1656 2613 1880 2650 Omittantur
1912 2614 1969 2649 hic
1998 2616 2224 2658 cogitationes
2248 2618 2290 2650 de

267 2668 414 2706 tradita,
452 2668 526 2710 lege
551 2666 636 2706 Dei,
672 2675 703 2701 et
727 2668 1040 2712 promissionibus,
1077 2680 1251 2713 propone·
1274 2658 1279 2696 Ι
1305 2670 1402 2710 loco,
1453 2669 1491 2701 in
1527 2669 1693 2701 descensu
1725 2667 1763 2700 fit
1796 2667 1926 2700 mentio
1966 2664 2223 2700 humiliationis
2259 2675 2291 2702 et
