2415 2942
289 98 380 133 124?

285 184 460 218 enuntiem
489 182 673 224 patientur.

290 238 382 279 plere
408 247 464 269 ea,
501 245 587 276 quae
614 235 737 264 ‹le—sunt
762 232 1013 265 afflictionilnis
1038 230 1189 270 Christi,
1216 233 1274 265 in-

291 286 466 326 telligatur
491 295 561 316 non
586 285 628 316 de
653 283 797 323 merito,
824 285 881 315 sed
901 284 943 315 de
967 283 1199 316 similitudine
1223 283 1275 316 as-
1298 284 1300 290 '

296 337 512 374 llic-tionum,
558 345 643 378 quas
667 340 704 366 ut
729 335 926 366 membrum
958 334 1115 377 corporis
1145 333 1275 368 Christi

291 386 449 419 sustinet.
504 383 548 417 Et
571 385 652 428 quia
683 384 718 415 in
745 385 941 417 ministerio
967 385 1133 424 sustinet,
1172 385 1275 417 dicit:

293 436 360 469 Pro
379 447 526 477 corpore
546 436 636 473 eius,
661 434 834 476 videlicet,
853 441 888 468 ut
907 435 1140 467 ministerium
1159 447 1276 467 meum

291 487 418 520 serviat
433 485 608 518 Ecclesiae
627 486 662 518 in
680 487 860 524 docendo,
895 497 966 518 non
993 487 1086 530 qnod
1115 486 1276 518 afflictio-

290 548 351 570 nes
382 538 633 579 Apostolorum
669 537 738 569 sint
771 537 933 568 meritum
966 536 1275 570 reconciliationis,

291 587 360 621 Sed
385 594 502 620 manet
526 587 722 619 communis
747 587 865 629 regula
897 587 939 619 de
967 587 1200 620 similitudine
1226 587 1277 619 af·
1302 579 1304 587 ’

293 638 509 671 flictionum:
537 635 688 681 Oportet
716 649 779 670 nos
805 637 876 669 fieri
897 638 1093 670 conformes
1117 637 1279 680 imaginis

292 689 353 720 filii
386 689 465 721 Dei.
529 686 573 721 Et
602 695 743 731 propter
778 699 863 732 quas
890 699 1010 720 causas
1036 687 1129 720 filius
1152 689 1279 720 missus

296 740 360 776 sit,
392 746 429 772 ut
458 739 552 771 fieret
578 739 736 778 victima,
777 738 958 770 sciendum
986 745 1053 777 est,
1098 746 1128 772 et
1152 739 1279 771 distin-

295 790 432 832 guenda
457 790 576 822 missio
604 789 665 821 filii
685 800 702 820 a
721 788 855 832 reliqua
885 787 1058 828 Ecclesia,
1085 801 1173 834 quae
1199 801 1280 832 pro-

294 848 371 884 pter
393 840 476 872 alias
498 851 616 872 causas
640 839 733 871 cruci
751 839 904 872 subiecta
925 847 985 874 est.

294 949 375 974 sunt
407 950 466 974 aut
496 938 688 987 τιμωρίαι,
733 947 794 974 aut
818 937 1052 985 δοκιμασιάι,
1095 950 1154 976 aut
1184 953 1280 988 μαρ-

295 988 414 1036 τύρια.

585 1096 723 1150 Caput
753 1097 992 1138 secundum.

401 1188 610 1222 Admonitio
631 1196 680 1222 est
699 1190 741 1222 de
758 1189 910 1222 vitandis
926 1188 1134 1233 corruptelis
1151 1186 1283 1221 doctri—

299 1252 384 1278 nae,
421 1252 459 1272 ac
490 1240 643 1283 piimum
676 1240 874 1282 insignibus
906 1240 1084 1272 xocabulis
1110 1251 1193 1273 usus
1215 1245 1284 1276 est,

301 1288 628 1334 constanza-9511&
647 1289 685 1324 ἐν
710 1288 855 1337 ἀγάπῃ,
903 1289 967 1323 hoc
1000 1297 1067 1330 est,
1111 1289 1283 1323 concinne

300 1342 553 1383 coagmentati,
580 1341 778 1380 coniuncti,
807 1341 960 1384 copulati
979 1341 1013 1372 in
1032 1341 1232 1375 dilectione.

401 1388 649 1436 Π).ηροφορία
677 1391 848 1433 significat
872 1390 1152 1431 Certitudinem‚
1179 1402 1282 1434 supra

301 1444 344 1476 ad
366 1441 562 1475 Romanos:
594 1441 842 1486 Unusquisque
865 1449 978 1474 certus
1001 1443 1043 1474 sit
1069 1443 1104 1474 in
1121 1453 1180 1475 sua
1205 1452 1283 1474 sen-

299 1494 420 1526 tentia.
476 1491 524 1524 lta
543 1489 600 1524 hic
615 1492 717 1531 dicit,
744 1503 778 1524 se
796 1493 1001 1524 confirmare
1017 1491 1220 1531 Ecclesiam,
1246 1497 1285 1524 ut

301 1544 473 1576 certitudo
499 1542 578 1574 fidei
603 1542 647 1575 sit
666 1543 702 1574 in
727 1543 810 1584 ipsis
828 1543 979 1582 firmior,
1008 1543 1088 1586 quia
1108 1543 1191 1574 fides
1210 1553 1282 1574 non

301 1601 352 1626 est
391 1593 594 1633 imaginatio
634 1593 795 1636 ambigua
842 1593 965 1625 similis
1007 1593 1283 1626 academicarum

303 1645 600 1688 disputationum,
638 1644 695 1676 sed
733 1651 867 1687 oportet
906 1655 978 1676 esse
1019 1644 1287 1683 certitudinem,

301 1696 391 1728 sicut
408 1695 538 1727 dicitur
557 1694 592 1726 in
611 1695 831 1727 definitione:
861 1694 966 1727 Fides
985 1702 1032 1728 est
1052 1693 1196 1741 ἔλεγχος
1213 1707 1284 1727 non

300 1746 561 1789 apparentium:
591 1755 622 1777 et
643 1752 764 1778 notum
783 1753 832 1778 est
850 1746 998 1778 dictum:
1026 1744 1097 1787 Qui
1117 1758 1187 1778 non
1211 1758 1283 1779 cre-

301 1798 353 1829 dit
375 1797 410 1828 in
434 1796 565 1833 filium,
592 1796 660 1828 iam
685 1796 857 1829 iudicatus
875 1803 935 1830 est.
991 1795 1092 1830 Item:
1124 1796 1194 1839 Qui
1214 1808 1286 1829 non

301 1847 411 1880 credit
436 1847 472 1878 in
494 1846 621 1884 filium,
649 1854 764 1879 manet
790 1847 839 1879 ira
859 1845 922 1879 Dei
941 1858 1044 1890 super
1062 1859 1152 1881 eum.
1207 1847 1287 1880 Non

301 1905 351 1930 est
369 1905 484 1930 autem
503 1897 676 1930 dubitatio
694 1896 816 1938 Fides,
844 1898 977 1930 etiamsi
998 1898 1097 1931 initia
1114 1899 1192 1931 fidei
1211 1898 1288 1931 lan-

302 1948 408 1991 guida
444 1954 542 1986 sunt,
577 1960 728 1980 crescere
755 1955 871 1980 tamen
903 1949 1101 1982 firmitatem
1129 1955 1288 1992 oportet,

299 1999 389 2032 sicut
413 1998 470 2030 ille
497 1998 600 2041 petit:
637 1997 751 2031 Credo
776 1998 948 2040 Domine,
975 2012 1076 2044 opem
1101 2001 1152 2033 fer
1177 2000 1288 2034 imbe-

303 2049 440 2083 cillitati
465 2061 571 2081 meae.

357 2128 486 2166 Videte
520 2142 563 2165 ne
592 2130 674 2179 quis
705 2128 854 2164 seducat
887 2144 947 2165 cos
977 2145 1040 2179 per
1069 2131 1238 2181 philoso-

685 2178 815 2228 phiam
843 2186 904 2218 etc.

406 2247 499 2282 Ante
523 2248 559 2280 in
586 2260 722 2281 summa
747 2250 920 2293 praecepit
948 2251 990 2283 de
1019 2253 1182 2287 cavendis
1212 2266 1288 2287 cor-

304 2300 471 2343 ruptelis,
501 2311 596 2331 nuuc
616 2299 745 2342 species
760 2300 894 2344 aliquas
912 2311 1082 2342 recenset,
1112 2305 1288 2337 confusio-

305 2362 386 2383 nem
408 2347 651 2394 philosophiae
676 2357 709 2383 et
726 2349 927 2393 Evangelii,
961 2354 1200 2388 ordinationes
1220 2353 1288 2388 hu-

307 2412 448 2439 manas,
473 2401 570 2432 fictos
586 2398 843 2434 enthusiasmos
867 2409 900 2435 et
922 2405 1085 2437 ementita
1111 2406 1288 2439 miracula.

309 2449 367 2485 Ad
392 2448 456 2483 bos
482 2452 605 2483 modos
627 2451 697 2483 sere
723 2452 842 2484 reduci
865 2462 1007 2495 possunt
1032 2468 1151 2488 omnes
1176 2457 1288 2500 impo-

309 2508 445 2541 sturae,
480 2508 517 2532 ut
544 2501 810 2542 samosatenus,
838 2501 1079 2546 Mahometus,
1114 2505 1289 2547 Servetus,

308 2549 544 2585 Thammerus
569 2559 742 2595 quaerunt
767 2551 1047 2598 philosophicam
1072 2558 1290 2591 concinnita-

306 2608 396 2642 tem,
423 2603 603 2645 disputant
626 2598 737 2648 λόγον
763 2615 835 2636 esse
859 2612 995 2639 tantum
1017 2619 1135 2639 vocem
1162 2620 1289 2641 evane-

307 2659 472 2687 scentem.

894 90 1016 129 miii„
1047 89 1160 129 :HF-¹...
1189 89 1395 125 StjfflpTA
1423 88 1723 128 EXEGEHCA.

1038 839 1156 873 Solius
1174 838 1280 873 Chri·
1306 835 1307 839 Ἰ

293 891 336 924 sti
362 891 474 933 passio
493 898 541 923 est
569 886 722 934 λύτρον,
751 889 959 923 afflictiones
991 903 1072 924 vero
1103 889 1280 924 Ecclesiae
1306 894 1307 906 ¹

2214 90 2310 134 1248

733 182 838 224 Quod
867 189 981 214 autem
1008 181 1114 221 dicit,
1149 193 1183 214 se
1207 182 1273 214 im-
1296 182 1300 211 l
1326 193 1425 225 posse
1441 181 1635 214 satisfacere
1655 180 1719 222 legi
1741 179 1824 222 Dei,
1853 189 1885 216 et
1901 183 2122 227 disciplinam
2140 195 2210 217 esse
2231 196 2308 227 per-

1326 233 1448 266 sectam
1477 232 1716 276 impletionem
1744 231 1827 275 legis
1847 239 1877 265 ct
1898 233 2087 274 iusticiam,
2114 248 2180 279 qua
2203 233 2309 267 homo

1327 295 1442 316 coram
1463 282 1536 316 Deo
1555 283 1666 315 iustus
1681 282 1744 319 sit,
1773 280 1837 316 hoc
1856 291 1926 323 est,
1956 285 2094 327 placens
2109 285 2182 317 Deo
2201 293 2232 318 et
2250 297 2307 318 ac-

1328 341 1447 377 ceptus
1471 335 1512 366 ad
1545 334 1649 366 vitam
1675 339 1863 369 aeternam.
1918 333 2010 368 Haec
2043 343 2121 369 sunt
2153 334 2309 380 philoso-

1329 383 1450 429 phica,
1480 390 1510 416 et
1535 384 1716 429 quaeritur
1737 385 1968 420 concinnitas.

1429 434 1613 468 Secundus
1630 435 1753 466 modus
1774 434 2046 479 imposturarum
2067 444 2114 470 est
2134 436 2208 469 sine
2229 448 2310 469 eru-

1329 485 1482 525 ditione,
1510 485 1669 517 videlicet
1697 492 1919 518 externorum
1947 487 2075 519 ritnutn
2096 494 2128 520 et
2152 494 2311 530 gestuum

1329 537 1414 570 falsa
1435 536 1730 574 accommodatio,
1758 536 1816 580 qui
1836 543 1950 569 tamen
1971 538 2122 580 primum
2145 538 2226 570 inde
2243 537 2313 571 orti

1331 593 1430 626 sunt,
1473 588 1565 631 qnod
1599 598 1736 619 necesse
1762 595 1809 620 est
1837 588 1871 620 in
1902 589 1969 620 vita
1996 599 2065 620 esse
2090 588 2251 620 ordinem
2279 596 2314 623 et

1331 638 1447 681 aliqua
1478 637 1652 670 exercitia.
1707 635 1771 669 His
1802 646 1916 680 postea
1949 639 2121 680 affingunt
2153 636 2313 672 homines

1332 689 1536 732 opinionem
1562 688 1716 720 iusticiae
1743 695 1771 720 et
1802 689 1936 728 meriti,
1971 696 2005 722 et
2028 689 2140 722 cultus
2157 688 2239 730 Dei,
2266 689 2314 722 si-

1304 783 1307 789 1
1333 746 1388 772 cut
1416 750 1544 771 nomen
1570 739 1853 782 superstitionem
1879 739 1960 772 inde
1982 740 2099 773 factun
2125 746 2192 781 est,
2218 740 2314 785 quod

1333 790 1375 823 sit
1393 789 1578 821 immodica
1597 789 1779 821 assiduitas
1799 789 1833 821 in
1853 790 1989 824 ritibus.
2043 789 2122 823 Huc
2139 791 2314 834 pertinent

1333 840 1422 873 ritus
1450 836 1722 878 monachorum,
1757 840 1958 874 discrimina
1986 841 2164 879 ciborum,
2206 841 2314 874 coeli-

1333 892 1454 928 batus,
1480 887 1738 936 βαττολογιάι,
1775 897 1806 923 et
1831 892 1988 923 omnium
2015 891 2170 934 gentium
2194 903 2316 936 super-

1334 942 1504 976 stitiones.
1559 939 1662 973 Unde
1680 948 1710 973 et
1737 941 1844 973 multa
1867 941 1959 974 idola
1981 949 2054 974 orta
2081 949 2113 975 et
2137 942 2312 975 cumulata

1334 999 1432 1031 sunt,
1465 990 1593 1024 milites
1618 997 1789 1034 quaerunt
1818 1003 1949 1024 numen
1976 999 2068 1024 certo
2096 992 2185 1032 ritu,
2220 994 2314 1037 quod

1335 1043 1528 1087 opituletur
1553 1041 1590 1073 in
1619 1041 1727 1073 bello:
1763 1042 1926 1074 mulieres
1948 1049 2122 1086 quaerunt
2147 1043 2315 1076 auxilium

1336 1095 1372 1127 in
1391 1100 1511 1137 partu,
1539 1092 1617 1125 ideo
1636 1098 1769 1125 statuae
1789 1091 1952 1133 Iunonis,
1986 1092 2111 1126 Annae
2128 1099 2191 1127 etc.
2216 1106 2317 1127 exco-

1336 1145 1460 1188 gitatae
1484 1149 1575 1178 sunt.

1440 1194 1479 1228 ln
1504 1191 1559 1226 his
1585 1193 1722 1226 dnobus
1745 1193 1857 1225 modis
1876 1200 1988 1236 peccat
2009 1194 2116 1234 ratio,
2148 1206 2318 1238 quaerens

1337 1245 1450 1280 Deum
1469 1245 1545 1278 sine
1562 1244 1687 1282 verbo,
1712 1251 1770 1277 aut
1790 1244 1884 1277 intus
1904 1245 2131 1288 disputando,
2158 1252 2217 1280 aut
2233 1245 2318 1279 foris

1335 1298 1428 1330 male
1452 1296 1751 1329 accommodando
1778 1303 1892 1336 gestus
1919 1303 1951 1329 et
1975 1308 2090 1339 opera.

1439 1346 1582 1380 Tertius
1606 1346 1730 1378 modus
1758 1352 1806 1378 est
1825 1353 1885 1379 aut
1909 1346 2133 1391 impudenter
2155 1345 2317 1380 simulata

1338 1398 1490 1437 vanitas,
1514 1404 1573 1430 aut
1598 1396 1770 1429 diabolica
1795 1396 1926 1431 illusio.
1982 1397 2089 1430 Multi
2113 1396 2205 1429 enim
2230 1397 2317 1431 falso

1339 1449 1495 1482 iactitant
1529 1444 1801 1486 enthusiasmos,
1834 1454 1871 1481 nt
1897 1447 2148 1491 Anabaptistae
2174 1447 2317 1491 plurimi

1337 1497 1392 1532 his
1419 1497 1607 1531 mendaciis
1631 1508 1664 1529 se
1693 1497 1890 1531 venditant:
1923 1505 1982 1530 aut
2006 1504 2084 1530 sunt
2113 1498 2316 1541 praestigiae

1338 1549 1548 1588 diabolicae,
1582 1554 1620 1580 ut
1645 1554 1677 1580 et
1699 1547 1807 1579 multa
1833 1548 1916 1580 falsa
1943 1549 2109 1581 miracula
2129 1560 2147 1580 a
2166 1549 2317 1582 diabolis

1339 1600 1445 1638 fiunt,
1474 1605 1505 1630 et
1530 1609 1629 1640 saepe
1647 1604 1778 1640 spectra
1799 1609 1870 1630 sese
1887 1598 1997 1631 oculis
2021 1596 2204 1630 hominum
2230 1599 2317 1632 offe-

1339 1657 1430 1683 runt.
1493 1647 1557 1682 Est
1577 1655 1691 1680 autem
1718 1645 1784 1680 hoc
1813 1648 1890 1681 loco
1915 1648 2123 1682 vocabulum
2150 1650 2319 1696 συλαγω-

1339 1703 1437 1748 γῶν,
1467 1700 1561 1744 quod
1579 1698 1748 1741 significat
1765 1699 1941 1742 captivum
1962 1700 2134 1732 adducere
2152 1707 2317 1744 tanquam

1341 1752 1517 1796 praedam.
1571 1749 1659 1782 Nam
1689 1750 1806 1783 σκῦλα
1832 1750 2028 1793 significant
2052 1749 2190 1794 Spolia,
2235 1751 2318 1784 inde

1341 1810 1389 1836 est
1414 1804 1506 1836 σῦλα
1534 1812 1603 1833 una
1627 1800 1726 1833 litera
1752 1800 1887 1833 detrita.
1941 1800 2039 1834 lubet
2061 1801 2168 1844 igitur
2186 1813 2319 1841 cavere,

1341 1866 1384 1886 ne
1400 1852 1616 1896 decipiamur
1635 1851 1703 1883 illis
1724 1851 1853 1892 modis,
1880 1852 1922 1883 de
1947 1852 2076 1896 quibus
2099 1863 2161 1884 nos
2186 1860 2315 1896 monet,

1341 1911 1372 1938 et
1388 1904 1491 1937 simul
1515 1902 1683 1945 significat
1701 1902 1861 1944 deceptos
1878 1909 1909 1935 et
1929 1903 2033 1935 simul
2051 1902 2204 1935 irretitos
2223 1904 2317 1937 velut

1341 1955 1497 1999 captivos
1522 1952 1651 1992 teneri,
1688 1964 1752 1985 nec
1778 1953 1878 1986 facile
1910 1953 2070 1992 liberari,
2111 1953 2199 1986 sicut
2231 1954 2317 1988 alibi

1341 2006 1475 2050 inquit,
1516 2016 1535 2037 a
1575 2003 1718 2037 diabolo
1760 2010 1893 2037 mentes
1934 2004 2124 2048 impiorum
2167 2005 2320 2048 captivas

1343 2056 1466 2090 teneri.

1442 2105 1494 2140 De
1520 2104 1633 2149 primo
1657 2110 1772 2137 autem
1801 2106 1906 2138 modo
1931 2105 2041 2138 sciant
2064 2105 2220 2141 iuniores
2247 2120 2320 2143 non

1341 2157 1499 2190 damnari
1545 2167 1661 2188 veram
1695 2153 1953 2198 philosophiam
1988 2164 2187 2191 manentem
2227 2159 2318 2194 intra

1342 2219 1420 2241 suas
1443 2213 1569 2246 metas,
1611 2206 1668 2238 sed
1693 2206 1851 2239 damnari
1877 2206 2116 2240 confusionem
2141 2210 2319 2244 doctrina-

1342 2271 1438 2299 rum,
1476 2270 1554 2291 cum
1586 2254 1807 2300 philosophia
1835 2257 1979 2290 docetur
2011 2269 2075 2301 pro
2106 2257 2319 2304 Evangelio,

1342 2310 1437 2356 quod
1465 2315 1513 2342 est
1543 2308 1732 2340 revelatum
1759 2314 1793 2340 et
1826 2314 1874 2340 est
1903 2315 1995 2340 extra
2027 2315 2164 2352 captum
2191 2308 2319 2345 huma·
2351 2335 2362 2353 ἴ

1341 2372 1444 2399 num,
1477 2371 1537 2392 seu
1555 2370 1633 2391 cum
1651 2355 1881 2401 Evangelium
1899 2358 2166 2393 transformatur
2183 2361 2219 2394 in
2239 2360 2318 2406 phi-

1342 2407 1555 2454 losophiam,
1583 2416 1621 2442 ut
1646 2420 1757 2441 crasse
1780 2409 1912 2443 faciunt
1938 2407 2116 2452 Pelagiani
2142 2417 2174 2443 et
2195 2425 2317 2448 mona-

1343 2459 1420 2501 chi,
1454 2460 1514 2505 qui
1539 2460 1713 2492 finxerunt
1737 2456 1899 2492 homines
1924 2471 2022 2503 posse
2044 2460 2110 2503 legi
2136 2459 2199 2495 Dei
2218 2465 2318 2498 satis-

1343 2512 1472 2551 facere,
1517 2517 1548 2543 et
1573 2508 1663 2543 hanc
1687 2510 1964 2555 qualemcunque
1995 2510 2215 2554 disciplinam
2247 2527 2319 2549 esse

1344 2563 1529 2605 perfectam
1563 2561 1801 2604 impletionem
1831 2560 1932 2603 legis,
1974 2567 2006 2593 et
2037 2563 2161 2595 mereri
2195 2567 2316 2599 remis.

1343 2613 1476 2646 sionem
1497 2619 1733 2655 peccatorum,
1761 2617 1793 2643 et
1816 2622 1888 2643 esse
1905 2611 2075 2644 iusticiam
2089 2638 2098 2652 ,
2125 2625 2192 2657 qua
2211 2613 2321 2651 homo'

533 2650 694 2695 Pelagius
718 2659 751 2687 et
771 2653 936 2688 monachi
960 2657 1084 2692 dicunt
1110 2655 1289 2693 hominem
1343 2663 1387 2696 sit
1415 2663 1524 2697 iustus
1546 2674 1660 2695 coram
1681 2660 1776 2700 Deo,
1805 2661 1944 2705 placens
1959 2660 2033 2695 Deo
2053 2669 2084 2696 et
2100 2672 2261 2709 acceptus
2273 2668 2316 2701 ad
2336 2702 2339 2703 γ
2380 2647 2387 2685 ¹¹
