2415 2942
0 121 6 158 “;
21 119 69 155 46
77 121 94 155 t

296 198 517 240 Syllogt'smus
549 197 737 236 negativus.

129 262 274 297 Mortua
297 268 424 294 natura
449 271 522 293 non
545 266 596 293 est
620 257 754 292 efficax:

131 313 243 347 Vetus
260 319 385 346 natura
404 311 441 343 in
459 310 558 344 vobis
577 315 627 343 est
643 314 792 343 mortua.

31 373 86 400 tus
101 363 209 399 homo
227 363 412 397 crucifixus
427 368 476 395 est
491 373 569 394 cum
585 357 747 394 Christo:

181 413 275 458 Ergo
291 421 389 448 vetus
405 419 530 446 natura
552 412 589 444 in
606 410 707 443 vobis
730 420 802 442 non
819 409 923 442 debet
941 418 1013 441 esse

34 468 163 502 efficax.

845 306 935 340 Nam
954 318 1015 339 ve-

274 521 492 563 Sylloge'smus
521 517 767 560 affirmativus,

134 576 234 610 Nova
252 583 376 610 natura
395 575 496 608 debet
515 571 644 606 habere
659 582 772 605 novos
788 570 938 604 fructus:

140 627 214 660 Vos
233 639 305 660 non
321 632 456 660 tantum
474 624 605 657 mortui
623 623 721 662 estis,
755 622 813 654 sed
840 621 943 654 etiam
962 619 1015 652 vi-

32 679 160 712 vificati
178 690 256 711 cum
273 675 431 716 Christo,
454 675 544 708 utin
562 685 653 708 nova
671 674 742 706 vita
760 671 964 705 ambuletis:

186 727 280 772 Ergo
294 727 434 773 vdebetis
451 737 561 759 novos
579 726 714 759 fructus
735 723 860 757 afferre
877 729 910 756 et
926 723 1016 755 bene

33 780 180 826 operari.

132 829 300 874 Epilogus
333 835 393 863 est.
449 826 530 860 Non
565 837 645 869 ergo
675 831 795 869 regnet
821 830 1014 869 peccatum.

32 881 198 915 Continet
223 887 337 913 autem
363 875 665 918 adhortationem,
701 877 894 910 miscentur
920 874 1014 907 enim

32 931 327 976 disputationibus
352 929 529 963 interdum
549 929 617 961 loci
639 927 797 961 suasorii.
848 924 1015 970 Proposi-

32 983 80 1016 tio
108 989 157 1016 est
183 981 326 1026 epilogi:
355 980 436 1013 Non
451 986 570 1022 regnet
586 985 764 1023 peccatum
783 984 846 1012 etc.

134 1029 347 1079 Αἲτιολογία
373 1031 491 1064 addita
516 1036 565 1063 est
585 1042 601 1062 a
620 1029 801 1072 possibili,
827 1039 887 1061 seu
911 1024 1015 1067 sacili,

35 1084 115 1129 quia
156 1089 335 1127 peccatum
372 1093 444 1114 non
479 1081 723 1113 dominabitur
755 1079 868 1112 vobis.
921 1076 1015 1120 Ergo

34 1134 175 1179 potestis
193 1134 263 1166 iam
281 1134 370 1166 bene
388 1131 537 1176 operari.
581 1129 829 1164 Antecedentis
846 1129 1015 1161 sententia

35 1193 98 1220 est.
149 1183 296 1217 Habetis
321 1183 389 1215 iam
412 1182 643 1215 conscientias
668 1188 777 1214 certas
804 1181 846 1213 de
862 1178 928 1212 Dei
954 1180 1016 1212 be-

37 1234 254 1269 nevolentia:
283 1234 387 1268 Certo
415 1233 509 1265 scitis
526 1231 640 1265 Deum
666 1232 766 1265 vobis
790 1231 929 1270 adesse,
955 1241 1016 1261 vos

37 1286 216 1320 adiuvare.
284 1283 365 1316 Non
397 1284 566 1316 absterret
597 1294 658 1315 vos
691 1287 894 1326 peccatum,
934 1279 1016 1324 quia

39 1337 275 1371 condonatum
303 1341 363 1367 est.
419 1333 476 1366 Ad
499 1331 583 1366 haec
606 1345 678 1366 non
704 1331 809 1365 habet
832 1331 943 1370 vires,
978 1336 1017 1363 ut

35 1388 78 1420 ad
95 1387 185 1419 mala
204 1396 307 1428 opera
324 1384 434 1427 rapiat
454 1395 530 1422 eos,
556 1384 616 1428 qui
632 1396 650 1416 a
667 1382 802 1426 Spiritu
818 1387 936 1415 sancto
954 1392 1017 1424 gu—

36 1439 241 1471 bernantur.
284 1434 426 1467 Fortior
441 1441 490 1467 est
505 1432 666 1467 Christus
678 1460 686 1474 ‚
704 1445 807 1478 qnam
825 1438 1017 1476 peccatum.

137 1487 267 1520 Paulus
279 1483 479 1530 probathoc
489 1485 696 1518 antecedens
714 1482 768 1517 his
778 1483 908 1516 verbis:
937 1482 1017 1516 Non

36 1540 116 1574 estis
133 1538 197 1571 sub
215 1537 308 1580 lege,
325 1537 384 1569 sed
401 1536 466 1569 sub
485 1535 591 1578 gratia
603 1561 615 1579 ,
642 1534 735 1578 Ergo
750 1540 928 1579 peccatum
945 1545 1017 1566 non

37 1588 280 1625 dominabitur
316 1587 426 1620 vobis.
480 1586 760 1631 Consequentiae
801 1585 890 1618 ratio
933 1590 1020 1617 esset

40 1643 206 1679 obscura,
240 1639 266 1670 si
292 1644 427 1670 tantum
455 1637 604 1674 diceret,
640 1649 714 1668 non
739 1636 820 1669 estis
842 1635 907 1668 sub
934 1635 1018 1677 lege.

40 1692 143 1725 Nunc
168 1689 248 1734 quia
276 1688 386 1720 addit:
416 1686 483 1720 Sed
510 1687 574 1719 sub
598 1687 728 1729 gratia,
755 1686 867 1719 facilis
889 1692 940 1719 est
964 1686 1020 1717 in-

40 1742 197 1776 tellectu:
234 1750 313 1770 nam
340 1738 404 1771 sub
429 1737 538 1780 gratia
562 1749 652 1775 esse,
681 1743 730 1771 est
752 1735 882 1770 habere
904 1735 1020 1769 Deum

40 1794 234 1837 placatum,
263 1788 499 1829 defensorem,
526 1788 736 1821 adiutorem.
789 1787 822 1820 Is
839 1798 912 1820 non
932 1787 1023 1820 sinet

39 1855 102 1877 nos
120 1855 137 1875 a
154 1846 293 1886 peccato
311 1839 416 1872 vinci.

349 1918 504 1949 Secunda
526 1921 711 1958 occupatio.

139 1974 183 2009 Et
207 1981 342 2013 tamen,
377 1973 458 2017 quia
484 1973 611 2005 excidit
639 1972 669 2004 ei
695 1982 785 2004 nova
809 1983 876 2004 vox
901 1976 933 2003 et
960 1970 1022 2002 ab-

41 2028 143 2061 surda
169 2026 205 2058 in
231 2024 397 2068 speciem:
425 2023 506 2056 Non
526 2023 606 2056 estis
629 2023 695 2056 sub
718 2022 811 2068 lege,
837 2022 918 2054 ideo
936 2033 1022 2065 pau-

42 2080 147 2121 lisper
163 2077 200 2108 in
220 2086 258 2107 ea
276 2074 466 2106 mollienda
492 2081 748 2113 commoratur,
776 2073 980 2117 priusquam
1003 2083 1022 2104 a

42 2127 256 2171 digressione
272 2125 315 2157 ad
332 2125 529 2157 institutum
546 2125 674 2157 redeat.
729 2121 865 2157 Omnes
882 2123 1022 2167 sapien·

42 2189 91 2214 tes
117 2177 203 2217 viri,
247 2186 368 2208 omnes
393 2175 452 2220 qui
478 2181 598 2207 tenent
624 2175 855 2219 respublicas,
901 2185 1022 2206 omues

42 2230 116 2264 sani
135 2227 293 2261 homines
309 2237 436 2267 magno
461 2236 633 2259 consensu
650 2225 807 2259 iudicant
824 2222 1022 2258 humanum

42 2291 148 2324 genus
170 2277 312 2311 interire
332 2283 509 2319 oportere,
531 2276 598 2308 nisi
619 2276 754 2318 legibus
771 2276 1021 2309 contineretur.

42 2334 160 2375 Itaque
190 2327 273 2361 haec
299 2327 483 2361 tribunitia
508 2339 589 2359 vox:
634 2325 715 2360 Non
743 2326 822 2360 estis
846 2327 911 2359 sub
936 2326 1022 2369 lege,

44 2383 181 2414 videtur
206 2378 349 2421 indigna
376 2390 447 2411 esse
476 2379 570 2411 bono
600 2378 695 2418 viro,
740 2384 773 2410 et
801 2377 964 2410 seditiosa
989 2383 1022 2410 et

45 2442 186 2475 prorsus
210 2430 456 2464 intolerabilis,
518 2428 649 2461 Paulus
675 2428 810 2471 egregie
835 2428 1022 2461 satisfaciet

47 2482 178 2516 lectori.
229 2479 297 2514 Sed
334 2491 394 2523 ego
429 2492 569 2525 quoque
595 2479 712 2513 obiter
743 2479 828 2512 duxi
857 2479 1020 2512 lectorem

43 2532 258 2567 monendum
277 2542 365 2571 esse,
391 2529 540 2564 Paulum
559 2527 617 2563 hic
639 2529 738 2575 loqui
757 2530 799 2563 de
816 2530 906 2573 lege,
933 2541 1022 2573 qua—

43 2594 144 2618 tenus
167 2594 203 2615 ea
231 2593 398 2614 conamur
427 2581 554 2614 mereri
585 2581 758 2615 iusticiam
789 2592 905 2613 coram
934 2578 1021 2616 Deo.

42 2636 95 2670 De
114 2632 234 2677 politia
255 2629 345 2664 nihil
362 2629 418 2665 hic
434 2632 537 2673 dicit,
563 2644 669 2678 quam
686 2632 778 2665 infra
794 2631 1020 2675 amplissimis

43 2685 207 2720 laudibus
230 2682 379 2718 ornavit.
428 2682 518 2718 Nam
535 2680 768 2728 Evangelium
790 2682 891 2717 nullo
917 2682 1020 2717 modo

328 114 428 151 Xlll.
463 115 495 151 1.
524 109 921 149 ANNOTATIONES
948 110 1000 146 IN
1034 108 1189 147 EPIST.
1225 107 1371 146 PAULI
1400 107 1466 144 AD
1491 106 1751 145 ROMANOS.

1982 107 2055 144 462

1068 195 1213 241 dissipat
1230 196 1387 239 politias,
1416 197 1475 230 sed
1494 197 1645 229 maxime
1663 195 1777 229 munit
1794 205 1866 236 eas,
1894 201 1927 229 et
1952 207 2053 238 prae-

1067 248 1152 291 cipit
1174 247 1294 280 civiles
1313 248 1554 281 ordinationes
1571 247 1732 289 religiose
1750 258 1899 281 servare.
1954 245 2053 278 Tan-

1066 304 1142 330 turn
1179 295 1245 330 hoc
1282 299 1403 338 docet,
1443 310 1517 331 non
1549 298 1729 331 iustificari
1762 308 1827 330 nos
1861 297 1922 330 illa
1956 296 2053 329 civili

1066 347 1204 380 iusticia
1224 360 1341 381 coram
1357 348 1443 384 Deo.
1497 348 1566 382 Sed
1593 349 1696 381 venio
1719 349 1763 381 ad
1780 348 1882 382 Pauli
1906 359 2054 391 respon-

1067 399 1212 431 sionem.

1169 448 1266 490 Quid
1300 449 1349 482 ais
1378 448 1509 482 Paule?
1549 449 1587 482 Si
1616 462 1688 482 non
1724 461 1844 482 sumus
1877 450 1941 482 sub
1968 450 2052 492 lege,

1068 510 1149 542 ergo
1173 499 1351 532 licentiam
1379 501 1439 532 das
1463 500 1654 543 peccandi?
1698 499 1756 533 Sic
1780 500 1874 532 enim
1901 502 2057 532 mundus

1068 550 1235 592 intelligit
1262 551 1346 592 legis
1365 550 1638 593 abrogationem.
1692 548 1770 582 Hoc
1795 551 1870 583 loco
1889 550 2056 584 Dialecti-

1068 613 1127 634 cus
1152 600 1301 645 requirit
1325 601 1586 641 definitionem,
1618 600 1703 645 quid
1727 601 1771 633 sit
1796 601 1879 644 legis
1903 602 2056 643 abroga-

1068 652 1136 692 tio,
1179 659 1297 684 utrum
1339 652 1383 684 sit
1425 652 1616 684 concedere
1660 651 1836 683 licentiam
1880 651 2058 695 peccandi.

1068 702 1198 736 Paulus
1230 709 1333 745 negat
1361 702 1504 735 concedi
1529 701 1707 735 licentiam
1739 703 1918 745 peccandi.
1989 700 2059 734 Sed

1067 754 1165 786 addit
1201 753 1475 786 confutationem
1506 752 1714 786 obiectionis
1739 759 1887 786 sumtam
1918 765 1991 785 non
2019 764 2058 784 ex

1068 804 1273 837 definitione
1289 829 1297 842 ‚
1332 816 1452 836 verum
1477 816 1516 836 ex
1540 804 1820 837 circumstantia:
1848 803 1989 846 Quibus
2015 803 2059 836 sit

1067 855 1232 898 abrogata
1264 855 1329 888 lex.
1400 854 1588 897 Privilegia
1622 854 1717 886 enim
1746 867 1820 887 non
1860 855 1902 887 ad
1936 865 2057 887 omnes

1068 906 1263 950 pertinent,
1300 906 1359 938 sed
1382 906 1424 938 ad
1448 912 1557 938 certas
1582 917 1758 949 personas.
1833 904 1884 938 Ita
1914 906 2059 938 libertas

1069 957 1220 1001 pertinet
1248 969 1321 989 non
1348 958 1391 989 ad
1417 957 1565 1000 impios,
1592 957 1652 989 sed
1674 957 1715 988 ad
1737 956 1858 991 iustos.
1920 955 2057 989 Interea

1069 1008 1232 1041 voluntas
1254 1006 1319 1040 Dei
1350 1014 1417 1044 est,
1452 1014 1490 1040 ut
1522 1007 1622 1050 impii
1648 1009 1893 1046 coerceantur,
1930 1013 1963 1040 et
1987 1006 2060 1039 sint

1041 1060 1043 1072 “
1068 1059 1142 1101 lege
1159 1066 1324 1103 tanquam
1342 1070 1477 1091 carcere
1494 1058 1593 1102 septi.

1273 1138 1341 1174 Ex
1367 1139 1644 1174 circumstantia
1653 1166 1662 1180 ,
1691 1138 1848 1187 Quibus,

1170 1208 1421 1253 Unusquisque
1461 1209 1688 1254 obtemperat·
1733 1209 1809 1250 illi,
1861 1209 1962 1243 cuius
2005 1215 2057 1243 est

1225 1271 1360 1291 servus:

1170 1309 1244 1342 Vos
1266 1311 1346 1343 estis
1370 1310 1460 1342 servi
1479 1310 1653 1343 iusticiae:

1223 1358 1317 1403 Ergo
1336 1361 1463 1394 debitis
1483 1361 1642 1394 iusticiae
1659 1361 1914 1405 obtemperare.

1171 1409 1349 1444 Minorem
1368 1412 1546 1444 confirmat
1567 1424 1605 1444 ex
1624 1419 1747 1445 natura
1768 1414 2022 1457 oppositorum,

1174 1462 1247 1494 Vos
1266 1463 1416 1495 desiistis
1434 1475 1504 1495 esse
1521 1463 1610 1494 servi
1629 1464 1775 1506 peccati:

1228 1511 1323 1556 Ergo
1341 1514 1421 1545 estis
1440 1514 1531 1546 servi
1554 1513 1722 1547 iusticiae.
1753 1512 1797 1547 Ut
1816 1514 1844 1547 si
1862 1514 1940 1558 quis
1957 1524 2061 1556 argu-

1072 1570 1264 1597 mentetur:
1303 1563 1486 1596 Tenebrae
1515 1565 1633 1607 pulsae
1664 1572 1764 1605 sunt,
1800 1577 1880 1607 ergo
1912 1565 1971 1598 lux
1999 1571 2061 1599 est.

1072 1615 1225 1659 Reliqua
1249 1614 1362 1647 oratio
1395 1615 1431 1646 in
1458 1612 1523 1647 ltoc
1558 1615 1668 1657 capite
1695 1622 1744 1648 est
1771 1616 1920 1648 minoris
1953 1627 2061 1659 expo·-

1074 1666 1166 1699 litio.
1235 1664 1322 1698 Nam
1356 1665 1476 1698 multis
1507 1665 1622 1698 verbis
1656 1666 1834 1703 declarat,
1881 1666 2059 1712 quomodo

1073 1717 1205 1750 suerint
1246 1716 1338 1748 servi
1378 1716 1509 1759 peccati
1525 1743 1534 1756 ,
1586 1717 1706 1760 quales
1749 1717 1882 1750 fuerint
1930 1717 2061 1761 peccati

1074 1768 1226 1805 fructus,
1254 1779 1343 1811 quae
1359 1779 1492 1810 poenae
1510 1775 1689 1810 peccatum
1705 1775 1907 1812 sequantur.
1973 1767 2061 1801 Item

1076 1818 1195 1862 quales
1241 1830 1335 1850 nunc
1387 1830 1507 1861 parere
1554 1818 1686 1852 fructus
1730 1819 1880 1852 debeant
1896 1846 1905 1858 ‚
1965 1826 2061 1862 post-

1076 1881 1182 1914 quam
1221 1877 1441 1911 agnoverunt
1473 1866 1667 1902 Christum.
1750 1868 1813 1903 Est
1853 1876 1968 1903 autem
2005 1870 2061 1901 in-

1076 1920 1139 1952 sita
1170 1920 1341 1964 quaedam
1370 1919 1561 1953 correctio:
1607 1919 1812 1953 Humanum
1837 1920 1928 1955 dico.
1997 1919 2061 1952 vi-

1076 1972 1134 2004 det
1169 1970 1263 2003 enim
1289 1969 1418 2003 Paulus
1450 1971 1641 2003 desiderari
1668 1971 1932 2011 definitionem,
1975 1971 2061 2015 quid

1077 2021 1120 2054 sit
1137 2021 1221 2064 legis
1236 2021 1434 2064 abrogatio:
1461 2020 1567 2054 Yidet
1583 2033 1616 2053 se
1633 2028 1768 2055 tanturn
1785 2023 1940 2055 suasorio
1957 2033 2062 2064 argu—

1077 2079 1195 2105 mento
1229 2072 1302 2112 uti,
1346 2084 1425 2105 cum
1457 2072 1596 2115 longior
1627 2073 1819 2116 disputatio
1850 2074 2061 2117 requiratur.

1075 2122 1144 2156 Sed
1169 2129 1207 2156 ut
1236 2129 1404 2166 temperet
1427 2135 1460 2155 se
1481 2125 1523 2155 ad
1547 2130 1686 2166 captum
1707 2124 1864 2164 lectoris,
1899 2124 2061 2157 consulto

1074 2174 1163 2216 sugit
1185 2173 1406 2206 subtiliorem
1426 2174 1709 2217 disputationem.
1764 2174 1808 2207 Et
1828 2182 1945 2207 tamen
1970 2175 2062 2207 inte-

1079 2225 1147 2257 rim
1167 2225 1204 2257 in
1230 2221 1295 2257 hoc
1315 2225 1473 2257 suasorio
1501 2232 1706 2267 argumento
1731 2232 1830 2268 urget
1855 2223 1940 2265 hoc,
1966 2226 2061 2270 quod

1076 2276 1160 2308 solis
1185 2276 1380 2309 justificatis
1407 2276 1460 2307 lex
1483 2276 1525 2308 sit
1550 2276 1727 2318 abrogata.
1781 2275 1829 2309 Et
1853 2276 2064 2316 subindicat,

1076 2327 1161 2370 quid
1180 2327 1223 2359 sit
1240 2326 1325 2368 legis
1343 2326 1534 2369 abrogatio.
1590 2325 1671 2358 Non
1689 2333 1738 2360 est
1756 2327 1849 2359 enim
1870 2328 2063 2360 concedere

1076 2377 1243 2420 peccandi
1267 2378 1462 2418 licentiam,
1489 2377 1549 2409 sed
1567 2374 1696 2409 habere
1716 2377 1909 2417 iusticiam,
1938 2379 2062 2411 remis-

1076 2428 1209 2460 sionem
1233 2436 1474 2471 peccatorum,
1510 2424 1639 2459 habere
1667 2428 1916 2462 conscientiam
1943 2441 2062 2462 coram

1075 2476 1151 2511 Deo
1181 2486 1337 2521 pacatam
1363 2486 1395 2512 et
1419 2477 1668 2522 tranquillam,
1701 2480 1797 2512 unde
1826 2479 1881 2519 fit,
1909 2492 1952 2512 nc
1983 2481 2062 2513 abs-

1073 2530 1185 2563 territi
1204 2529 1315 2563 Deum
1331 2529 1468 2572 fugiant
1486 2535 1518 2562 et
1537 2529 1697 2569 oderint,
1725 2531 1784 2563 sed
1803 2531 1952 2573 diligant
1969 2538 2000 2564 et
2016 2531 2061 2563 ab

1075 2591 1115 2613 eo
1141 2587 1322 2625 expectent
1346 2579 1466 2613 omnia
1491 2579 1602 2618 bona,
1630 2587 1663 2614 et
1680 2581 1712 2613 ei
1731 2581 1857 2625 cupide
1883 2582 2063 2625 obtempe-

1074 2638 1164 2666 rent,
1219 2630 1351 2665 Contra
1377 2641 1448 2663 esse
1475 2630 1541 2663 sub
1563 2630 1658 2673 lege,
1687 2638 1738 2665 est
1762 2644 1781 2665 a
1805 2632 1878 2674 lege
1900 2632 2064 2671 co'e'rceri,

1074 2682 1228 2716 accusari
1246 2688 1279 2717 et
1297 2681 1545 2716 condemnari:
1579 2679 1672 2717 Odit
1693 2689 1810 2717 autem
1833 2682 2004 2716 iudicium
2031 2689 2064 2716 et
