2415 2942
286 112 360 147 959

393 195 538 229 Necesse
556 200 604 227 est
623 194 712 227 ferre
730 193 857 226 multas
873 205 1078 231 aerumnas,

395 245 487 287 Ergo
512 245 677 287 patientia
704 251 821 277 nostra
850 251 899 276 est
917 245 1081 276 meritum
1110 243 1199 276 ritae
1224 256 1280 276 ae-
1309 245 1311 250 ’

294 307 420 330 ternae.
482 294 640 329 Debetur
663 295 756 328 enim
789 294 988 327 obedientia
1019 302 1160 338 propter
1184 296 1281 327 ordi-

297 358 375 379 nem
402 360 418 378 a
444 344 516 378 Deo
537 347 727 383 sancitum,
761 357 831 377 nou
856 345 937 389 quia
964 345 1008 377 sit
1033 345 1201 388 pretium:
1232 344 1282 378 Ac

297 400 475 429 donantur
500 397 652 428 credenti
680 396 838 428 remissio
860 402 1100 438 peccatorum,
1130 395 1282 438 Spiritus

300 456 457 484 sanctus,
473 453 506 479 et
525 445 720 480 haereditas
740 447 830 479 vitae
848 453 1027 486 aeternae,
1045 445 1166 479 Gratis
1179 473 1187 485 ,
1204 459 1283 489 pro-

300 506 374 542 pter
396 498 519 530 titium.

401 547 467 580 llic
500 558 620 580 rursus
655 546 924 580 considerentur
954 559 1093 587 causae,
1144 555 1286 590 propter

300 610 384 644 quas
409 598 498 630 Deus
522 599 594 630 vult
617 596 803 631 Ecclesiam
825 599 859 630 in
877 596 940 630 hac
961 598 1098 630 mortali
1118 598 1185 630 vita
1204 599 1285 630 sul)-

302 650 422 682 iectau·
454 660 525 681 esse
549 648 662 687 cruci,
686 646 746 680 has
770 661 872 693 saepe
891 649 1094 681 recitamus:
1124 649 1203 680 ideo
1230 646 1286 680 hie

302 700 455 733 breviter
473 710 528 731 eas
547 700 736 733 annotabo.

403 750 519 782 Prima
541 757 608 786 est„
630 749 711 793 quia
730 755 843 781 manet
865 755 1041 791 peccatum
1071 749 1107 780 in
1133 746 1197 781 liae
1220 749 1286 780 nti-

300 813 374 834 sera
412 807 534 833 natura
571 799 675 832 etiam
710 806 787 842 post
816 801 1109 840 couversionem,
1145 806 1287 832 manent

301 852 408 895 igitur
430 862 522 883 mors
543 856 574 882 et
591 850 678 881 aliae
696 849 920 884 calamitates.

405 900 565 934 Secunda
597 912 696 933 causa
722 908 789 942 est,
831 899 974 933 Diaboli
1007 899 1181 933 rabiosius
1214 912 1288 932 sae-

301 953 402 984 viunt
413 952 448 983 in
461 949 662 990 Ecclesiam,
673 963 776 995 quam
789 951 824 983 in
837 951 923 984 alios
935 948 1104 992 homines,
1117 950 1228 986 Gene.
1238 951 1288 986 3.:

299 1003 432 1036 Ponam
456 1001 655 1033 inimicitias
670 1009 732 1035 etc.

404 1052 548 1091 Tertia,
580 1051 694 1085 [labet
719 1051 871 1084 Ecclesia
898 1052 1008 1085 multa
1033 1051 1183 1086 actualia
1208 1064 1287 1096 pec-

305 1110 400 1142 cata,
424 1110 463 1136 ut
487 1102 625 1143 Aaron,
657 1103 793 1142 David,
829 1101 1010 1143 Manasse,
1038 1110 1071 1136 et
1093 1103 1154 1136 alii
1177 1103 1289 1147 pluri-

305 1155 362 1188 mi.
418 1153 624 1198 Sequuntur
641 1165 720 1196 ergo
740 1164 890 1197 poenae,
919 1153 999 1197 quia
1019 1153 1114 1186 Deus
1134 1154 1235 1187 etiam
1255 1154 1290 1185 in

303 1204 366 1237 hac
397 1205 466 1237 vita
488 1204 561 1236 vult
581 1205 735 1248 conspici
761 1204 917 1247 exempla
940 1204 1061 1237 iudicii
1087 1205 1160 1244 sui,
1198 1205 1290 1236 iuxta

305 1256 457 1288 dictum:
496 1254 644 1298 Propter
668 1255 870 1300 iniquitates
897 1255 1044 1298 corripis
1068 1255 1158 1288 filios
1177 1253 1290 1287 homi-

305 1318 402 1339 num.
457 1304 543 1338 Vult
560 1306 641 1338 item
660 1317 726 1338 nos
745 1312 887 1348 propter
906 1303 967 1337 has
983 1317 1111 1348 poenas
1130 1317 1292 1338 revocare

305 1358 348 1389 ad
367 1355 645 1396 conversionem,
667 1353 974 1390 1.Corinthiorum
996 1357 1065 1388 11.:
1095 1356 1184 1388 Cum
1200 1357 1294 1388 iudi-

306 1418 444 1446 camur,
461 1417 478 1438 a
497 1405 649 1439 Domino
667 1406 897 1449 corripimur,
916 1418 958 1438 ne
977 1418 1054 1438 cum
1075 1405 1139 1439 hoc
1160 1407 1291 1439 mundo

306 1460 536 1490 damnemur.

407 1506 538 1539 Psalm.
561 1506 659 1540 118.:
692 1503 833 1538 Bonum
859 1503 946 1538 mihi
976 1507 1069 1550 quod
1099 1504 1294 1541 humiliasti

307 1569 381 1597 me,
410 1565 449 1590 ut
468 1557 597 1590 discam
616 1556 877 1589 iustificationes
902 1565 988 1590 tuas,

406 1606 532 1641 Esaiae
548 1607 627 1642 28:
658 1606 805 1639 Vexatio
826 1608 883 1639 dat
900 1607 1128 1640 intellectum.

410 1657 565 1700 Quarta,
598 1657 712 1690 Etiam
747 1657 857 1689 sancti
877 1657 999 1691 fierent
1025 1659 1295 1701 negligentiores

311 1717 344 1743 et
363 1709 524 1752 superbi,
551 1709 580 1741 si
605 1720 676 1740 non
693 1715 936 1741 exercerentur
960 1720 1076 1742 cruce:
1107 1710 1184 1742 ideo
1205 1709 1296 1742 Pau-

309 1762 363 1793 lus
389 1760 522 1804 inquit,
550 1762 586 1794 2.
604 1756 767 1792 Corinth.
794 1759 840 1793 l.:
869 1758 1094 1803 Responsum
1113 1761 1235 1794 mortis
1261 1762 1295 1793 in

310 1811 413 1844 nobis
431 1809 637 1848 habuimus,
665 1816 704 1843 ut
721 1821 793 1842 non
811 1810 920 1843 simus
938 1811 1151 1844 confidentes
1171 1812 1207 1844 in
1233 1824 1295 1845 no-

313 1862 367 1895 bis
384 1861 480 1905 ipsis.

414 1911 569 1953 Quinta,
602 1909 697 1944 Sinit
725 1909 821 1944 Deus
856 1911 1012 1944 accidere
1044 1912 1297 1946 inextricabilia

312 1961 468 1995 humano
486 1961 653 2004 consitio,
683 1968 721 1994 ut
745 1962 982 2005 conspiciatur
1006 1964 1200 2006 praesentia
1225 1965 1298 1997 eius

313 2014 350 2045 iu
368 2012 521 2045 Ecclesia
535 2038 544 2052 ‚
571 2024 648 2044 cum
667 2012 839 2044 mirandis
859 2014 972 2045 modis
989 2014 1125 2053 liberat,
1153 2022 1184 2047 et
1202 2028 1297 2048 exer-

316 2070 460 2096 ceantur
482 2063 584 2099 fides,
613 2063 789 2095 invocatio
813 2070 845 2096 et
867 2064 953 2096 aliae
978 2065 1142 2105 virtutes,
1170 2073 1206 2099 ut
1226 2066 1299 2099 Nu-

315 2114 402 2147 meri
425 2113 498 2148 14.:
535 2112 581 2147 [t
600 2113 744 2147 audiant
762 2114 930 2159 Aegypti,
965 2117 1059 2158 quod
1087 2122 1124 2148 tu
1148 2115 1300 2150 Domine

315 2165 361 2197 sis
381 2164 417 2197 in
436 2162 502 2198 hoc
519 2164 660 2207 populo.

424 2214 469 2248 Et
490 2216 518 2249 1.
537 2213 625 2256 Reg.
647 2212 703 2248 17.
740 2212 787 2247 Ut
811 2214 895 2248 sciat
920 2216 1035 2249 omnis
1059 2223 1169 2255 terra,
1205 2220 1298 2263 quod

319 2266 365 2299 sit
380 2265 555 2300 Dominus
572 2264 666 2298 Deus
682 2265 719 2296 in
737 2263 854 2298 lsrael.

422 2315 544 2356 Sexta,
574 2315 659 2349 Vult
678 2316 775 2349 Deus
792 2322 938 2349 mortem
959 2315 1154 2361 Baptistae,
1187 2318 1301 2361 Pauli,

321 2374 352 2399 et
369 2367 536 2399 similium
558 2366 757 2400 testimonia
774 2377 865 2407 esse,
891 2369 985 2411 quod
1006 2376 1109 2402 restet
1131 2369 1226 2403 aliud
1246 2371 1299 2403 iu-

317 2417 460 2449 dicium.
514 2416 617 2456 Item,
645 2417 739 2461 quod
764 2417 830 2460 ipsi
853 2418 942 2450 serio
967 2419 1139 2459 sentiant,
1168 2422 1297 2454 doctri—

318 2479 398 2499 nam
427 2479 543 2498 veram
577 2479 648 2499 esse
679 2474 712 2500 et
740 2479 812 2501 non
844 2470 1129 2504 commentitiam.
1197 2472 1296 2513 Item,

317 2518 411 2561 quod
436 2528 509 2549 eam
532 2518 757 2559 profiteantur
784 2526 924 2562 propter
947 2520 1092 2562 gloriam
1111 2521 1198 2563 Dei,
1225 2535 1296 2556 non

317 2574 460 2610 propter
477 2578 554 2599 suas
572 2568 767 2610 voluptates
785 2577 843 2602 aut
862 2571 1040 2607 utilitates.
1094 2572 1186 2615 Quia
1203 2574 1295 2606 enim

317 2618 412 2651 Deus
430 2625 529 2650 antea
551 2618 647 2650 dedit
670 2619 908 2653 testimonium
930 2620 1059 2663 Paulo,
1087 2635 1156 2667 quo
1179 2632 1295 2658 osten-

319 2669 367 2701 dit
392 2668 456 2700 sibi
482 2679 560 2700 eum
589 2680 689 2701 curae
715 2680 807 2709 esse,
835 2682 912 2703 cum
939 2684 1017 2705 eum
1044 2686 1114 2706 non
1133 2676 1294 2708 defendat

910 107 1033 144 pull..
1063 107 1176 143 MEL,
1201 107 1409 145 SCRll’TA
1438 107 1736 145 EXEGETICA.

2237 108 2312 144 960

1307 196 1311 239 l
1333 195 1368 228 in
1396 202 1507 228 morte
1532 202 1652 228 contra
1671 194 1866 233 Neronem,
1893 207 2031 229 necesse
2057 201 2105 229 est
2126 200 2242 238 postea
2260 206 2313 227 re-

1333 254 1423 279 stare
1458 246 1652 286 iudicium,
1687 246 1722 278 in
1759 257 1828 290 quo
1865 248 2022 280 ostendet
2057 257 2092 279 se
2119 246 2315 289 adprobare

1333 296 1502 337 Paulum,
1532 308 1603 329 non
1623 296 1810 331 Neronem.

1436 347 1612 394 Septima,
1641 344 1791 390 Oportet
1809 358 1872 379 nos
1897 345 2028 378 similes
2053 344 2125 378 fieri
2152 346 2314 390 imaginis

1335 398 1398 431 filii
1415 396 1492 432 Dei.
1545 396 1630 431 Erat
1657 398 1859 430 ordinatum
1885 396 2052 440 quiddam
2078 401 2109 428 et
2134 397 2314 439 sapientia,

1336 449 1362 482 si
1383 446 1543 482 homines
1562 461 1631 481 non
1651 455 1763 481 essent
1783 448 1889 491 lapsi,
1917 447 2034 479 vivere
2054 457 2111 478 eos
2129 446 2203 478 sine
2222 459 2315 480 mor-

1343 506 1374 531 te
1394 506 1424 531 et
1444 500 1519 532 sine
1544 499 1704 533 miseriis.
1741 498 1844 531 Nunc
1871 498 1936 530 alia
1957 497 2126 540 sapientia
2144 503 2212 537 est,
2241 498 2316 531 vult

1340 550 1435 583 Deus
1459 562 1523 583 nos
1554 561 1739 593 agnoscere
1764 549 1878 593 ipsum
1909 559 1980 581 esse
2004 547 2155 588 iustum,
2195 555 2227 582 et
2254 559 2318 581 nos

1341 612 1471 633 mersos
1498 601 1534 633 in
1569 607 1766 644 peccatum,
1810 597 1992 632 humiliter
2024 598 2123 630 fateri
2157 609 2220 630 nos
2247 610 2318 631 esse

1340 662 1435 691 reos,
1473 658 1504 684 et
1526 651 1612 684 iuste
1637 651 1808 684 sustinere
1835 649 2106 682 destructionem
2138 646 2242 683 huius
2259 650 2320 682 de-

1340 710 1500 744 pravatae
1518 709 1680 739 naturae,
1709 702 1796 734 sicut
1820 701 1933 745 inquit
1954 698 2100 733 I).=niel:
2140 698 2223 732 Tibi
2247 699 2320 734 Do-

1343 752 1436 785 mine
1454 752 1610 790 iusticia,
1639 753 1740 784 nobis
1759 758 1873 784 autem
1893 751 2052 783 confusio
2070 749 2179 782 faciei.

1444 802 1601 835 Mittitur
1619 809 1734 835 autem
1752 803 1862 839 filius,
1879 802 1937 846 qui
1955 813 2032 833 cum
2052 801 2221 834 innocens
2237 813 2320 845 poe-

1343 864 1424 885 nam
1451 854 1617 893 sustinet,
1644 852 1681 886 fit
1699 853 1771 885 eius
1789 853 1900 896 passio
1919 851 2054 896 λύτρον
2077 862 2139 894 pro
2162 851 2261 891 aliis,
2288 861 2320 886 et

1342 904 1414 946 ipse
1438 904 1474 937 fit
1499 904 1610 936 victor
1633 910 1666 936 et
1691 904 1864 937 eluctatur
1888 915 1927 936 ex
1954 909 2080 935 morte:
2109 902 2201 935 idem
2226 903 2319 936 filius

1342 954 1412 987 Dei
1437 961 1488 987 est
1513 955 1632 986 efficax
1654 954 1690 986 in
1714 954 1836 994 nobis,
1864 954 1923 998 qui
1943 954 2030 986 iuste
2048 964 2195 997 poenam
2218 954 2322 986 susti-

1343 1016 1476 1039 nemus,
1529 1004 1758 1049 Nequaquam
1782 1010 1898 1037 tamen
1923 1011 2041 1036 nostra
2066 1015 2160 1036 mors
2186 1011 2234 1038 est
2258 1002 2321 1038 λύ-

1342 1068 1451 1100 τρον,
1475 1056 1533 1088 sed
1551 1062 1599 1088 est
1615 1055 1702 1088 iusta
1720 1066 1830 1098 poena
1853 1062 1885 1087 et
1903 1054 2191 1088 commonefacito
2208 1056 2250 1088 dc
2270 1056 2324 1088 iu-

1342 1107 1433 1139 dicio
1455 1104 1531 1140 Dei.
1582 1103 1725 1139 Erimus
1751 1112 1866 1138 autem
1893 1105 2025 1137 similes
2041 1105 2113 1138 filio
2130 1104 2214 1147 Dei,
2244 1118 2323 1139 cum

1345 1157 1451 1189 vitam
1471 1156 1573 1189 nobis
1595 1157 1733 1189 reddet:
1760 1157 1890 1188 interea
1912 1156 1988 1188 vult
2012 1167 2077 1188 nos
2092 1155 2188 1190 Deus
2206 1157 2324 1202 aliquo

1344 1209 1448 1240 modo
1476 1215 1508 1242 et
1537 1208 1574 1239 in
1599 1214 1711 1241 morte
1739 1214 1772 1240 et
1797 1207 1834 1239 in
1860 1206 2010 1239 miseriis
2035 1206 2067 1239 ei
2090 1207 2222 1240 similes
2245 1219 2326 1247 esse,

1345 1265 1384 1291 ut
1413 1258 1705 1291 commonefaciat
1735 1269 1799 1291 nos
1827 1258 1869 1290 de
1900 1257 2031 1290 iudicio
2062 1268 2125 1291 suo
2159 1259 2325 1292 adversus

1345 1317 1535 1353 peccatum.

1446 1359 1609 1404 Denique
1643 1359 1825 1403 multiplex
1851 1365 1882 1392 et
1907 1356 2113 1392 inexhausta
2136 1359 2247 1393 crucis
2272 1371 2325 1393 sa-

1345 1410 1474 1454 pientia
1508 1417 1576 1450 est,
1612 1411 1655 1442 de
1686 1421 1752 1453 qua
1787 1409 1974 1442 consilium
2002 1408 2068 1441 Dei
2093 1410 2128 1442 in
2159 1416 2229 1444 tota
2258 1411 2326 1444 vita

1344 1461 1567 1503 cogitandum
1591 1467 1658 1498 est,
1699 1466 1731 1492 et
1754 1471 1889 1502 semper
1911 1459 1955 1492 sit
1979 1459 2016 1491 in
2047 1467 2234 1503 conspectu
2261 1458 2326 1493 hoc

1345 1512 1495 1544 dictum:
1524 1509 1772 1542 Humiliamini
1790 1511 1854 1542 sub
1871 1509 2004 1553 potenti
2026 1522 2132 1542 manu
2150 1509 2234 1550 Dei,
2264 1523 2325 1555 po-

1345 1561 1433 1594 tenti
1454 1560 1626 1597 videlicet,
1645 1562 1686 1592 ad
1706 1561 1936 1603 premendum
1953 1567 1986 1592 et
2003 1561 2045 1592 ad
2064 1560 2299 1594 liberandum.

1448 1608 1678 1653 Philosophia
1700 1622 1764 1642 nec
1786 1621 1906 1642 causas
1922 1609 2133 1653 principales
2151 1611 2328 1645 calamita—

1348 1669 1422 1695 tum
1454 1659 1689 1694 humanarum
1718 1660 1889 1700 ostendit,
1921 1671 1985 1692 nec
2011 1660 2222 1695 sufficienter
2244 1674 2328 1695 con-

1349 1712 1538 1745 solationes
1571 1712 1701 1752 tradit,
1744 1712 1802 1743 sed
1828 1711 1864 1743 in
1890 1711 1963 1744 sola
1985 1709 2141 1744 Ecclesia
2169 1705 2329 1755 patefecit

1349 1763 1444 1796 Deus
1467 1763 1683 1796 voluntatem
1708 1773 1806 1795 suam
1821 1788 1829 1803 ,
1857 1768 1891 1796 et
1913 1763 1956 1795 de
1980 1762 2102 1806 poenis
2125 1769 2157 1797 et
2175 1763 2218 1796 de
2240 1764 2329 1798 libe-

1350 1813 1559 1850 rati0nibus.

1611 1903 1672 1934 De
1695 1901 2077 1934 consolationibus.

1452 1963 1691 1998 Consideratis
1715 1972 1829 1998 autem
1849 1964 1978 2003 causis,
2005 1970 2148 2008 propter
2163 1976 2249 2009 quas
2263 1963 2333 2000 Ec-

1353 2015 1455 2049 clesia
1473 2015 1568 2048 cruci
1583 2016 1736 2048 subiecta
1760 2022 1829 2055 est,
1858 2022 1974 2058 postea
1997 2015 2253 2050 consolationes
2278 2017 2335 2050 in-

1353 2074 1531 2103 tueamur,
1570 2067 1656 2098 sicut
1690 2066 1838 2107 cognitis
1872 2066 2006 2098 morbis
2028 2066 2157 2099 deinde
2181 2068 2334 2101 remedia

1354 2118 1552 2151 traduntur.
1609 2114 1707 2149 Nihil
1725 2123 1841 2150 autem
1866 2117 1953 2150 lenit
1969 2116 2146 2158 dolorem,
2173 2117 2243 2151 nisi
2267 2119 2333 2152 ali-

1355 2180 1422 2213 qua
1441 2168 1525 2200 boni
1543 2168 1631 2200 ratio
1651 2168 1687 2199 in
1705 2179 1745 2199 eo
1765 2167 2015 2211 conspiciatur.

1456 2216 1531 2251 Etsi
1548 2225 1662 2252 autem
1681 2218 1741 2250 alii
1758 2219 1858 2251 aliter
1875 2218 2084 2251 distribuere
2099 2217 2194 2250 locos
2215 2214 2331 2261 philo-

1353 2266 1575 2313 sophicarum
1590 2269 1869 2302 consolationum
1888 2269 2040 2312 possint,
2067 2274 2183 2301 tamen
2203 2274 2333 2307 utcun-

1353 2332 1420 2365 que
1438 2321 1588 2353 docendi
1607 2331 1708 2353 causa
1725 2332 1782 2353 sex
1800 2332 1965 2359 numero,
1992 2320 2053 2364 qui
2071 2325 2170 2351 sunt:

1458 2373 1488 2404 1.
1516 2370 1724 2411 Necessitas,

1482 2448 1488 2455 .
1519 2421 1679 2464 Dignitas
1698 2421 1836 2453 virtutis
1855 2420 2079 2454 anteferenda
2096 2420 2230 2459 dolori,

1479 2498 1487 2507 .
1515 2472 1614 2505 Bona
1636 2471 1866 2508 conscientia,

1479 2547 1488 2556 .
1516 2522 1703 2566 Exempla,

1480 2600 1488 2609 .
1503 2568 1647 2607 'Causae
1663 2572 1800 2610 finales,
1828 2578 1865 2605 ut
1885 2582 2038 2616 pugnare
2058 2583 2121 2616 pro
2137 2573 2247 2616 patria
2260 2600 2268 2612 ‚

1480 2650 1487 2658 ,
1514 2623 1664 2657 Collatio
1675 2630 1875 2663 eventuum,
1886 2631 1923 2656 ut
1936 2622 2060 2655 melius
2072 2630 2121 2656 est
2131 2624 2331 2657 morboitn-

1506 2674 1629 2718 pediri,
1645 2686 1748 2719 quam
1761 2674 1879 2707 venire
1890 2675 1932 2707 ad
1945 2674 2075 2707 malum
2086 2674 2301 2708 sodalitium.

1452 2424 1476 2658 0)ϋὶυρωῶ
