2415 2942
303 91 371 126 651

307 183 366 225 ligi
385 194 405 225 p
1258 212 1265 219 .

307 234 379 266 53(st
396 230 476 262 has-c
496 225 616 257 verba:
648 217 881 252 Vennndatus
895 213 959 247 sub
976 219 1166 255 peccatum,
1194 210 1286 254 Qu1-

305 286 369 316 bus
388 278 501 311 verbis
519 274 688 315 significat
705 276 865 302 naturam
886 276 957 297 non
974 261 1102 296 habere
1119 262 1286 306 spiritua-

306 335 371 366 lem
398 327 652 363 obedientiam,
685 321 743 353 sed
775 317 935 350 vitiosam
965 325 1055 353 esse,
1091 321 1122 346 et
1148 325 1283 346 servam

304 395 364 415 sen
391 379 560 422 captivam
589 372 735 418 peccati,
771 369 804 401 id
839 377 907 405 est,
940 371 1152 408 corruptam.
1217 363 1284 397 llic

303 440 397 466 totus
415 431 510 463 locus
531 426 700 461 declarat,
729 419 842 465 qualis
865 418 907 450 sit
930 415 1108 459 corruptio
1128 421 1284 471 uzi-turae,

306 492 335 516 et
355 482 446 526 quod
467 484 644 523 peccatum
661 471 831 513 originale
847 479 918 501 non
945 467 987 500 sit
1011 473 1146 523 tantum
1168 477 1284 509 impu-

303 534 408 569 tatio,
449 531 504 563 scd
537 528 647 569 reipsa
681 522 849 568 quaedam
882 523 1048 560 corrupto
1080 528 1115 549 in
1148 522 1284 549 natura.

302 585 398 618 Haec
418 591 553 614 necesse
573 584 618 610 est
639 574 727 608 tradi
748 573 782 604 in
803 569 977 608 Ecclesia,
1003 574 1040 600 ut
1058 577 1284 609 agnoscamus

303 640 482 680 peccatum
495 657 503 670 ,
531 636 563 662 et
582 640 598 660 e
617 626 757 668 regione
773 620 978 663 magnitudo
1004 617 1161 651 beneficii
1179 614 1284 650 (jhri-

303 687 345 719 sti
373 681 534 725 cognosci
562 678 677 722 possit.
729 674 846 716 Quare
868 670 1057 712 diligenter
1080 665 1163 699 baec
1179 668 1284 699 verba

304 733 531 779 expendenda
561 735 658 762 sunt:
688 724 919 757 venundatus
941 720 1004 752 sub
1023 724 1220 761 peccatum,
1247 723 1287 750 ut

303 785 510 829 magnit-nlo
537 778 665 825 peccati
691 783 723 808 et
745 773 893 806 servitus
921 769 1155 827 intelligatur,
1191 768 1284 812 quod

303 837 461 869 videlicet
483 838 604 865 natura
625 838 703 859 vere
721 829 882 866 corrupta
900 827 931 853 et
947 826 1071 852 vitiosa
1087 825 1142 852 sit.

405 885 499 918 llaec
517 881 666 914 eludunt
685 874 816 920 aliqui,
844 878 876 905 et
899 871 1036 913 fingunt
1053 868 1201 902 Paulum
1228 864 1287 900 hic

303 937 420 982 loqui,
449 945 517 966 non
544 932 585 963 de
602 934 670 969 {sna
690 935 858 971 persona,
886 933 957 953 non
985 921 1027 952 de
1052 919 1227 951 conversis
1253 924 1287 950 et

303 987 450 1021 sanctis.
498 983 555 1015 sed
589 982 631 1011 de
658 977 786 1021 impiis.
862 972 957 1005 Haec
981 970 1158 1003 cavillatio
1183 980 1286 1012 repu-

304 1039 433 1072 dianda
461 1042 519 1068 est.
573 1031 618 1066 [Ἰ
643 1030 734 1062 enim
754 1024 868 1059 David
889 1024 930 1055 de
948 1034 982 1054 se
1009 1028 1039 1053 et
1059 1022 1101 1052 de
1122 1020 1287 1052 omnibus

303 1089 429 1123 sanctis
453 1084 628 1129 loquitur,
665 1090 741 1111 cnm
768 1077 833 1109 ait:
876 1073 955 1107 Non
980 1071 1226 1104 iustificabitur
1250 1069 1286 1101 in

304 1144 488 1181 conspectu
517 1143 577 1167 tuo
603 1131 717 1164 omnis
740 1128 874 1159 vivens.
910 1123 982 1157 Aut
1006 1134 1083 1155 cum
1103 1121 1166 1153 ait:
1198 1119 1287 1153 Ecce

304 1193 339 1223 in
367 1186 613 1232 iniquitatibus
639 1186 826 1222 conceptus
852 1187 926 1208 sum
947 1181 1009 1206 etr.
1078 1170 1130 1204 lta
1157 1170 1287 1204 Paulus,

303 1244 345 1273 de
373 1252 406 1272 se
435 1237 612 1281 loquitur,
648 1240 677 1265 et
712 1243 773 1262 suo
805 1226 961 1268 exemplo
995 1234 1118 1256 omnes
1152 1228 1288 1254 sanctos

304 1288 555 1334 complectitur.
597 1283 685 1315 Cum
704 1281 808 1320 igitur
826 1276 909 1309 llaec
927 1273 1168 1317 interpretatio
1186 1271 1286 1305 Pauli

304 1341 429 1375 habeat
447 1339 544 1371 firma
561 1344 593 1368 et
611 1332 759 1365 illustria
781 1325 980 1362 testimonia
1000 1325 1035 1356 in
1054 1323 1213 1360 Psalmis,
1238 1328 1288 1354 est

306 1400 416 1429 certa,
462 1399 525 1420 nec
566 1382 784 1426 asfingendae
823 1383 903 1410 sunt
939 1376 1074 1408 alienae
1115 1374 1287 1416 interpre-

322 1457 328 1476 ι
359 1456 364 1474 ι
395 1451 465 1473 nes.

305 1450 351 1476 td
371 1455 585 1532 OSignificat
621 1490 735 1517 autem
768 1477 917 1512 carnalis
940 1481 1085 1517 natura,
1127 1479 1288 1506 naturam

305 1542 462 1577 hominis
483 1550 542 1582 per
560 1547 630 1568 sese
650 1545 721 1566 non
742 1530 1014 1570 intelligentem,
1041 1537 1103 1557 nec
1122 1530 1289 1567 appeten-

305 1602 375 1628 tom
404 1588 618 1633 spiritualia,
648 1585 681 1617 id
708 1589 774 1619 est,
804 1579 1023 1612 dubitantem
1049 1577 1092 1608 de
1110 1573 1203 1613 Deo,
1229 1586 1290 1605 va-

306 1655 405 1677 cuam
425 1642 550 1675 timore
568 1636 652 1673 Dei,
681 1641 713 1667 et
731 1641 887 1666 securam
902 1656 911 1669 ‚
938 1635 970 1660 et
986 1631 1044 1660 aut
1062 1631 1289 1658 contemnen-

305 1703 375 1727 tem
400 1691 568 1725 indicium
597 1686 684 1725 Dei,
727 1689 785 1716 aut
813 1682 1019 1714 irascentem
1052 1675 1183 1709 iudicio
1207 1673 1289 1708 Dei:

307 1754 340 1779 et
373 1757 391 1777 e
422 1742 563 1783 regione
594 1741 811 1781 appetentem
855 1728 1033 1768 carnalia,
1075 1726 1292 1784 voluptates,

307 1806 401 1839 opes,
431 1792 590 1835 gloriam,
619 1786 847 1820 confidentem
866 1792 937 1814 non
954 1778 1020 1813 Dei
1039 1775 1291 1833 murdim-quod

309 1858 381 1880 non
408 1844 538 1884 cernit,
583 1839 638 1871 sed
667 1834 910 1884 praesentibus
938 1830 1060 1868 rebus,
1094 1835 1132 1861 nt
1156 1828 1291 1859 Viribus

310 1895 498 1940 sapientiae
523 1897 580 1923 aut
606 1887 780 1924 insuetae,
807 1883 905 1917 Talis
929 1887 979 1913 est
996 1887 1119 1912 natura
1137 1876 1291 1911 bumana

311 1949 384 1980 sine.
403 1944 539 1988 Spiritu
556 1946 684 1973 sancto.
738 1936 805 1969 Sed
830 1945 906 1967 cum
933 1932 1000 1964 fide
1025 1935 1215 1963 renovatur
1232 1938 1294 1971 per

313 1997 485 2042 Spiritum
512 1997 691 2028 sanctum,
719 1985 839 2029 incipit
863 1981 1056 2027 spiritualis
1079 1979 1215 2013 novitas
1238 1978 1294 2010 lu-

312 2047 395 2082 ctari
413 2057 491 2079 cum
509 2040 639 2076 carnali
657 2036 901 2079 corruptione,
925 2043 1014 2077 quae
1030 2029 1144 2064 adhuc
1158 2029 1293 2074 reliqua

313 2106 382 2137 est,
411 2098 521 2130 donec
538 2092 688 2124 vivimus
704 2088 739 2120 in
758 2085 824 2120 hoc
840 2095 986 2128 corpore
1002 2081 1154 2116 mortali.

538 2168 650 2220 Quod
665 2179 790 2217 operor
806 2177 878 2199 non
894 2162 1068 2210 approbo,

427 2244 517 2278 Illud
564 2247 736 2274 certamen
777 2233 904 2267 deinde
943 2230 1108 2263 describit
1151 2228 1296 2262 Paulus:

318 2297 422 2330 Ouod
453 2304 596 2338 operor,
635 2299 706 2322 non
742 2295 911 2328 agnosco,
955 2281 989 2313 id
1023 2288 1091 2320 est,
1129 2292 1201 2312 non
1235 2291 1296 2322 ap-

319 2332 446 2393 probo:
489 2343 585 2389 qnasi
617 2341 723 2373 dicat:
766 2334 888 2369 Sentio
913 2344 1022 2364 meam
1055 2337 1215 2364 naturam
1242 2342 1297 2362 re-

320 2408 475 2443 purvnare
494 2394 558 2436 legi
579 2391 662 2430 Dei,
688 2400 743 2421 me
758 2398 830 2419 non
850 2382 978 2416 habere
1000 2382 1159 2414 ardentes
1184 2387 1298 2414 motus

320 2425 476 2485 tinioris,
501 2444 592 2482 fidei,
620 2437 818 2473 dilectionis
837 2434 912 2468 Dei.
953 2432 1050 2472 Item,
1075 2432 1112 2464 in
1136 2432 1298 2464 afflictio-

321 2500 425 2533 nibus
445 2500 611 2536 repugnat
636 2497 757 2523 natura
783 2483 954 2519 voluntati
973 2481 1056 2521 Dei,
1080 2482 1175 2526 cupit
1198 2493 1300 2514 excu-

894 75 1018 112 mm..
1046 73 1161 111 MEL.
1189 74 1397 110 SCRIPTA
1426 72 1729 109 EXEGETICA.

1311 246 1314 262 t

1312 263 1313 275 t

2242 74 2317 113 652

411 192 444 212 οι·
461 177 544 210 baec
563 172 684 206 verba:
712 164 788 210 Ego
805 175 880 198 snm
906 160 1074 198 carnalis,
1103 159 1183 206 quia
1202 160 1285 193 sub-
1311 160 1315 177 ¹
1338 161 1430 207 quit:
1460 159 1565 203 Quod
1581 171 1708 207 operor
1723 172 1794 194 non
1813 162 1987 206 approbo,
2011 160 2047 196 id
2066 169 2127 203 est,
2153 174 2233 196 cum
2249 161 2319 196 illis

1338 211 1473 245 vitiosis
1496 210 1649 244 motibus
1666 211 1817 245 luctatur
1830 211 1869 245 in
1887 225 1943 246 me
1959 213 2152 258 spiritualis
2170 213 2320 255 novitas,

1337 270 1369 298 ct
1385 262 1562 307 improbat
1576 261 1636 294 illa
1654 261 1738 297 vita.

1488 343 1576 379 IVon
1596 342 1697 392 quod
1709 342 1790 378 volo
1806 342 1960 385 bonum,
1988 343 2159 394 idsacio.

1438 411 1541 444 Ilanc
1559 421 1710 455 pugnam
1727 410 1855 444 deinde
1870 411 2032 456 pluribus
2048 412 2164 445 verbis
2187 412 2320 446 descri-

1337 462 1403 495 bit:
1432 461 1512 496 Non
1531 463 1623 507 quod
1644 461 1724 494 volo
1743 462 1888 504 bonum,
1905 462 1940 495 id
1958 462 2067 503 facio,
2093 462 2127 495 id
2146 469 2211 496 est:
2243 461 2320 497 Etsi

1337 510 1450 546 habeo
1482 514 1660 546 incoatum
1689 512 1871 554 timorem,
1904 519 2021 546 tamen
2044 512 2105 546 ille
2130 513 2321 557 impeditur

1311 585 1312 588 =
1337 563 1489 597 naturali
1519 563 1722 601 securitate.
1763 574 1807 595 ne
1831 563 1875 596 sit
1898 569 2034 603 tantus,
2070 570 2223 608 quantus
2248 574 2321 597 esse

1313 878 1314 901 l
1339 866 1613 909 tentationibus,
1643 866 1700 898 sed
1726 866 1769 898 de
1795 866 1974 899 acerrimis
1999 866 2166 900 motibus.

1337 615 1472 648 debeat.
1525 612 1600 647 Etsi
1618 610 1738 658 ¹habeo
1765 613 1939 647 incoatam
1962 614 2084 654 fidem,
2117 620 2235 647 tamen
2259 613 2320 646 illa

1338 664 1529 709 impeditur
1546 663 1698 697 naturali
1715 664 1955 705 dubitatione,
1990 676 2034 698 ne
2049 664 2093 698 sit
2107 664 2190 698 satis
2207 664 2318 698 firma.

1337 715 1414 749 Etsi
1433 712 1546 748 habeo
1560 715 1733 747 incoatam
1754 714 2001 756 dilectionem,
2028 721 2145 748 tamen
2163 715 2223 748 illa
2252 714 2320 747 im-

1338 765 1481 810 peditur
1500 764 1800 809 concupiscentia‚
1832 776 1877 798 ne
1893 765 1974 798 satis
1991 766 2109 799 ardeat
2134 771 2166 798 et
2189 765 2322 807 flagret.

1436 815 1613 860 Loquitur
1629 822 1745 848 autem
1762 827 1834 848 non
1851 817 1893 848 de
1917 815 2054 849 levibus
2078 815 2263 849 affectibus
2287 820 2321 848 et

2219 864 2322 898 Ideo-

1339 929 1406 962 que
1423 928 1506 949 usus
1523 923 1574 949 est
1590 915 1705 948 verbis
1723 915 1938 957 illustribus,
1972 917 2128 949 nominat
2156 915 2319 949 militiam

1340 976 1371 1001 et
1403 967 1660 1011 captivitatem,
1700 973 1738 998 ut
1764 965 1934 1009 significet
1959 963 2182 999 vehementes
2206 974 2321 999 motus

1341 1029 1428 1050 esse:
1462 1018 1550 1050 sicut
1568 1016 1766 1060 experimur
1784 1016 1820 1048 in
1837 1017 2114 1057 calamitatibus,
2140 1016 2178 1048 in
2196 1021 2320 1053 morte,

1341 1080 1445 1113 quam
1478 1067 1620 1099 difficile
1644 1066 1689 1099 sit
1714 1066 1868 1100 obedire.
1928 1066 2018 1106 Tota
2043 1075 2167 1100 natura
2194 1066 2323 1106 fremit,

1341 1119 1564 1161 indignatur,
1592 1123 1625 1150 et
1642 1124 1827 1159 repugnat.
1871 1115 1970 1158 Item,
1986 1117 2159 1150 dubitatio
2178 1123 2323 1150 natura-

1341 1171 1382 1202 lis
1400 1177 1432 1202 et
1447 1174 1652 1211 conspectus
1675 1166 1803 1210 peccati
1832 1167 1877 1199 ita
1898 1174 2048 1206 terrent,
2079 1175 2117 1200 nt
2142 1167 2244 1200 etiam
2273 1166 2321 1210 pii

1340 1220 1586 1263 opprimantur
1617 1217 1896 1261 desperabundi‚
1946 1219 2035 1251 sicut
2066 1216 2180 1250 David
2222 1229 2323 1261 saepe

1341 1270 1579 1314 conqueritur.
1638 1267 1734 1302 Ilaec
1766 1268 1950 1311 captivitas
1980 1269 2016 1301 in
2046 1268 2267 1312 impatientia
2289 1274 2322 1300 et

1341 1321 1531 1365 pavoribus
1557 1318 1738 1362 perspicue
1761 1319 1986 1362 conspicitur.
2039 1317 2107 1352 Sed
2133 1315 2217 1351 haec
2243 1329 2323 1362 pec-

1342 1379 1415 1404 cata
1434 1370 1602 1402 interiora
1630 1380 1702 1400 non
1727 1376 1875 1402 cernunt
1899 1368 2010 1402 securi
2032 1376 2063 1401 et
2089 1368 2208 1411 impii,
2243 1369 2322 1401 ideo

1343 1427 1531 1455 extenuant
1549 1425 1726 1462 peccatum
1744 1419 1915 1461 originale
1938 1426 1970 1452 et
1994 1418 2324 1462 concupiscentiam.

1443 1471 1560 1514 Quare
1581 1467 1675 1501 bunc
1698 1469 1813 1501 locum
1838 1476 2036 1509 teneamus,
2071 1475 2103 1501 et
2125 1468 2220 1501 falsis
2245 1468 2322 1511 opi-

1341 1521 1510 1554 nionibus
1541 1522 1584 1552 de
1616 1519 1690 1562 lege
1723 1526 1755 1552 et
1778 1526 1917 1564 peccato
1940 1529 2169 1563 opponamus.
2230 1516 2325 1551 Hinc

1342 1573 1527 1609 discimus,
1554 1570 1648 1613 quod
1667 1569 1750 1611 legis
1766 1569 1923 1612 impletio
1942 1582 2014 1602 non
2038 1569 2082 1602 sit
2103 1576 2238 1602 tantum
2264 1581 2323 1601 ex·

1342 1629 1440 1655 terna
1461 1619 1658 1662 disciplina,
1674 1620 1766 1663 quod
1786 1625 1963 1663 peccatum
1980 1618 2148 1660 originale
2158 1619 2202 1652 sit
2213 1619 2325 1662 reipsa

1343 1671 1523 1714 corruptio
1542 1670 1712 1715 quaedam
1736 1669 1771 1701 in
1796 1676 1921 1703 natura
1947 1667 2121 1709 hominis,
2152 1680 2240 1713 quae
2262 1669 2325 1702 da-

1344 1730 1485 1757 mnatur
1507 1722 1581 1763 lege
1604 1719 1690 1758 Dei,
1729 1720 1822 1764 quod
1849 1720 2128 1764 concupiscentia
2154 1719 2258 1753 etiam
2286 1719 2324 1752 in

1345 1773 1469 1807 sanctis
1495 1772 1538 1805 sit
1556 1777 1732 1815 peccatum
1752 1782 1811 1803 sua
1831 1778 1974 1811 natura,
2007 1771 2065 1803 sed
2088 1769 2153 1814 piis
2177 1770 2325 1802 creden—

1345 1825 1439 1858 tibus
1461 1823 1691 1856 condonatur.
1745 1821 1853 1859 Item,
1882 1822 1976 1866 quod
2002 1833 2066 1854 nec
2091 1820 2201 1853 sancti
2224 1820 2325 1854 satis-

1344 1875 1473 1908 faciant
1497 1872 1564 1915 legi
1582 1870 1658 1905 Dei.
1710 1871 1818 1910 Item,
1851 1873 1944 1915 quod
1970 1871 2078 1904 sancti
2101 1882 2239 1914 semper
2260 1868 2325 1903 ha-

1346 1927 1450 1959 beant
1468 1935 1556 1967 opus
1572 1922 1777 1955 remissione
1793 1929 2023 1966 peccatorum.
2077 1919 2181 1963 Quod
2206 1930 2324 1954 nostra

1346 1975 1504 2019 impletio
1530 1974 1634 2016 legis,
1666 1984 1725 2005 seu
1749 1972 1910 2016 dilectio,
1944 1983 2004 2005 seu
2028 1982 2132 2014 opera
2159 1983 2231 2004 non
2256 1971 2326 2006 sint

1347 2026 1471 2069 digna,
1499 2030 1641 2068 propter
1656 2034 1744 2067 quae
1760 2023 1867 2055 simus
1885 2022 1986 2062 iusti,
2023 2021 2058 2054 id
2080 2029 2146 2065 est,
2181 2022 2324 2066 accepti,

1347 2089 1412 2110 nec
1429 2077 1498 2109 sint
1514 2075 1617 2116 digna
1636 2073 1706 2106 vita
1724 2080 1877 2106 aeterna.
1911 2072 1980 2107 Sed
1999 2073 2066 2105 fide
2086 2078 2228 2117 propter
2250 2084 2326 2105 me·

1348 2129 1518 2161 diatorem
1534 2122 1713 2158 Christum
1737 2123 1923 2167 accipimus
1944 2123 2183 2156 remissionem
2209 2134 2330 2167 pecca-

1349 2186 1484 2216 torum,
1511 2182 1544 2208 et
1561 2174 1793 2218 imputatione
1811 2173 1984 2214 iusticiam,
2011 2174 2117 2206 vitam
2139 2180 2327 2206 aeternam.

1350 2228 1472 2272 Itaque
1489 2225 1717 2268 multiplicem
1735 2224 1928 2258 doctrinam
1946 2223 2100 2257 continet
2122 2220 2188 2255 hoc
2212 2230 2327 2266 caput,

1350 2280 1392 2312 de
1412 2283 1567 2321 peccato,
1592 2277 1634 2308 de
1651 2276 1744 2318 lege,
1777 2276 1819 2307 de
1844 2274 2003 2318 reliquiis
2027 2272 2155 2317 peccati
2183 2272 2219 2304 in
2244 2284 2326 2306 san-

1350 2330 1424 2362 ctis.
1479 2327 1598 2370 Quare
1619 2326 1805 2368 diligenter
1827 2323 2105 2362 meminerimus,
2140 2323 2200 2356 ubi
2224 2331 2327 2356 uten-

1351 2381 1434 2413 dum
1453 2375 1578 2411 sithoc
1606 2377 1733 2420 capite,
1767 2375 1848 2419 quia
1875 2374 2000 2407 multas
2023 2374 2124 2406 falsas
2151 2380 2184 2407 et
2208 2385 2330 2408 carna-

1350 2431 1399 2463 les
1415 2429 1599 2473 opiniones
1615 2427 1740 2460 refutat
1754 2426 1796 2459 de
1813 2431 1951 2469 peccato
1968 2430 2000 2456 et
2018 2424 2061 2457 de
2079 2424 2163 2466 lege.

1452 2479 1633 2512 Praeterea
1650 2475 1708 2510 liic
1724 2473 2009 2518 reprehendenda
2026 2480 2074 2507 est
2098 2475 2182 2507 falsa
2206 2474 2329 2517 imagi-

323 2558 394 2584 tere
418 2545 622 2580 afflictiones
639 2569 648 2581 ,
684 2546 717 2572 et
743 2537 877 2583 quaerit
900 2533 1072 2579 praesidia
1095 2532 1300 2575 corporalia.
1352 2530 1449 2564 natio
1475 2529 1640 2568 illorum,
1663 2527 1723 2571 qui
1740 2527 1876 2568 fingunt
1893 2524 2040 2557 Paulum
2056 2536 2229 2557 assumere
2245 2526 2329 2558 alie-

324 2600 516 2633 lncurrunt
534 2595 568 2626 in
593 2594 750 2625 animum
775 2599 875 2631 saepe
898 2584 1134 2618 dubitationes
1157 2584 1198 2615 de
1216 2581 1301 2617 Deo.

327 2650 434 2685 Tales
451 2645 634 2680 interiores
649 2646 763 2674 motus
784 2636 951 2681 significat
969 2633 1117 2674 Paulus,
1141 2645 1219 2666 cum
1244 2632 1301 2665 in·

1354 2593 1435 2614 nam
1454 2590 1636 2623 personam
1655 2577 1754 2622 impii
1782 2577 1818 2608 in
1839 2573 1905 2608 boc
1927 2575 2024 2616 loco,
2057 2581 2091 2608 et
2114 2582 2241 2618 negant
2263 2573 2330 2609 hoc

1326 2617 1551 2670 lcertarnen,
1587 2629 1680 2673 quod
1713 2625 1770 2660 hic
1803 2625 2030 2664 describitur,
2075 2625 2262 2659 convenire
2292 2625 2330 2658 in
