2415 2942
81 126 154 164 253
488 124 569 159 ΧΠ.

310 216 487 252 Lazarus
506 222 669 251 mortuus
686 220 757 258 est,
784 221 843 252 εἰσ.

186 297 268 332 Non
292 298 405 330 solum
434 296 650 330 resuscitatio
673 295 803 327 factum
830 299 880 327 est
904 304 1072 336 superaus

85 351 177 383 vires
204 356 401 388 creaturae,
435 350 493 381 sed
523 348 628 381 etiam
650 344 735 379 haec
757 342 885 377 notitia
914 350 1071 382 eventus,

83 401 143 445 qui
161 401 283 444 procul
301 400 490 437 acciderat,
524 404 662 442 superat
686 394 871 429 hominum
898 401 1070 428 naturam.

84 452 176 486 Sunt
194 452 300 494 igitur
316 452 378 484 uni
396 450 565 483 miraculo
583 448 692 482 multa
710 447 910 483 coniuncta,
939 452 970 478 et
989 443 1071 477 baec

84 503 202 536 omnia
224 502 464 547 principaliter
482 501 575 533 edita
592 505 693 539 sunt,
720 505 759 531 ut
776 504 948 531 testentur
960 496 1070 530 Deum

84 566 156 587 sese
193 553 394 597 patefecisse
425 551 544 595 generi
576 548 754 589 humano,
792 555 825 582 et
847 548 1070 580 confirmasse

84 605 280 638 doctrinam
298 604 461 637 traditam
479 603 516 634 in
534 600 690 635 Ecclesia
709 611 781 634 sua.
837 599 988 643 ldeoque
1005 596 1072 630 Ec-

83 656 187 689 clesia
229 653 333 688 habet
365 654 507 698 propria
548 653 719 697 quaedam
751 651 936 690 miracula,
985 661 1073 694 quae

84 707 183 740 nulla
201 713 356 740 creatura
375 711 486 749 potest
504 703 653 743 imitari,
681 709 720 735 ut
740 702 824 735 certi
849 702 959 733 simus
980 698 1071 732 banc

86 758 284 791 doctrinam
317 757 480 800 scriptam
512 766 574 798 per
598 751 793 798 Prophetas
817 760 849 785 et
873 751 1075 795 Apostolos,

83 809 150 841 Dei
170 820 288 841 vocem
316 814 348 841 et
371 807 582 841 senteutiam
607 817 690 841 esse.
742 803 958 837 Habuerunt
983 800 1073 835 lith-

83 861 155 893 nici
171 859 358 899 miracula,
394 865 432 891 ut
451 857 612 901 Aruspex
636 856 800 890 dissecuit
825 862 937 888 cotem
965 866 1073 886 nova—

86 911 182 949 cula,
218 910 381 943 vaticinia
413 909 592 942 interdum
618 920 718 940 veros
751 907 862 940 exitus
894 906 1074 949 praedixe-

84 968 188 1000 runt,
216 963 275 995 sed
294 959 378 994 haec
394 961 496 1003 longe
516 959 683 992 inferiora
707 965 790 991 sunt
805 957 981 990 Ecclesiae
1006 956 1073 988 mi-

84 1013 232 1051 raculis,
259 1011 526 1045 resuscitatione
542 1018 762 1044 mortuorum
787 1010 925 1049 crebra,
961 1015 993 1040 et
1019 1019 1072 1039 re-

84 1071 206 1097 vocato
233 1075 337 1096 cursu
362 1063 475 1103 Solis,
509 1069 547 1095 ut
571 1062 608 1094 in
630 1060 776 1094 historia
794 1059 916 1092 losuae
939 1066 969 1091 et
990 1057 1075 1091 Eze-

86 1114 203 1155 chiae,
229 1122 262 1148 et
278 1121 446 1157 conceptu
465 1114 562 1146 anili.
615 1112 717 1145 Talia
741 1123 813 1143 non
833 1117 977 1155 possunt
996 1110 1075 1141 imi-

88 1167 155 1200 tari
182 1173 380 1208 creaturae,
423 1177 485 1197 uec
515 1165 644 1197 frustra
675 1163 854 1207 proposita
879 1168 960 1195 sunt
993 1159 1075 1193 haec

85 1217 307 1256 testimonia,
340 1216 415 1249 vult
439 1227 476 1248 ea
503 1214 598 1248 Deus
631 1214 786 1258 conspici
821 1220 854 1246 et
888 1212 1031 1255 cogitari
1058 1224 1074 1243 a

85 1268 207 1307 nobis,
233 1274 271 1300 ut
290 1268 498 1300 confirment
515 1266 617 1298 fidem
636 1265 671 1297 in
697 1265 818 1302 nobis,
848 1264 1077 1309 quemadmo—

86 1320 171 1352 dum
189 1316 345 1361 hocipso
372 1319 448 1350 loco
475 1317 590 1362 inquit
606 1314 782 1350 Christus:
819 1313 966 1348 Gaudeo
992 1326 1075 1358 pro—

85 1377 162 1414 pter
178 1382 251 1409 vos,
279 1376 317 1402 ut
337 1369 498 1403 credatis.
554 1366 658 1400 Item:
688 1366 836 1410 Propter
852 1367 991 1399 turbam
1009 1365 1076 1397 cir-

86 1426 318 1454 cumstantem
345 1419 428 1452 haec
452 1418 543 1456 dixi,
579 1425 618 1452 ut
643 1419 806 1458 credant,
843 1419 937 1462 quod
962 1424 998 1449 tu
1023 1427 1078 1448 me

85 1472 239 1511 miseris,
266 1471 301 1503 id
322 1478 393 1510 est,
421 1477 453 1503 te
472 1470 620 1509 invoco,
647 1475 685 1502 ut
704 1474 837 1502 constet
853 1468 1078 1500 invocatione

86 1522 243 1555 nominis
258 1520 322 1554 Dei
339 1519 424 1555 haec
442 1521 610 1554 miracula
631 1520 721 1561 fieri,
749 1531 857 1564 eaque
876 1519 1077 1553 testimonia

89 1585 181 1614 esse,
216 1573 310 1618 quod
335 1570 392 1605 hic
418 1574 586 1604 invocans
605 1570 680 1604 Deo
710 1571 863 1615 placeat,
896 1570 939 1604 sit
965 1582 982 1603 a
999 1570 1077 1603 Deo

87 1625 232 1662 missus,
260 1624 304 1656 sit
322 1636 426 1656 verax
443 1625 584 1663 doctor,
613 1630 675 1657 ete.

139 1714 222 1749 Scio
241 1713 340 1762 quod
355 1719 513 1760 resurget
541 1714 579 1748 in
599 1713 871 1756 resurrectione,
901 1713 938 1747 in
959 1714 1080 1747 novis—

192 1765 285 1799 simo
302 1764 369 1801 die.

162 1845 325 1888 Longum
359 1844 578 1888 colloquium
612 1850 661 1877 est
683 1841 847 1878 Marthae
880 1851 911 1878 et
936 1841 1081 1883 Christi,

87 1898 125 1930 in
155 1909 225 1941 quo
256 1893 398 1929 Martha
424 1895 597 1938 significat
626 1895 831 1939 petitionem
857 1896 900 1928 de
923 1906 1080 1928 resurre-

89 1948 224 1987 ctione,
248 1953 280 1980 et
300 1947 403 1979 initio
428 1946 597 1986 affirmat,
632 1946 788 1988 potuisse
813 1945 994 1979 Christum
1020 1947 1081 1978 de-

88 1999 218 2044 pellere
235 1998 417 2038 morbum,
457 1997 604 2030 vivente.
622 1996 774 2037 Lazaro,
808 2004 840 2031 et
862 2009 958 2030 nunc
983 2009 1081 2040 posse

86 2061 249 2084 revocare
267 2055 446 2081 mortuum
465 2048 501 2080 in
519 2048 645 2086 vitam,
682 2045 768 2081 haec
793 2048 906 2092 prima
929 2054 979 2081 est
997 2060 1081 2081 cou—

85 2101 188 2135 fessio
205 2101 247 2133 de
263 2100 418 2143 potentia
437 2096 580 2133 Christi.
634 2099 781 2133 Accedit
797 2100 905 2142 igitur
926 2100 1079 2144 promis-

87 2153 138 2186 sio
155 2153 198 2184 de
218 2151 418 2191 voluntate,
445 2162 548 2195 quam
572 2151 700 2183 mulier
716 2163 791 2183 non
809 2151 926 2184 statim
945 2151 1080 2183 intelli-

87 2204 152 2247 git:
181 2201 355 2244 Resurget
373 2202 480 2234 frater
498 2208 588 2236 tuus.
624 2201 725 2236 Hanc
740 2214 860 2235 vocem
877 2202 1006 2234 mulier
1025 2202 1080 2234 in-

86 2254 214 2297 telligit
239 2254 281 2286 de
308 2252 563 2286 resurrectione
588 2253 705 2286 futura
733 2253 769 2285 in
794 2253 988 2286 novissimo
1013 2253 1080 2288 die.

87 2305 162 2340 Etsi
186 2311 301 2338 autem
319 2301 376 2336 hic
401 2311 577 2349 quaerunt
593 2304 722 2348 aliqui,
759 2305 854 2337 unde
878 2304 1007 2337 mulier
1030 2311 1080 2337 te-

86 2363 165 2390 neat
191 2356 400 2389 sententiam
425 2356 467 2387 de
492 2355 751 2388 resurrectione
781 2355 993 2396 universali,
1035 2367 1081 2388 an

88 2420 126 2441 ex
149 2405 279 2442 Christi
303 2406 534 2439 concionibus
558 2419 677 2439 recens
703 2406 885 2447 didicerit,
923 2419 966 2439 an
997 2418 1079 2439 vero

89 2471 223 2503 semper
253 2459 289 2491 in
324 2458 454 2501 populo
488 2456 596 2491 Israel
627 2458 766 2502 publice
793 2454 878 2491 haec
907 2458 1078 2491 sententia

89 2510 273 2550 manserit,
325 2510 480 2542 futuram
519 2510 811 2542 resurrectionem
857 2516 1078 2542 mortuorum

88 2560 340 2601 universalem,
367 2567 400 2593 et
417 2559 532 2593 Deum
551 2561 790 2594 iudicaturum
810 2572 881 2593 esse
899 2561 941 2592 de
959 2561 1078 2594 omni-

88 2612 152 2644 bus
171 2609 393 2649 hominibus,
422 2619 454 2644 et
473 2612 638 2645 daturum
658 2611 837 2645 Ecclesiae
854 2624 936 2644 suae
953 2613 1078 2654 gaudia
1104 2609 1105 2639 j

89 2671 248 2699 aeterna,
291 2669 323 2695 et
354 2663 471 2706 impiis
508 2675 653 2706 poenas:
699 2670 818 2695 tamen
852 2663 1079 2697 manifestum

87 2721 135 2748 est
155 2726 292 2758 semper
310 2711 469 2747 homines
487 2714 564 2758 pios
582 2715 620 2747 in
646 2714 778 2758 populo
796 2712 856 2747 Isr.
871 2714 903 2747 'e'l
929 2714 976 2747 sic
999 2727 1078 2747 sen·
1104 2735 1105 2739 =

624 123 922 160 ENARRATtO
954 123 1001 158 IN
1028 122 1207 158 EVANG.
1241 121 1454 158 IOANNIS.
1508 111 1609 159 CA‘P.
1639 123 1701 158 Xl.

2036 120 2113 157 254

1095 210 1226 249 {sisse‚
1262 210 1415 242 futuram
1449 221 1520 242 esse
1551 209 1842 242 resurrectionem
1876 215 2112 246 mortuorum,

1124 267 1155 293 et
1181 261 1339 293 futurum
1365 261 1548 295 iudicium.
1604 260 1690 293 Nam
1710 257 1907 307 Prophetae
1931 258 2114 291 manifeste

1123 312 1166 343 de
1203 312 1458 344 resurrectione
1494 312 1770 351 concionantur,
1815 318 1854 344 ut
1885 309 2010 343 Esaiae
2035 309 2113 343 36.:

1125 360 1255 393 Vivent
1292 363 1441 399 mortui,
1490 363 1661 395 interfecti
1699 363 1767 395 mei
1806 368 1999 404 resurgent.
2068 359 2113 392 Et

1126 410 1204 446 Esa.
1222 410 1302 446 25.;
1337 412 1382 445 Et
1404 425 1498 445 mors
1523 414 1751 446 devorabitur
1775 413 1934 446 omnino.
1988 408 2114 444 Ezech.

1125 462 1201 497 37.:
1230 461 1319 495 Ecce
1336 474 1397 506 ego
1417 464 1569 507 aperiam
1586 465 1739 496 tumulos
1757 471 1901 499 vestros.
1955 461 2114 496 Danielis

1130 515 1201 548 12:
1228 513 1274 547 Et
1289 514 1391 546 multi
1409 516 1451 546 de
1470 513 1524 547 his
1541 515 1599 559 qui
1626 515 1808 547 dormiunt
1834 515 1871 546 in
1898 521 2011 547 terrae
2034 513 2114 556 pul-

1127 577 1224 605 vere,
1260 565 1498 607 evigilabunt,
1537 566 1597 597 alii
1624 566 1659 597 in
1686 565 1792 597 vitam
1819 572 2018 603 aeternam,
2053 564 2115 595 alii

1128 617 1163 648 in
1180 616 1432 660 opprobrium,
1460 623 1499 648 ut
1523 617 1665 649 videant
1690 628 1841 659 semper,
1877 623 1909 648 et
1932 614 2114 648 Psal.·16.;

1127 668 1220 700 Caro
1239 679 1312 699 mea
1330 667 1517 711 requiescit
1537 667 1574 699 in
1590 679 1667 711 spe,
1695 678 1768 699 non
1788 667 2013 710 derelinquas
2038 665 2115 697 ani-

1127 730 1219 751 mam
1239 730 1351 750 meam
1368 718 1403 750 in
1425 718 1581 759 inferno,
1617 730 1680 750 nec
1709 718 1809 750 dabis
1833 724 1990 750 sanctum
2016 723 2116 748 tuum

1128 770 1248 802 videre
1272 769 1548 813 corruptionem.
1600 768 1696 801 Hiob
1725 768 1797 802 19.:
1838 768 1918 802 Scio
1944 767 2037 812 quod
2064 778 2118 799 re-

1128 822 1266 854 demtor
1291 832 1390 853 meus
1412 821 1517 861 vivit,
1550 826 1584 853 et
1608 821 1645 852 in
1672 820 1861 853 novissima
1886 818 1941 852 die
1959 820 2001 851 de
2025 825 2117 851 terra

1127 878 1388 905 resurrecturus
1416 884 1511 911 sum,
1549 878 1582 905 et
1611 883 1733 905 rursus
1756 871 2004 904 circumdabor
2028 868 2119 913 pelle

1129 935 1223 960 mea,
1251 929 1284 955 et
1301 923 1337 954 in
1356 935 1460 955 carne
1480 935 1553 955 mea
1579 923 1707 955 videbo
1724 922 1858 963 Deum,
1893 933 1996 966 quein
2023 920 2119 952 visu-

1128 986 1187 1007 rus
1205 986 1281 1007 sum
1300 985 1362 1015 ego
1380 974 1471 1022 ipse,
1507 981 1540 1007 et
1566 974 1660 1006 oculi
1689 973 1756 1006 mei
1781 972 2002 1017 conspecturi
2028 978 2120 1008 suut,

1130 1032 1162 1058 et
1185 1037 1258 1057 non
1282 1025 1382 1059 alius.
1451 1024 1545 1057 Haec
1571 1031 1640 1057 tam
1667 1025 1816 1057 illustria
1846 1023 2045 1058 testimonia
2070 1022 2120 1065 pii

1129 1089 1201 1108 non
1219 1076 1516 1120 aspernabantur,
1553 1083 1584 1108 et
1611 1076 1720 1109 multa
1746 1082 1828 1109 sunt
1852 1075 1978 1119 passim
2002 1084 2120 1117 sparsa

1130 1130 1166 1160 in
1184 1135 1254 1161 tota
1279 1128 1451 1171 scriptura
1479 1125 1701 1171 prophetica,
1735 1138 1824 1171 quae
1847 1138 1926 1159 cum
1951 1123 2006 1158 his
2035 1136 2119 1157 cou-

1129 1185 1278 1222 gruunt,
1308 1179 1387 1211 ideo
1411 1185 1443 1211 et
1462 1176 1661 1217 Pharisaei,
1689 1178 1749 1222 qui
1769 1177 1830 1210 etsi
1849 1177 1915 1209 alia
1932 1176 2041 1208 multa
2059 1176 2121 1207 de-

1130 1230 1208 1262 liria
1226 1230 1503 1277 profitebantur,
1531 1236 1647 1261 tamen
1665 1227 1760 1261 hunc
1784 1228 1973 1263 articulum
1999 1233 2121 1259 contra

1130 1280 1352 1314 Sadducaeos
1367 1280 1535 1313 acerrime
1549 1281 1805 1320 defendebant,
1839 1279 2002 1312 videlicet
2023 1278 2120 1310 futu-

1129 1344 1202 1364 ram
1227 1344 1299 1364 esse
1324 1331 1618 1364 resurrectionem
1642 1337 1886 1369 mortuorum,
1923 1337 1962 1362 ut
1987 1335 2122 1362 constat

1130 1395 1169 1415 ex
1208 1381 1303 1415 Actis
1327 1394 1401 1425 cap.
1422 1382 1484 1417 23.
1538 1381 1698 1415 Tenebat
1729 1382 1836 1426 igitur
1860 1378 2004 1414 blartha
2032 1378 2122 1412 hanc

1129 1434 1339 1467 sententiam
1359 1446 1398 1466 ex
1416 1434 1542 1466 usitata
1561 1434 1721 1467 doctrina
1740 1433 1879 1477 piorum
1907 1434 1944 1465 in
1970 1432 2035 1465 isto
2059 1443 2122 1474 po-

1131 1486 1233 1528 pulo,
1263 1492 1295 1518 et
1312 1492 1428 1517 tamen
1445 1485 1612 1517 credibile
1631 1491 1699 1525 est,
1727 1497 1801 1517 eam
1820 1491 1854 1518 et
1876 1484 1918 1516 de
1941 1481 2008 1516 hoc
2035 1481 2122 1515 arti-

1130 1537 1208 1569 culo
1227 1543 1260 1569 et
1277 1536 1441 1569 universa
1466 1536 1626 1568 doctrina
1646 1534 1832 1579 Evangelii
1856 1547 1957 1579 saepe
1982 1541 2015 1567 et
2039 1533 2122 1566 dili-

1130 1595 1252 1632 genter
1269 1587 1446 1620 audivisse
1463 1585 1659 1620 Christum.

1299 1670 1383 1717 Ego
1399 1684 1478 1705 sum
1498 1670 1708 1705 resurrectio
1738 1675 1767 1704 el
1794 1670 1867 1703 vila
1893 1675 1953 1706 etc.

1234 1738 1332 1772 Duae
1350 1747 1430 1773 sunt
1448 1740 1601 1782 insignes
1619 1740 1824 1780 sententiae,
1851 1739 2124 1782 complectentes

1131 1803 1302 1824 summam
1326 1791 1434 1824 totius
1452 1789 1647 1833 Evangelii.
1708 1791 1817 1835 Saepe
1841 1796 1957 1823 autem
1981 1790 2123 1823 monui-

1131 1854 1207 1874 mus
1234 1843 1420 1886 praecipue
1447 1843 1507 1874 illa
1531 1843 1730 1875 testimonia
1763 1842 1982 1875 observanda
2008 1849 2040 1875 et
2063 1853 2123 1874 ex-

1132 1895 1305 1937 cerpenda
1323 1905 1412 1933 esse,
1449 1894 1486 1925 in
1509 1894 1637 1938 quibus
1659 1906 1794 1926 summa
1819 1892 2003 1935 Evangelii
2027 1904 2124 1925 com-

1132 1942 1304 1989 prehensa
1329 1952 1389 1978 est.
1442 1944 1566 1978 Voluit
1590 1945 1684 1977 enim
1712 1942 1875 1978 Christus
1896 1951 1987 1977 certa
2010 1951 2042 1976 et
2066 1955 2125 1976 ex-

1132 1996 1258 2039 plicata
1286 1996 1443 2034 tradere,
1488 2008 1560 2028 uon
1587 1997 1700 2030 voluit
1724 1996 1905 2038 ambiguas
1932 2002 1964 2028 et
1988 1994 2126 2027 flexilo-

1132 2058 1217 2092 quas
1234 2047 1489 2091 disputationes
1508 2058 1638 2087 serere,
1674 2059 1763 2092 quae
1787 2047 1988 2079 animorum
2016 2046 2125 2079 dubi-

1130 2098 1280 2131 tationes
1310 2105 1341 2131 et
1379 2098 1605 2131 confusiones
1632 2105 1809 2143 parerent:
1862 2096 1938 2140 Ego
1965 2109 2041 2129 sum
2066 2109 2125 2130 re-

1131 2150 1301 2183 surrectio
1318 2159 1349 2182 et
1365 2150 1435 2182 vita
1449 2177 1457 2189 ,
1491 2149 1526 2181 id
1553 2157 1622 2190 est,
1657 2150 1883 2183 resuscitator
1901 2155 1931 2181 et
1950 2149 2053 2181 dator
2071 2148 2125 2182 vi·

1131 2207 1204 2238 tae,
1233 2207 1270 2233 ut
1287 2202 1379 2244 apud
1392 2199 1531 2233 Esaiam
1549 2201 1696 2235 dicitur:
1728 2200 1830 2233 Pater
1847 2200 1937 2233 vitae
1954 2207 2126 2237 aeternae,

1132 2258 1163 2284 et
1183 2251 1369 2296 aliquoties
1399 2264 1503 2295 supra
1529 2253 1630 2285 dicit:
1668 2251 1785 2284 Vitam
1805 2258 1981 2284 aeternam
2003 2252 2047 2283 do
2063 2251 2125 2290 eis,

1132 2311 1194 2338 etc.
1249 2302 1297 2336 Ut
1320 2310 1435 2336 autem
1468 2303 1657 2336 discrimen
1685 2303 1829 2343 sciatur,
1872 2303 1965 2335 inter
1989 2302 2125 2346 eosqui

1131 2354 1339 2387 beneficium
1364 2352 1496 2387 Christi
1528 2361 1811 2398 consequuntur,
1856 2361 1887 2387 et
1920 2354 2012 2385 inter
2037 2354 2126 2386 alios

1131 2406 1191 2450 qui
1215 2418 1287 2438 non
1304 2412 1588 2450 consequuntur,
1618 2406 1731 2438 addit:
1767 2405 1838 2448 Qui
1864 2405 1975 2437 credit
1997 2405 2033 2437 iu
2058 2417 2124 2444 me,

1132 2457 1266 2490 etiamsi
1286 2464 1446 2490 mortuus
1463 2457 1588 2496 fuerit,
1617 2457 1720 2490 vivet.

1233 2507 1343 2541 Plana
1376 2514 1409 2540 et
1440 2507 1530 2539 clara
1566 2508 1739 2541 sententia
1769 2515 1835 2548 est,
1886 2508 1953 2540 fide
1984 2514 2126 2551 propter

1131 2557 1312 2594 Christum
1332 2571 1394 2591 nos
1410 2559 1553 2590 liberari
1578 2571 1594 2592 a
1612 2567 1725 2593 morte
1749 2566 1909 2600 aeterna,
1943 2566 1977 2592 et
2002 2570 2126 2591 conse—

1133 2611 1195 2655 qui
1215 2611 1321 2643 vitam
1347 2617 1538 2643 aeternam.
1594 2610 1665 2643 Nec
1690 2622 1778 2654 opus
1795 2617 1844 2643 est
1864 2610 2047 2643 sententiis
2065 2621 2127 2653 per

1130 2673 1202 2694 sese
1218 2661 1413 2694 manifestis
1429 2667 1459 2694 et
1472 2662 1666 2705 perspicuis
1686 2663 1816 2695 addere
1833 2662 2010 2705 longiores
2025 2672 2127 2693 enar-

1129 2713 1304 2746 rationes.
