2415 2942
12 2607 19 2697 *2:2⁷<·
16 2580 17 2587 ⁴

85 97 182 135 1129
245 95 346 131 Xlll.

84 182 258 218 Ecclesiae
268 181 501 214 sustinuerint
515 182 672 224 ingentes
689 192 872 214 aerumnas
883 187 976 214 certo
988 193 1072 213 con-

85 235 164 268 silio
191 233 279 272 Dei,
307 234 400 277 quod
427 231 602 265 Ecclesiae
628 232 799 271 ostendit,
828 244 899 263 nou
926 232 1073 264 velimus

85 296 148 318 nos
168 283 301 326 seiungi
326 296 342 315 a
371 284 504 327 reliqua
523 284 685 316 societate
706 283 741 314 in
762 282 1015 315 afflictionibus
1041 290 1073 316 et

85 335 366 368 liberationibus.
434 333 473 367 Et
506 334 694 378 inqualitas
720 345 758 365 ac
781 334 945 376 superbia
973 340 1073 371 esset,

85 386 113 420 si
138 385 306 418 vellemus
331 385 434 417 nobis
466 386 592 417 melius
623 396 715 424 esse,
757 396 860 427 quam
896 384 967 416 filio
995 383 1073 423 Dei,

85 446 190 482 quam
208 437 317 474 Abel,
348 435 532 475 leremiae,
562 434 739 478 Baptistae
756 442 787 467 et
805 435 992 468 similibus

187 485 234 520 Et
260 484 318 520 hic
334 498 457 520 causae
475 486 707 519 afflictionum
727 491 830 517 notae
845 486 925 520 sint,
986 485 1070 518 Pro-

85 545 162 582 pter
187 544 364 581 peccatum
391 537 574 569 nobiscum
598 547 743 568 nascens
771 537 888 579 generi
916 534 1072 569 humano

85 589 335 622 universaliter
357 599 434 621 mos
451 587 613 630 imposita
632 593 700 627 est,
728 594 761 619 et
786 587 902 620 morbi
927 594 958 620 et
984 588 1072 620 aliae

86 639 216 672 multae
237 651 436 674 aerumnae.
482 638 622 671 Deinde
641 638 834 680 singulares
852 637 1071 678 afflictiones,

85 698 168 723 suut
186 691 270 722 alias
289 701 420 734 poenae
446 695 620 722 certorum
647 689 876 727 delictorum,
902 695 940 722 ut
959 689 1070 721 Davi-

86 740 142 773 dis
167 741 331 773 exilium:
375 740 460 772 alias
490 739 672 780 exercitia,
715 746 753 772 ut
786 751 902 772 carcer
929 737 1070 783 loseph:

85 792 171 824 alias
189 792 385 825 testimonia
405 790 633 823 consessionis
658 796 691 823 et
714 790 1005 829 immortalitatis,
1033 798 1071 824 ut

85 853 186 875 neces
204 840 312 879 Abel,
339 841 536 884 Baptistae,
565 839 749 884 Stephani.
796 839 844 874 Et
861 854 939 874 cum
956 854 1071 874 exem-

85 893 141 937 pla
161 894 262 925 nobis
282 893 530 934 proponimus,
559 892 663 924 simul
691 892 966 926 considerandae
989 900 1070 925 sunt

85 955 216 977 causae.
272 942 318 976 Ut
342 943 376 975 in
395 944 472 975 aliis
490 943 659 975 doctrinis
675 955 746 975 nou
768 944 849 976 satis
876 950 926 976 est
952 955 1069 976 exem-

85 994 141 1037 pla
170 993 320 1033 intueri,
348 996 405 1026 sed
431 994 533 1027 etiam
561 994 775 1026 considerari
795 1001 933 1037 oportet
955 1006 1068 1026 exem-

85 1044 225 1088 plorum
251 1044 405 1077 rationes
432 1052 462 1078 et
489 1045 706 1079 discrimina.
770 1045 811 1078 Et
835 1045 877 1077 de
903 1045 1069 1088 exemplis

84 1102 174 1128 recte
191 1096 462 1128 accommodatis
481 1096 549 1128 dici
569 1103 677 1138 potest
698 1095 785 1128 illud
803 1103 902 1128 vetus
919 1096 1068 1129 dictum:

83 1143 210 1180 κοινὸν
228 1142 410 1193 ναυάγιον
425 1148 511 1179 πᾶσι
530 1143 785 1189 παραλιιύθιον.

186 1195 383 1240 Septimus,
420 1197 553 1230 (jaus-ie
581 1198 712 1232 finales.
773 1196 1068 1230 Communissima

85 1258 186 1280 causa
206 1247 319 1279 finalis
338 1245 422 1280 haec
442 1255 507 1280 est:
536 1247 675 1280 Bonum
697 1246 804 1288 milii,
835 1249 927 1292 quod
953 1246 1067 1279 humi-

85 1297 175 1330 liasti
194 1309 265 1337 nie,
293 1306 329 1330 ut
349 1299 516 1330 discerem
537 1299 800 1331 iustificationes
817 1306 902 1331 tuas.
965 1298 1066 1331 Affli-

86 1348 135 1391 git
154 1348 246 1381 Deus
265 1361 336 1380 non
353 1357 391 1382 ut
416 1351 555 1392 perdat,
590 1351 646 1381 sed
675 1358 710 1381 ut
740 1350 791 1381 vel
817 1346 974 1381 retrahat
1004 1346 1068 1381 ho·

87 1399 199 1431 mines
227 1400 268 1430 ad
304 1400 578 1442 poenitentiam,
631 1408 668 1433 ut
703 1400 909 1442 affliguntur
943 1398 1069 1439 David,

86 1446 208 1486 Osias‚
237 1448 434 1481 Manasses:
464 1453 517 1482 vel
542 1458 695 1483 exerceat
717 1458 748 1482 et
773 1451 954 1483 confirmet
977 1462 1067 1489 suos,

83 1507 123 1534 ut
147 1499 352 1542 affliguntur
372 1498 516 1543 Ioseph,
543 1499 670 1534 Daniel
690 1508 721 1534 et
740 1502 891 1541 similes,
919 1508 950 1533 et
977 1500 1068 1533 Pau—

83 1550 139 1584 lus
156 1547 261 1583 huius
276 1562 398 1584 causae
415 1552 628 1584 mentionem
646 1553 725 1585 facit
744 1550 809 1584 hoc
835 1552 927 1584 loco:
979 1550 1068 1585 Cum

84 1601 302 1641 iudicamur,
336 1613 354 1634 a
380 1600 534 1635 Domino
558 1603 788 1646 corripimur,
824 1615 867 1635 ne
892 1615 970 1635 cum
1004 1600 1068 1634 hoc

85 1652 220 1684 mundo
240 1652 459 1685 damnemur.

185 1701 276 1735 Sunt
298 1709 330 1736 et
356 1703 392 1734 in
413 1702 566 1737 Ecclesia
594 1704 682 1736 aliae
704 1715 846 1741 causae,
875 1704 918 1736 de
942 1703 1069 1748 quibus

84 1752 154 1786 iam
174 1753 260 1788 dixi.

186 1803 335 1837 Lenitur
350 1804 454 1838 etiam
472 1805 592 1844 dolor,
621 1806 762 1849 quando
788 1811 906 1836 nostra
931 1804 1066 1836 confes-

86 1853 184 1888 sione
207 1855 337 1888 scimus
360 1855 448 1889 alios
473 1856 692 1893 confirmari,
729 1857 772 1888 de
797 1867 863 1899 qua
893 1867 991 1887 causa
1018 1855 1070 1887 lo-

85 1905 208 1950 quitur
227 1905 358 1939 Paulus
376 1908 417 1939 ad
438 1904 682 1950 Philippenses
699 1909 733 1940 2.
761 1918 839 1937 cum
865 1906 998 1950 inquit,
1026 1905 1071 1939 Se

86 1956 227 1997 laetari,
251 1959 344 2001 quod
373 1957 594 1997 immoletur,
625 1965 662 1990 ut
689 1958 753 2000 ipsi
781 1957 816 1988 in
843 1957 1010 1989 sacrificio
1037 1964 1067 1989 et

88 2007 284 2040 ministerio
301 2008 381 2041 fidei
399 2009 675 2041 comfirmentur.
704 2008 796 2040 Haec
815 2009 930 2040 brevis
947 2008 1063 2039 admo-

89 2057 177 2090 nitio
202 2059 244 2089 de
269 2059 456 2092 collatione
479 2061 781 2097 consolationum,
819 2059 952 2102 aliquid
983 2058 1069 2090 lucis

89 2108 200 2141 adfert
228 2106 307 2141 huic
337 2109 413 2141 loco
439 2109 551 2144 Pauli.
617 2110 662 2143 Et
692 2112 836 2142 lectores
867 2116 984 2142 mente
1015 2110 1069 2140 in·-

89 2165 254 2192 tueantur
278 2172 334 2201 ea,
374 2172 463 2206 quae
491 2161 533 2193 de
564 2173 664 2194 cruce
696 2162 779 2194 alibi
813 2161 988 2205 copiosius
1015 2160 1068 2192 di-

90 2217 227 2243 cuntur.

347 2328 483 2381 Caput
519 2329 810 2370 duodecimum.

167 2417 295 2461 Magna
315 2419 499 2453 infirmitas
516 2427 565 2453 est
584 2428 729 2453 naturae
746 2421 930 2462 humanae,
948 2432 1071 2463 magna

89 2477 294 2502 naturarum
321 2471 583 2506 dissimilitudo.
640 2471 758 2514 Quat-⁴¹
785 2474 887 2505 etiam
913 2473 946 2505 in
968 2484 1072 2514 parva

89 2521 251 2552 societate
283 2521 384 2554 facile
415 2524 565 2555 existunt
601 2524 874 2563 aemulationes,
916 2523 1071 2561 dissidia,

90 2570 206 2614 lapsus
230 2579 261 2604 et
286 2572 515 2614 offensiones,
544 2574 631 2606 sicut
652 2572 887 2607 Demothenes
913 2575 977 2613 ait,
1006 2573 1071 2606 Er-

89 2632 185 2653 rores
201 2628 232 2654 et
250 2623 491 2656 contentiones
510 2637 713 2657 communes
729 2627 872 2658 morbos
897 2637 968 2657 esse
996 2637 1071 2657 om—

89 2671 188 2705 nium
208 2672 405 2715 civitatum,
429 2682 461 2709 et
478 2677 671 2709 necessario
688 2676 860 2709 accidere:
887 2674 992 2711 xotz'c}
1011 2673 1073 2710 καὶ

398 95 435 131 4.
464 94 802 132 COMMENTAR.
829 94 878 129 IN
905 93 1062 130 EPlST.
1090 91 1238 130 PAULI
1266 93 1332 130 AD
1360 93 1683 134 CORINTHlOS.

1098 209 1102 249 Ι

1097 378 1103 473 ἰ

1746 97 1850 134 CAP.
1876 99 1958 136 Xll.
2018 102 2115 136 1130

1128 180 1313 227 ἀναγκαῖα
1350 179 1601 227 ἁμαρτήματα
1632 182 1798 218 πολιτικὰ
1816 210 1825 222 ,
1869 183 2023 232 ἀγνοίας
2051 186 2112 221 καὶ

1127 231 1378 278 mimitemelae.
1424 235 1470 268 lta
1489 236 1523 267 in
1542 234 1696 268 Ecclesia
1713 235 1899 269 Corinthia
1916 237 2115 271 acciderant

1127 283 1243 326 lapsus
1262 291 1293 317 et
1310 285 1375 317 alia
1393 285 1627 318 incommoda.
1683 285 1793 320 Erant
1820 288 2054 321 dissensiones
2071 290 2114 321 de

1127 335 1308 373 doctrina,
1347 336 1496 369 iure-stus
1534 343 1606 369 erat
1632 338 1760 370 abusus
1788 338 1968 381 libertate,
2002 339 2112 383 aliqui

1127 387 1337 419 accedebant
1355 389 1395 418 ad
1418 387 1577 419 convivia
1605 388 1640 419 in
1661 387 1895 421 Etbnicorum
1923 390 2112 431 sacrificiis,

1127 437 1315 469 movebant
1334 437 1442 480 aliqui
1465 438 1685 481 quaestiones
1703 441 1745 471 de
1764 440 1924 472 divortiis
1946 452 2018 472 non
2038 453 2113 473 cre-

1126 487 1304 525 dentium,
1340 489 1483 532 quidam
1502 489 1689 522 turbabant
1706 490 1866 522 ordinem
1891 503 2017 523 coenae
2036 492 2109 524 Do-

1126 538 1226 572 mini.
1270 538 1425 580 Quidam
1446 539 1613 572 nolebant
1631 541 1789 573 conferre
1807 542 1846 573 ad
1866 541 2009 574 alendos
2026 542 2110 574 side-

1127 589 1174 621 les
1196 589 1390 624 ministros.
1444 588 1509 621 His
1526 589 1783 623 offensionibus
1802 589 1969 624 hactenus
1987 592 2023 624 in
2048 591 2112 626 hac

1125 638 1280 683 Epistola
1310 640 1440 672 mederi
1466 641 1613 674 studuit.
1683 640 1754 674 Nec
1777 649 1824 674 est
1852 654 1961 674 unum
1987 655 2112 687 perpe-

1125 698 1223 723 tuum
1243 698 1485 734 argumentum
1498 718 1506 731 ,
1534 698 1572 724 ut
1590 703 1643 723 res
1661 691 1734 735 ipsa
1753 693 1923 725 ostendit:
1952 700 1984 726 et
2003 694 2111 727 lector

1126 742 1279 774 diversas
1303 743 1502 775 occasiones
1525 743 1733 778 consideret.

1228 792 1266 825 ln
1299 791 1361 825 bac
1390 793 1548 838 sequenti
1585 800 1681 836 parte
1712 796 1755 826 de
1790 794 1927 827 duabus
1955 794 2111 828 materiis

1124 844 1260 876 scribit:
1291 843 1343 876 De
1361 844 1487 877 ordine
1510 845 1701 878 lectionum
1727 852 1757 878 et
1779 845 2110 888 interpretationum

1125 894 1160 926 in
1179 896 1319 938 publico
1338 907 1538 938 congressu,
1565 902 1597 928 et
1613 897 1657 928 de
1674 896 1929 928 resurrectione
1949 903 2111 929 mortuo-

1124 958 1212 980 rum.
1267 945 1400 978 Graeca
1419 946 1513 979 natio
1531 947 1769 979 delectabatur
1786 948 1881 979 dono
1896 947 2112 990 linguarum,

1124 1005 1155 1028 et
1182 997 1281 1028 multi
1311 997 1346 1029 in
1372 997 1513 1041 publico
1542 1009 1728 1040 congressu
1756 1009 1852 1030 suam
1872 997 2110 1042 eloquentiam

1125 1049 1358 1082 ostentabant.
1425 1049 1511 1080 lude
1536 1050 1638 1080 etiam
1666 1049 1919 1081 aemulationes
1946 1049 2112 1081 orieban-

1123 1104 1190 1133 tur.
1267 1097 1398 1132 Paulus
1429 1099 1536 1142 igitur
1572 1100 1608 1131 in
1646 1111 1771 1142 genere
1800 1100 2031 1132 concionatur
2068 1101 2111 1131 de

1122 1160 1188 1181 usu
1213 1149 1408 1190 donorum,
1446 1157 1477 1182 et
1507 1157 1624 1193 postea
1650 1151 1748 1183 addit
1773 1157 1954 1193 praecepta
1983 1151 2025 1182 de
2050 1162 2110 1182 or-

1123 1200 1206 1232 dine
1223 1200 1413 1233 lectionum
1435 1208 1467 1234 et
1492 1201 1841 1244 interpretationum,
1868 1201 1968 1234 utilia
1994 1201 2111 1233 omni-

1123 1251 1187 1282 bus
1205 1252 1386 1286 aetatibus.
1439 1251 1512 1283 lmo
1530 1259 1563 1285 et
1588 1253 1700 1285 forma
1721 1252 1934 1286 iudiciorum
1960 1252 1996 1284 in
2014 1250 2108 1297 Syn-

1124 1301 1199 1332 odis
1221 1299 1302 1333 binc
1323 1303 1492 1334 sumenda
1515 1309 1577 1335 est.

1122 1381 1260 1418 Οἴδατε
1286 1382 1339 1418 ὅτι
1364 1383 1423 1419 ὅτε
1450 1383 1544 1429 ἔθνη
1564 1380 1637 1429 ἦτε.
1704 1382 1817 1418 Scitis
1839 1381 1941 1433 quod
1959 1383 2110 1432 quando

1457 1435 1612 1481 gentiles
1637 1435 1762 1472 eratis.

1225 1503 1424 1547 Antequam
1452 1504 1537 1536 dicit
1562 1505 1604 1535 de
1627 1503 1848 1546 singulorum
1872 1503 1976 1536 donis
1991 1503 2110 1537 diver-

1124 1555 1186 1595 sis,
1214 1555 1366 1598 primum
1387 1562 1503 1587 monet
1524 1567 1635 1587 unum
1655 1566 1841 1587 commune
1856 1555 1991 1587 donum
2009 1567 2108 1598 prae·-

1124 1606 1264 1648 cipuum
1284 1605 1320 1636 in
1340 1606 1505 1638 omnibus
1525 1617 1597 1638 esse
1616 1613 1797 1648 oportere,
1825 1611 1859 1638 et
1880 1605 1915 1638 id
1935 1617 2017 1648 prae
2032 1618 2109 1638 cae-

1124 1658 1206 1689 teris
1224 1656 1326 1689 donis
1344 1657 1584 1700 quaerendum
1603 1667 1674 1689 esse
1693 1656 1729 1688 in
1748 1656 1913 1699 singulis,
1948 1663 1980 1689 ct
2005 1662 2109 1689 tuen-

1125 1708 1208 1739 dum
1225 1732 1233 1745 ,
1277 1707 1440 1740 xidelicet
1477 1706 1650 1750 Spiritum
1686 1714 1845 1740 sanctum
1883 1707 2107 1741 confitentem

1127 1757 1239 1790 lesum
1259 1769 1330 1790 esse
1348 1757 1559 1796 Dominum,
1594 1758 1683 1791 sicut
1709 1765 1740 1791 et
1764 1770 1869 1801 supra
1893 1757 1998 1802 dixit,
2027 1758 2109 1791 uni-

1125 1822 1202 1842 cum
1221 1821 1292 1841 esse
1310 1809 1578 1841 fundamentum
1591 1836 1599 1849 ‚
1627 1808 1740 1842 lesum
1761 1806 1954 1844 Christum.

1226 1859 1303 1893 Hoc
1326 1860 1594 1893 fundamentum
1626 1860 1675 1893 ait
1705 1860 1940 1892 necessarium
1967 1870 2039 1892 esse
2070 1859 2109 1893 in

1125 1912 1308 1951 omuibus,
1350 1918 1511 1954 oportere
1544 1922 1666 1944 omnes
1699 1908 1889 1944 abhorrere
1918 1911 1962 1943 ab
1994 1910 2109 1952 idolis,

1124 1970 1154 1996 et
1180 1969 1341 2005 oportere
1369 1962 1404 1994 in
1430 1962 1595 1994 omnibus
1614 1974 1730 1995 veram
1755 1961 2014 1995 invocationem
2031 1959 2110 2002 Dei,

1124 2023 1155 2046 et
1184 2014 1398 2055 agnitionem
1428 2013 1631 2046 mediatoris
1665 2025 1750 2046 esse.
1811 2012 1850 2045 Id
1880 2013 1981 2045 initio
2011 2013 2109 2046 iubet

1123 2076 1244 2097 ornnes
1262 2065 1371 2103 tueri,
1399 2076 1442 2096 ne
1459 2071 1580 2104 ruant,
1608 2064 1696 2097 sicut
1722 2071 1821 2097 antea
1848 2075 1927 2096 cum
1953 2074 2024 2095 non
2052 2075 2108 2095 re—

1123 2123 1287 2157 gerentur
1302 2115 1378 2147 luce
1396 2113 1577 2157 Evangelii
1597 2123 1627 2150 et
1644 2115 1780 2158 Spiritu
1797 2121 1928 2154 sanem,
1951 2115 1994 2146 ad
2013 2121 2107 2147 muta

1124 2167 1216 2199 idola
1236 2178 1446 2210 quocunque
1464 2165 1748 2209 impellebantur.

1225 2216 1294 2250 Hic
1312 2217 1418 2259 igitur
1435 2217 1545 2250 multa
1562 2224 1679 2250 monet
1691 2241 1700 2254 ‚
1724 2215 1877 2249 ostendit
1893 2211 2107 2247 horrendam

1126 2280 1197 2301 esse
1222 2269 1422 2300 coecitatem
1444 2267 1604 2300 omnium
1633 2265 1838 2304 hominum,
1867 2265 1927 2310 qui
1952 2276 2024 2297 non
2052 2276 2108 2297 re-

1125 2327 1255 2362 guntur
1281 2319 1356 2351 luce
1371 2317 1556 2359 Evangelii
1585 2325 1617 2351 et
1642 2330 1659 2350 a
1683 2317 1819 2360 Spiritu
1846 2323 1984 2354 sancto,
2020 2316 2109 2349 sicut

1125 2371 1278 2414 exempla
1295 2371 1496 2404 ostendunt.
1549 2367 1694 2402 Etbnici
1719 2367 1876 2413 quotidie
1900 2377 2010 2399 novos
2033 2366 2109 2398 cul-

1125 2429 1179 2455 tus
1203 2422 1462 2463 excogitabant,
1492 2417 1725 2453 Athenienses
1748 2419 1839 2452 bello
1857 2417 1982 2450 Xerxis
2008 2416 2108 2449 insti-

1125 2479 1266 2506 tuerunt
1286 2471 1452 2504 sacrificia
1473 2469 1618 2509 Boreae,
1647 2471 1810 2504 dicebant
1827 2480 1899 2502 esse
1917 2468 2001 2510 ipsis
2019 2468 2108 2500 anii-

1126 2536 1222 2563 cum,
1251 2523 1331 2567 quia
1352 2523 1434 2554 olim
1455 2534 1492 2554 ex
1513 2519 1678 2566 Orithyia
1696 2522 1870 2564 genuisset
1890 2519 1991 2552 filios.
2030 2517 2107 2550 Me-

1125 2575 1265 2607 retrices
1281 2575 1316 2606 in
1334 2573 1393 2605 illa
1413 2573 1486 2615 ipsa
1504 2573 1590 2605 urbe
1602 2569 1775 2605 Corintho
1792 2584 1855 2615 pro
1872 2570 1981 2602 salute
1999 2567 2109 2600 Grae-

1126 2626 1198 2658 ciae
1223 2636 1408 2657 commune
1437 2630 1556 2655 votum
1580 2623 1747 2656 fecerunt.
1801 2621 1964 2664 Denique
1988 2619 2107 2651 nullus

1125 2677 1191 2710 fuit
1214 2676 1293 2709 finis
1311 2675 1435 2709 talium
1460 2675 1632 2707 furorum.
1685 2673 1728 2708 Et
1752 2673 1879 2707 similia
1907 2670 2108 2703 acciderunt
