2415 2942
301 79 397 116 1043

900 70 1026 106 PHIL.
1053 70 1167 106 MEL.
1197 67 1405 104 SCRIPTA
1435 67 1734 106 EXEGETICA.

2223 67 2318 104 1044

405 163 454 197 Ac
474 172 612 205 prorsus
629 159 841 192 execrandus
859 164 906 191 cst
925 169 1022 190 error
1041 155 1285 195 Stenkescldii‚
1335 161 1368 188 et
1391 154 1659 198 temperantiam
1684 160 1815 188 tantam
1840 155 1964 194 fnisse,
1999 167 2088 200 quae
2112 162 2227 189 tamen
2253 164 2316 186 na-

310 217 367 261 qui
385 225 538 254 expresse
557 210 696 249 scribit,
725 209 838 242 Deum
857 221 927 241 non
948 219 1019 240 esse
1038 208 1209 240 efficacem
1227 217 1286 249 per
1336 212 1434 238 turae
1463 212 1689 247 congrueret,
1727 212 1760 238 et
1785 206 1914 239 victum
1939 217 2011 238 non
2031 206 2172 240 sordide
2196 206 2316 238 datum

311 265 544 307 coguitionem
567 260 747 302 [Ex-angelii
774 260 882 292 auditi
909 266 967 292 ant
990 259 1088 299 lecti,
1123 270 1161 291 ac
1188 257 1288 299 fingit

311 317 394 348 alias
427 312 704 346 illuminationes
736 318 829 344 extra
862 308 1112 351 Evangelimn,
1154 315 1187 341 et
1213 308 1289 340 sine

312 364 516 406 Evangelio.
559 362 662 395 'l'ales
691 362 826 394 surm-es
850 360 935 392 olim
962 359 1176 400 Marcionis,
1208 357 1289 391 Ma·

312 414 538 448 nithaeorum
558 420 587 444 et
608 410 913 445 Etitltusiastarum
938 411 1100 448 suerunt,
1134 416 1168 443 et
1193 420 1291 441 erro-

313 478 374 499 nes
399 464 656 507 Anabaptistae
687 463 814 495 similia
849 468 1006 505 portenta
1031 460 1293 494 circumferunt.

315 517 433 551 Sciant
452 522 566 548 autem
585 514 696 546 bonae
715 521 845 545 mentes
866 512 1037 556 praecipi,
1065 519 1103 545 ut
1119 512 1294 544 discamus

316 574 347 600 et
373 567 562 608 cogitemus
589 565 734 596 verbum
763 562 848 603 Dei,
884 563 978 595 iuxta
1003 564 1153 595 dictum:
1190 560 1295 593 Hunc

318 619 445 651 audite.
502 616 604 649 ltem:
634 612 857 646 Osculamtni
876 614 996 645 filium.
1032 612 1077 646 Et
1097 619 1190 645 certo
1209 611 1296 643 scia-

318 680 395 701 mus
416 667 529 700 Deum
556 678 615 709 per
635 663 740 698 huius
764 665 883 707 scripti
901 662 1086 706 Evangelii
1114 662 1297 705 cogitatio-

319 731 397 752 nem
415 719 585 750 efficacem
606 728 696 755 esse,
724 722 760 748 ut
778 715 906 747 dicitur
925 713 1078 747 Roman.
1094 713 1166 746 lO.:
1194 712 1299 746 Fides

319 782 359 803 ex
375 770 497 802 auditu
514 774 574 802 est.
631 765 734 799 ltetn:
763 764 864 798 Pater
881 765 1056 797 sanctifica
1074 776 1131 797 eos
1150 766 1187 796 in
1208 762 1300 795 veri-

321 827 407 860 tate,
433 830 548 852 sermo
575 824 654 850 tuus
678 823 728 849 est
753 816 889 848 vet-itas.

321 903 431 940 IVunc
457 906 577 936 aulem
599 898 809 949 proficiscor
832 897 1123 945 lerosolymam,
1166 902 1203 932 ιιι
1227 909 1303 932 ser-

649 952 791 984 viamus
817 951 971 984 sanctis.

424 1022 513 1057 Cum
531 1026 628 1053 antea
646 1020 688 1052 de
706 1030 767 1051 suo
787 1018 903 1051 officio
919 1017 1063 1058 dixerit,
1090 1017 1205 1050 obiter
1222 1027 1303 1049 nar-

324 1083 377 1112 rat
411 1081 443 1107 et
479 1070 776 1116 peregrinationes
810 1080 908 1107 suas,
956 1075 989 1101 et
1023 1067 1303 1101 benevolentiam

325 1139 421 1163 suam
440 1135 517 1165 erga
538 1121 747 1160 Ecclesiam,
781 1132 868 1164 quae
891 1118 1025 1152 Romae
1048 1119 1134 1156 fuit,
1172 1118 1304 1161 signiti-

326 1186 397 1217 cat,
434 1182 465 1208 et
490 1185 583 1216 spem
602 1172 651 1204 eis
668 1172 840 1204 adventus
865 1169 918 1202 sui
945 1169 1038 1202 facit.
1094 1168 1196 1200 Nunc
1222 1179 1304 1200 vero

326 1231 392 1269 ait,
419 1227 455 1259 in
476 1226 641 1258 Iudaeam
661 1233 694 1254 se
712 1221 902 1265 proficisci,
924 1227 960 1252 ut
980 1219 1106 1252 sanctis
1125 1218 1306 1262 egentibus

326 1281 459 1315 adferat
478 1274 661 1320 pecuniam
675 1299 682 1312 ‚
711 1284 815 1316 quatu
838 1271 874 1302 in
891 1270 1102 1303 'Macedonia
1125 1277 1155 1302 et
1173 1265 1305 1301 Achaia

327 1329 548 1366 contulerant
565 1322 758 1362 Ecclesiae,
786 1329 823 1354 ut
841 1321 1023 1363 egentibus
1040 1321 1075 1352 in
1094 1321 1183 1352 fame
1204 1331 1304 1362 opem

327 1384 470 1417 ferrent.
523 1374 751 1408 Notissimum
775 1378 826 1405 est
849 1371 940 1404 enim
970 1371 1005 1402 in
1030 1368 1176 1403 historia
1201 1368 1306 1402 Clau-

329 1433 378 1467 dii
401 1425 622 1473 imperatoris
645 1425 680 1455 in
698 1423 797 1460 Asia,
827 1421 974 1455 Graecia
993 1428 1024 1454 et
1044 1420 1142 1453 ltalia
1161 1432 1201 1452 eo
1219 1426 1307 1451 tem-

329 1494 411 1529 pore
430 1488 590 1521 magnam
610 1474 826 1507 sterilitatem
845 1473 978 1516 aliquot
998 1483 1170 1504 annorum
1190 1470 1309 1511 fuisse,

329 1542 362 1569 et
378 1530 508 1566 multos
527 1525 687 1560 homines
706 1524 830 1567 passim
854 1523 944 1555 fame
961 1522 1130 1554 extinctos
1148 1532 1232 1553 esse.

428 1582 485 1614 De
509 1590 546 1611 ea
567 1577 657 1609 fame
682 1576 716 1606 in
743 1574 838 1607 Actis
860 1574 989 1605 dicitur
1008 1584 1081 1615 cap.
1102 1571 1308 1605 undecimo:

329 1642 362 1670 et
392 1630 565 1666 Eusebius
589 1626 710 1659 scribit
743 1625 900 1657 modium
925 1622 1032 1656 tritici
1055 1635 1111 1655 sex
1133 1619 1311 1654 drachmis

330 1684 513 1720 venditum
548 1690 629 1712 esse.
683 1675 727 1709 Et
750 1676 786 1708 in
816 1682 911 1708 sexto
941 1673 1054 1718 capite
1079 1672 1310 1717 Apocalypsis

331 1738 423 1770 inter
445 1741 574 1777 poenas
597 1735 802 1761 numeratur
824 1727 950 1764 sames,
993 1725 1031 1756 in
1056 1736 1124 1768 qua
1150 1724 1309 1756 futurum

331 1787 436 1828 dicit,
462 1790 500 1817 ut
525 1778 673 1814 choenix
692 1777 836 1810 denario
854 1776 897 1808 sit
916 1776 1094 1808 emendus,
1147 1772 1231 1806 Fuit
1249 1785 1311 1806 au-

331 1846 400 1873 tem
423 1843 608 1868 commune
633 1828 783 1874 pretium
811 1827 919 1859 modii
939 1825 1174 1858 mediocribus
1198 1824 1311 1865 annis,

333 1897 402 1924 tres
422 1892 478 1919 aut
499 1889 650 1929 quatuor
674 1878 842 1918 sestertii,
871 1884 907 1910 ut
925 1875 1048 1910 Cicero
1067 1875 1209 1915 scribit,
1234 1888 1310 1909 mo-

334 1939 384 1974 dii
404 1935 555 1980 pretium
577 1932 650 1974 lege
668 1930 773 1963 sitisse
791 1937 858 1962 tres
881 1927 1073 1966 sestertios,
1100 1927 1135 1959 id
1155 1933 1220 1967 est,
1247 1938 1312 1959 no-

333 1996 456 2025 strates
482 1994 608 2018 numos
631 1981 801 2015 Misnicos
826 1986 977 2024 quatuor
995 1985 1026 2010 et
1049 1977 1186 2020 viginti.
1239 1976 1311 2010 Iam

333 2042 362 2075 si
385 2037 525 2072 modius
549 2035 585 2067 in
610 2033 702 2065 same
722 2038 832 2064 emtus
855 2036 905 2062 est
925 2041 981 2061 sex
1004 2027 1180 2060 drachmis
1204 2027 1311 2060 crevit

333 2090 484 2137 pretium
509 2083 720 2130 quintuplo,
752 2094 829 2114 cum
854 2080 1090 2112 mediocribus
1115 2078 1218 2110 annis
1240 2077 1312 2110 usi-

334 2149 444 2179 tatum
464 2136 615 2182 pretium
632 2140 718 2166 esset
732 2129 917 2171 drachma,
938 2136 998 2163 aut
1016 2129 1164 2162 circiter.
1201 2127 1312 2161 Erant

333 2199 447 2229 autem
469 2189 507 2222 in
530 2185 649 2219 modio
674 2191 751 2217 octo
775 2179 974 2215 choenices:
1014 2188 1047 2214 et
1068 2177 1216 2213 choenix
1241 2186 1313 2212 erat

332 2243 438 2279 unius
460 2239 529 2273 diei
549 2237 671 2271 farina.
724 2233 807 2267 Fuit
833 2231 942 2275 igitur
961 2231 1198 2264 mediocribus
1213 2230 1314 2263 annis

332 2294 445 2329 {arina
477 2290 584 2324 unius
615 2286 686 2320 diei
716 2296 779 2329 pro
807 2290 959 2328 quatuor
987 2281 1148 2314 Misnicis
1179 2281 1312 2314 nnmis:

332 2350 469 2380 tanturn
485 2340 618 2373 farinae
634 2337 670 2370 in
689 2336 778 2368 same
795 2335 974 2366 emebatur
991 2332 1133 2364 denario
1145 2357 1153 2369 ,
1173 2330 1239 2364 hoc
1254 2338 1313 2371 est,

331 2393 449 2429 numis
465 2388 630 2426 Blisnicis
655 2387 795 2430 triginta
814 2385 962 2418 duobus.
1015 2383 1181 2416 Creverat
1205 2384 1312 2425 igitur

329 2444 480 2490 pretium
500 2439 673 2484 septuplo.

432 2491 569 2526 Harum
603 2486 905 2532 computationum
942 2484 1175 2518 consideratio
1212 2484 1310 2516 utilis

331 2553 398 2586 est,
432 2550 464 2577 et
488 2543 530 2574 ad
555 2538 818 2581 intelligendam
845 2535 1048 2572 historiam,
1093 2541 1126 2568 et
1150 2535 1190 2566 ad
1220 2532 1308 2567 hanc

329 2591 691 2632 animadversionem,
719 2588 778 2632 qui
802 2591 889 2621 ordo
911 2587 1018 2620 suerit
1041 2587 1076 2618 in
1102 2586 1194 2617 victu
1223 2597 1303 2617 cou-

328 2657 456 2692 gtuens
481 2640 632 2677 homiui.
685 2638 729 2672 Et
753 2641 898 2682 adparet
924 2639 1026 2678 inde,
1067 2635 1303 2679 frugalitatem

1323 733 1324 755 3
1349 714 1468 745 (laeam
1494 713 1617 745 attulit.

1340 268 1411 289 esse.
1439 257 1557 289 servis.

1440 305 1552 340 Erant
1583 312 1696 339 autem
1728 306 1913 351 praecipue
1945 305 1981 338 in
2015 305 2141 339 Iudaea
2174 316 2319 349 magnae

1343 357 1554 391 calamitates
1571 369 1710 396 eorum,
1737 355 2044 401 quiEvangelium
2062 358 2322 400 amplecteban-

1342 415 1411 443 tur.
1467 408 1574 441 Multi
1612 408 1706 440 enim
1742 407 2066 448 interficiebantur,
2110 407 2253 451 plurimi
2281 419 2322 440 ex

1343 459 1621 503 possessionibus
1646 458 1797 501 propriis
1821 458 2105 498 excutiebantur,
2140 457 2323 499 'cogeban-

1344 516 1402 543 tur
1420 510 1569 542 exulare.
1625 510 1679 542 Ad
1707 506 1768 541 bas
1788 508 1943 541 miserias
1964 507 2206 546 tuneaccessit
2228 518 2325 539 com-

1345 561 1462 593 munis
1486 561 1591 593 fames
1618 561 1652 593 in
1679 567 1747 592 tota
1778 559 1858 592 Asia
1886 566 1917 592 et
1943 557 2097 602 Europa.
2148 557 2197 592 Ut
2219 557 2327 600 igitur

1347 611 1476 643 alicubi
1505 623 1671 654 pauperes
1695 610 1846 642 familiae
1870 610 2095 650 iuvarentur,
2135 607 2266 642 Paulus
2288 607 2327 639 in

1349 660 1495 695 Graecia
1521 669 1550 695 et
1576 662 1659 694 alibi
1684 661 1866 704 pecuniam
1892 660 2047 703 collegit,
2083 670 2186 704 quam
2212 659 2247 691 in
2270 657 2328 691 lu-

1684 711 1754 744 lias
1775 719 1971 754 temporum
1998 709 2274 743 circumstantias
2296 715 2329 741 et

1349 762 1522 796 Ecclesiae
1540 774 1742 800 aerumnaS,
1772 770 1803 795 et
1823 761 2074 805 Apostolorum
2096 771 2195 793 curas
2214 760 2250 792 in
2274 759 2329 792 iu-

1352 814 1475 846 vandis
1495 813 1725 856 pauperibus,
1753 821 1785 846 et
1804 813 1927 845 alenda
1946 810 2190 845 benevolentia
2208 809 2330 844 Eccle-

1351 865 1481 897 siarum
1508 865 1728 896 considerare
1751 864 1837 896 utile
1864 871 1925 896 est.

1454 914 1568 947 Simul
1600 921 1714 947 antem
1748 914 1871 947 intexit
1897 911 1954 946 hic
1980 913 2257 946 admonitionem
2289 912 2331 944 de

1353 966 1513 999 mercede
1536 965 1652 997 debita
1676 964 1846 997 ministris
1869 963 2070 1007 Evangelii,
2120 965 2163 996 de
2188 975 2256 1007 qua
2281 969 2333 994 ta-

1355 1029 1433 1049 men
1452 1016 1682 1049 concionatur
1699 1014 1872 1059 copiosius
1896 1015 2026 1057 primae
2043 1015 2083 1046 ad
2104 1010 2266 1047 Corinth.
2285 1013 2334 1050 9.,

1355 1068 1416 1100 ubi
1445 1078 1602 1109 expresse
1626 1066 1762 1111 inquit:
1791 1065 1849 1099 Sic
1874 1063 2049 1098 Dominus
2071 1064 2268 1104 ordinavit,
2296 1069 2334 1095 ut

1356 1117 1391 1150 hi
1410 1119 1468 1162 qui
1490 1116 1722 1160 Evangelium
1742 1117 1888 1159 docent,
1917 1128 1956 1148 ex
1981 1113 2175 1158 Evangelio
2202 1115 2334 1147 victum

1355 1167 1516 1200 habeant.
1570 1167 1615 1201 Et
1639 1168 1819 1200 adduntur
1842 1167 1951 1199 multa
1977 1173 2192 1209 argumenta.
2247 1164 2337 1207 Quis

1355 1218 1482 1250 militat
1526 1218 1596 1249 suis
1632 1217 1845 1259 stipendiis?
1897 1217 1956 1248 ubi
1992 1228 2076 1249 usus
2108 1223 2159 1250 est
2192 1215 2336 1248 nomine

1355 1265 1534 1314 ὀψώνιον.
1584 1267 1642 1301 Sic
1659 1267 1752 1299 enim
1771 1267 1895 1299 usitate
1911 1267 2083 1310 stipendia
2102 1266 2337 1299 nominaban-

1356 1326 1431 1359 tur,
1465 1319 1546 1362 quia
1577 1318 1748 1350 militibus
1774 1318 1810 1349 in
1839 1317 2029 1360 provinciis
2056 1316 2223 1361 stipendii
2247 1316 2337 1356 loco,

1356 1370 1589 1408 frumentum,
1618 1380 1756 1404 carnes,
1788 1368 1930 1407 vinum,
1957 1368 2093 1408 oleum,
2127 1379 2248 1411 poma,
2281 1366 2337 1400 fici

1357 1421 1541 1452 dabantur.
1596 1418 1686 1459 Quia
1708 1417 1859 1451 Romani
1883 1418 2039 1460 occupati
2061 1417 2250 1461 provinciis
2267 1417 2337 1450 ini-

1358 1471 1405 1504 tio
1426 1477 1560 1503 tantum
1584 1466 1650 1501 hoc
1671 1480 1761 1501 onus
1786 1469 2007 1509 indicebant,
2034 1475 2073 1502 ut
2097 1469 2247 1502 decimas
2270 1468 2337 1501 im-

1359 1522 1455 1564 perio
1475 1520 1683 1563 penderent,
1709 1526 1746 1552 ut
1762 1519 1883 1552 scribit
1899 1517 2094 1562 Appianus.
2134 1517 2220 1552 lnde
2237 1531 2337 1563 prae-

1359 1572 1457 1604 sidiis
1481 1571 1658 1603 dabantur
1683 1580 1736 1602 res
1761 1577 1851 1602 terra
1877 1577 1995 1608 natae,
2033 1581 2182 1614 quarum
2207 1581 2337 1603 nomen

1359 1618 1525 1669 ὀψώνιον
1551 1633 1614 1664 pro
1640 1620 1814 1662 stipendio
1836 1628 2043 1664 usurpatum
2069 1626 2130 1653 est.

1456 1670 1518 1706 Est
1537 1678 1652 1704 autem
1670 1669 1766 1715 ὄψον
1780 1671 1824 1703 ab
1840 1668 1937 1716 ἕψω,
1974 1671 2067 1716 quod
2089 1679 2140 1705 est
2159 1672 2267 1713 elixo,
2304 1679 2337 1706 et

1359 1735 1376 1756 a
1395 1725 1502 1755 verbo
1529 1720 1717 1766 ὠνοῦμαι,
1744 1722 1837 1766 quod
1863 1729 1912 1755 est
1935 1734 2027 1754 emo:
2055 1722 2227 1766 significat
2242 1724 2336 1757 enim

1358 1785 1469 1814 escas,
1512 1785 1601 1818 quae
1630 1779 1767 1815 praeter
1793 1784 1915 1815 panem
1949 1773 2147 1815 adduntur,
2187 1786 2336 1820 quarum

1358 1825 1524 1870 pleraque
1548 1823 1736 1856 elixatione
1759 1830 1969 1867 coquuntur.

1458 1875 1548 1908 Cum
1573 1881 1688 1906 autem
1708 1872 1800 1906 Deus
1824 1874 1993 1907 immensa
2017 1875 2173 1909 bonitate
2198 1876 2338 1919 colligat

1360 1933 1536 1960 aeternam
1556 1924 1744 1957 Ecclesiam
1765 1936 1849 1957 voce
1865 1925 2055 1964 doctrinae,
2083 1933 2116 1959 et
2133 1938 2206 1960 non
2223 1927 2338 1968 aliter,

1362 1984 1394 2011 et
1431 1976 1649 2010 severissime.
1690 1975 1857 2019 praecipit
1897 1976 2094 2008 conservari
2131 1978 2338 2019 doctrinam,

1362 2029 1455 2073 quod
1475 2035 1512 2060 ut
1528 2027 1603 2066 fiat,
1624 2037 1760 2059 necesse
1777 2033 1825 2059 est
1844 2037 1915 2059 esse
1930 2027 2131 2060 docentium
2149 2035 2181 2061 et
2199 2029 2336 2061 discen·

1362 2080 1449 2112 tium
1476 2085 1605 2111 coetus.
1658 2074 1706 2110 Et
1730 2076 1872 2121 quidem
1902 2077 1975 2119 ipse
1998 2077 2091 2110 filins
2114 2076 2181 2112 Dei
2212 2079 2338 2113 missus

1362 2131 1405 2163 ab
1429 2136 1571 2162 aeterno
1592 2133 1709 2171 patre,
1744 2134 1780 2160 ut
1800 2139 1859 2171 per
1875 2139 1953 2160 eum
1972 2126 2126 2161 Ecclesia
2144 2129 2339 2172 colligatur,

1363 2193 1423 2214 sua
1442 2179 1595 2224 potentia
1613 2186 1645 2211 et
1666 2178 1861 2211 doctrinam
1881 2186 2012 2219 servat,
2040 2186 2072 2212 et
2095 2179 2246 2213 instituit
2270 2181 2337 2213 mi-

1365 2231 1547 2264 nisterium
1566 2229 1734 2269 docendi,
1762 2236 1794 2262 et
1812 2229 1976 2263 omnibus
1994 2230 2211 2272 temporibus
2235 2243 2337 2265 exus—

1363 2282 1480 2315 citavit
1501 2282 1671 2319 doctores
1687 2286 1720 2312 et
1735 2280 1913 2320 exuscitat,
1928 2292 2014 2324 quos
2031 2280 2105 2313 vult
2120 2291 2192 2314 esse
2207 2292 2337 2324 organa

1362 2332 1523 2366 sonantia
1545 2342 1662 2363 vocem
1681 2329 1883 2372 Evangelii,
1911 2342 1977 2375 qua
2003 2330 2109 2364 flectit
2133 2332 2238 2364 corda
2263 2344 2337 2367 non

1362 2382 1633 2427 repugnantium
1655 2378 1847 2424 Evangelio
1866 2382 1907 2414 ad
1926 2392 2041 2414 veram
2059 2379 2123 2413 Dei
2144 2382 2337 2418 invocatio·

1363 2446 1441 2467 nem
1474 2441 1506 2466 et
1536 2434 1576 2464 ad
1611 2439 1787 2464 aeternam
1813 2432 1978 2471 salutem,
2023 2431 2115 2464 etin
2143 2429 2207 2465 hac
2240 2441 2334 2469 tanta

1361 2485 1485 2517 militia
1510 2482 1659 2517 fideliter
1684 2483 1937 2522 servientibus,
1973 2482 2008 2514 id
2034 2488 2103 2522 est,
2131 2481 2334 2520 pastoribus

1358 2543 1390 2569 et
1408 2534 1619 2568 Ductoribus
1642 2532 1714 2564 vult
1732 2533 1809 2565 dari
1826 2533 1966 2566 victum.
2019 2531 2095 2565 Hoc
2112 2542 2332 2579 praeceptum

1356 2598 1455 2629 saepe
1481 2584 1665 2625 repetitum
1695 2589 1764 2620 est,
1799 2591 1831 2616 et
1853 2583 1992 2615 additae
2015 2590 2097 2616 sunt
2130 2586 2333 2626 promissio-

1355 2648 1416 2670 nes
1444 2634 1678 2679 amplissimae
1702 2634 1961 2676 praemiorum,
1989 2646 2078 2678 quae
2103 2635 2333 2670 certissimum
