2415 2942
523 91 604 131 XII.

201 179 272 215 Sed
289 190 378 225 quae
395 190 497 213 causa
513 185 577 221 est,
601 191 663 213 cur
680 178 854 223 sapientes
870 178 990 210 minus
1007 189 1090 221 per-

97 231 245 266 veniant
260 232 303 264 ad
321 231 433 264 lucem
453 228 662 274 Evangelii?
689 229 790 262 Hanc
807 239 880 262 esse
897 228 982 261 dicit
997 227 1091 261 Pau-

96 285 171 318 lus:
201 281 295 325 Quia
317 279 473 315 humana
495 281 666 325 sapientia
688 280 755 313 sibi
781 279 911 323 placet,
943 285 976 312 et
998 278 1090 312 ludit

97 333 328 380 opinionibus
343 335 386 366 de
401 332 476 368 Deo
498 332 660 365 infinitis:
693 331 772 363 ideo
790 330 988 375 plerunque
1004 341 1090 362 con-

97 385 224 420 temnit
260 384 408 418 verbum
441 384 524 424 Dei,
561 389 601 416 ut
628 382 661 415 1.
686 379 849 415 Corinth.
880 383 909 415 1.
940 380 1086 413 dicitur:

96 435 347 471 Praedicamus
370 432 550 468 Christum
573 431 797 470 crucifixum,
825 431 964 465 ludaeis
987 442 1087 464 scan-

97 488 241 527 dalum,
274 485 418 521 Graecis
439 496 522 517 vero
545 482 743 518 stultitiam.
795 481 900 517 Item:
935 482 1086 515 Perdam

98 537 306 583 sapientiam
323 536 532 578 sapientum.
583 534 630 567 Et
648 534 683 569 2.
701 531 864 569 Corinth,
886 534 945 567 10.
965 531 1086 566 horta-

97 597 174 626 tur,
217 593 257 620 ut
284 586 501 630 captivemus
530 585 749 618 intellectum
779 586 823 618 ad
845 584 1084 618 obedientiam

96 637 248 674 Christo.
292 636 373 670 Non
389 635 628 669 existimemus
647 633 732 668 haec
750 646 822 668 esse
840 635 966 668 frivola
983 646 1085 678 prae-

93 695 212 733 cepta,
240 687 298 721 sed
323 698 377 720 res
401 687 573 726 ostendit,
602 686 824 730 gravissimos
849 686 967 730 lapsus
992 697 1086 719 sem-

93 752 156 785 per
186 738 291 772 fuisse
321 735 496 771 humanae
527 738 736 782 sapientiae,
785 737 843 770 vel
875 737 1085 775 doctrinam,

94 791 150 823 vel
167 789 234 823 alia
257 800 383 832 magna
408 788 548 831 negotia
571 787 763 821 iudicantis
785 788 861 821 sine
882 789 989 821 verbo
1010 787 1086 821 Dei.

93 840 180 875 Erat
201 840 338 885 sapiens
361 839 548 873 consilium
572 839 697 887 populi
722 837 848 879 Israel,
875 838 1086 883 postulantis

93 902 230 934 regem,
262 891 322 924 sed
349 889 423 924 Deo
445 890 625 935 displicuit
657 888 742 923 haec
769 890 960 934 sapientia,
1004 889 1086 934 quia

93 941 208 976 voluit
230 939 325 974 hunc
350 942 523 985 populum
549 941 622 984 regi
646 941 778 981 verbo,
812 947 847 975 et
870 947 1049 984 expectare
1066 951 1085 973 a

92 991 169 1028 Deo
194 992 447 1027 defensionem.
508 990 594 1026 Erat
619 992 758 1036 sapiens
781 991 969 1026 consilium
989 990 1086 1024 lero-

93 1045 219 1085 boam,
246 1043 463 1077 instituentis
485 1043 697 1088 peculiarem
725 1043 879 1083 cultum,
906 1054 950 1075 ne
966 1043 1085 1075 decem

94 1095 210 1130 tribus
227 1105 349 1127 rursus
371 1105 407 1127 se
432 1094 665 1137 adiungerent
688 1094 821 1128 civitati
841 1092 1086 1139 lerosolymae,

93 1146 154 1180 sed
170 1143 255 1179 hinc
272 1145 410 1177 infinita
429 1142 680 1189 εἶδωλολιιανία
705 1151 781 1178 orta
805 1151 873 1185 est,
900 1152 932 1177 et
949 1151 1085 1177 secutae

93 1207 229 1242 poenae
254 1202 288 1230 et
311 1195 486 1229 excidium
513 1195 620 1229 totius
643 1195 754 1238 regni.
805 1195 863 1229 Sic
888 1202 967 1240 post
984 1193 1085 1238 Apo-

95 1248 221 1287 stolos,
260 1254 431 1291 quantum
464 1244 661 1279 haeresium
688 1246 822 1290 peperit
852 1243 1006 1278 lmmana
1030 1257 1085 1277 sa-

94 1297 252 1343 pientia?
294 1296 367 1330 Cur
390 1308 485 1329 nunc
510 1297 692 1329 manifesta
716 1296 809 1329 idola
831 1297 1084 1336 defenduntur,

95 1349 163 1382 nisi
182 1354 323 1392 propter
339 1345 513 1380 humanae
537 1347 727 1390 sapientiae
750 1346 929 1380 rationes?
959 1348 1083 1390 dispu-

92 1405 170 1433 tant
193 1398 382 1432 salutarem
411 1409 483 1430 esse
505 1398 730 1431 concordiam
757 1396 952 1438 Ecclesiae,
988 1398 1082 1430 defe-

94 1450 246 1484 ctionem
271 1449 315 1482 ab
338 1448 518 1481 ordinaria
551 1455 719 1492 potestate
752 1448 893 1491 gignere
926 1448 1082 1481 infinitas

92 1499 355 1544 dissipationes,
381 1499 572 1540 tumultus,
600 1500 704 1535 bella.
758 1498 841 1532 Ideo
861 1499 984 1532 iubent
1009 1500 1083 1532 usi-

93 1558 183 1586 tatos
204 1562 339 1584 errores
363 1550 449 1583 boni
473 1550 675 1591 consulere,
704 1562 883 1591 excusare,
910 1551 1082 1594 mitigare,

93 1609 160 1637 etc.
211 1601 279 1636 Sed
300 1601 415 1634 dicere
440 1601 482 1634 de
509 1601 683 1644 lapsibus,
712 1601 772 1646 qui
799 1601 940 1645 proprie
956 1602 999 1634 ab
1016 1599 1082 1634 hu-

93 1664 196 1686 mana
221 1652 390 1696 sapientia
414 1652 598 1695 oriuntur,
635 1652 813 1685 infinitum
842 1659 911 1692 est,
946 1659 1081 1686 tantum

93 1714 237 1736 monere
261 1703 425 1735 lectorem
444 1702 560 1742 volui,
587 1709 625 1735 ut
644 1703 769 1745 cogitet
788 1703 994 1736 frenandam
1011 1715 1082 1736 esse

94 1760 268 1793 mentem,
296 1759 327 1785 et
342 1752 529 1794 regendam
553 1753 660 1785 verbo
686 1752 771 1793 Dei,
805 1760 838 1786 et
859 1766 933 1786 non
956 1754 1083 1787 luden-

94 1805 179 1838 dum
197 1802 369 1846 fingendis
393 1802 635 1845 opinionibus.
688 1802 846 1836 Sciamus
866 1802 956 1837 hanc
974 1806 1084 1837 auda-

93 1855 183 1888 ciam
206 1853 276 1887 Deo
304 1853 511 1896 displicere,
544 1860 577 1886 et
599 1853 779 1885 exitiosam
803 1865 893 1893 esse,
922 1855 1009 1887 sicut
1028 1855 1083 1887 di-

94 1912 189 1940 ctum
206 1912 270 1938 est:
298 1902 447 1936 Perdam
464 1903 670 1947 sapientiam
687 1904 896 1948 sapientum.
951 1902 1083 1938 Osten-

92 1957 183 1990 dunt
213 1954 316 1988 etiam
343 1951 483 1987 ethnica
510 1954 684 1997 exempla,
719 1954 995 1998 sapientissimos
1019 1954 1083 1989 ho-

92 2007 217 2047 mines,
245 2013 278 2039 et
295 2005 361 2038 sibi
377 2012 409 2038 et
425 2004 582 2048 imperiis
601 2016 701 2048 saepe
719 2006 940 2039 accersivisse
959 2007 1083 2040 exitio-

93 2069 148 2092 sas
170 2056 403 2096 calamitates,
437 2062 475 2089 ut
492 2053 788 2095 Themistoclem,
812 2054 1084 2098 Theramenem,

92 2108 276 2145 Periclem,
303 2105 520 2147 Ciceronem,
547 2113 578 2140 et
595 2107 681 2139 alios
698 2107 840 2140 multos.
883 2106 975 2150 Quia
987 2107 1082 2142 Deus

94 2159 172 2193 odit
187 2157 350 2191 fiduciam
368 2154 541 2190 humanae
557 2157 757 2200 sapientiae,
786 2164 818 2191 et
835 2158 910 2192 vult
927 2171 992 2192 nos
1012 2161 1083 2202 regi

95 2222 158 2244 suo
177 2209 296 2248 verbo,
322 2208 417 2253 quod
435 2208 563 2242 retinet
580 2220 644 2241 nos
662 2208 699 2241 in
720 2209 921 2250 vocatione,
941 2217 974 2244 et
992 2218 1084 2245 vetat

91 2267 229 2296 tentare
251 2257 390 2300 Deum,
423 2259 460 2292 id
484 2265 553 2301 est,
586 2259 760 2304 suscipere
790 2272 845 2294 res
879 2272 953 2294 non
984 2273 1084 2295 man-

92 2314 202 2348 datas.

99 95 173 133 109

142 2385 250 2423 Inter
264 2383 354 2420 haec
373 2389 543 2419 venerunt
562 2382 738 2433 discipuli
753 2384 846 2427 eius,
873 2390 935 2425 etc.
969 2385 1084 2424 Item:

193 2436 365 2486 Reliquit
382 2434 560 2484 hydriam
576 2449 703 2477 suam,
732 2441 793 2474 etc.
842 2443 845 2445 ’

169 2515 337 2560 Singulae
351 2521 466 2559 partes
481 2512 588 2548 huius
614 2514 827 2548 narrationis
850 2512 981 2549 habent
1005 2527 1085 2549 suas

94 2567 376 2611 significationes.
404 2565 499 2599 Haec
514 2565 642 2599 mulier
659 2566 778 2599 audita
797 2566 965 2600 concione
976 2564 1084 2600 Chri-

92 2620 156 2660 sti,
181 2618 219 2653 fit
242 2624 275 2651 et
294 2618 368 2661 ipsa
388 2615 574 2659 Evangelii
595 2617 854 2653 annunciatrix.
907 2616 959 2652 Ita
975 2618 1084 2651 mira-

93 2670 160 2706 bili
174 2669 281 2703 modo
298 2668 472 2713 spargitur
494 2668 555 2702 lux
568 2665 767 2713 Evangelii.
818 2667 889 2703 Sed
913 2669 1084 2716 relinquit

655 89 955 128 ENARRATIO
982 89 1034 127 IN
1061 88 1242 127 EVANG.
1269 90 1482 128 IOANNIS.
1532 91 1637 130 CAP.
1666 91 1726 129 IV.

2068 98 2142 134 110

1144 178 1187 211 ad
1213 178 1348 212 fontem
1372 175 1556 224 hydriam,
1592 178 1731 213 omissis
1756 191 1874 214 rerum
1899 182 2138 226 corporalium

1144 230 1256 268 curis,
1285 241 1344 263 seu
1368 230 1492 264 relicto
1519 230 1629 263 veteri
1646 231 1762 274 fonte,
1790 229 1857 265 hoc
1882 239 1949 274 est,
1974 234 2137 268 doctrina

1142 280 1278 323 priore,
1312 281 1464 325 suscepit
1495 293 1629 314 novum
1663 282 1912 319 ministerium.
1982 282 2137 318 Orditur

1142 337 1256 363 autem
1275 342 1294 364 a
1311 331 1501 372 miraculo,
1529 334 1624 376 quod
1651 344 1776 367 arcana
1803 334 1911 378 ipsius
1936 335 2137 370 recitaverit

1141 377 1198 413 hic
1216 379 1341 425 hospes
1357 381 1516 424 ignotus,
1540 389 1572 415 et
1597 395 1671 415 eam
1691 385 1733 416 ad
1756 385 2011 428 poenitentiam
2030 399 2134 422 voca—

1141 431 1250 472 verit,
1277 432 1368 466 etde
1385 444 1468 465 vero
1486 433 1582 466 cultu
1599 431 1666 465 Dei
1693 435 1872 475 docuerit,
1900 438 1942 469 de
1962 449 2034 484 quo
2053 449 2133 470 sen-

1139 482 1289 523 tentiae,
1317 494 1406 527 quae
1425 489 1507 517 sunt
1522 482 1560 515 in
1577 490 1689 525 textu,
1715 483 1807 519 haud
1825 487 1933 521 dubie
1957 488 2135 533 copiosius

1140 541 1321 567 enarratae
1337 540 1432 569 sunt.

1190 605 1306 642 Mens
1323 607 1423 642 cibus
1452 612 1520 648 est,
1564 613 1602 642 ut
1618 608 1770 658 faciam
1799 609 2021 646 volunlatem
2045 613 2133 660 eius,

1241 658 1308 707 qui
1320 672 1374 693 me
1389 659 1500 696 misit.

1214 734 1293 769 Hoc
1318 735 1537 781 colloquium
1556 733 1687 770 Christi
1710 742 1743 770 et
1765 734 2022 782 Apostolorum
2046 739 2131 774 sub-

1139 787 1327 819 obscurum
1354 793 1422 827 est,
1460 788 1520 820 sed
1547 787 1584 820 in
1611 798 1747 820 summa
1774 789 1944 831 significat
1969 787 2131 824 Christus

1138 837 1237 872 tectis
1256 837 1371 870 verbis
1391 845 1460 871 tres
1476 838 1676 872 sententias.
1722 838 1841 872 Prima
1859 847 1908 873 est
1925 841 1967 873 de
1986 852 2050 874 suo
2066 842 2130 875 do-

1139 890 1225 924 lore.
1291 887 1452 922 Secunda
1475 889 1518 922 de
1540 887 1747 932 Prophetis,
1782 897 1814 923 et
1834 891 1943 924 veteri
1961 889 2130 928 Ecclesia.

1140 939 1260 973 Tertia
1279 940 1323 972 de
1343 937 1535 983 Apostolis.
1587 939 1705 974 Prima
1732 942 1905 975 sententia
1924 943 1965 975 de
1983 954 2045 976 suo
2064 944 2129 976 do·

1139 991 1232 1031 lore,
1259 990 1496 1033 significatur:
1535 990 1616 1035 quia
1640 991 1703 1025 etsi
1728 991 1847 1025 labore
1873 993 2009 1026 itineris
2032 994 2130 1027 defa-

1139 1042 1265 1085 tigatus
1289 1047 1380 1081 erat,
1420 1048 1454 1075 et
1483 1041 1601 1074 cibum
1626 1042 1855 1086 expetiverat,
1890 1050 2005 1077 tamen
2033 1057 2129 1078 nunc

1138 1105 1211 1126 non
1228 1092 1359 1125 fruitur
1375 1092 1479 1125 allato
1502 1092 1601 1132 cibo,
1630 1104 1703 1125 non
1726 1094 1974 1138 superstitione
1999 1095 2129 1140 aliqua,

1139 1145 1199 1177 sed
1224 1143 1304 1188 quia
1330 1143 1470 1176 animus
1494 1154 1585 1174 nova
1612 1143 1730 1187 aliqua
1764 1145 1936 1178 moestitia
1961 1157 2020 1179 seu
2046 1158 2129 1179 cura

1137 1200 1328 1237 occupatus
1347 1200 1416 1233 est,
1443 1204 1532 1237 quae
1548 1193 1649 1226 affert
1667 1194 1806 1227 fastidia
1823 1195 1911 1235 cibi,
1939 1196 1993 1228 vel
2012 1197 2128 1240 potius

1138 1246 1184 1279 ita
1205 1244 1415 1287 languefacit
1431 1244 1686 1285 ventriculum,
1710 1251 1748 1278 ut
1771 1257 1814 1277 ne
1839 1247 1981 1291 quidem
1999 1248 2129 1281 admit-

1137 1303 1186 1330 tat
1208 1296 1343 1334 cibum,
1381 1292 1437 1327 hic
1468 1294 1619 1337 languor
1645 1295 1849 1329 notissimus
1875 1304 1924 1330 est
1951 1295 2024 1339 his,
2064 1298 2128 1343 qui

1137 1357 1232 1380 acres
1249 1345 1357 1378 animi
1383 1345 1523 1378 dolores
1546 1347 1714 1381 sentiunt.
1771 1346 1875 1380 Unde
1900 1355 2014 1381 autem
2039 1350 2128 1383 exti-

1136 1398 1177 1432 tit
1195 1395 1279 1430 haec
1304 1396 1418 1429 subita
1435 1397 1608 1430 moestitia
1628 1398 1664 1430 in
1683 1395 1851 1432 Christo?
1894 1398 2001 1432 Haud
2020 1400 2129 1433 dubie

1136 1461 1175 1482 ex
1192 1447 1314 1481 multis
1330 1447 1442 1480 causis
1460 1449 1773 1490 concurrentibus,
1800 1450 1956 1492 cogitans
1980 1451 2128 1484 caecita-

1136 1507 1204 1533 tem
1228 1499 1364 1531 vicinae
1388 1498 1501 1541 gentis
1526 1498 1787 1541 Samaritanae,
1823 1501 1974 1535 afficitur
2003 1502 2127 1535 dolore

1136 1556 1280 1595 propter
1295 1549 1426 1594 ipsam,
1453 1556 1485 1582 et
1510 1550 1605 1593 cupit
1633 1551 1769 1594 aliquos
1798 1551 1967 1592 liberare,
2000 1564 2039 1586 ac
2061 1565 2125 1597 pro

1136 1614 1174 1635 ea
1194 1607 1281 1634 orat.
1334 1600 1483 1634 Haecin
1506 1600 1572 1633 isto
1589 1601 1664 1633 viro
1692 1602 1841 1642 fiebant,
1870 1615 1942 1635 non
1961 1603 2036 1636 sine
2052 1616 2126 1637 ma-

1136 1653 1213 1696 gnis
1237 1650 1402 1684 motibus.
1457 1649 1569 1685 Ardet
1597 1653 1736 1685 animus
1760 1653 1881 1686 dolore
1906 1661 2050 1698 propter
2072 1661 2127 1688 to-

1136 1705 1205 1738 tius
1235 1702 1370 1745 generis
1402 1699 1548 1734 humani
1585 1703 1761 1744 miserias,
1806 1711 1951 1748 propter
1981 1705 2126 1739 exitium

1136 1754 1306 1787 maximae
1335 1753 1444 1797 partis
1482 1749 1690 1794 hominum,
1732 1762 1895 1798 precatur
1927 1753 2127 1790 vehementi

1137 1812 1256 1847 motu,
1296 1805 1423 1846 cogitat
1442 1804 1544 1837 etiam
1572 1805 1613 1837 de
1636 1816 1696 1837 sua
1723 1812 1835 1838 morte
1862 1813 1894 1839 et
1922 1807 1964 1839 de
1987 1808 2127 1840 redem-

1136 1856 1246 1889 tione:
1302 1853 1447 1898 Repetit
1486 1856 1604 1888 animo
1634 1854 1777 1889 Patrum
1806 1863 1837 1889 et
1868 1854 2126 1901 Prophetarum

1136 1917 1334 1939 aerumnas.
1387 1904 1483 1938 Haec
1499 1912 1549 1938 est
1569 1906 1678 1948 prima
1705 1919 1782 1951 pars
1805 1905 1911 1940 huius
1937 1908 2125 1954 colloquii:

1136 1956 1240 1990 Meus
1263 1955 1362 1989 cibus
1383 1963 1451 1994 est,
1485 1962 1524 1989 ut
1548 1955 1672 1990 faciam
1697 1959 1914 1992 voluntatem
1940 1960 2068 2002 patris,
2095 1966 2128 1993 et

1136 2007 1313 2051 perficiam
1340 2019 1428 2050 opus
1449 2006 1545 2048 eius,
1578 2008 1613 2040 id
1637 2015 1704 2042 est:
1741 2008 1813 2042 Iam
1838 2021 1913 2042 sum
1938 2017 2127 2054 occupatus

1136 2070 1238 2098 cura,
1281 2064 1314 2091 et
1341 2058 1552 2101 cogitatione
1578 2071 1676 2092 meae
1701 2060 1911 2101 vocationis,
1947 2061 2128 2095 excrucior

1136 2109 1305 2142 acerrimo
1329 2110 1480 2153 quodam
1507 2110 1646 2150 dolore,
1682 2117 1714 2144 et
1738 2123 1861 2154 precor
1884 2123 1947 2155 pro
1971 2109 2037 2145 hoc
2063 2125 2126 2156 po-

1136 2161 1232 2204 pulo.
1293 2159 1387 2192 Haec
1410 2160 1548 2203 negotia
1573 2162 1765 2195 vocationis
1791 2169 1873 2195 sunt
1898 2163 2126 2197 anteferenda

1135 2211 1231 2244 cibo.
1284 2210 1359 2243 Imo
1377 2211 1455 2255 pius
1471 2218 1502 2244 et
1519 2213 1661 2245 sedulus
1685 2213 1862 2253 minister,
1891 2225 1969 2246 cum
1987 2225 2123 2247 exerce—

1136 2269 1194 2296 tur
1213 2260 1266 2295 his
1284 2261 1393 2303 curis,
1422 2274 1466 2294 ne
1486 2270 1597 2305 potest
1621 2263 1762 2307 quidem
1790 2263 1975 2297 admittere
1997 2265 2126 2298 cibum.

1138 2312 1211 2346 Iam
1228 2314 1362 2346 confert
1387 2314 1430 2346 ad
1456 2311 1545 2346 hanc
1570 2314 1757 2356 imaginem
1781 2326 1858 2355 eos,
1897 2315 1956 2359 qui
1983 2323 2126 2360 propter

1137 2371 1295 2399 ventrem
1322 2371 1494 2408 appetunt
1527 2365 1739 2403 ministeria,
1783 2371 1816 2398 et
1843 2371 1988 2410 propter
2012 2367 2125 2401 otium

1137 2427 1176 2449 ac
1193 2427 1276 2460 opes
1295 2415 1535 2448 assentiuntur
1554 2415 1651 2448 falsis
1670 2415 1913 2459 opinionibuS.

1242 2463 1379 2499 Omnes
1418 2463 1455 2497 hi
1494 2466 1709 2500 damnantur
1746 2465 1812 2500 hac
1848 2479 1932 2500 voce
1973 2465 2125 2502 Christi:

1136 2515 1241 2550 Meus
1267 2517 1365 2550 cibus
1390 2523 1459 2557 est,
1484 2522 1524 2550 ut
1549 2516 1674 2551 faciam
1698 2518 1916 2552 voluntatem
1943 2518 2035 2560 eius,
2063 2519 2124 2564 qui

1136 2575 1231 2601 m1s1t
1247 2580 1314 2603 me.

1238 2618 1399 2652 Secunda
1416 2628 1496 2661 pars
1510 2617 1678 2664 colloquii
1696 2625 1746 2653 est
1762 2620 1804 2653 de
1814 2619 1979 2653 Patribus
1992 2627 2023 2654 et
2036 2619 2123 2654 Pro-

1134 2666 1268 2715 phetis,
1301 2675 1336 2704 et
1360 2669 1584 2703 collationem
1607 2671 1691 2707 facit
1706 2670 1852 2706 Patrum
1874 2682 1913 2704 ac
1929 2668 2124 2717 Propheta-
