2415 2942
140 90 214 127 853
402 86 501 123 XIII.

142 188 223 211 vere
241 176 458 210 voluntatem
478 174 545 209 Dei
564 186 654 215 esse,
692 180 730 208 ut
747 185 811 207 nos
833 180 979 218 propter
996 176 1131 209 media-

141 237 252 262 torem
271 227 379 271 recipi
398 227 599 267 credamus,
627 237 831 271 quanquam
852 237 973 258 sumus
992 226 1130 269 indigni

143 286 176 313 et
198 279 325 323 polluti
346 278 506 320 peccatis.
559 276 636 311 Hac
655 288 718 310 nos
737 276 977 309 consolatione
992 284 1131 309 susten-

142 337 272 370 temuS,
299 336 331 363 et
350 327 440 362 hanc
458 329 561 361 fidem
581 329 617 362 in
635 339 715 362 vera
732 326 954 372 poenitentia
974 333 1007 361 et
1027 328 1130 361 invo-

142 381 279 414 catione
306 390 538 415 exerceamUS.

139 459 335 509 Propterea
360 457 461 509 quod
481 471 526 494 ex
554 457 721 506 operibus
742 457 834 505 legis
853 470 924 492 non
950 458 1129 506 iustificm

475 515 535 544 tur
552 509 670 544 omnis
698 521 794 547 caro.

245 579 436 614 Manifesta
461 578 669 612 asseveratio
693 584 762 619 est,
808 589 914 621 opera
943 577 1030 620 legis
1054 590 1127 611 non

141 632 268 665 mereri
292 630 534 664 remissionem
558 635 801 672 peccatorum,
832 640 896 662 nec
921 637 1064 672 propter
1088 642 1125 662 ea

141 681 305 716 homines
330 681 438 715 iustos
455 691 526 713 esse
549 692 666 713 coram
685 678 779 721 Deo,
808 679 843 712 id
869 686 936 720 est,
966 688 1125 724 acceptos

140 735 184 767 ad
206 734 314 766 vitam
331 738 520 766 aeternam.
561 729 756 764 Eluserunt
774 737 890 764 autem
908 728 974 764 hoc
990 731 1124 765 dictum

137 785 199 818 alii
216 784 328 818 aliter.
370 782 480 815 Multi
501 782 680 822 dixerunt,
701 781 851 815 Paulum
870 782 968 827 loqui
986 789 1122 816 tantum

136 837 179 869 de
190 833 421 874 ceremoniis,
439 844 511 866 non
530 833 573 865 de
589 833 784 866 moralibus
799 833 977 876 operibus.
1011 832 1122 866 Nemo

136 884 385 919 iustificabitur
409 895 448 916 ex
481 883 649 928 operibus
685 884 770 927 legis
797 883 929 918 scilicet
969 896 1123 917 ceremo-

134 936 300 970 nialibus.
353 934 421 969 Sed
448 932 533 968 haec
558 934 669 967 elusio
690 935 775 968 salsa
794 942 861 975 est,
889 935 972 980 quia
990 934 1121 968 Paulus

133 988 176 1021 de
194 986 360 1020 omnibus
378 985 536 1030 partibus
553 985 637 1028 legis
656 986 832 1030 loquitur,
852 992 890 1019 ut
905 986 995 1019 infra
1014 987 1120 1020 sumit

136 1038 332 1082 exemplum
352 1049 390 1070 ex
409 1037 482 1079 lege
501 1037 643 1069 morali:
671 1035 752 1069 Non
772 1037 1008 1081 concupisces.
1043 1037 1119 1070 lmo

133 1089 202 1133 legi
219 1088 346 1122 morali
364 1088 509 1120 minime
529 1087 749 1122 satisfaciunt
766 1085 939 1121 homines.

235 1140 309 1174 Alii
335 1139 383 1172 sic
408 1139 575 1178 eludunt,
617 1139 741 1172 dicunt
764 1136 1010 1184 synecdochen
1034 1150 1119 1181 esse,

132 1202 222 1236 quae
239 1196 374 1223 accuset
393 1189 583 1233 plurimos,
610 1201 683 1222 non
708 1202 842 1224 omnes,

130 1242 316 1287 inquiunt,
345 1241 426 1286 quia
452 1240 551 1283 pauci
576 1241 820 1284 obtemperant
847 1241 925 1283 legi.
980 1239 1116 1274 Interea

131 1301 248 1326 tamen
275 1292 385 1336 aliqui
409 1291 491 1324 iusti
517 1297 616 1331 sunt,
650 1299 688 1325 ut
712 1290 931 1335 Pomponius
958 1291 1114 1330 Atticus,

130 1343 281 1383 Fabius,
323 1341 462 1386 Scipio,
503 1342 584 1386 quia
612 1342 679 1384 legi
704 1343 958 1385 obtemperant.
1012 1341 1113 1375 Hanc

127 1391 369 1439 synecdochen
396 1393 576 1436 perspicue
600 1393 728 1426 refutat
752 1393 824 1436 ipse
843 1393 995 1430 Paulus,
1030 1394 1112 1437 quia
1137 1424 1139 1435 ,

125 1446 253 1478 diserte
287 1456 359 1477 non
390 1444 503 1476 solum
541 1455 706 1486 personas
738 1451 896 1487 accusat,
935 1445 993 1476 sed
1027 1444 1138 1487 ipsis]

1136 1497 1137 1503 ¹
1163 1497 1264 1531 Hanc
1282 1499 1506 1543 disciplinam
1529 1512 1589 1533 seu
1606 1501 1838 1536 locomotivae
1855 1506 2147 1546 gubernationem

124 1496 290 1540 operibus
313 1492 465 1528 detrahit
488 1494 681 1534 iusticiam,
713 1496 814 1538 quasi
839 1496 949 1528 dicat:
979 1494 1031 1527 De
1057 1492 1111 1529 his

125 1547 211 1591 ipsis
235 1546 380 1591 loquor,
415 1545 475 1589 qui
503 1545 637 1578 faciunt
659 1557 765 1588 opera
790 1547 895 1590 legis,
930 1543 994 1579 hos
1021 1558 1110 1589 nego

127 1598 237 1631 iustos
255 1608 326 1629 esse
350 1602 492 1639 propter
511 1593 595 1628 haec
619 1608 736 1639 opera.

231 1647 455 1690 Colligautur
479 1657 559 1688 ergo
590 1646 692 1679 toties
717 1646 882 1689 repetitae
907 1647 1110 1688 sententiae,

1134 1690 1136 1709 ξ
1160 1702 1337 1742 membra,
1360 1709 1398 1736 ut
1417 1700 1500 1736 haec
1519 1704 1555 1736 in
1576 1705 1735 1738 doctrina
1761 1704 1901 1752 physica
1927 1711 2066 1754 copiose
2081 1714 2143 1747 de·—

125 1710 213 1744 quae
238 1699 329 1731 idem
346 1708 503 1741 expresse
519 1696 716 1736 affirmant,
743 1708 816 1729 non
841 1698 967 1729 mereri
994 1695 1110 1730 homi-

127 1762 189 1783 nes
221 1748 461 1782 remissionem
492 1754 711 1790 peccatorum
747 1747 900 1791 propriis
933 1749 1110 1791 operibus,

123 1813 187 1834 nec
212 1801 321 1833 iustos
344 1811 415 1832 esse
439 1805 581 1842 propter
606 1796 695 1831 hanc
717 1798 997 1843 qualemcunque
1025 1800 1109 1842 legis
1132 1804 1135 1838 j

124 1850 404 1885 observationem
423 1861 539 1882 coram
559 1847 653 1889 Deo,
677 1854 709 1882 e't
726 1856 926 1883 constanter
943 1850 1107 1883 reiiciau-

123 1910 181 1937 tur
200 1901 330 1944 Pelagii
350 1908 383 1934 et
406 1897 660 1932 monachorum
679 1900 785 1932 falsae
802 1901 999 1944 opiniones,
1017 1914 1106 1946 quae

121 1954 319 1987 doctrinam
354 1950 530 1985 Ecclesiae
565 1958 816 1994 corruperunt,
860 1958 893 1985 et
929 1952 1104 1987 finxerunt

122 2002 284 2037 homines
328 2002 454 2035 mereri
489 1997 734 2034 remissionem
770 2009 991 2045 peccatorum
1009 2029 1018 2042 ‚
1071 2012 1104 2038 et

122 2056 232 2087 iustos
256 2066 328 2086 esse
351 2051 415 2086 hac
435 2052 638 2094 disciplina,
666 2065 726 2086 seu
754 2054 991 2098 qualicunque
1018 2055 1103 2099 legis

122 2105 327 2149 impletione
340 2131 348 2144 ,
375 2116 479 2149 quarn
497 2103 633 2136 efficere
653 2101 813 2137 homines
834 2112 988 2148 possunt.

218 2154 357 2189 Diserte
373 2163 487 2188 autem
505 2154 603 2187 addit
620 2154 749 2188 Paulus
765 2153 850 2189 haec
868 2157 989 2189 verba:
1018 2151 1102 2190 Cou

119 2218 210 2239 ram
239 2204 354 2245 Deo,
382 2213 420 2238 ut
439 2212 576 2238 moneat
600 2216 635 2238 se
660 2207 702 2238 de
726 2206 857 2240 iudicio
876 2205 968 2239 Dei
990 2207 1101 2252 loqui,

118 2271 190 2291 non
219 2259 262 2291 de
288 2256 444 2290 humano
475 2255 620 2291 iudicio,
679 2255 760 2289 Non
795 2258 932 2292 tollitur
958 2258 1008 2292 ira
1032 2258 1099 2292 Dei

119 2309 248 2342 nostris
274 2308 455 2352 operibus,
488 2319 551 2340 nec
575 2314 729 2341 meretur
752 2309 992 2342 remissionem
1020 2322 1099 2353 pec-

120 2367 274 2392 catorum
299 2358 382 2393 haec
408 2365 526 2392 nostra
551 2358 708 2399 iusticia,
750 2371 814 2392 nec
844 2360 1008 2395 satisfacit
1031 2361 1099 2404 legi

118 2408 204 2451 Dei,
229 2411 315 2444 sicut
334 2417 366 2444 et
389 2409 548 2443 Psalmus
574 2409 707 2455 inquit:
742 2408 823 2444 Non
849 2411 1098 2445 iustificabitur

117 2460 156 2493 in
182 2468 368 2506 conspectu
394 2468 454 2495 tuo
478 2460 595 2494 omnis
619 2460 753 2497 vivens.

267 2541 337 2578 Per
361 2543 471 2590 legem
497 2543 591 2578 enim
615 2543 761 2590 agnitio
790 2545 939 2592 peccati.

219 2611 415 2656 Occupatio
442 2620 492 2647 est
513 2613 668 2647 breviter
688 2613 819 2647 inserta
841 2614 885 2647 de
910 2625 975 2648 usu
1000 2615 1096 2659 legis,

118 2665 160 2698 de
194 2676 263 2710 quo
296 2670 414 2709 postea
439 2675 513 2708 cap.
543 2663 578 2698 7.
612 2665 752 2710 copiose
784 2664 885 2699 dicet.
954 2664 1095 2702 Poterat

555 89 588 124 3.
616 84 915 123 ENARRATIO
943 86 1100 125 EPIST.
1127 85 1276 124 PAULI
1303 86 1371 123 AD
1394 86 1656 127 ROMANOS.

895 1189 1000 1223 Pauci
1026 1197 1118 1231 sunt,
1142 1212 1143 1239 ζ

1719 89 1822 130 CAP.
1852 93 1918 131 Ill.
2087 98 2164 136 854

1185 173 1278 207 enim
1305 175 1443 220 quaeri:
1488 175 1526 209 Si
1560 189 1632 209 non
1665 179 1807 222 prodest
1832 180 1887 214 lex
1909 183 1950 215 ad
1979 181 2165 231 iustitiam,

1184 238 1246 258 cur
1261 227 1338 259 data
1359 227 1431 259 est'?
1483 226 1585 261 Certe
1601 228 1848 272 legumlatores
1864 232 1942 266 ideo
1963 246 2166 279 proponunt

1183 276 1294 317 lege-5,
1322 282 1363 309 ut
1388 277 1489 311 Cives
1513 278 1642 312 faciant
1667 281 1849 323 meliores,
1877 290 1907 316 et
1927 297 1984 318 eos
2004 287 2064 331 qui
2082 289 2166 322 obe-

1183 327 1304 362 diunt,
1332 328 1517 362 nominant
1544 329 1672 371 iustos,
1700 333 1732 363 id
1760 340 1827 374 est,
1853 337 2061 378 approbant.

1286 375 1380 410 Huic
1412 379 1609 422 quaestioni
1637 384 1847 426 respondet:
1892 385 1967 420 Imo
1985 415 1994 428 ‚
2036 390 2165 434 inquit,

1182 427 1235 460 lex
1264 427 1384 461 divina
1409 436 1519 470 extat,
1548 437 1585 464 ut
1609 431 1652 465 sit
1674 435 1912 468 testimonium
1937 438 2059 472 iudicii
2084 440 2163 482 Dei,

1181 486 1380 512 monstrans
1405 492 1494 524 quae
1517 481 1587 515 sint
1616 491 1753 524 peccata
1778 486 1814 517 in
1838 498 1963 528 genere
1995 487 2162 528 humano.

1180 528 1275 563 Haec
1296 530 1465 573 sapientia
1493 532 1674 566 dissimilis
1702 542 1752 568 est
1776 536 1937 579 politicae
1961 541 2162 584 sapientiae,

1180 581 1262 625 quia
1279 593 1400 614 verum
1420 589 1469 615 est
1485 582 1521 615 in
1538 583 1696 627 imperiis
1713 586 1817 618 condi
1833 587 1940 630 leges,
1958 602 2028 623 non
2046 593 2162 628 solum

1179 638 1218 665 ut
1245 639 1441 666 monstrent
1467 640 1624 677 peccata,
1663 636 1722 668 sed
1747 644 1786 669 ut
1811 638 1957 680 tollant,
2000 643 2162 679 videlicet

1178 689 1319 716 externa
1357 684 1497 719 scelera.
1552 684 1621 718 Sed
1650 685 1705 719 lex
1728 687 1849 721 divina
1879 688 2044 732 prohibet
2071 694 2162 728 inte-

1176 733 1306 767 riorem
1338 734 1612 771 immunditiem.
1665 736 1766 770 Hanc
1799 739 1930 774 iudicat
1963 749 1994 775 et
2026 754 2162 780 accusat

1176 797 1293 818 coram
1311 784 1410 829 Deo,
1437 799 1509 819 non
1534 787 1638 821 tollit.
1694 788 1777 821 Ideo
1800 787 1883 824 haec
1899 790 2048 827 Paulina
2069 797 2160 830 dicta

1175 848 1397 882 nequaquam
1435 838 1613 871 miscenda
1650 847 1731 873 sunt
1761 841 1922 883 politicae
1957 845 2159 889 sapientiae.

1149 889 1150 896 ¹
1174 885 1296 930 Longe
1321 888 1387 921 alia
1414 900 1467 922 res
1489 886 1545 922 hic
1570 890 1702 931 agitur,
1738 892 1889 933 scilicet,
1932 895 1990 928 An
2019 897 2068 930 ira
2092 897 2158 932 Dei

1174 939 1303 971 nostris
1320 940 1503 983 operibus,
1530 952 1589 973 seu
1610 941 1682 984 lege
1700 942 1855 978 tollatur.

1276 989 1467 1023 Sciendum
1484 998 1532 1024 est
1550 998 1665 1024 autem
1684 999 1752 1025 tres
1769 1005 1839 1026 esse
1857 995 1942 1039 legis
1958 1008 2052 1039 usus,
2072 1012 2158 1044 quos

1145 1054 1146 1060 ¹
1171 1040 1297 1074 usitate
1315 1041 1365 1074 sic
1384 1042 1618 1075 discernimus
1644 1044 1687 1076 ad
1715 1048 2081 1083 commonefaciendus
2104 1052 2156 1085 iu-

1170 1091 1300 1126 niores.

1269 1141 1411 1176 Primus
1436 1155 1518 1177 usus
1543 1150 1593 1177 est
1620 1144 1785 1192 politicus
1807 1157 1866 1179 seu
1893 1150 2156 1195 paedagogicus,

1169 1193 1231 1237 qui
1256 1201 1306 1228 est
1335 1194 1466 1227 noticia
1484 1195 1587 1237 legis,
1631 1207 1754 1239 regens
1774 1208 1833 1229 seu
1860 1207 1954 1233 metu
1983 1213 2042 1235 seu
2068 1217 2155 1248 qua-

1168 1243 1337 1291 licunque
1356 1245 1616 1279 adsuefactione
1634 1254 1775 1280 externa
1793 1250 1949 1283 membra
1962 1278 1969 1291 ‚
1990 1260 2027 1286 ut
2044 1256 2154 1289 actio-

1167 1305 1227 1326 nes
1246 1302 1408 1328 externae
1430 1308 1503 1328 non
1528 1304 1685 1340 pugnent
1710 1310 1788 1331 cum
1814 1299 1902 1341 lege:
1939 1309 1975 1335 ut
1995 1305 2074 1348 quia
2096 1319 2153 1339 co-

1165 1345 1250 1388 gitat
1274 1346 1360 1378 civis
1384 1354 1628 1390 praeceptum,
1670 1347 1751 1381 Non
1778 1350 1933 1390 occides,
1970 1361 2002 1387 et
2031 1358 2154 1392 metuit

1165 1408 1334 1439 poenam,
1366 1394 1429 1430 hac
1454 1398 1664 1441 cogitatione
1688 1399 1755 1434 ciet
1781 1412 1927 1443 nervos,
1964 1412 2000 1438 ut
2027 1418 2152 1442 manus

1163 1448 1376 1491 reprimant,
1397 1460 1441 1481 ne
1458 1449 1671 1484 interficiant
1690 1450 1893 1494 inimicum,
1913 1455 2046 1489 etiamsi
2064 1460 2151 1496 odit.

1162 1550 1391 1582 necessariam
1409 1562 1480 1584 esse
1497 1551 1600 1584 etiam
1620 1552 1656 1584 in
1675 1565 1745 1585 non
1765 1555 1913 1596 renatis,
1937 1568 2038 1602 saepe
2059 1561 2148 1594 dici-

1162 1611 1259 1641 mus,
1288 1607 1320 1634 et
1338 1598 1492 1634 humana
1510 1603 1673 1636 voluntas
1693 1604 1811 1649 aliquo
1829 1610 1932 1639 modo
1949 1608 2145 1646 libertatem

1161 1648 1268 1684 habet
1292 1651 1407 1684 ciendi
1430 1664 1576 1693 nervos,
1618 1661 1656 1687 ut
1683 1663 1847 1689 moveant
1868 1665 1928 1691 aut
1951 1662 2146 1703 reprimant

1160 1752 1351 1788 clarantur.
1403 1752 1562 1787 Achilles
1591 1763 1701 1798 potest
1727 1757 1900 1802 imperare
1924 1763 2061 1803 nervis,
2104 1773 2143 1799 ut

1159 1815 1284 1836 manus
1307 1807 1498 1838 recondant
1523 1806 1678 1848 gladium
1704 1807 1741 1840 in
1768 1810 1943 1853 vaginam.
1995 1808 2041 1848 Et
2057 1812 2142 1850 haec

1158 1854 1342 1898 disciplina
1360 1862 1409 1889 est
1427 1856 1591 1900 cogitatio
1610 1857 1646 1889 in
1666 1866 1781 1892 mente
1801 1868 1832 1894 et
1856 1863 2019 1905 cerebro,
2052 1878 2140 1911 quae

1156 1905 1274 1938 nervis
1301 1906 1468 1949 imperat,
1508 1914 1547 1941 ut
1573 1915 1712 1942 externa
1743 1912 1899 1945 membra
1929 1914 1978 1948 sic
2012 1916 2136 1953 cieant.

1155 1955 1227 1989 Nec
1258 1963 1307 1989 est
1331 1957 1468 1991 iusticia
1501 1960 1636 1998 cordis,
1679 1973 1743 1994 nec
1768 1970 1817 1996 est
1846 1963 2004 2008 impletio
2032 1967 2137 2011 legis,

1154 2008 1213 2039 sed
1239 2007 1358 2049 litera,
1387 2009 1569 2052 videlicet,
1597 2012 1760 2054 cogitatio
1785 2015 1883 2059 quasi
1909 2015 1998 2059 picta
2024 2019 2060 2051 in
2080 2032 2135 2053 ce-

1154 2059 1277 2099 rebro,
1303 2059 1352 2092 sic
1369 2071 1490 2103 regens
1507 2068 1647 2094 externa
1672 2064 1838 2101 membra.
1891 2065 1994 2101 Clare
2016 2077 2132 2104 autem

1152 2109 1396 2151 adfirmamus,
1426 2108 1515 2145 hanc
1531 2112 1754 2156 disciplinam
1778 2128 1842 2150 nec
1866 2120 1993 2152 mereri
2010 2122 2133 2155 remis-

1151 2160 1285 2194 sionem
1304 2169 1537 2205 peccatorum,
1555 2175 1617 2197 nec
1635 2165 1808 2199 iusticiam
1825 2180 1941 2202 coram
1960 2168 2033 2204 Deo
2049 2184 2133 2206 esse.

1151 2210 1235 2244 Ideo
1257 2219 1373 2246 autem
1394 2213 1545 2247 dicimus
1569 2227 1641 2249 esse
1674 2219 1922 2252 necessariam:
1962 2222 2044 2266 quia
2068 2235 2130 2257 ne-

1151 2274 1242 2295 cesse
1264 2270 1314 2297 est
1336 2263 1412 2298 Deo
1435 2265 1596 2306 obedire,
1638 2267 1699 2311 qui
1730 2274 1762 2301 et
1786 2266 1876 2303 hanc
1904 2271 2128 2316 disciplinam

1149 2314 1315 2348 omnibus
1341 2316 1520 2360 praecipit.
1561 2315 1699 2351 Deinde
1725 2322 1917 2354 necessaria
1943 2330 1992 2357 est
2012 2326 2055 2357 ad
2075 2326 2128 2358 vi-

1149 2366 1272 2398 tandes
1302 2378 1432 2410 poenas
1464 2369 1662 2411 corporales
1695 2369 1731 2401 in
1763 2367 1827 2404 hac
1851 2373 1932 2408 vita.
1986 2374 2053 2409 Sed
2084 2378 2127 2410 de

1148 2412 1215 2448 hoc
1240 2428 1306 2450 usu
1332 2416 1463 2451 Paulus
1493 2418 1531 2450 in
1561 2416 1625 2452 hac
1655 2417 1813 2464 Epistola
1846 2435 1917 2456 non
1954 2425 2123 2471 loquitur.

1148 2465 1247 2499 Alibi
1278 2465 1372 2501 hunc
1401 2480 1503 2502 usum
1543 2469 1704 2512 indicat,
1752 2483 1830 2506 cuzn
1861 2475 1937 2508 ait:
1973 2476 2044 2510 Lex
2075 2487 2123 2512 est

1147 2517 1239 2551 bona
1260 2518 1414 2562 legitime
1447 2520 1571 2554 utenti.
1630 2519 1676 2556 Et
1697 2530 1779 2556 sunt
1805 2521 1889 2559 haec
1913 2527 1999 2561 alibi
2022 2541 2124 2574 saepe

1145 2569 1322 2613 copiosius
1347 2571 1530 2606 declarata.

1230 2620 1414 2655 Secundus
1429 2633 1511 2655 usus
1528 2628 1578 2655 est
1595 2621 1769 2658 Iudicium
1784 2627 1977 2671 spirituale,
1994 2632 2037 2664 de
2055 2643 2123 2676 quo

1145 2670 1262 2716 inquit
1275 2670 1420 2706 Paulus:
1446 2672 1519 2706 Lex
1534 2673 1727 2758 spirit151alsss
1743 2684 1804 2718 est,
1821 2678 1857 2712 id
1878 2687 1937 2721 est,
1953 2681 2124 2716 iudicium

1666 2724 1689 2760 4
