2415 2942
272 137 345 172 567

876 125 1000 161 PnlL.
1029 124 1144 160 MEL.
1172 122 1379 161 SCRIPTA
1406 120 1706 158 EXEGETICA.

2228 129 2302 166 368
2335 144 2339 145 ⁷

272 222 484 258 calamitates
509 213 664 251 universi
689 210 826 258 generis
841 209 1007 252 humani,
1033 207 1260 255 philosophia
1284 209 1288 242 l
1312 207 1391 243 Imo
1416 221 1460 243 ne
1481 209 1566 253 legis
1591 208 1753 254 quidem,
1780 210 1840 243 sed
1857 210 1964 246 solius
1983 209 2185 257 Evangelii,
2214 219 2246 247 et
2264 213 2301 247 in

272 275 376 309 dicit„
405 282 459 302 eas
479 268 604 312 partim
623 278 640 299 a
659 264 802 299 materia
822 264 931 301 oriri,
960 263 1088 307 partim
1104 262 1147 296 ab
1164 274 1261 295 erro-

1285 247 1287 259 t

1284 270 1288 280 ι

1285 293 1288 313 t

1314 257 1379 294 hoc
1404 272 1513 302 agone
1536 260 1741 293 discrimina
1765 261 2006 296 doctrinarum
2033 264 2121 298 fiunt
2139 265 2303 306 illustria,

272 325 370 357 ribus
399 318 563 353 humanis
595 323 628 350 et
661 316 839 349 voluntate
863 312 1038 354 humana,
1074 319 1112 347 ut
1140 311 1262 346 mortis
1314 311 1350 343 in
1374 312 1465 344 veris
1483 310 1667 344 doloribus
1685 323 1764 345 cum
1783 311 1942 356 undique
1960 315 2159 358 quaerimus
2177 326 2302 348 conso-

273 384 410 406 causam
428 371 548 402 dicunt
567 379 639 400 esse
657 366 820 400 materiae
838 373 1010 398 naturam.
1054 363 1261 407 Pompeium

272 425 395 457 dicunt
418 432 536 454 errore
560 418 626 451 sibi
652 417 882 451 calamitatem
906 415 1142 452 accersivisse,
1178 414 1261 458 quia

273 474 418 518 putabat
443 469 682 504 defensionem
700 467 855 511 Reipub.
874 467 999 499 iustam
1017 477 1108 505 esse,
1136 471 1168 498 et
1187 465 1262 509 ple-

273 535 412 568 runque
437 521 567 554 sciebat
589 518 805 552 ordinariam
832 523 1035 561 potestatem
1053 527 1125 548 esse
1141 515 1262 548 victri-

274 587 358 609 cem.
418 571 608 606 Catilinam
635 581 717 602 vero
744 580 848 613 prava
872 567 1036 600 voluntas
1059 566 1201 610 impulit
1226 566 1261 597 in

276 626 420 659 exitium
433 649 441 662 ‚
478 622 558 666 quia
590 632 791 665 quanquam
822 618 1031 661 intelligeret
1055 617 1262 660 periculum,

276 683 391 710 tamen
411 674 617 707 seditionem
637 671 758 704 movit.
813 668 886 702 Has
901 680 1020 701 causas
1040 665 1262 711 philosophia

276 726 418 763 recitat,
445 735 534 769 quae
551 722 685 755 etiamsi
704 727 783 753 suut
803 720 1038 763 propinquae,
1067 725 1099 750 et
1115 729 1264 750 concur-

276 784 391 810 rentes
409 786 540 813 causae,
568 780 682 806 tamen
701 772 788 804 aliae
804 777 884 802 sunt
902 770 1034 813 priores
1051 775 1082 801 et
1099 768 1263 812 potiores.

277 826 390 861 Causa
411 825 534 858 mortis
553 831 583 856 et
603 823 761 855 omnium
779 831 971 864 poenarum
989 819 1099 862 prima
1117 825 1150 851 et
1165 830 1264 862 prae-

279 879 380 921 cipua
399 883 446 909 est
465 881 660 919 peccatum,
690 873 781 915 quod
802 870 985 902 nobiscum
1006 869 1178 911 nascitur,
1208 880 1265 901 or-

279 937 353 962 tum
372 940 388 959 a
408 926 506 969 lapsu
526 924 641 961 Adae,
669 930 700 954 et
720 921 878 966 tyrannis
896 920 1030 952 diaboli
1048 917 1267 952 horribiliter

279 979 455 1011 infirmam
492 982 654 1007 naturam
694 971 907 1015 impellentis
943 971 979 1003 iu
1011 970 1138 1002 scelera
1167 977 1200 1003 et
1229 969 1267 1001 in

280 1039 422 1073 poenas.

383 1093 524 1128 Deinde
547 1103 629 1124 vero
656 1091 692 1123 in
710 1089 863 1122 Ecclesia
887 1099 1008 1121 causae
1033 1087 1163 1121 multae
1185 1098 1268 1119 con-

282 1152 439 1184 currunt,
467 1155 545 1176 cum
564 1148 702 1174 maneat
720 1147 897 1184 peccatum
916 1139 950 1171 in
969 1136 1032 1171 hac
1049 1139 1117 1170 vita
1137 1138 1172 1170 iu
1188 1149 1268 1169 san-

282 1198 364 1236 ctis,
391 1201 536 1228 manent
559 1204 652 1225 mors
677 1198 709 1224 et
727 1191 813 1223 aliae
832 1190 1064 1229 calamitates,
1090 1196 1127 1222 ut
1147 1190 1270 1220 admo-

1289 646 1291 662 l

1289 751 1293 776 l

283 1248 349 1281 niti
373 1247 415 1279 de
441 1246 490 1278 ira
515 1243 600 1283 Dei,
630 1253 858 1285 agnoscamus
885 1248 1081 1284 peccatum,
1109 1246 1140 1272 et
1163 1250 1269 1283 quae-
1295 1254 1297 1265 ι

284 1308 403 1332 ramus
432 1295 619 1330 auxilium,
657 1294 738 1325 item
772 1299 808 1324 ut
840 1291 990 1323 flammis
1017 1290 1183 1323 vitiorum
1210 1301 1270 1321 re—

283 1348 428 1393 pressis,
455 1346 690 1379 accendantur
715 1343 750 1375 in
774 1342 876 1374 nobis
900 1353 978 1373 vera
999 1341 1100 1379 fides,
1129 1341 1271 1372 invoca-

283 1400 354 1439 tio,
382 1405 415 1431 et
440 1397 528 1429 aliae
554 1395 717 1433 virtutes,
746 1400 782 1425 ut
811 1393 845 1424 in
871 1391 999 1424 Psalm.
1026 1391 1171 1423 dicitur:
1200 1389 1271 1422 Bo-

284 1461 370 1483 num
392 1445 479 1480 mihi
499 1447 591 1491 quod
614 1443 806 1477 humiliasti
826 1455 898 1482 me,
925 1449 963 1475 ut
983 1442 1150 1474 discerem
1170 1440 1271 1473 iusti-

285 1499 462 1533 ficationes
483 1505 570 1530 tuaS.
624 1495 715 1529 Sunt
735 1502 765 1527 et
785 1494 870 1525 aliae
888 1504 1026 1530 causae,
1054 1504 1141 1536 quae
1160 1492 1196 1523 iu
1216 1491 1272 1523 in-

285 1559 379 1594 tegra
398 1548 628 1592 explicatione
646 1545 750 1579 huius
767 1545 833 1577 loci
852 1543 935 1576 alibi
953 1549 1188 1577 recensentur.

385 1616 568 1650 Postremo
597 1610 819 1657 philosophia
852 1611 946 1643 videt
977 1618 1123 1644 naturae
1147 1609 1272 1642 iuteri—

285 1676 359 1702 tum
385 1675 417 1700 et
439 1667 524 1699 alias
547 1665 781 1700 calamitates,
809 1663 868 1695 sed
897 1673 1094 1705 proponere
1113 1660 1271 1693 consola-

285 1720 417 1753 tionem
449 1718 583 1749 firmam
617 1727 688 1748 nou
721 1720 853 1757 potest,
888 1719 1024 1745 tantum
1059 1718 1196 1750 monet,
1228 1722 1272 1742 ne

287 1779 473 1812 augeamus
497 1767 668 1799 malorum
692 1776 851 1803 sensum,
879 1774 966 1806 quae
985 1762 1085 1794 vitari
1104 1774 1174 1794 nou
1192 1772 1271 1805 pos-

286 1826 385 1857 sunt,
414 1818 531 1851 addita
556 1817 700 1859 insuper
725 1815 856 1846 maiore
881 1813 988 1845 animi
1010 1812 1205 1849 moesticia,
1234 1818 1272 1844 ut

286 1871 445 1905 Socrates
463 1881 541 1902 cum
560 1867 710 1909 effugere
729 1872 874 1897 mortem
892 1876 963 1896 non
984 1863 1108 1906 possit,
1136 1863 1272 1905 sapien-

287 1930 340 1956 ter
362 1921 464 1960 facit,
499 1919 591 1962 quod
619 1923 788 1961 repugnat
810 1915 944 1955 dolori,
980 1914 1076 1958 quasi
1102 1914 1172 1945 vim
1199 1913 1272 1945 eius

288 1972 407 2016 allqlm
430 1971 536 2002 “¹⁰⁶⁰
560 1969 742 2009 smngem‘
771 1973 899 1999 ‘'X'mm
925 1972 1038 1997 ‘'mm'‘
1058 1964 1140 1996 '⁰¹¹¹'
1160 1976 1198 1996 ac
1215 1975 1272 1996 re‘
1297 1983 1299 2011 l
1325 1979 1439 2010 scietis
1476 1978 1594 2009 omnia
1631 1977 1822 2010 necessaria
1858 1978 1900 2009 ad
1939 1979 2086 2011 salutem
2121 1986 2308 2014 aeternam.

1093 2014 1211 2055 Quare
1235 2014 1271 2045 in
1298 2021 1299 2025 ’

288 2021 506 2056 stitutionem
532 2019 622 2052 vitae
646 2018 801 2050 melioris
824 2028 895 2049 nou
919 2016 1024 2048 videt.

287 2072 421 2115 magnis
447 2070 547 2103 malis
574 2066 816 2112 philosophica
841 2066 1033 2099 consolatio
1060 2063 1153 2096 nihil
1176 2064 1272 2096 iuvat

287 2130 438 2160 ruentes,
469 2127 499 2154 et
515 2127 583 2153 tota
602 2119 769 2163 sapientia
789 2116 941 2149 humana
963 2122 1012 2148 est
1032 2122 1154 2147 cantus
1170 2114 1272 2147 fune-

288 2175 381 2212 bris,
416 2179 453 2205 ut
484 2171 712 2213 significatum
746 2174 811 2207 est,
848 2163 1042 2200 Matth.9.:
1076 2163 1162 2198 Cum
1187 2176 1272 2197 con-

289 2225 383 2257 ducti
408 2230 487 2256 sunt
510 2223 552 2255 ad
578 2221 682 2253 funus
698 2220 788 2251 filiae
804 2215 1080 2262 Archisynagogi
1101 2215 1272 2255 tibicines,

290 2276 349 2319 qui
369 2274 531 2308 funebres
548 2272 671 2304 modos
688 2276 829 2304 canunt.

391 2342 438 2374 At
455 2337 737 2373 solaChristiana
756 2334 916 2369 doctrina
931 2333 1085 2368 ostendit
1103 2333 1271 2366 auxilium

290 2399 323 2426 et
348 2392 576 2435 praesentiam
594 2389 656 2421 Dei
684 2389 721 2420 in
746 2387 912 2420 omnibus
937 2385 1131 2423 aerumnis,
1160 2391 1193 2417 et
1216 2384 1271 2416 in-

290 2454 394 2486 super
419 2441 509 2473 vitae
531 2448 690 2472 aeternae
715 2437 982 2471 restitutionem.
1036 2434 1131 2468 Haec
1151 2435 1271 2467 auxilii

290 2501 323 2526 et
345 2491 564 2525 liberationis
589 2490 740 2522 ostensio
759 2496 808 2522 est
827 2499 907 2521 vera
923 2494 956 2523 et
975 2486 1093 2520 efficax
1112 2486 1272 2518 consola-

289 2545 351 2577 tio.
409 2541 490 2575 Ideo
516 2542 558 2573 de
585 2552 621 2572 ea
646 2552 722 2572 cum
750 2551 850 2583 saepe
875 2538 978 2579 alias,
1004 2544 1078 2571 tum
1105 2533 1170 2569 hoc
1194 2536 1271 2569 loco

290 2595 392 2627 etiam
417 2591 577 2625 Christus
609 2591 854 2623 concionatur:
888 2588 961 2623 Vos
993 2587 1177 2627 dolebitis,
1213 2588 1270 2619 sed

290 2644 429 2678 tristitia
469 2648 625 2674 vertetur
663 2641 700 2672 iu
732 2640 910 2682 gaudium.
988 2638 1083 2671 Haec
1116 2650 1188 2670 non
1223 2645 1272 2670 est

1315 362 1483 402 lationes‚
1510 368 1543 395 et
1567 373 1602 394 re
1627 361 1699 404 ipsa
1718 361 1916 405 experimur
1931 375 1996 396 nos
2013 376 2084 398 non
2105 366 2216 399 iuvari
2234 363 2304 399 hu-

1315 413 1429 445 manis
1451 412 1743 455 cogitationibus,
1769 413 1908 446 tandem
1926 413 1983 457 pia
2001 426 2098 448 mens
2115 417 2304 450 decurrens

1316 465 1358 496 ad
1390 475 1509 496 vocem
1535 460 1740 506 Evangelii,
1774 469 1942 508 tanquam
1966 465 2008 497 ad
2036 466 2169 499 fontem
2193 478 2304 511 aquae

1316 514 1433 553 vivae,
1467 513 1591 556 incipit
1616 514 1850 558 acquiescere,
1875 513 1965 548 sicut
1988 514 2025 549 iu
2048 515 2188 550 Psalmo
2215 517 2305 550 dici-

1317 571 1389 598 tur:
1417 564 1609 609 Eloquium
1627 571 1727 598 tuum
1747 564 1935 598 vivificabit
1953 577 2022 601 me.

1451 645 1641 695 Quicquid
1659 647 1805 694 petetis,
1842 646 1946 682 dabit
1971 628 2087 689 vobi‘s,
2111 653 2171 684 etc.

1419 716 1533 750 Antea
1551 716 1722 761 praedixit
1739 723 1916 751 secuturas
1932 729 2004 751 esse
2019 718 2244 760 afflictiones,
2273 726 2307 754 et

1319 767 1455 800 addidit
1481 767 1750 811 promissionem
1778 769 1821 800 de
1846 768 2066 804 liberatione.
2117 768 2220 803 Nunc
2243 770 2307 803 ad-

1319 818 1434 860 iungit
1466 819 1536 851 duo
1566 819 1676 855 dicta,
1713 830 1800 863 quae
1828 820 1871 851 ad
1900 819 2175 853 consolationem
2198 820 2308 864 perti-

1320 875 1424 908 nent,
1454 874 1487 901 et
1512 875 1594 901 sunt
1617 869 1733 902 aditus
1758 869 1800 901 ad
1823 869 2086 911 liberationem,
2113 870 2244 905 scilicet
2262 872 2306 904 de

1321 931 1401 951 vera
1440 919 1570 951 noticia
1602 920 1795 953 voluntatis
1828 918 1911 958 Dei,
1955 928 1987 954 et
2020 921 2063 953 de
2094 922 2306 965 precatione.

1321 968 1417 1002 Haec
1439 970 1508 1002 (luo
1534 969 1602 1001 nisi
1627 969 1765 1003 luceant
1783 970 1819 1002 in
1838 971 2108 1010 afflictionibus,
2136 983 2208 1005 non
2226 983 2307 1016 pos-

1322 1025 1403 1053 sunt
1427 1026 1559 1052 mentes
1582 1020 1817 1064 acquiescere,
1844 1028 1884 1054 ut
1900 1020 2006 1060 Cato,
2033 1020 2184 1062 Brutus,
2210 1029 2243 1056 et
2260 1023 2308 1056 si-

1323 1071 1438 1108 miles,
1465 1070 1546 1114 quia
1572 1070 1734 1111 ignorant
1754 1070 1969 1104 voluntatem
1985 1070 2070 1113 Dei,
2099 1073 2257 1106 iudicant
2273 1085 2308 1106 se

1323 1120 1450 1163 negligi
1463 1147 1471 1157 ,
1498 1127 1557 1152 aut
1583 1120 1687 1153 abiici
1703 1132 1720 1153 a
1738 1119 1826 1154 Deo.
1880 1120 1931 1154 Ita
1950 1129 2060 1156 ruunt
2077 1123 2112 1155 in
2131 1130 2308 1156 aeternam

1323 1170 1623 1213 desperationem,
1651 1178 1683 1204 et
1708 1171 1744 1203 in
1768 1172 1889 1204 odium
1906 1171 1984 1207 Dei.
2038 1172 2202 1206 ieremias
2225 1185 2308 1206 vero

1324 1222 1385 1255 etsi
1404 1221 1499 1254 videt
1518 1228 1676 1254 ruentem
1695 1221 1842 1263 patriam
1855 1248 1864 1261 ,
1891 1229 2007 1255 tamen
2024 1223 2088 1256 scit
2105 1235 2178 1256 non
2195 1224 2310 1257 deseri

1323 1271 1515 1305 Ecclesiam
1539 1269 1615 1304 Dei.
1676 1270 1751 1305 Hac
1777 1272 1908 1305 noticia
1934 1273 2158 1306 confirmatus
2181 1275 2310 1318 perfert

1325 1329 1521 1366 praesentes
1540 1322 1696 1354 miserias
1709 1349 1718 1363 ‚
1745 1323 1910 1364 intelligit
1929 1323 2022 1356 enim
2043 1336 2162 1357 earum
2180 1336 2310 1363 causas,

1326 1380 1357 1406 et
1382 1373 1483 1405 finem
1508 1373 1579 1405 fore
1607 1384 1746 1412 earum,
1775 1380 1804 1405 et
1825 1373 2114 1407 instaurationem
2133 1372 2310 1408 Ecclesiae

1325 1423 1434 1458 novit.
1489 1422 1646 1455 Primum
1670 1423 1776 1466 igitur
1794 1424 1925 1456 dictum
1943 1422 2103 1457 hocloco
2121 1425 2163 1457 de
2180 1425 2310 1459 noticia

1325 1473 1515 1507 voluntatis
1530 1472 1592 1506 Dei
1616 1473 1783 1518 loquitur.
1839 1473 1904 1506 lllo
1923 1475 1979 1508 die
1997 1487 2052 1508 me
2069 1486 2141 1507 non
2158 1475 2310 1509 interro-

1325 1525 1452 1567 gabitis
1484 1524 1690 1568 quicquam,
1731 1524 1764 1556 id
1799 1531 1864 1564 est,
1907 1533 1984 1572 post
2015 1526 2309 1560 resurrectionem

1325 1575 1417 1608 oculi
1442 1575 1545 1608 vestri
1573 1580 1675 1606 erunt
1697 1581 1799 1608 testes
1821 1587 1876 1607 nie
1899 1576 2025 1608 vivere.
2078 1575 2187 1609 Erilis
2204 1577 2311 1619 igitur

1327 1625 1535 1664 confirmati,
1564 1631 1599 1657 ut
1619 1636 1689 1656 non
1707 1625 1876 1658 dubitetis
1892 1627 1933 1657 de
1949 1638 2023 1658 mea
2042 1627 2124 1661 vita.
2173 1626 2311 1661 Deinde

1326 1689 1404 1709 cum
1437 1675 1638 1717 acceperitis
1672 1674 1844 1717 Spiritum
1877 1684 2054 1715 salutum,
2094 1677 2309 1719 intelligetis,

1298 1750 1299 1754 ,
1325 1727 1426 1771 quale
1442 1726 1484 1758 sit
1503 1737 1616 1757 meum
1633 1736 1777 1767 regnum
1790 1752 1798 1765 ,
1825 1738 1912 1771 quae
1928 1727 1998 1760 sint
2013 1739 2134 1760 causae
2149 1728 2312 1761 afflictio-

1297 1792 1299 1797 ·
1325 1789 1409 1809 num
1429 1774 1622 1814 Emlesiae,
1651 1783 1682 1808 et
1702 1778 1881 1821 quomodo
1901 1777 1965 1809 sim
1982 1777 2209 1818 collecturus,
2237 1791 2311 1812 ser·

1326 1835 1469 1860 vaturus
1506 1833 1538 1859 et
1576 1826 1786 1859 liberaturus
1825 1825 2029 1862 Ecclesiam.
2098 1826 2311 1864 Discernetis

1325 1878 1497 1911 iusticiam
1531 1877 1630 1917 fidei,
1670 1884 1702 1909 et
1736 1877 1938 1920 politicam,
1972 1878 2144 1911 abiicietis
2174 1881 2310 1913 somnia

1326 1926 1520 1972 pharisaica
1554 1928 1595 1959 de
1630 1927 1724 1960 civili
1757 1927 1905 1970 imperio
1939 1926 2110 1968 Messiae,
2157 1930 2311 1975 denique

1325 2028 1419 2061 Haec
1437 2035 1526 2060 certa
1544 2027 1865 2070 noticiaEvangelii
1880 2028 1959 2061 sons
1975 2035 2025 2061 est
2043 2030 2310 2074 praecipuarum

1325 2078 1618 2113 consolationum.

1426 2129 1483 2162 Ad
1501 2126 1590 2161 banc
1608 2128 1774 2161 noticiam
1795 2129 1935 2162 accedat
1953 2129 2116 2173 precatio.
2168 2129 2229 2164 Est
2245 2130 2311 2173 igi-

1326 2187 1384 2213 tur
1415 2179 1560 2222 repetita
1591 2179 1796 2223 promissio,
1832 2180 1875 2212 de
1905 2192 1972 2224 qua
1998 2191 2101 2224 supra
2125 2181 2311 2225 aliquoties

1326 2231 1458 2263 dictum
1477 2236 1539 2263 est.
1591 2229 1636 2262 Et
1651 2230 1837 2272 diligenter
1852 2231 2111 2263 observandum
2130 2237 2191 2270 est,
2214 2233 2309 2276 quod

1326 2281 1485 2314 additum
1514 2287 1563 2314 est
1587 2280 1852 2314 iusiurandum:
1880 2279 1994 2313 Amen
2018 2293 2120 2313 amen
2144 2282 2222 2314 dico
2247 2295 2310 2315 vo-

1326 2333 1389 2365 bis.
1424 2329 1519 2364 Haec
1542 2337 1636 2364 tanta
1653 2331 1860 2364 asseveratio
1878 2331 2043 2364 exuscitet
2060 2343 2124 2364 nos
2136 2358 2144 2372 ‚
2170 2339 2209 2365 ut
2226 2345 2310 2376 pro-

1327 2382 1485 2415 missioni
1501 2382 1694 2421 credamus,
1717 2388 1749 2415 et
1765 2381 1945 2414 ardentius
1960 2388 2115 2425 petamus
2126 2383 2308 2419 auxilium.

1298 2444 1300 2471 ζ
1327 2433 1475 2476 Quoties
1506 2439 1622 2466 autem
1652 2430 1735 2476 haec
1760 2431 1946 2475 promissio
1972 2433 2175 2476 exponitur,
2209 2446 2310 2478 repe-

1326 2485 1430 2518 tenda
1447 2490 1529 2517 sunt
1545 2483 1702 2528 quinque
1719 2489 1901 2525 praecepta
1919 2483 2146 2525 precationis,
2169 2485 2212 2517 de
2229 2485 2309 2530 qui-

1326 2536 1390 2568 bus
1415 2545 1519 2578 supra
1545 2534 1676 2567 dictum
1701 2539 1770 2566 est:
1800 2531 1957 2564 Primum
1986 2534 2062 2578 quis
2088 2532 2181 2568 Deus
2206 2535 2309 2568 invo-

1327 2593 1441 2625 cetur,
1469 2584 1678 2627 segreganda
1701 2589 1750 2616 est
1768 2582 1861 2615 enim
1881 2582 2056 2617 invocatio
2073 2582 2247 2618 Ecclesiae
2265 2586 2308 2618 ab

1325 2634 1496 2676 Ethnica,
1523 2631 1778 2673 Mahometica,
1806 2640 1838 2665 et
1853 2633 1999 2667 aliarum
2020 2635 2206 2679 impiarum
2222 2647 2309 2682 gen-

289 2708 353 2728 vox
373 2691 633 2738 philosophiae.
661 2698 719 2724 aut
740 2690 847 2724 ullius
871 2687 1045 2723 humanae
1070 2688 1269 2733 sapientiae.
1297 2682 1300 2721 l
1326 2688 1411 2720 tium
1438 2685 1670 2719 invocatione.
1723 2683 1886 2718 Secundo
1911 2686 2075 2720 mandata
2100 2686 2308 2729 cogitentur,
