2415 2942
91 83 189 119 1373
298 80 399 118 XIII.

90 181 175 210 nes,
210 168 299 201 sicut
321 167 439 213 inquit
465 166 641 202 Dominus
665 165 790 202 Ioann.
805 167 881 201 20.:
911 166 1011 203 Sicut
1027 179 1088 212 pa-

91 229 144 255 ter
162 232 259 253 meus
278 220 374 253 misit
396 231 469 259 me,
497 219 545 251 sic
565 230 627 261 ego
645 218 747 251 mitto
763 230 836 259 vos,
863 219 898 253 id
918 226 985 257 est,
1013 231 1088 252 cer-

89 272 265 306 tissimum
286 277 335 304 est
358 282 414 303 me
432 270 604 303 efficacem
630 269 705 302 fore
723 281 786 313 per
803 282 881 308 vos,
913 271 1003 303 sicut
1024 282 1086 314 pa-

88 330 142 356 ter
158 334 220 367 per
246 334 298 354 me
327 321 393 355 fuit
420 322 560 361 efficax,
594 327 633 353 ut
657 320 877 354 resuscitatio
908 334 948 354 ex
974 328 1086 355 morte
1109 336 1111 344 ¹

88 373 260 413 ostendit,
290 372 336 406 ita
361 379 393 405 et
408 371 540 405 Paulus
562 371 679 416 inquit
696 369 821 405 Roma.
844 375 895 406 1.:
923 371 1085 415 Evange-

87 426 175 458 lium
201 431 251 457 est
275 423 429 467 potentia
457 422 525 456 Dei
550 423 590 455 ad
615 423 764 455 salutem
790 424 888 455 omni
915 423 1083 459 credenti.

88 475 198 516 Item,
235 476 270 508 Ξ.
297 471 463 508 Corinth.
488 475 542 510 3.:
577 471 812 517 Evangelium
845 481 896 508 est
924 474 1082 508 ministe-

84 527 177 561 rium
198 526 354 570 spiritus,

186 584 283 618 Haec
299 585 392 618 dicta
412 590 517 618 erunt
535 583 644 627 magis
665 584 847 629 perspicua
867 597 945 617 cum
967 585 1003 617 in
1022 597 1080 617 ve-

85 637 134 671 ris
167 636 471 671 consolationibus
497 635 671 669 discemus
694 647 776 668 vera
797 636 959 669 exercitia
988 636 1080 677 fidei,

82 696 116 723 et
143 687 417 722 sustentabimus
449 698 513 720 nos
545 686 758 729 cogitatione
793 687 1105 740 promissionum0(

81 740 187 773 Hunc
206 751 308 772 usum
326 737 514 772 ministerii
528 737 701 770 abiiciunt
721 735 967 778 enthusiastae,
992 750 1079 782 qua·
1101 779 1104 791 ι

82 791 132 824 les
157 797 240 824 sunt
258 789 533 833 Anabaptistae,
563 787 840 827 Stenckfeldius‚
877 795 909 821 et
933 789 1077 826 similes,
1100 797 1103 839 j

83 842 143 888 qui
164 847 338 887 quaerunt
363 839 643 874 illuminationes
659 846 691 873 et
707 846 826 884 raptus
844 846 938 872 extra
957 837 1078 872 Evan-
1101 875 1102 881 ἵ

81 893 223 937 gelium.
277 891 347 925 Sed
373 892 411 924 in
436 892 528 924 veris
546 891 732 924 doloribus
757 897 791 924 et
808 902 889 923 vera
915 891 1076 923 consola-

79 945 176 978 tione
209 942 376 976 discimus
402 941 518 976 Deum
548 941 724 975 efficacem
760 952 832 975 esse
864 941 1076 984 cogitatione

78 994 286 1038 Evangelii,
313 1000 352 1027 ut
370 992 502 1026 Paulus
522 993 640 1038 inquit
655 991 783 1027 Roma.
805 993 880 1027 10.:
910 992 1014 1025 Fides
1036 1005 1076 1025 ex

78 1046 204 1080 auditu
228 1052 287 1080 est.
342 1043 448 1086 Item,
482 1043 608 1080 Roma.
626 1045 679 1080 5.:
714 1042 895 1077 Iustificati
919 1044 986 1077 fide
1013 1056 1075 1088 pa-

75 1109 150 1130 cem
168 1094 351 1131 habemus.

180 1155 296 1190 Simul
328 1155 437 1199 igitur
460 1153 536 1188 Deo
564 1154 693 1197 gratias
725 1165 867 1197 agamus
893 1165 956 1199 pro
981 1154 1073 1187 edita

75 1207 331 1253 promissione,
368 1219 430 1250 pro
459 1206 609 1239 efficacia
635 1217 697 1250 per
717 1204 974 1249 Evangelfflm,
1008 1217 1072 1248 pro

77 1258 349 1298 constitutione,
378 1257 667 1296 conservatione,
697 1263 731 1290 et
753 1256 1073 1290 instaurationibus

75 1309 264 1343 ministerii
297 1309 509 1352 evangelici,
550 1320 614 1351 pro
651 1307 860 1341 collectione
894 1305 1073 1340 Ecclesiae

75 1373 138 1405 per
156 1359 389 1404 Evangelium
415 1367 447 1393 et
471 1359 642 1404 Spiritum
669 1364 848 1399 sanctum,
875 1370 938 1402 pro
959 1359 1071 1390 dona-

76 1413 176 1447 tione
201 1411 359 1445 iusticiae
379 1420 409 1443 et
434 1410 527 1444 vitae
551 1417 732 1449 aeternae,
758 1421 823 1453 pro
847 1409 1071 1451 mitigatione

74 1474 268 1508 poenarum
284 1462 534 1505 praesentium,
561 1473 625 1504 pro
643 1460 851 1493 remissione
862 1471 996 1504 poenae
1012 1472 1069 1492 ae-

72 1523 206 1549 ternae.
264 1512 361 1546 Haec
386 1519 482 1546 tanta
512 1513 607 1545 bona
636 1522 886 1554 agnoscamUS‚
921 1518 953 1544 et
979 1511 1068 1544 cele-

72 1567 236 1605 hremus,
274 1570 489 1607 praestemus
519 1563 625 1595 etiam
657 1562 941 1595 benevolentiam
968 1562 1070 1594 debi-

71 1624 142 1650 tam
163 1616 224 1656 iis,
252 1626 404 1660 quorum
423 1614 524 1646 labor
542 1613 579 1646 in
598 1611 665 1646 hoc
689 1613 888 1646 ministerio
910 1613 967 1657 pio
995 1624 1069 1645 ser-

72 1667 122 1701 vit
139 1665 329 1700 Ecclesiae.

345 1755 432 1792 Sine
447 1753 697 1805 praeiudicio,
726 1761 789 1793 etc.

172 1834 329 1871 Ordinat
345 1835 499 1868 forensia
517 1835 711 1880 quaedam,
744 1846 833 1879 quae
857 1845 936 1867 cum
955 1841 988 1868 et
1003 1846 1067 1868 na-

69 1897 148 1925 tura
166 1895 248 1922 nota
266 1894 299 1922 et
325 1887 363 1920 in
388 1887 463 1930 lege
481 1885 548 1918 Dei
569 1897 727 1930 expressa
747 1892 848 1927 sunt,
875 1891 909 1919 et
935 1885 972 1918 in
989 1885 1066 1919 iure

69 1941 196 1974 usitato
213 1945 442 1983 repetuntur,
480 1948 554 1970 non
580 1943 662 1970 sunt
688 1937 850 1970 obscura.
904 1935 1066 1970 Iuniores

70 1991 240 2026 vocabula
259 1990 396 2024 discant
412 1988 621 2031 intelligere.

172 2049 436 2084 Praeiudicium
460 2048 633 2092 significat
664 2053 816 2080 statuere
840 2058 878 2080 re
903 2048 1062 2081 nondum

69 2101 194 2137 ordine
219 2101 382 2145 cognita,
414 2100 487 2133 sive
508 2100 545 2132 id
570 2099 628 2133 fiat
652 2098 798 2137 affectu,
826 2098 899 2131 sive
920 2110 1064 2142 persua-

71 2155 169 2188 sione
186 2153 348 2197 propriae
366 2150 569 2195 sapientiae.
607 2149 657 2184 lta
678 2148 782 2184 Deut.
809 2149 867 2184 16.
904 2161 1064 2194 expresse

69 2205 277 2240 mandatum
302 2210 367 2238 est:
395 2202 529 2236 Audite
552 2201 653 2242 illos,
682 2207 715 2235 et
737 2201 832 2246 quod
851 2201 983 2235 iustum
1012 2208 1064 2235 est

66 2257 229 2291 iudicate.
283 2253 328 2289 Et
356 2261 438 2288 nota
462 2259 546 2287 sunt
568 2252 677 2286 dicta:
704 2248 799 2297 μήδε
824 2249 934 2298 δίκην
956 2249 1061 2287 δικά-

68 2319 141 2347 σεις
155 2304 244 2352 πρὶν
264 2304 409 2352 ἀμφοῖν
423 2303 556 2349 μῦθον
573 2299 747 2349 ἀκούσῃς.
785 2302 889 2336 Item:
918 2301 978 2338 δεῖ
989 2302 1060 2348 ἀμ-

67 2360 157 2406 φοῖν
180 2356 318 2404 ὁμοίως
336 2355 563 2403 ἀκροᾶσθαι.

167 2417 215 2452 Et
239 2418 320 2463 quia
348 2428 449 2461 saepe
472 2420 750 2457 corrumpuntur
771 2413 902 2447 iudicia
926 2414 1060 2448 affecti-

67 2473 151 2509 liu5‚
180 2470 261 2502 ideo
281 2469 395 2502 addit:
431 2464 533 2500 Nihil
558 2466 664 2499 facias
689 2466 881 2499 secundum
907 2465 1059 2499 inclina-

65 2523 220 2561 tionem,
252 2521 289 2553 id
317 2526 386 2560 est,
421 2530 495 2552 non
528 2517 687 2551 discedas
711 2528 729 2550 a
754 2517 873 2559 regula
898 2516 1057 2550 iusticiae

64 2574 139 2608 ullo
164 2572 302 2616 privato
326 2570 464 2605 affectu.
515 2568 574 2603 Sic
601 2573 714 2612 potest
739 2568 896 2601 accidere
918 2568 974 2601 vel
998 2580 1057 2601 su-

64 2623 208 2670 perbia,
243 2634 322 2656 cum
359 2633 432 2654 non
457 2620 535 2654 vult
562 2619 737 2665 quispiam
769 2619 892 2652 cedere
920 2619 1056 2652 alienae

64 2674 278 2715 sententiae,
304 2672 440 2707 etiamsi
467 2670 630 2706 voluntas
654 2681 733 2714 erga
758 2677 873 2715 partes
898 2670 1054 2716 aequalis

451 81 485 116 7.
513 77 813 117 ENARRATIO
842 79 999 117 EPIST.
1027 77 1231 117 PRIORIS
1259 78 1326 116 AD
1355 79 1685 121 TIMOTHEUM.

1741 83 1844 120 CAP.
1870 85 1913 122 V.
2043 89 2059 121 1
2067 87 2086 121 3
2093 86 2141 122 74

1111 172 1117 232 1
1143 174 1213 208 est,
1241 168 1296 201 vel
1316 180 1396 203 cum
1413 170 1579 204 voluntas
1602 182 1675 204 non
1702 171 1858 217 aequalis
1881 177 1931 205 est
1953 183 2032 216 erga
2054 185 2136 217 par-

1141 225 1210 258 tes,
1247 219 1280 252 id
1308 221 1515 254 nominatur
1537 220 1845 268 προσωποληψία.
1900 222 2042 267 Species
2066 224 2133 267 igi-

1138 276 1196 303 tur
1215 270 1332 313 plures
1350 273 1617 316 coniunguntur
1633 273 1738 310 Deut.
1760 274 1838 309 16.:
1865 274 1947 308 Non
1973 275 2129 308 declines

1137 321 1174 353 in
1193 322 1337 354 alteram
1357 331 1510 366 partem,
1539 336 1613 357 non
1631 325 1780 369 accipias
1798 338 2004 370 personam,
2031 334 2064 361 et
2089 338 2130 359 ex

1135 384 1176 405 eo
1193 373 1315 406 sumsit
1335 373 1465 408 Paulus
1489 377 1637 409 verbum
1666 377 1953 417 inclinationem,
1981 390 2051 422 quo
2071 375 2129 410 hic

1134 429 1167 456 et
1195 423 1514 471 προσωποληψίαν
1538 425 1825 471 comprehendit,
1869 441 1958 473 quae
1983 435 2033 462 est
2055 440 2127 462 esse

1134 474 1354 519 inaequalem
1380 489 1458 520 erga
1483 478 1666 523 aequales,
1702 487 1735 514 et
1760 480 1939 525 aequalem
1964 491 2042 523 erga
2068 480 2126 512 in-

1133 527 1307 570 aequales,

1235 585 1322 619 Vult
1340 586 1434 618 enim
1453 586 1548 621 Deus
1564 587 1739 633 intelligi,
1767 589 1952 624 iusticiam
1971 602 2043 624 esse
2064 603 2124 624 ae-

1132 636 1334 680 qualitatem
1350 648 1429 680 erga
1448 639 1620 683 aequaleS,
1646 652 1734 684 quae
1753 642 1895 686 quidem
1918 640 2022 675 babet
2039 654 2124 675 nor-

1130 699 1221 720 mam
1239 694 1392 720 mentem
1419 688 1600 730 divinam,
1634 703 1723 735 quae
1747 692 1864 735 diligit
1888 692 2016 726 similia
2040 705 2123 726 suae

1129 739 1325 779 voluntati,
1355 746 1387 772 et
1405 740 1519 773 reiicit
1535 741 1719 774 dissimilia
1738 754 1820 775 suae
1842 744 2029 777 voluntati.
2070 745 2123 777 Ita

1129 788 1240 822 iustus
1260 801 1319 822 rex
1336 797 1451 824 servat
1467 803 1589 824 omnes
1607 792 1727 833 iustos,
1754 799 1786 826 et
1804 795 1906 836 punit
1924 806 2046 827 omnes
2066 796 2123 827 in-

1128 840 1248 872 iustos.
1308 839 1448 874 Dicitur
1473 849 1590 875 autem
1622 844 1776 887 acceptio
1811 857 1998 887 personae,
2042 857 2123 879 curn

1127 890 1244 935 aliqua
1264 892 1394 934 species
1414 904 1474 925 seu
1498 894 1623 927 umbra
1641 901 1736 927 extra
1760 907 1899 929 causam
1927 897 2122 930 antefertur

1127 942 1267 984 regulae
1296 942 1475 982 iusticiam,
1516 951 1554 978 ut
1580 957 1659 978 cum
1685 947 1797 990 parcit
1817 947 1924 981 iudex
1948 947 2122 989 adultero,

1127 994 1208 1038 quia
1228 1000 1277 1026 est
1292 994 1442 1035 nobilis,
1469 995 1564 1029 iuxta
1582 996 1689 1030 illud:

1209 1051 1268 1080 Dat
1294 1052 1411 1081 veniam
1438 1053 1556 1091 corvis,
1586 1060 1677 1084 vexat
1702 1064 1834 1085 censura
1858 1055 2024 1086 columbas.

1124 1101 1188 1137 Est
1222 1103 1331 1146 igitur
1367 1106 1522 1148 acceptio
1558 1118 1788 1150 personarum
1824 1107 1981 1149 iniusta,
2036 1108 2119 1153 quia

1124 1155 1273 1189 discedit
1302 1167 1320 1188 a
1352 1157 1472 1199 regula
1504 1157 1689 1197 insciciae,
1733 1165 1765 1192 et
1790 1159 1895 1192 efficit
1922 1160 2120 1205 inaequali-

1124 1212 1242 1241 tatem.

1226 1264 1322 1299 Haec
1340 1273 1412 1301 tota
1431 1268 1724 1302 commonefactio
1742 1269 1931 1313 diligenter
1955 1270 2118 1303 conside-

1123 1317 1234 1350 randa
1267 1324 1336 1356 est,
1381 1325 1419 1352 ut
1450 1320 1663 1353 vocabulum
1695 1323 1932 1364 expendatur,
1976 1328 2010 1354 et
2034 1319 2119 1354 haec

1123 1367 1326 1401 dulcissima
1351 1369 1543 1403 consolatio
1576 1382 1677 1414 saepe
1703 1372 1849 1416 repetita
1874 1372 1910 1404 in
1935 1372 2119 1417 scripturis

1121 1418 1344 1452 familiariter
1363 1426 1445 1453 nota
1465 1421 1526 1459 sit,
1556 1433 1645 1465 quae
1661 1422 1767 1466 dicit,
1795 1424 1889 1466 apud
1907 1421 2021 1456 Deum
2042 1435 2118 1457 non

1121 1480 1193 1501 esse
1209 1470 1540 1517 προσωποληψίαν,
1569 1479 1607 1505 ut
1627 1471 1781 1509 Roman.
1797 1475 1830 1507 2.
1851 1485 1924 1518 cap.
1944 1472 2044 1510 Aeto.
2058 1475 2116 1508 10.

1120 1518 1300 1553 EtEsaiae
1317 1521 1380 1556 42.
1398 1521 1578 1556 deMessia
1598 1523 1744 1557 dicitur:
1772 1524 1853 1558 Non
1873 1525 2018 1569 accipiet
2036 1537 2118 1570 per-

1120 1581 1262 1612 sonam,
1290 1571 1326 1604 id
1351 1580 1420 1614 est,
1448 1586 1520 1607 non
1546 1574 1613 1607 erit
1636 1575 1805 1617 iniustus,
1833 1588 1907 1609 non
1932 1577 1998 1610 erit
2016 1577 2116 1610 inae-

1120 1622 1246 1666 qualis,
1272 1621 1364 1656 Deus
1383 1636 1462 1657 vere
1480 1625 1635 1670 aequalis
1651 1633 1699 1660 est
1717 1627 1934 1672 aequalibus.
1961 1626 2117 1662 Damnat

1118 1680 1257 1716 peccata
1279 1674 1316 1706 in
1334 1676 1520 1717 omnibus,
1556 1685 1589 1712 et
1612 1678 1736 1721 recipit
1761 1690 1884 1712 omnes
1905 1679 2114 1724 confugien-

1118 1729 1168 1757 tes
1185 1725 1227 1758 ad
1246 1723 1381 1767 filium,
1410 1733 1475 1763 etc.

1263 1813 1421 1850 lVemini
1441 1816 1510 1851 cilo
1525 1830 1660 1853 manus
1682 1818 1879 1868 imponito,
1906 1825 1966 1855 etc.

1220 1891 1478 1938 Complectitur
1515 1896 1640 1930 utilem
1672 1898 1883 1935 doctrinam.
1950 1898 2112 1936 Primum

1117 1943 1300 1978 confirmat
1331 1947 1551 1980 vocationem
1576 1955 1610 1983 et
1629 1950 1914 1992 ordinationem,
1953 1964 2043 1996 quae
2071 1954 2110 1988 fit

1116 2006 1177 2038 per
1200 1992 1362 2030 homines
1385 1997 1421 2030 in
1446 1997 1624 2041 Ecclesia,
1662 2001 1744 2045 quia
1766 2002 1940 2046 approbat
1964 2004 2110 2039 ordina-

1116 2046 1249 2079 tionem
1263 2074 1271 2087 ,
1298 2060 1403 2092 quam
1422 2048 1634 2085 Timotheus
1661 2051 1810 2087 faciebat
1826 2053 2014 2098 imponens
2033 2068 2108 2089 ma-

1115 2110 1182 2131 nus
1201 2098 1261 2139 iis,
1289 2111 1378 2144 quos
1391 2099 1547 2135 Ecclesia
1576 2103 1630 2136 vel
1653 2103 1726 2147 ipse
1749 2104 1908 2148 elegerat.
1962 2104 2025 2140 Est
2044 2119 2108 2141 au-

1114 2155 1183 2182 tem
1201 2150 1325 2193 ingens
1341 2152 1549 2186 beneficium
1572 2153 1657 2196 Dei,
1692 2156 1788 2200 quod
1812 2156 1889 2190 vult
1913 2157 1957 2190 ab
1984 2155 2108 2191 Eccle-

1114 2200 1162 2233 sia
1180 2202 1297 2234 vocari
1317 2203 1372 2235 vel
1389 2203 1472 2247 eligi
1487 2205 1685 2246 ministros,
1711 2214 1744 2240 et
1768 2218 1831 2251 per
1848 2219 1913 2240 nos
1931 2221 2010 2242 vere
2029 2211 2108 2244 vult

1113 2264 1185 2285 esse
1219 2253 1353 2294 efficax,
1396 2255 1485 2289 sicut
1517 2256 1635 2301 inquit
1666 2256 1841 2292 Dominus
1875 2258 1998 2295 loann.
2028 2261 2107 2296 20..-

1113 2302 1211 2337 Sicut
1230 2311 1328 2348 pater
1342 2317 1440 2339 meus
1458 2307 1553 2340 misit
1570 2320 1644 2347 me,
1673 2310 1721 2343 ita
1744 2321 1805 2353 ego
1827 2310 1928 2343 mitto
1946 2323 2018 2344 vos.
2057 2311 2104 2346 Et

1113 2361 1230 2398 postea
1264 2357 1434 2400 praecipit
1459 2357 1542 2392 Tito
1566 2358 1699 2394 Paulus
1732 2361 1846 2405 capite
1874 2364 1924 2396 1.:
1960 2361 2105 2398 Consti-—

1111 2412 1170 2439 tue
1193 2407 1425 2453 presbyteros.
2119 2416 2122 2419 ’

1213 2464 1292 2498 Hoc
1309 2466 1432 2509 ingens
1449 2467 1658 2502 beneficium
1677 2469 1766 2513 grati
1792 2481 1980 2514 agnoscere
1997 2473 2103 2507 debe-

1108 2526 1186 2548 mus
1198 2540 1206 2554 ‚
1231 2522 1263 2549 et
1280 2513 1344 2550 hac
1362 2518 1429 2550 fide
1447 2530 1604 2552 exercere
1630 2520 1868 2555 ministerium
1880 2547 1888 2561 ‚
1917 2530 1949 2556 et
1966 2523 2019 2557 uti
2033 2525 2101 2557 mi·-

1108 2566 1273 2608 nisterio,
1301 2580 1339 2601 ac
1356 2575 1527 2610 statuere,
1561 2572 1655 2615 quod
1682 2570 1778 2606 Deus
1804 2585 1885 2606 vere
1911 2574 2030 2607 efficax
2057 2577 2101 2610 sit

1108 2629 1193 2650 voce
1225 2616 1352 2652 horum
1384 2620 1644 2658 ministrorum.
1705 2624 1759 2657 Ac
1790 2635 1894 2667 supra
1925 2625 2104 2668 copiosius

1106 2669 1239 2703 dictum
1257 2678 1307 2704 est
1322 2672 1365 2705 de
1384 2672 1518 2717 duplici
1535 2674 1720 2709 vocatione
1734 2674 1992 2712 ministrorum.
