2415 2942
276 108 350 145 939

385 192 526 225 'I'ertius
545 189 671 233 gradus
694 192 744 220 est
771 185 934 224 illorum,
968 183 1030 229 qui
1056 183 1093 217 in
1121 183 1265 217 terrori-

283 247 349 278 bus
365 244 548 285 eriguntur
566 251 648 273 voce
666 236 868 280 Evangelii,
897 235 984 269 sicut
1007 246 1111 277 supra
1135 234 1266 267 dictum

287 302 353 327 est:
386 291 564 326 lustificati
590 290 657 323 fide
682 299 801 336 pacem
825 284 1007 320 habemus.
1062 285 1167 320 Item:
1196 283 1267 327 Qui

286 344 392 379 babet
410 342 587 376 Christum
600 365 608 379 ,
637 338 741 373 habet
761 339 879 371 vitam.

388 402 452 435 llis
469 401 634 444 gradibus
653 396 882 431 consideratis
901 394 985 429 baec
1004 396 1158 429 narratio
1171 394 1269 427 Pauli

287 462 377 488 recte
395 461 426 486 et
446 451 586 495 proprie
608 448 756 490 intelligi
778 448 924 491 poterit,
953 459 1057 492 quam
1080 446 1271 490 peregrinis

289 502 640 547 interpretationibus
667 498 842 542 Origenes
867 506 899 532 et
931 499 991 531 alii
1025 498 1125 530 valde
1150 508 1272 530 corru—

292 563 428 601 perunt.

394 613 455 648 Est
474 618 589 645 autem
608 611 643 643 in
663 615 757 643 textu
777 608 978 642 declarandi
995 618 1095 641 causa
1116 606 1273 640 instituta

293 666 467 712 quaestio,
495 662 586 696 Num
605 662 660 695 lex
678 661 721 694 sit
737 672 790 693 res
808 660 918 700 mala,
947 671 1025 691 cum
1056 664 1178 700 augeat
1198 668 1273 700 pec-

295 725 429 755 catum,
457 714 537 758 quia
563 714 598 745 in
623 712 841 745 accusatione
865 711 968 743 corda
991 709 1131 751 fugiunt
1149 708 1276 744 Deum,

297 776 328 802 et
346 765 566 800 horribiliter
585 764 738 795 fremunt
757 762 922 794 adversus
947 771 1038 794 eum.
1073 758 1276 802 Respondet

297 819 429 852 Paulus
454 827 514 859 per
538 813 818 847 translationem:
849 811 955 853 Quod
976 811 1029 843 lex
1052 817 1102 843 est
1118 810 1278 842 ministe-

298 871 391 904 rium
409 866 549 904 mortis,
575 876 645 896 uon
672 864 708 896 lit
731 862 814 905 legis
841 863 945 900 vitio,
974 862 1032 894 sed
1051 867 1194 904 propter
1213 872 1279 892 no—

297 928 407 954 strum
433 922 621 961 peccatum.
673 913 762 946 Cum
788 913 881 945 enim
906 910 990 945 haec
1014 913 1201 955 depravata
1220 923 1281 942 na·—

296 978 374 1004 tura
398 979 470 1001 nou
496 967 539 999 sit
569 964 759 998 conformis
785 964 871 1006 legi,
903 964 960 996 sed
986 963 1088 1006 plena
1114 962 1278 995 tenebra—

300 1032 378 1054 rum
399 1026 431 1052 et
451 1017 732 1053 dubitationum,
760 1022 791 1048 et
809 1016 851 1047 sit
866 1015 940 1047 sine
959 1014 1105 1051 timore,
1133 1013 1208 1045 sine
1226 1012 1280 1044 di-

296 1071 459 1107 lectione,
484 1069 559 1101 sine
577 1067 701 1099 fiducia
719 1065 794 1103 Dei,
823 1072 853 1098 et
871 1066 913 1098 sit
932 1064 1180 1097 inenarrabilis
1197 1075 1281 1095 con-
1306 1077 1308 1092 ι

299 1121 467 1160 tumacia,
498 1118 648 1162 denique
673 1129 750 1149 cum
777 1117 821 1149 sit
842 1117 916 1149 sine.
936 1115 1030 1153 Deo,
1060 1115 1201 1159 quando
1222 1126 1282 1157 per

300 1175 409 1216 legem
434 1170 631 1203 ostenditur
658 1169 706 1200 ira
731 1166 816 1206 Dei,
844 1179 915 1199 non
940 1173 1052 1210 potest
1078 1177 1152 1198 eam
1178 1164 1279 1197 susti-

302 1235 403 1261 nere,
430 1222 488 1254 sed
509 1220 614 1263 sugit,
643 1226 675 1252 et
692 1218 795 1251 vellet
812 1230 846 1251 se
863 1225 920 1251 aut
941 1218 1055 1250 Deum
1074 1217 1109 1248 in
1128 1214 1280 1248 nibilum
1308 1236 1309 1240 =

301 1274 424 1316 redigi,
451 1272 539 1304 sicut
556 1270 722 1313 scriptum
742 1276 791 1302 est
809 1268 922 1301 Lucae
939 1269 1016 1303 25.:
1034 1267 1163 1301 Dicetis
1182 1278 1282 1299 mon-

302 1326 415 1364 tibus,
444 1323 555 1355 cadite
572 1332 676 1364 super
694 1330 769 1353 nos.

404 1382 465 1416 Ait
490 1391 570 1423 ergo
588 1378 737 1412 Paulus,
766 1376 940 1411 Effectum
967 1377 1051 1420 legis
1076 1387 1148 1408 esse
1166 1382 1283 1408 osten-

305 1437 386 1469 dere
406 1440 438 1467 et
455 1441 614 1465 accusare
634 1435 827 1473 peccatum:
858 1435 972 1471 postea
999 1434 1121 1460 natura
1141 1437 1197 1458 rea
1215 1427 1283 1458 fre-

304 1487 369 1520 mit
393 1485 558 1517 adversus
583 1479 707 1513 Deum.
781 1478 911 1511 Paulus
935 1478 1016 1512 citat
1042 1478 1168 1520 legem:
1203 1476 1283 1509 Non

307 1534 540 1578 concupisces,
562 1538 599 1564 ut
617 1530 785 1573 significet
804 1541 875 1561 non
894 1535 1029 1562 tantum
1049 1534 1186 1560 externa
1206 1539 1284 1570 pec-

308 1594 381 1621 cata
406 1582 584 1622 damnari,
619 1582 675 1613 sed
701 1581 805 1612 etiam
831 1581 1011 1614 interiora.
1073 1576 1117 1610 Et
1142 1577 1285 1610 nomine

308 1634 610 1679 concupiscentiae
634 1631 878 1674 intelligantur
902 1641 1023 1663 omnes
1048 1636 1202 1662 errantes
1232 1628 1286 1660 in-

309 1688 516 1723 clinationes
534 1685 570 1716 iu
589 1681 652 1716 bac
675 1682 800 1715 misera
828 1689 974 1720 natura,
1002 1687 1034 1714 et
1057 1686 1128 1713 tota
1153 1678 1288 1712 aversio
1314 1685 1315 1688 ’

307 1753 324 1774 a
348 1738 435 1773 Deo.

410 1796 522 1831 Addit
547 1794 652 1837 igitur
668 1792 799 1826 Paulus
820 1793 862 1825 de
887 1803 947 1834 per
964 1803 998 1824 se
1018 1802 1135 1824 causa:
1168 1788 1290 1822 Pecca-
1317 1799 1319 1804 ·

311 1858 384 1885 tum
409 1847 588 1881 occasione
618 1850 755 1887 accepta
781 1855 844 1887 per
876 1843 1003 1885 legem,
1050 1842 1083 1873 id
1110 1847 1176 1880 est,
1218 1840 1292 1882 lege

310 1905 520 1937 accusatum,
547 1895 699 1928 irritavit
715 1906 854 1927 omnem
874 1892 1204 1937 concupiscentiam,
1232 1903 1292 1923 seu

310 1949 484 1994 corrupit,
518 1948 554 1979 id
590 1953 656 1986 est,
692 1945 773 1978 secit
801 1957 875 1977 eam
909 1944 1062 1977 atrocius
1087 1943 1291 1976 frementem

312 2003 478 2037 adversus
501 1997 634 2037 Deum,
667 2003 703 2029 ut
727 1996 762 2028 in
786 1995 890 2033 luda,
919 1994 1023 2035 Saul,
1049 2001 1080 2027 et
1099 1993 1291 2026 similibus:

312 2060 351 2087 ut
375 2058 408 2085 et
435 2057 551 2094 postea
577 2048 721 2080 dicitur:
751 2046 933 2080 Peccatum
963 2058 1023 2089 per
1047 2046 1157 2086 legem
1179 2044 1215 2076 fit
1234 2055 1291 2075 cx-

312 2103 477 2137 cellenter
508 2105 703 2143 peccatum,
746 2098 780 2129 id
815 2104 882 2137 est,
918 2103 1031 2129 reatus
1062 2095 1211 2129 sentitur
1257 2093 1319 2125 in'

312 2152 477 2189 horribili
495 2151 615 2184 dolore
635 2149 670 2180 in
690 2148 842 2182 fremitu.

445 2242 533 2277 Sine
557 2240 631 2287 lege
655 2243 838 2288 peccalum
870 2242 946 2272 erat
968 2241 1161 2271 mortuum.

414 2318 580 2360 Scilicet,
622 2316 696 2348 sine
731 2316 804 2357 lege
836 2314 1013 2347 iudicante
1043 2320 1076 2346 et
1110 2318 1292 2345 accusante

315 2383 387 2406 non
403 2377 483 2403 sunt
501 2369 552 2401 illi
576 2375 742 2406 terrores,
769 2365 928 2398 fremitus
956 2372 987 2398 et
1010 2363 1206 2405 indignatio
1231 2363 1292 2394 ad-

315 2432 435 2455 versus
450 2419 575 2453 Deum.
628 2418 764 2451 Deinde
788 2417 912 2459 incipit
936 2427 1008 2448 sese
1027 2414 1174 2456 exempli
1193 2425 1292 2445 causa

317 2482 532 2518 proponere:
562 2469 622 2501 ubi
649 2475 716 2501 tres
743 2469 868 2510 gradus
890 2467 1176 2501 considerentur,
1206 2474 1293 2506 quos

315 2521 487 2557 recensui.
546 2517 620 2561 Ego
647 2518 836 2562 aliquando
859 2518 934 2550 sine
956 2517 1030 2559 lege
1053 2515 1141 2555 vixi,
1175 2514 1209 2546 id
1234 2520 1295 2553 est,

317 2575 367 2608 sni
399 2581 557 2609 securus,
590 2581 667 2601 cum
692 2580 800 2601 essem
826 2566 1050 2607 Pharisaeus,
1085 2573 1117 2599 et
1139 2564 1294 2597 somnia-

318 2637 390 2658 rem
408 2635 462 2655 me
483 2621 557 2661 lege
574 2619 702 2652 iustum
726 2630 818 2658 esse,
844 2620 1003 2652 nondum
1026 2616 1220 2651 sentiebam
1240 2614 1294 2646 iu-

318 2675 446 2709 dicium
470 2671 554 2714 legis
580 2676 613 2703 et
634 2669 720 2702 iram
737 2668 814 2704 Dei.
867 2668 966 2702 Talis
985 2676 1033 2702 est
1050 2667 1198 2701 maxima
1217 2676 1296 2710 pars

860 98 985 134 PHIL.
1015 96 1129 132 MEL.
1156 95 1363 133 SCRtPTA
1391 94 1695 133 EXEGETICA.

1317 1812 1319 1828 t

2226 96 2300 133 940

1317 180 1523 223 bominum,
1552 193 1669 215 secura
1692 182 1798 225 longo
1820 188 1996 228 tempore,
2026 183 2137 218 donec
2160 183 2301 218 tandem

1318 234 1449 268 iudicio
1466 232 1531 266 Dei
1551 232 1725 268 obruitur.

1421 283 1517 318 Ilaec
1532 284 1699 318 securitas
1718 289 1751 316 et
1769 282 1994 317 comminatio
2022 284 2146 319 iudicii
2171 284 2300 319 descri-

1321 336 1456 369 buntur
1473 335 1588 369 statim
1606 335 1642 367 in
1661 334 1771 378 prima
1791 334 1960 367 concione
1972 332 2118 368 Genesis
2135 335 2190 370 4.:
2215 335 2300 369 Pec—

1322 393 1437 420 catum
1458 393 1558 420 tuum
1579 386 1749 430 quiescet,
1778 385 1888 418 donec
1905 385 2130 418 revelabitur.
2184 386 2303 430 Signi-

1324 438 1399 470 licat
1423 437 1516 470 enim
1540 437 1577 470 in
1603 442 1677 470 toto
1703 447 1829 479 genere
1861 433 2018 468 humano
2050 436 2204 469 futuram
2230 449 2304 470 esse

1324 488 1562 527 securitatem,
1589 488 1647 520 sed
1676 493 1793 520 tamen
1817 493 1934 530 postea
1954 498 2074 519 omnes
2094 483 2255 520 homines
2273 494 2306 521 et

1325 539 1481 581 singulos
1510 539 1596 572 alios
1629 537 1699 571 alio
1730 545 1886 580 tempore
1917 537 2021 569 obrui
2056 537 2187 571 iudicio
2217 537 2305 576 Dei,

1327 590 1409 634 quia
1440 589 1533 623 Deus
1572 595 1623 623 est
1657 588 1748 631 ignis
1783 599 1995 621 consumens
2027 589 2191 622 adversus
2229 600 2307 633 pec-

1326 647 1452 674 catum.

1428 688 1560 734 SophO.
1589 692 1636 725 1.:
1679 687 1759 722 Erit
1783 689 1818 721 in
1842 696 1997 732 tempore
2019 689 2101 729 illo,
2129 690 2310 723 scrutabor

1328 741 1516 775 Ierusalem
1541 741 1710 780 lucernis,
1743 747 1775 773 et
1800 740 1948 773 visitabo
1983 751 2114 773 mersos
2149 741 2186 772 in
2218 741 2308 774 feces

1329 804 1426 832 suas,
1467 792 1528 836 qui
1553 792 1674 825 dicunt
1698 791 1734 823 in
1759 792 1942 828 cordibus,
1987 802 2058 823 non
2084 791 2185 825 faciet
2210 791 2309 825 Deus

1332 845 1420 876 bene
1441 854 1503 874 nec
1520 843 1626 883 male,
1653 849 1686 875 et
1703 842 1769 874 erit
1786 843 1910 874 domus
1929 853 2048 874 eorum
2069 842 2203 875 deserta
2221 849 2284 876 etc.

1432 890 1630 928 Ecclesiast.
1651 893 1702 928 8.:
1731 891 1811 924 Non
1831 892 1894 926 erit
1910 892 1997 924 bene
2016 892 2133 935 impio,
2175 891 2222 926 Et
2238 904 2312 937 cap,

1335 944 1480 977 ultimo:
1532 942 1687 976 Cunctos
1727 943 1875 975 adducet
1914 941 2009 975 Deus
2050 943 2087 974 in
2130 942 2312 978 iudicium.

1334 994 1462 1029 Psalrn.
1481 991 1559 1028 58.:
1589 993 1721 1038 Utique
1737 999 1787 1026 est
1803 991 1898 1025 Deus
1922 993 2080 1026 iudicans
2099 991 2260 1027 homines
2275 994 2312 1027 in

1335 1053 1435 1079 terra.
1487 1043 1534 1077 Et
1559 1044 1636 1079 62:
1671 1043 1729 1077 Tu
1755 1043 1872 1076 reddis
1896 1043 2088 1089 unicuique
2112 1044 2206 1078 iuxta
2230 1057 2313 1089 ope-

1335 1109 1370 1129 ra
1397 1107 1467 1129 sua.

1500 1167 1673 1203 Veniente
1705 1167 1780 1215 lege
1802 1172 1984 1215 peccalum
2011 1168 2153 1205 revixit.

1435 1245 1608 1278 Veniente
1627 1245 1718 1287 lege,
1743 1244 1779 1277 id
1799 1251 1867 1285 est,
1889 1245 1957 1278 iam
1976 1251 2158 1279 accusante
2175 1257 2252 1286 cor,
2278 1252 2316 1280 ut

1337 1297 1500 1331 sentirem
1522 1297 1610 1329 iram
1627 1294 1692 1328 Dei
1719 1296 1884 1329 adversus
1907 1296 2170 1329 immunditiem
2194 1308 2317 1338 meam,

1338 1347 1540 1393 hypocrisin
1565 1353 1597 1379 et
1621 1346 1860 1386 securitatem,
1907 1346 1957 1379 ibi
1981 1353 2158 1390 peccatum
2183 1348 2319 1387 revixit,

1338 1399 1370 1430 id
1390 1405 1454 1431 est:
1482 1396 1624 1430 Factum
1644 1404 1693 1429 est
1708 1396 1916 1440 inquietius,
1944 1403 1976 1430 et
2000 1397 2066 1430 fuit
2091 1409 2151 1440 per
2173 1409 2208 1430 se
2233 1411 2313 1431 cau-

1337 1460 1372 1481 sa
1407 1459 1595 1492 pavorumr
1630 1447 1746 1489 fugae,
1789 1454 1822 1480 et
1857 1447 2111 1490 indignationis
2144 1449 2316 1481 adversus

1338 1498 1471 1538 Deum,
1499 1505 1533 1531 et
1557 1495 1640 1530 haec
1663 1497 1737 1541 ipsa
1760 1497 1996 1531 consternatio
2021 1504 2071 1531 est
2098 1509 2208 1531 mors:
2239 1498 2315 1532 ideo

1338 1550 1497 1582 additum
1522 1555 1582 1582 est.

1440 1597 1516 1641 Ego
1537 1604 1652 1630 autem
1671 1604 1830 1630 mortuus
1853 1609 1950 1635 sum,
1978 1596 2078 1631 Sicut
2092 1599 2136 1630 ad
2155 1596 2318 1633 Corinth.

1341 1650 1470 1694 inquit:
1516 1647 1669 1681 Aculeus
1693 1648 1817 1680 mortis
1843 1654 2021 1691 peccatum
2055 1655 2123 1688 est,
2165 1649 2319 1692 potentia

1343 1713 1424 1733 vero
1444 1698 1572 1743 peccati
1590 1699 1643 1730 lex
1660 1704 1720 1733 est.
1766 1696 1814 1732 Et
1832 1699 1869 1731 in
1887 1696 1952 1731 hoc
1969 1697 2107 1742 Capite:
2134 1697 2319 1733 Peccatum

1344 1751 1380 1785 fit
1397 1751 1604 1783 excellenter
1621 1755 1817 1792 peccatum,
1844 1749 1879 1782 id
1899 1755 1969 1789 est,
1996 1749 2097 1782 valde
2113 1761 2230 1790 reum,
2255 1748 2320 1784 hoc
2354 1786 2359 1787 ⁷

1345 1809 1416 1841 est,
1445 1802 1480 1833 in
1499 1801 1588 1833 veris
1606 1799 1795 1843 pavoribus
1819 1807 1852 1833 et
1874 1811 1979 1833 sensu
1996 1799 2068 1833 irae
2082 1799 2147 1833 Dei
2166 1801 2320 1835 cernitur

1345 1853 1463 1897 aliquo
1486 1853 1590 1884 modo
1616 1850 1745 1894 peccati
1770 1851 1995 1893 magnitudo,
2021 1863 2126 1896 quam
2147 1851 2260 1884 securi
2286 1858 2321 1885 et

1344 1903 1448 1937 otiosi
1472 1900 1632 1935 homines
1661 1901 1783 1934 leviter
1805 1906 1945 1941 curant,
1972 1907 2006 1934 et
2031 1901 2232 1945 praesertim
2255 1899 2321 1947 hy-

1344 1954 1498 1998 pocritae
1514 1952 1626 1985 inssati
1644 1961 1674 1984 et
1693 1957 1866 1984 tumentes
1882 1949 1944 1984 bac
1963 1952 2205 1995 persuasione,
2227 1953 2322 1997 quod

1345 2005 1556 2038 antecellant
1572 2003 1649 2036 aliis
1670 2002 1814 2042 virtute,
1843 2009 1874 2035 et
1891 2003 2026 2036 utiliter
2043 2002 2230 2036 servierint
2253 2000 2321 2036 hu-

1345 2068 1448 2089 mano
1475 2055 1612 2098 generi,
1656 2052 1741 2086 tales
1765 2053 1853 2085 ebrii
1881 2053 2115 2086 admiratione
2144 2053 2215 2093 sui,
2248 2065 2321 2087 non

1344 2113 1492 2139 cernunt
1509 2104 1767 2138 immunditiem
1784 2115 1893 2137 suam.
1943 2104 2121 2137 Adversus
2144 2101 2234 2137 hanc
2256 2102 2321 2150 hy-

1346 2157 1499 2201 pocrisin
1522 2156 1690 2188 dicuntur
1714 2160 1746 2187 et
1771 2154 1952 2199 sequentia
1977 2155 2014 2187 in
2048 2161 2152 2188 textu.

1508 2235 1651 2271 Scimus
1667 2234 1768 2284 quod
1783 2236 1843 2270 lex
1856 2235 2066 2284 spiritualis
2088 2236 2149 2273 sit.

1446 2307 1524 2340 Hoc
1539 2306 1671 2340 dictum
1696 2305 1926 2338 insulsissime
1949 2306 2175 2348 depravatum
2201 2311 2250 2338 est
2277 2305 2320 2338 ab

1345 2357 1499 2401 Origene
1523 2363 1557 2390 et
1586 2357 1747 2393 caeteris,
1792 2356 1851 2399 qui
1877 2367 1955 2387 eum
1982 2356 2089 2389 secuti
2120 2363 2220 2395 sunt,
2259 2357 2318 2398 qui

1345 2409 1566 2443 somniarunt
1598 2414 1733 2440 tanturn
1761 2404 1826 2438 hoc
1853 2406 1941 2445 dici,
1968 2406 2038 2439 Lex
2053 2413 2100 2439 est
2119 2407 2321 2447 spiritualis,

1346 2462 1381 2493 id
1408 2466 1476 2499 est,
1517 2459 1700 2499 allegorica
1727 2457 1762 2489 in
1790 2457 2006 2491 ceremoniis,
2073 2456 2192 2500 Longe
2221 2457 2316 2489 aliud

1345 2510 1402 2545 hic
1426 2510 1497 2553 agit
1520 2508 1668 2545 Paulus,
1694 2514 1726 2540 et
1751 2507 1934 2550 praecipue
1958 2508 2000 2540 de
2028 2507 2100 2549 lege
2124 2508 2248 2540 morali
2267 2508 2319 2540 lo-

1345 2562 1486 2607 quitur,
1514 2567 1546 2593 et
1563 2570 1703 2602 prorsus
1720 2555 1785 2589 hoc
1801 2557 1926 2595 sentit,
1951 2557 2022 2591 Lex
2039 2558 2158 2590 divina
2176 2566 2224 2592 est
2249 2558 2320 2601 spi-

1346 2612 1501 2650 ritualis,
1531 2610 1565 2642 id
1583 2615 1653 2648 est,
1674 2619 1746 2641 non
1766 2613 1900 2640 tantum
1916 2615 1964 2641 est
1981 2609 2121 2651 politica
2139 2610 2320 2653 sapientia,

1349 2663 1399 2695 vel
1418 2660 1602 2703 disciplina
1621 2659 1761 2692 frenans
1778 2657 2023 2692 locomotivam
2037 2686 2045 2700 ‚
2073 2660 2161 2693 sicut
2178 2661 2266 2705 leges
2282 2663 2319 2695 in
