2415 2942
146 78 243 114 1533
348 77 450 115 XIII.

142 165 329 198 Doctores.
388 163 531 198 Scilicet
562 165 618 199 vel
659 165 861 199 immediate
901 166 957 199 vel
989 166 1141 200 mediate

145 222 297 249 vocatos.
351 214 467 248 Lucae
488 216 565 251 10.:
608 216 680 259 Qui
708 228 769 250 vos
796 217 914 256 audit,
947 229 1002 251 me
1029 218 1139 254 audit.

142 264 293 301 lobann.
324 263 397 300 15.:
432 266 506 310 Ego
533 278 609 301 sum
637 267 738 308 vitis,
774 279 836 300 vos
861 268 1041 312 palmites,
1078 269 1137 313 qui

141 323 259 350 manet
283 317 321 349 in
347 329 402 350 me
427 325 460 351 et
483 329 544 361 ego
573 318 611 350 in
631 331 692 358 eo,
719 318 806 352 feret
831 319 984 352 fructum
1018 320 1137 363 copio-

141 380 229 402 sum.
292 365 463 401 Iohannis
493 369 604 412 capite
634 369 709 404 18.:
760 368 861 412 Rogo
893 382 966 403 non
991 383 1054 414 pro
1088 371 1136 404 eis

139 425 297 458 tantum,
329 419 390 452 sed
416 432 479 464 pro
506 420 674 453 omnibns
691 421 879 454 credituris
910 433 971 466 per
989 422 1134 455 verbum

139 482 274 504 eorum.

241 528 337 563 Haec
354 530 438 563 sciri
456 542 593 564 necesse
618 536 668 563 est
688 523 832 574 propter
856 531 982 563 multas
1000 542 1132 565 causas.

138 579 319 620 Primum,
353 593 397 614 ne
416 587 662 614 contemnatur
683 588 715 614 et
740 582 925 615 omittatur
949 579 1033 615 haec
1057 595 1131 615 me-

135 631 230 665 diata
254 632 391 666 vocatio
416 632 685 671 ministrorum,
712 632 799 666 sicut
825 632 1050 665 meminimus
1075 646 1130 666 er-

136 694 238 715 rones
260 681 508 727 Anabaptistas
536 691 763 715 contemnere
789 690 896 716 totam
916 681 1006 716 banc
1025 696 1127 717 voca-

134 734 280 772 tionem,
299 741 332 767 et
350 735 465 767 dicere
483 735 716 777 expectandos
734 745 805 766 esse
824 735 1015 774 ministros,
1041 747 1128 779 quos

133 783 228 817 Deus
254 784 456 818 immediate
484 786 648 819 mitteret.
709 784 890 818 Adversus
920 783 1002 818 llaec
1028 787 1127 819 fana-

133 837 200 869 tica
218 836 341 868 deliria
365 836 494 870 muniti
513 837 632 869 simus.

233 893 376 928 Deinde
404 902 436 929 et
463 893 548 928 haec
572 895 732 928 doctrina
757 893 841 932 hinc
862 896 1032 937 sumitur,
1062 897 1122 930 ubi

131 957 204 979 non
223 953 273 979 est
294 947 430 979 vocatio
457 944 658 990 prophetica
680 954 711 980 et
737 948 947 990 apostolica,
974 948 1124 981 sciamus

131 998 206 1029 sine
241 998 424 1031 vocatione
452 999 601 1030 mediata
628 1010 849 1043 nequaqnam
883 999 1121 1032 invadendum

129 1059 202 1080 esse
229 1048 467 1081 ministerium
499 1048 702 1091 Evangelii,
747 1049 827 1093 quia
852 1048 975 1081 Pctrns
1004 1050 1121 1094 inquit

131 1099 160 1131 1.
173 1098 266 1132 Petri
278 1099 327 1134 4.:
356 1099 467 1132 Nemo
485 1100 528 1133 sit
546 1098 922 1145 ἀλλοτριωπίσκοπος.
957 1100 999 1132 tit
1019 1113 1120 1143 gene-

128 1150 248 1183 raliter
258 1158 479 1194 praeceptum
493 1159 539 1184 est
553 1152 592 1183 ad
606 1150 940 1183 Thessalonicenses
956 1153 983 1184 1.
997 1150 1118 1186 Thess.

125 1205 175 1236 4.:
204 1201 351 1244 Propria
378 1202 491 1234 facite.
544 1200 588 1234 Et
618 1202 725 1234 tristis
750 1200 976 1245 reprehensio
998 1210 1047 1236 est
1068 1203 1119 1236 le-

125 1264 210 1287 rem.
233 1254 309 1287 23.:
352 1251 551 1286 Cui-rebant
577 1259 610 1286 et
636 1265 708 1285 non
735 1253 914 1285 mittebam
946 1265 1013 1289 eos.
1076 1254 1119 1288 Et

124 1301 220 1336 Deus
238 1304 351 1347 perdit
368 1302 484 1337 Chore
510 1311 542 1337 et
559 1301 717 1344 Datban,
746 1304 807 1349 qni
832 1304 907 1337 sine
933 1305 1115 1338 vocatione

123 1354 300 1389 invadunt
319 1354 568 1388 ministerium.

226 1414 326 1449 Olim
362 1421 478 1446 autem
511 1413 614 1446 fiebat
637 1411 723 1446 haec
749 1414 885 1446 vocatio
912 1425 972 1447 seu
995 1415 1116 1449 electio
1141 1423 1143 1429 '

122 1477 184 1509 per
201 1465 365 1508 suffragia
382 1464 578 1503 Ecclesiae,
607 1462 767 1498 adhibito
786 1463 962 1508 Episcopo
982 1467 1114 1512 aliquo,

120 1517 176 1549 vel
194 1516 337 1549 Pastore
353 1543 362 1556 ,
390 1523 532 1559 propter
549 1515 825 1558 explorationem
852 1517 1053 1557 doctrinae,
1077 1525 1114 1552 ut

120 1579 278 1611 expresse
297 1566 464 1611 Synodus
484 1565 614 1598 Nicena
641 1566 777 1610 inquit,
806 1566 841 1598 in
864 1567 1038 1610 tripartita
1059 1566 1114 1600 111-

119 1618 244 1659 storia,
273 1617 365 1650 libro
383 1618 418 1651 2.
446 1628 520 1659 pag.
547 1614 652 1650 325:
689 1614 708 1649 ὁ
733 1613 820 1655 totos
843 1617 980 1662 αἴρειτο
1009 1629 1114 1653 συνε-

118 1666 390 1715 πιψηφίζοντος
429 1664 490 1700 καὶ
530 1665 935 1714 συνεπισᾳραγίζοντος
970 1666 1112 1703 gazami-

116 1732 209 1762 που,
242 1719 279 1752 id
304 1725 373 1758 est,
410 1717 567 1762 Populus
594 1718 699 1760 eligat
721 1718 826 1751 simul
859 1721 1112 1762 comprobante

118 1779 153 1805 et
191 1771 422 1804 confirmante
459 1767 648 1812 Episcopo.
721 1767 767 1802 Et
799 1769 859 1804 lib.
893 1769 925 1804 9.
957 1770 1110 1814 Tripart.

117 1821 196 1857 hist.
215 1833 290 1866 pag.
317 1819 403 1855 558.
440 1821 475 1852 111
502 1819 660 1863 Epistola
680 1820 720 1852 ad
741 1817 931 1853 Damasum
950 1822 1108 1856 scribunt

113 1872 280 1917 Episcopi
298 1870 478 1909 Orientis,
508 1883 542 1903 se
565 1877 744 1914 praesente
767 1870 971 1905 Theodosio
997 1874 1107 1917 impe-

112 1933 228 1959 ratore
245 1924 425 1957 ordinasse
435 1922 662 1966 Episcopum,
688 1922 835 1955 electum
858 1923 1032 1966 suffragiis
1053 1932 1106 1957 to-

113 1977 183 2009 tius
208 1975 314 2016 cleri,
348 1981 380 2007 et
404 1974 512 2007 totius
538 1972 699 2006 civitatis.
744 1971 790 2006 Et
812 1973 943 2006 ibidem
969 1976 1012 2006 de
1036 1976 1104 2008 alio

114 2029 208 2061 loco:
249 2027 466 2063 κοινονικιῦς
497 2020 778 2069 ἐχειροτόνησαν
809 2022 928 2069 πάσης
956 2024 1103 2072 συμψή-

113 2090 188 2124 (pov
214 2079 277 2122 τῆς
303 2074 512 2121 ἐκκλησίας,
541 2074 720 2109 Canonice
740 2075 919 2118 elegerunt
944 2089 1005 2120 per
1031 2079 1102 2111 suf-

112 2129 219 2173 fragia
238 2129 490 2171 comprobante
509 2133 580 2159 tota
601 2126 764 2161 Ecclesia.

212 2188 315 2222 Nunc
341 2187 380 2221 fit
405 2186 539 2220 vocatio
565 2197 627 2230 per
651 2185 837 2229 praecipua
857 2187 1012 2220 membra
1035 2185 1100 2221 Ec-

115 2240 257 2280 clesiae,
284 2246 322 2272 ut
342 2239 378 2270 in
396 2238 545 2271 urbibus
562 2248 623 2281 per
639 2236 826 2277 Senatum,
855 2236 1021 2271 adhibitis
1039 2239 1101 2271 ali-

111 2291 241 2337 quibus
266 2303 305 2323 ex
332 2289 479 2332 collegio
514 2288 758 2320 ministrorum
784 2286 985 2331 Evangelii,
1021 2291 1100 2334 qnia

111 2352 195 2378 tunc
212 2355 291 2375 cnm
312 2342 415 2374 fiebat
435 2340 558 2373 electio
582 2339 758 2381 suffragiis
778 2339 1099 2378 universae,multi-

109 2393 262 2432 tudinis,
291 2383 391 2436 saepe
407 2390 580 2424 tumultus
604 2390 670 2423 orti
696 2396 777 2423 sunt
795 2396 826 2422 et
844 2390 952 2424 sactae
970 2394 1101 2432 caedes,

73 2446 78 2449 ’
116 2446 196 2478 ideo
215 2444 389 2477 restrictio
409 2444 450 2475 ad
475 2442 656 2486 pauciores
673 2442 760 2474 facta
777 2448 837 2474 est.

212 2510 364 2556 Oportet
381 2517 494 2543 autem
514 2506 672 2542 adhiberi
691 2508 767 2553 pios
785 2507 952 2541 Doctores
972 2522 1009 2542 ex
1028 2511 1099 2544 col-

109 2563 199 2608 legio
227 2563 470 2596 ministrorum
489 2559 690 2603 Evangelii,
722 2566 863 2604 propter
887 2561 1098 2604 exploratio-

108 2628 189 2650 nem
209 2614 407 2652 doctrinae,
442 2614 484 2644 de
508 2624 574 2656 qna
601 2613 641 2643 ad
661 2608 891 2644 Timotheum
918 2613 1100 2646 manifeste

108 2665 323 2712 praecipitur
347 2665 382 2700 2.
400 2661 558 2696 Timottx.
580 2664 630 2697 2:
660 2661 877 2695 Commenda
903 2664 1098 2697 doctrinam

504 77 537 114 7.
568 76 867 114 ENARRATIO
891 77 1046 115 EPIST.
1074 79 1278 120 PRIORIS
1307 81 1374 119 AD
1403 85 1732 125 TIMOTHEUM.

1785 90 1889 127 CAP.
1919 91 1984 127 Ill.
2092 95 2188 130 1334

1194 167 1401 207 hominibus
1445 174 1626 216 fidelibus,

1193 221 1326 258 idonei.

1294 281 1417 316 Postea
1443 284 1546 317 etiam
1580 285 1729 319 indicari
1757 286 1923 322 Ecclesiis
1950 289 2096 323 electum
2122 303 2183 325 seu

1190 339 1351 366 vocatum
1370 342 1524 378 oportet,
1553 337 1633 380 qnia
1652 338 1678 370 si
1698 338 1801 372 sciret
1819 337 1974 374 Ecclesia
2001 353 2079 374 enm
2109 355 2181 376 non

1189 389 1280 416 recte
1311 386 1462 425 sentire,
1503 387 1648 420 reiicere
1680 396 1841 422 vocatum
1862 399 1994 434 posset,
2020 393 2079 425 sed
2099 406 2178 427 cum

1188 441 1278 467 recte
1307 437 1514 469 sentientem
1549 439 1691 482 recipit,
1735 441 1918 476 confirmat
1947 444 2179 480 vocationem.

1187 484 1310 519 Postea
1338 488 1437 520 addit
1464 491 1718 530 precationem:
1754 498 1787 525 et
1813 492 1881 526 fuit
1897 494 2064 539 antiquus
2090 496 2178 528 ritus

1187 537 1368 580 imponere
1389 551 1512 571 manus
1529 540 1657 574 electis.
1713 540 1790 574 Hoc
1808 542 1948 585 signum
1970 547 2177 580 ostendebat

1186 589 1405 622 vocationem
1429 597 1460 621 et
1479 591 1671 625 vocationis
1695 593 2014 628 confirmationem:
2044 596 2175 630 interea

1184 639 1258 672 sine
1275 640 1345 673 ulla
1364 641 1586 675 dubitatione
1604 642 1695 675 filius
1715 643 1777 676 Dei
1805 643 1909 678 efficit
1923 670 1931 683 ‚
1960 653 1996 679 ut
2016 647 2174 681 ministe-

1183 690 1274 722 rium
1295 689 1399 724 huius
1418 692 1462 725 sit
1479 693 1616 731 efficax,
1645 695 1693 726 sie
1721 694 1793 738 ipse
1819 707 1942 729 manus
1967 697 2117 741 imponit
2142 706 2174 733 et

1182 741 1282 785 ungit
1299 754 1388 776 enm.

1284 800 1324 834 In
1352 798 1416 834 hac
1442 803 1586 848 antiqua
1609 804 1863 837 consuetudine
1889 805 2082 840 videndum
2113 815 2172 847 est,

1179 863 1267 896 quae
1291 853 1447 886 membra
1471 854 1541 888 sint
1568 856 1760 888 necessaria
1786 863 1819 889 et
1840 856 1927 889 iuris
1950 857 2081 898 divini,
2111 860 2172 904 qui

1178 903 1264 936 ritus
1282 904 1353 936 sint
1371 905 1576 943 mutabiles,
1605 913 1636 939 et
1664 908 1843 951 quomodo
1868 907 1956 940 facta
1985 909 2028 942 sit
2045 911 2170 954 depra-

1177 954 1269 987 vatio
1288 967 1349 998 per
1365 954 1495 999 Papam
1516 963 1547 989 et
1566 954 1759 1001 Episcopus
1780 957 1847 1002 ipsi
1869 959 2037 993 addictos.

1676 176 1736 221 qni
1775 184 1857 212 sunt
1902 178 1947 212 ad
1985 179 2185 214 docendum

1277 1022 1369 1057 Sunt
1386 1030 1501 1058 autem
1528 1025 1658 1058 multae
1676 1026 1956 1069 depravationes.
2008 1027 2086 1062 Non
2114 1030 2169 1063 in-

1173 1074 1325 1108 stituunt
1350 1076 1570 1108 vocationem
1600 1077 1642 1108 ad
1670 1077 1924 1117 ministerium,
1959 1080 2018 1112 sed
2045 1081 2168 1115 dicunt

1172 1137 1207 1158 se
1230 1126 1397 1160 ordinare
1422 1126 1627 1160 Sacerdotes
1650 1129 1692 1159 ad
1721 1128 2007 1170 sacrificandum,
2044 1138 2075 1164 et
2100 1132 2167 1165 fin-

1172 1183 1257 1219 gunt
1274 1184 1436 1220 oportere
1455 1185 1582 1210 certam
1608 1179 1746 1212 turbam
1771 1191 1844 1212 esse
1867 1179 2166 1225 Sacrificnloruvn,

1172 1227 1232 1272 qui
1251 1228 1400 1261 offerant
1420 1240 1482 1272 pro
1501 1229 1588 1261 vivis
1607 1237 1638 1263 et
1653 1230 1823 1270 mortuis,
1851 1237 1883 1264 et
1903 1233 2081 1265 neminem
2102 1232 2165 1266 ha-

1173 1280 1253 1311 bere
1268 1286 1473 1323 potestatem
1495 1282 1720 1313 consecrandi
1741 1293 1864 1323 panem
1883 1289 1915 1315 et
1936 1284 2075 1316 calicem
2095 1286 2162 1317 nisi

1171 1330 1275 1369 tales,
1301 1329 1362 1375 qni
1380 1336 1584 1371 potestatem
1608 1333 1804 1374 acceperint
1822 1333 1865 1364 ab
1882 1332 2057 1376 Episcopo
2078 1348 2162 1368 cou—

1171 1380 1306 1414 firmato
1333 1394 1350 1414 a
1368 1380 1533 1415 Romano
1560 1382 1732 1425 pontifice.
1788 1381 1829 1416 In
1855 1380 1909 1416 his
1933 1385 2163 1428 opinionibus

1170 1444 1335 1475 magnum
1354 1430 1459 1465 cbaos
1478 1440 1526 1465 est
1546 1446 1718 1469 errorum,

1270 1491 1393 1524 Postea
1412 1493 1548 1525 addunt
1571 1493 1700 1526 iniusta
1729 1493 1868 1527 vincula
1885 1493 2089 1535 Canonum,
2119 1498 2161 1530 de

1167 1542 1341 1575 coelibatu
1368 1550 1400 1576 et
1427 1543 1503 1575 aliis
1524 1544 1788 1585 traditionibus,
1812 1545 1893 1578 item
1913 1555 2050 1588 ungunt
2069 1549 2158 1587 olen,

1167 1594 1258 1638 quod
1278 1593 1419 1636 magicis
1438 1593 1666 1638 blasphemiis
1685 1603 1924 1629 consecratum
1946 1603 2006 1630 est.

1268 1660 1345 1694 Hoc
1369 1669 1524 1705 tempore
1548 1664 1683 1696 addunt
1707 1675 1815 1696 novas
1839 1661 2091 1707 blasphemias,
2120 1675 2158 1702 ut

1167 1712 1318 1755 primum
1345 1714 1565 1746 ordinandus
1593 1714 1701 1754 iuret,
1737 1726 1772 1747 se
1799 1715 1894 1748 nolle
1911 1716 2074 1759 amplecti
2091 1719 2156 1751 do-

1164 1763 1310 1796 ctrinam
1331 1770 1505 1797 taxantem
1526 1765 1681 1809 ipsorum
1702 1777 1837 1798 errores
1854 1773 1885 1800 et
1907 1766 2013 1802 idola.

1266 1829 1336 1864 Ubi
1356 1829 1421 1864 bae
1437 1838 1554 1864 tantae
1573 1833 1842 1876 depravationes
1860 1834 2070 1877 retinentur,
2089 1848 2152 1868 ne-

1160 1894 1333 1927 quaqnam
1352 1895 1368 1915 a
1389 1882 1709 1927 talibusEpiscopis
1726 1885 1904 1918 ordinatio
1923 1888 2068 1929 petenda
2089 1894 2152 1919 est:

1160 1945 1222 1966 uec
1241 1945 1446 1966 moveamur
1463 1934 1676 1968 clamoribus
1703 1935 1948 1976 indoctorum,
1977 1938 2035 1982 qui
2058 1939 2151 1971 voci-

1158 1985 1332 2024 ferantur,
1360 1996 1432 2017 non
1457 1985 1570 2018 valere
1594 1986 1856 2020 ordinationem
1883 1987 2008 2020 factam
2030 1989 2065 2021 in
2084 1987 2151 2021 Ec-

1157 2035 1270 2068 clesiis
1296 2036 1445 2076 nostris,
1473 2037 1555 2082 qnia
1579 2049 1650 2070 non
1677 2038 1747 2071 sint
1772 2038 1865 2081 apud
1891 2050 1954 2071 nos
1974 2038 2149 2082 Episcopi,

1158 2085 1222 2119 boc
1254 2086 1357 2119 titulo
1390 2088 1586 2120 confirmati
1610 2100 1628 2121 a
1656 2088 1820 2122 Romano
1850 2090 2023 2133 pontifice.
2078 2090 2148 2123 Sed

1155 2139 1366 2181 opponenda
1392 2145 1443 2172 est
1477 2139 1594 2182 regula
1625 2140 1840 2172 firmissima:
1879 2139 1915 2173 Si
1942 2142 2020 2185 quis
2051 2142 2147 2175 aliud

1156 2187 1387 2232 Evangelium
1406 2190 1515 2230 docet,
1538 2188 1723 2224 anathema
1740 2191 1795 2226 sit.
1830 2188 1928 2224 Nihil
1951 2199 2058 2234 potest
2077 2193 2145 2225 dici

1154 2241 1367 2281 expressius,
1395 2253 1473 2274 cum
1492 2242 1716 2275 manifestum
1735 2242 1779 2274 sit
1797 2253 1873 2282 eos,
1902 2243 1961 2286 qni
1991 2244 2145 2286 pertina-

1153 2291 1240 2323 citer
1270 2292 1465 2325 defendunt
1496 2293 1698 2326 manifestos
1721 2305 1874 2331 erroreS,
1904 2300 1935 2326 et
1962 2294 2143 2327 [manifesta

1153 2342 1265 2379 idola,
1291 2343 1478 2386 fugiendos
1502 2356 1592 2383 esse,
1621 2351 1652 2377 et
1672 2351 1803 2377 constet
1823 2344 1907 2377 tales
1924 2357 1996 2377 esse
2015 2345 2142 2388 Papam

1153 2401 1181 2424 et
1200 2391 1394 2437 Episcopos
1412 2395 1477 2436 ipsi
1506 2396 1682 2435 addictos,
1719 2395 1849 2429 Sumus
1875 2396 2059 2429 certissimi
2086 2409 2143 2430 eos

1153 2457 1223 2477 non
1246 2457 1316 2477 esse
1337 2447 1492 2479 membra
1516 2459 1615 2479 verae
1635 2445 1812 2480 Ecclesiae
1829 2446 1905 2482 Dei.

1254 2511 1476 2555 Quat-ramus
1494 2520 1609 2546 antem
1627 2525 1715 2558 qnae
1731 2519 1763 2547 et
1780 2513 1842 2548 ubi
1859 2513 1903 2548 sit
1922 2525 2001 2547 vera
2020 2513 2142 2548 Eccle-

1151 2562 1196 2594 sia
1217 2562 1300 2601 Dei,
1330 2571 1362 2597 et
1380 2576 1443 2596 nos
1461 2566 1503 2597 ad
1521 2577 1594 2597 eam
1613 2565 1866 2608 adiungamuS‚
1893 2565 1988 2598 iuxta
2007 2565 2140 2599 dictum

1150 2612 1278 2646 Psalmi
1298 2616 1373 2649 eo:
1403 2614 1522 2649 Unum
1542 2613 1608 2649 boc
1627 2616 1771 2661 requiro
1788 2627 1806 2649 a
1823 2615 1990 2656 Domino,
2019 2623 2058 2649 ut
2078 2614 2141 2649 113-

1149 2665 1254 2698 bitem
1274 2666 1309 2698 in
1324 2668 1427 2699 domo
1439 2665 1583 2700 Domini
1603 2667 1769 2701 omnibus
1783 2667 1908 2701 diebus
1924 2666 2015 2700 vitae
2033 2679 2139 2704 meae.

1305 2714 1382 2750 84*
