2415 2942
101 91 202 127 1249
332 87 432 124 XIII.

96 178 204 210 vitam
229 182 418 211 aeternam.
469 173 565 209 Haec
589 176 675 209 falso
700 182 910 210 extruuntur
933 188 972 209 ex
1000 171 1080 218 phi-

94 225 276 271 losophia,
310 238 399 272 quae
423 238 496 260 non
521 227 680 272 loquitur
701 228 744 260 de
767 235 906 261 aeterna
930 226 1079 266 iusticia,

94 280 137 311 de
160 285 300 312 aeterna
328 278 420 317 vita,
457 290 521 311 nee
546 279 587 310 de
611 278 815 310 remissione
844 285 1077 322 peccatorum,

93 331 153 363 sed
171 330 212 362 de
231 329 385 362 rectione
402 329 633 362 locomotivae
651 329 687 361 in
704 329 855 362 externis
873 329 1038 372 gestibuS.

193 379 340 414 Necesse
364 380 471 422 igitur
491 387 539 412 est
558 379 644 412 scire
662 379 870 423 discrimina
896 379 1074 413 doctrina-

92 443 190 470 rum,
218 443 256 464 ac
281 431 398 473 regula
423 431 572 463 tenenda
591 437 641 463 est
665 432 697 464 1.
716 428 874 465 Timoth.
892 430 943 466 4.:
983 427 1074 463 Om-

92 483 149 515 nis
172 488 327 515 creatura
354 480 419 513 Dei
443 481 535 514 bona
564 487 632 522 est,
670 488 702 514 et
728 479 819 513 nihil
842 481 1072 514 reiiciendum

92 533 187 578 quod
210 544 288 565 cum
313 533 503 575 gratiarum
522 533 659 565 actione
683 532 849 566 sumitur:
878 532 1073 565 sanctifica-

92 591 150 618 tur
173 584 265 616 enirn
292 595 353 626 per
377 583 520 616 verbum
538 583 607 616 Dei
633 590 664 616 et
690 583 936 627 precationem.
987 581 1073 615 Esse

91 641 207 668 autem
233 633 381 667 noticias
405 634 580 667 naturales
602 636 769 678 quasdam
797 645 894 666 veras
920 634 956 666 in
978 644 1072 666 crea-

90 685 185 719 tione
201 685 378 717 mentibus
396 682 581 717 hominnm
604 685 742 722 insitas,
770 697 858 729 quae
880 691 962 717 sunt
986 696 1071 716 nor-

89 748 165 769 mae
189 735 344 768 veritatis
359 741 391 768 et
409 735 650 773 certitudinis,
678 742 717 769 ut
735 746 985 775 numerorum,
1012 746 1071 767 or-

89 786 201 827 dinis,
230 786 438 829 figurarum,
463 786 578 828 legum
603 786 817 819 naturalium
841 788 883 818 de
901 786 1071 825 moribus,

89 844 123 872 et
147 835 288 882 physica
318 837 509 880 principia,
535 849 575 868 ex
599 838 728 881 quibus
751 843 962 870 extruuntur
979 836 1071 869 mul-

89 895 144 922 tae
167 895 257 921 artes
280 888 503 920 manifestum
530 894 598 928 est,
627 895 660 922 et
687 888 828 932 quidem
848 887 978 920 Paulus
1005 899 1070 919 no·-

89 939 201 972 minat
227 938 317 981 leges
334 938 510 971 naturales
529 939 708 972 veritatem
729 938 815 978 Dei,
843 946 875 972 et
894 938 940 972 ait
959 939 1068 980 legem

88 990 253 1033 scriptam
278 1000 349 1022 esse
374 989 411 1021 in
435 989 613 1021 cordibus.

89 1039 164 1074 Deo
186 1040 329 1084 probari
351 1040 629 1072 numerationem
644 1067 653 1081 ‚
679 1040 923 1083 scriptionem,
949 1039 1071 1072 lectio-

90 1103 189 1131 nem,
224 1088 551 1127 architectonicam,
585 1097 694 1123 artem
733 1091 924 1131 medicam,
960 1098 993 1123 et
1028 1091 1071 1122 de

88 1139 276 1175 architecto
295 1141 423 1174 dicitur
440 1140 550 1173 Exocl.
574 1142 647 1174 3t.:
686 1141 779 1174 Deus
808 1141 967 1185 implevit
992 1153 1070 1174 eum

88 1191 153 1226 bae
170 1192 351 1236 sapientia.
388 1191 432 1224 Et
450 1192 534 1223 anni
552 1194 723 1225 rationem
744 1193 915 1225 eruditam
931 1190 1025 1225 Deus
1040 1199 1072 1225 et

90 1243 243 1277 instituit
278 1249 312 1276 et
338 1243 510 1283 ostendit,
550 1249 582 1276 et
617 1255 801 1276 numerare
837 1242 933 1276 Deus
965 1243 1072 1277 iubet.

88 1294 243 1337 Linguas
261 1304 331 1326 esse
346 1295 479 1326 donum
495 1294 649 1337 Spiritus
674 1295 784 1327 sancti
810 1291 954 1326 historia
973 1292 1071 1336 Apo·-

89 1346 260 1379 stolorum
286 1344 456 1384 ostendit,
483 1351 515 1376 et
539 1345 581 1377 de
599 1351 673 1377 arte
696 1345 829 1377 medica
853 1345 982 1377 dicitur
1006 1343 1071 1389 Sy-

88 1397 225 1429 racidae
241 1395 320 1430 38,;
348 1394 442 1428 Deus
466 1395 563 1428 dedit
582 1392 786 1428 hominibus
803 1395 1004 1436 scientiam,
1034 1401 1073 1427 ut

89 1447 303 1490 glorificetur
326 1446 363 1478 in
391 1446 615 1478 mirabilibus
639 1446 729 1486 suis,
756 1443 822 1478 boc
845 1454 912 1484 est,
943 1453 979 1479 ut
998 1447 1072 1478 sin-

89 1498 218 1541 gularis
242 1497 391 1530 efficacia
420 1496 455 1528 in
481 1496 627 1539 singulis
649 1497 814 1529 remediis
837 1496 880 1529 sit
913 1498 1073 1530 testimo-

89 1550 189 1581 nium
209 1549 252 1579 de
270 1547 490 1590 providentia
510 1547 593 1588 Dei,
611 1548 706 1592 quod
726 1548 768 1580 ad
789 1559 870 1580 usus
888 1545 1073 1581 hominum

90 1611 145 1632 res
169 1598 329 1631 conditae
355 1598 437 1631 sint0

192 1649 433 1691 Agnoscamus
448 1647 553 1689 igitur
570 1654 659 1680 artes
675 1654 847 1680 extructas
866 1659 905 1680 ex
923 1647 1076 1688 noticiis,
1101 1683 1103 1687 ,

92 1711 181 1745 quae
215 1699 252 1731 iu
288 1698 462 1730 creatione
503 1696 689 1731 bominum
732 1699 908 1730 mentibus
949 1698 1074 1731 insitae

93 1757 194 1790 sunt,
223 1761 294 1782 esse
315 1760 367 1781 res
385 1750 494 1782 bonas
514 1756 545 1782 et
564 1747 641 1781 Dei
655 1750 765 1788 dona,
781 1756 812 1782 et
830 1749 970 1793 quidem
987 1749 1075 1782 scia-

94 1813 170 1834 mus
188 1812 259 1833 esse
283 1800 638 1833 commonesactiones
656 1807 686 1833 ct
707 1800 903 1832 testimonia
925 1801 966 1832 de
987 1801 1076 1840 Deo,

93 1853 174 1898 quia
192 1852 381 1885 ostendunt
400 1852 515 1883 Deum
543 1862 615 1884 esse
637 1851 848 1894 sapientem,
878 1858 911 1884 et
933 1852 1075 1895 quidem

93 2006 204 2039 dicem
225 2016 307 2037 esse.
363 2003 444 2036 Ideo
470 2004 671 2036 dulcissime
698 2003 813 2048 iuquit
837 2003 954 2036 Plato:
983 2002 1076 2036 Gra—

93 2064 162 2090 tam
189 2058 230 2088 de
249 2055 322 2087 Deo
347 2055 473 2087 samam
499 2055 534 2087 in
562 2056 696 2087 artibus
721 2066 873 2097 sparsam
899 2066 981 2087 csse.
1032 2053 1077 2088 Et

94 2108 261 2141 Salomon
281 2106 414 2150 inquit:
445 2104 490 2139 Ut
507 2106 629 2138 oculus
650 2106 767 2138 videat
785 2112 817 2138 et
834 2106 927 2137 auris
945 2105 1078 2146 audiat,

93 2158 188 2191 Deus
217 2157 301 2190 sacit
332 2163 529 2200 utrunque,
563 2154 629 2189 hoc
660 2164 726 2196 est,
762 2156 881 2188 luinen
906 2157 941 2188 in
967 2157 1078 2189 oculis
1103 2159 1104 2181 l

96 2217 129 2242 et
146 2210 184 2241 in
203 2216 318 2241 mente
336 2214 493 2240 creatura
520 2207 582 2240 Dei
602 2213 669 2245 est,
698 2215 731 2240 et
757 2207 867 2240 multo
888 2209 996 2250 magis
1021 2219 1078 2240 ex-

97 2260 227 2294 cellens
245 2260 365 2292 lumen
384 2258 420 2290 in
439 2258 692 2292 excellentibus
709 2258 911 2292 artificibus,

198 2310 356 2343 Primum
377 2320 457 2352 ergo
482 2309 673 2352 cogitantes
698 2309 740 2342 de
764 2309 916 2349 artibus,
945 2309 1078 2342 fontem

95 2362 286 2406 sapientiae
338 2360 450 2394 Deum

95 2413 233 2447 Deinde
254 2412 404 2452 artibus,
433 2411 515 2455 quia
538 2418 646 2444 totam
663 2411 771 2443 vitam
789 2411 1008 2454 corporalem
1027 2424 1080 2444 re-

97 2471 203 2508 gunt,
224 2470 366 2496 utamur
390 2463 478 2495 sicut
496 2462 619 2503 iussit,
646 2467 678 2494 et
701 2473 765 2505 pro
791 2461 838 2494 eis
862 2462 988 2505 gratias
1006 2461 1082 2496 Deo

98 2525 253 2558 agamuS.
308 2513 346 2547 Si
372 2514 431 2558 qui
461 2513 663 2557 vituperant
691 2518 800 2553 artes,
834 2512 959 2546 furiosi
983 2520 1084 2552 sunt,

99 2573 132 2599 et
150 2571 277 2598 nocent
297 2562 482 2598 hominum
500 2565 609 2604 vitae,
637 2570 669 2597 et
686 2563 800 2597 Deum
821 2571 979 2597 autorem
1000 2577 1086 2597 con-

100 2616 247 2650 tumelia
276 2615 445 2650 afficiunt.
505 2615 660 2649 Nomino
687 2621 801 2648 autem
825 2612 1086 2658 philosophiam

100 2679 162 2701 seu
178 2673 268 2700 artes
284 2667 432 2700 noticias
442 2667 697 2711 principiorum
716 2671 748 2700 et
763 2666 1091 2708 demonstrationes,

150 2717 335 2752 ΜΕιΛκτκ.
366 2719 467 2752 Orien.
493 2719 575 2751 Vot..
605 2719 683 2750 XV.

487 85 523 123 5.
551 86 855 126 ENARRATIO
880 87 1033 124 EPIST.
1064 83 1210 122 PAULI
1239 83 1305 120 AD
1332 80 1688 119 COLOSSENSES.
1743 81 1847 117 CAP.
1876 81 1923 116 11.

665 988 711 1023 Et
732 989 955 1022 manifestum
978 996 1027 1021 est
1052 1000 1070 1020 a
1097 1020 1099 1028 Α

1102 1886 1103 1889 ,
1131 1853 1296 1889 lunonis,
1331 1858 1364 1884 et
1386 1851 1436 1882 ibi
1459 1856 1551 1882 certo
1579 1849 1683 1880 modo
1707 1846 1957 1879 sacrificabant.

94 1904 147 1936 lex
173 1910 318 1936 naturae
346 1909 490 1934 testatur
510 1915 581 1935 esse
609 1901 742 1939 Deum,
779 1907 811 1934 et
837 1903 937 1935 docet
963 1902 1076 1946 qualis
1102 1903 1103 1920 ³

92 1955 154 1994 sit,
182 1953 350 1987 discernit
370 1965 447 1985 eum
467 1965 483 1985 a
501 1953 601 1985 malis
620 1952 772 1993 naturis,
787 1959 819 1984 et
836 1959 982 1986 testatur
999 1953 1075 1984 vin-

504 2371 732 2403 agnoscamus
777 2366 810 2393 et
850 2360 1106 2395 celebremus„

2030 83 2126 120 1250

1135 186 1207 206 non
1233 172 1410 218 quaelibet
1442 169 1578 202 somnia
1603 175 1661 202 aut
1685 165 1891 213 sophisticas
1919 171 2121 213 praestigias

1132 232 1164 258 et
1191 224 1425 267 corruptelas,
1454 220 1574 265 quales
1598 220 1699 252 multi
1725 227 1944 263 sparserunt,
1972 229 2010 255 ut
2028 220 2117 267 Epi-

1130 276 1244 311 curei,
1274 274 1402 312 Stoici,
1430 268 1642 317 Pyrrhonii,
1668 269 1790 315 Cynici
1811 278 1843 304 et
1861 272 1933 305 alii.

1229 326 1371 359 Deinde
1396 322 1462 356 hoc
1495 333 1634 366 quoque
1656 322 1834 354 sciendum
1866 329 1932 363 est,
1959 329 2049 355 artes
2074 334 2114 355 ex

1128 377 1205 410 luce
1223 376 1376 409 naturali
1396 382 1489 408 ortas
1512 371 1640 405 babere
1658 384 1736 405 suas
1754 379 1878 412 metas,
1905 381 1938 407 et
1955 373 2112 406 iudicare

1128 429 1170 460 de
1187 425 1259 468 his,
1284 428 1324 459 de
1344 426 1473 471 quibus
1499 431 1630 457 mentes
1653 420 1830 457 humanae
1848 424 2011 457 convinci
2029 435 2111 468 pos-

1100 489 1101 501 *
1127 486 1228 520 sunt,
1263 478 1356 510 iuxta
1380 473 1560 521 κριγήρια.

1229 529 1296 563 Sed
1336 534 1474 572 praeter
1513 532 1603 558 artes
1641 537 1679 557 ex
1713 526 1789 558 luce
1828 526 1980 558 naturali
2017 533 2111 560 ortas

1126 580 1220 614 Deus
1250 579 1487 622 singularibus
1514 576 1722 610 testimoniis
1748 574 1979 619 Evangelium
2010 588 2109 609 reve-

1126 631 1229 672 lavit,
1256 632 1298 663 de
1316 642 1375 663 sua
1400 629 1546 663 essentia
1566 632 1597 658 et
1615 626 1813 664 voluntate,
1841 639 1879 659 ac
1897 627 2109 660 nominatim

1126 684 1168 715 de
1194 683 1266 716 filio
1292 689 1325 715 et
1348 683 1391 713 de
1419 678 1652 723 promissione
1676 677 1825 718 gratiae,
1868 677 1956 710 sicut
1983 678 2012 710 1.
2037 676 2108 711 Co-

1126 731 1233 766 rinth.
1255 735 1282 767 1.
1308 733 1454 765 dicitur:
1483 729 1572 763 Cum
1599 729 1753 760 mundus
1772 739 1843 759 non
1863 734 1978 760 nosset
1994 726 2108 761 Deum

1097 807 1099 811 -
1124 785 1161 816 in
1177 784 1346 828 sapientia
1364 795 1425 826 per
1449 779 1675 825 sapientiam,
1704 778 1834 821 placuit
1854 776 1928 811 Deo
1946 790 2007 822 per
2022 779 2110 811 stul-

1125 842 1193 868 tam
1214 835 1509 883 praedicationem
1528 833 1641 865 salvos
1658 830 1769 862 facere
1789 830 1978 864 credentes.
2024 828 2107 862 Ideo

1125 887 1167 919 de
1186 886 1332 920 essentia
1351 892 1382 918 et
1402 885 1583 918 voluntate
1602 878 1665 912 Dei
1684 881 1908 913 statuendum
1925 887 1990 922 est,
2013 880 2107 913 iuxta

1098 966 1099 970 ,
1124 936 1375 980 Evangelium,
1404 948 1475 969 non
1500 935 1594 967 iuxta
1620 928 1894 974 philosophiam.

1226 988 1304 1021 Hoc
1320 988 1506 1020 discrimen
1527 982 1766 1017 doctrinarum
1793 981 1943 1024 intelligi
1969 993 2107 1015 necesse

1125 1047 1193 1079 est,
1222 1040 1353 1072 et'suus
1370 1039 1495 1082 cuique
1514 1037 1610 1068 locus
1628 1033 1837 1065 tribuendus
1857 1040 1924 1073 est,
1952 1040 1984 1066 et
2001 1030 2108 1066 huius

1125 1090 1340 1124 discriminis
1364 1089 1605 1122 confusionem
1622 1085 1764 1117 damnat
1781 1082 1929 1123 Paulus,
1956 1096 2027 1117 non
2056 1084 2109 1117 vi-,

1125 1149 1263 1185 tnperat
1295 1153 1392 1174 veras
1416 1140 1584 1176 noticias,
1628 1148 1715 1180 quae
1741 1141 1822 1168 sunt
1846 1135 1965 1167 lumen
1991 1147 2008 1168 a
2031 1133 2107 1168 Deo

1126 1193 1326 1232 conditum,
1354 1192 1380 1224 si
1401 1198 1491 1224 recte
1509 1187 1829 1222 accommodentur.

1229 1243 1412 1277 Secundus
1436 1242 1560 1273 modus
1585 1239 1858 1280 imposturarum
1889 1237 2025 1269 facilius
2052 1236 2110 1270 in-

1126 1294 1236 1337 telligi
1256 1301 1382 1338 potest,
1410 1293 1491 1336 quia
1512 1293 1600 1324 circa
1617 1295 1777 1322 externos
1798 1294 1912 1328 gestus
1938 1294 2110 1327 versatur,

1126 1346 1186 1390 qni
1211 1346 1397 1377 incurrunt
1415 1344 1452 1374 in
1471 1342 1608 1379 oculos,
1641 1346 1678 1371 ut
1700 1351 1777 1371 cum
1804 1338 1840 1369 in
1865 1339 2001 1371 deserto
2028 1337 2111 1370 Mo-

1125 1408 1178 1429 ses
1202 1395 1335 1428 diutius
1361 1395 1494 1426 abesset
1513 1405 1530 1424 a
1553 1396 1738 1433 conspectu
1764 1388 1906 1435 populi,
1933 1388 2112 1421 concurrit

1127 1447 1340 1484 multitudo,
1385 1453 1417 1478 et
1447 1443 1600 1486 postulat
1630 1439 1766 1473 institui
1798 1446 1930 1471 certum
1967 1441 2110 1472 cultum.

1129 1498 1250 1531 Aaron
1285 1497 1391 1539 igitur
1424 1494 1596 1539 Aegyptio
1633 1503 1730 1523 more
1767 1490 1916 1522 vitulum
1952 1491 2111 1524 collocat.

1129 1549 1181 1582 lbi
1202 1548 1414 1585 sacrificant,
1443 1552 1474 1577 et
1500 1544 1649 1587 populus
1667 1541 1758 1574 canit
1775 1538 1924 1585 hymnos
1939 1541 2110 1573 distribu-

1129 1607 1183 1632 tus
1202 1599 1238 1630 iu
1256 1596 1392 1631 choros,
1437 1595 1487 1628 lta
1507 1605 1627 1627 omnes
1649 1590 1808 1625 homines
1828 1592 1902 1623 sine
1921 1592 1995 1624 luce
2012 1591 2111 1624 verbi

1129 1651 1195 1683 Dei
1214 1650 1351 1692 fingunt
1368 1647 1433 1679 sibi
1453 1646 1597 1678 numina
1617 1651 1648 1677 et
1662 1650 1822 1675 externos
1839 1648 1963 1684 gestus.
2019 1639 2112 1675 Eth-

1130 1700 1199 1733 nici
1221 1700 1255 1731 in
1272 1698 1436 1743 periculis
1460 1697 1541 1729 belli
1567 1694 1785 1728 collocabant
1807 1699 1955 1725 statuam
1974 1693 2111 1733 Martis,

1130 1759 1161 1785 et
1186 1751 1363 1783 addebant
1380 1749 1484 1788 ritus,
1512 1754 1547 1780 ut
1566 1746 1743 1780 Saliorum
1761 1744 1926 1777 carmina.
1979 1744 2113 1776 Mulie-

1130 1813 1183 1835 res
1210 1808 1353 1845 propter
1385 1799 1537 1842 pericula
1572 1804 1690 1840 partus
1716 1795 1935 1828 collocabant
1963 1801 2112 1827 statuam

2018 1844 2113 1877 Haec

1131 1905 1178 1938 ita
1197 1903 1371 1936 cumulata
1391 1907 1470 1934 sunt
1483 1927 1490 1941 ‚
1520 1907 1557 1932 ut
1574 1898 1780 1932 accesserint
1803 1896 2028 1929 mactationes
2047 1893 2113 1928 ho-

1130 1955 1285 1994 minum,
1312 1953 1392 1998 quia
1417 1950 1580 1984 homines
1605 1961 1677 1982 sese
1702 1948 1827 1991 punire
1852 1947 1981 1989 insigni
2007 1947 2113 1980 modo

1132 2006 1316 2044 volebant,
1342 2012 1379 2037 ut
1403 2003 1539 2035 veniam
1564 2006 1794 2033 mererentur.

1232 2055 1326 2088 Haec
1342 2054 1463 2098 opinio
1485 2052 1597 2085 meriti
1617 2052 1707 2094 apud
1730 2060 1849 2081 omnes
1871 2046 2003 2081 Gentes
2022 2046 2116 2081 auxit

1131 2106 1363 2146 ceremonias,
1391 2112 1423 2138 et
1441 2109 1660 2137 accesserunt
1678 2101 1809 2134 diaboli
1826 2099 1999 2138 ludibria,
2027 2110 2116 2143 sinae

1132 2158 1351 2201 impulerunt
1378 2154 1542 2189 homines
1566 2155 1608 2186 ad
1634 2152 1834 2185 manifestas
1868 2149 2116 2192 turpitudines,

1132 2215 1350 2241 accesserunt
1376 2214 1408 2240 et
1433 2206 1508 2239 ludi
1533 2204 1768 2248 ingeniorum.
1825 2200 1864 2232 ln
1881 2199 1984 2242 Argis
2007 2207 2044 2233 nt
2063 2211 2117 2232 es-

1133 2266 1209 2294 sent
1232 2258 1369 2292 foelicia
1394 2256 1576 2299 coniugia,
1617 2255 1797 2288 colebatur
1827 2257 1938 2284 statua
1969 2250 2118 2283 Iunonis

1132 2318 1254 2344 tenens
1273 2310 1309 2342 in
1330 2309 1469 2342 sinistra
1497 2318 1639 2351 pomum
1663 2305 1852 2348 punicum,
1880 2303 1921 2334 ad
1940 2302 2032 2346 quod
2058 2303 2121 2334 ad-

1134 2362 1275 2394 volabat
1304 2361 1466 2399 cuculus,
1497 2366 1530 2391 et
1560 2357 1739 2389 finxerunt
1765 2353 1883 2387 lovem
1917 2353 2030 2394 specie
2058 2363 2117 2384 cn-

1135 2413 1202 2445 culi
1232 2412 1386 2455 primum
1407 2411 1448 2443 ad
1469 2409 1640 2442 Iunonem
1660 2406 1805 2439 venisse.
1860 2402 1909 2436 Ita
1935 2400 2122 2436 horribili-

1136 2470 1189 2496 ter
1206 2460 1382 2496 hnmanae
1405 2467 1540 2493 mentes
1568 2458 1641 2491 sine
1667 2458 1745 2490 luce
1770 2454 1868 2487 verbi
1894 2460 1927 2487 et
1949 2454 2023 2487 sine
2041 2453 2123 2497 Spi-

1137 2514 1209 2547 ritu
1240 2520 1358 2546 sancto
1392 2509 1615 2545 contumeliis
1647 2519 1769 2540 verum
1802 2504 1916 2539 Deum
1948 2504 2125 2543 afficiunt,

1138 2565 1227 2598 sicut
1245 2565 1283 2597 in
1300 2564 1452 2596 Ecclesia
1469 2562 1558 2595 ritus
1576 2558 1757 2603 depravati
1781 2563 1881 2595 sunt,
1909 2561 1942 2588 et
1958 2553 2127 2588 cumulati

1139 2622 1254 2658 gestus
1278 2612 1420 2648 ethnico
1446 2623 1561 2652 more,
1597 2610 1786 2643 collocatae
1810 2613 1892 2641 sunt
1916 2612 2067 2646 statuae,
2094 2611 2129 2638 et

1140 2668 1185 2700 ad
1207 2677 1264 2700 eas
1285 2665 1383 2699 velut
1405 2665 1447 2698 ad
1474 2662 1621 2697 numina
1648 2670 1858 2694 concursum
1882 2663 1953 2698 est,
1980 2656 2131 2690 circum-

1598 2711 1647 2746 79
