2415 2942
296 71 367 110 991

402 156 594 204 Quomodo
615 156 832 191 invocabunt
861 157 897 192 si
924 172 1001 194 non
1022 159 1189 197 credent?

408 218 444 249 lu
464 214 527 249 liae
546 217 751 259 gradatione
768 218 1003 260 copiosissima
1023 223 1182 256 doctrina
1203 236 1287 257 con-

303 269 443 300 tinetur.
499 265 657 299 Primum
678 268 873 301 membrum
894 270 990 303 docet
1013 272 1047 304 in
1066 272 1287 307 invocatione

302 317 527 350 necessariam
556 329 628 350 esse
653 318 777 355 fidem,
805 326 834 351 et
862 321 1109 362 cogitationem
1138 326 1287 368 promis-

301 368 409 400 sionis
435 367 587 402 divinae.
655 367 721 401 llic
750 376 819 401 tota
846 371 1005 405 doctriua
1028 375 1209 416 cogitanda
1237 384 1285 408 est

302 420 343 449 de
382 418 623 455 invocatione,
667 427 696 449 et
734 421 777 450 de
811 420 1014 456 discrimine
1051 424 1284 458 inxocatiouis

300 466 522 502 Christianae
547 476 576 501 et
604 466 773 501 ethnicae.

402 517 506 552 Errat
531 519 623 551 enim
649 517 785 551 etlinica
808 522 990 566 praecipue
1007 525 1215 569 dupliciter,
1243 527 1284 559 de

300 566 460 602 Essentia
479 575 513 602 et
529 570 572 602 de
598 569 778 604 voluntate
804 568 883 606 Dei.
959 572 1166 620 Alloquitur
1191 578 1283 609 en3m

301 619 455 665 aliquid,
484 622 575 664 quod
599 633 669 652 nou
689 628 737 654 est
757 620 866 661 Deus,
893 631 923 656 et
942 625 1041 667 fingit
1068 627 1161 659 varia
1179 628 1284 664 idola,

302 670 392 703 sicut
429 671 476 703 ait
514 669 658 703 H·cuba
692 674 782 714 apud
816 671 1038 720 Euripidem:
1074 675 1108 710 Ο
1141 676 1283 721 iupiter,

301 721 468 765 quicquid
491 733 542 757 es,
571 722 641 752 sixe
660 719 724 754 lioc
744 723 890 761 coelum,
918 726 990 757 sive
1008 738 1104 759 mens
1122 728 1157 760 in
1174 729 1283 769 coelo,

301 783 502 816 quanquam
518 773 579 804 diu
600 772 664 802 i.=m
687 774 830 813 ignavos
847 774 1076 816 opitulatores
1093 778 1233 812 invoco.

401 821 521 854 Postea
541 823 582 853 de
600 822 779 854 voluntate
795 825 972 863 nesciunt,
1002 826 1057 860 An
1084 836 1115 862 et
1140 841 1201 862 cur
1224 842 1280 862 ex-

300 872 506 911 audiantur,
535 872 615 916 quia
640 870 783 905 Etlinici
810 874 972 916 ignorant
1000 879 1225 912 mediatorem
1250 888 1278 912 et

299 923 584 966 promissionem:
613 924 669 954 sed
700 935 778 955 vera
806 924 960 958 Ecclesii
980 928 1047 961 Dei
1074 938 1164 963 recte
1188 931 1282 973 cogi·

298 980 345 1006 tat
368 973 410 1004 de
428 970 599 1010 Essentia,
620 973 698 1016 quia
719 974 911 1019 alloquitur
932 990 1050 1010 verum
1068 979 1192 1020 Deum,
1220 982 1280 1026 qui

297 1035 331 1056 se
357 1023 516 1065 patefecit
543 1023 646 1054 missu
676 1024 767 1064 filio,
800 1027 878 1059 data
902 1040 984 1060 voce
1010 1027 1213 1073 Evangelii,
1249 1039 1282 1065 et

297 1073 399 1106 editis
417 1073 612 1106 illustribus
631 1074 852 1110 testimoniis.
893 1076 1031 1112 Deinde
1050 1081 1112 1114 scit
1130 1083 1280 1124 promis-

299 1124 438 1160 siones,
481 1130 512 1156 et
536 1125 666 1157 accedit
698 1126 738 1157 ad
764 1124 876 1159 Deum
910 1128 1034 1162 fiducia
1067 1134 1281 1168 mediatoris.

297 1173 379 1207 ldco
399 1174 497 1207 dicit:
518 1173 707 1217 Quomodo
722 1176 936 1212 invocabunt
953 1181 978 1212 si
999 1193 1069 1214 1101]
1089 1185 1256 1217 credent?

423 1255 617 1304 Quomodo
633 1256 786 1292 audient
802 1260 881 1294 sine
894 1262 1154 1308 praedicante?

395 1315 474 1350 Hoc
497 1317 628 1350 dictum
649 1319 830 1351 manifeste
847 1324 1018 1363 ostendit,
1046 1324 1194 1359 Paulum
1212 1325 1279 1362 hoc

295 1368 488 1407 affirmare,
513 1366 626 1400 Deum
654 1379 714 1410 per
741 1382 858 1401 vocem
887 1370 1068 1415 Evangelii
1096 1385 1277 1411 sonantem

295 1420 332 1451 in
351 1418 546 1450 ministerio
566 1418 751 1460 cogitatam
775 1421 819 1452 ab
843 1422 1028 1466 audiente,
1054 1436 1112 1458 seu
1132 1427 1276 1469 legente,

295 1469 466 1502 efficacem
494 1480 584 1508 esse,
618 1469 645 1500 si
674 1471 814 1502 accendi
844 1471 964 1511 fidem,
998 1473 1072 1507 Deo
1097 1489 1159 1520 per
1189 1477 1278 1511 hanc

294 1520 403 1563 ipsam
422 1530 540 1551 vocem
559 1526 720 1551 movente
744 1532 814 1554 cor.
874 1521 953 1555 ldeo
978 1525 1200 1560 damnandus
1228 1537 1277 1562 est

294 1581 391 1602 error
425 1568 654 1602 Stenckfeldii
689 1576 723 1602 et
751 1570 920 1604 similium
956 1572 1278 1620 Enihusiastarum,

295 1620 355 1665 qui
372 1620 551 1652 abducunt
572 1617 731 1652 homines
746 1632 762 1652 a
782 1633 865 1654 voce
880 1624 1060 1658 doctrinae
1084 1629 1125 1660 ad
1154 1640 1277 1672 specu-

293 1671 456 1710 lationes‚
482 1681 566 1715 quas
586 1671 772 1704 nominant
789 1671 1067 1708 illuminationes
1082 1685 1174 1711 extra
1192 1681 1277 1712 scri-

294 1728 393 1765 ptum
410 1722 575 1759 verbum,
605 1727 637 1753 et
654 1721 771 1754 delent
787 1725 949 1757 exercitia
973 1726 1072 1766 fidei,
1100 1731 1181 1773 quia
1201 1732 1276 1764 vult

294 1771 389 1804 Deus
421 1772 572 1814 cogitare
602 1769 666 1804 hoc
700 1772 813 1815 ipsum
845 1776 991 1808 verbum
1025 1779 1157 1813 editum
1192 1793 1275 1814 voce

294 1820 447 1859 Christi,
488 1820 745 1865 Prophetarum
778 1830 810 1857 et
836 1824 1097 1868 Aposolorum,
1133 1838 1166 1864 et
1193 1829 1275 1865 huic

294 1873 421 1916 scripto
447 1873 552 1904 verbo
571 1873 619 1904 sic
637 1884 700 1905 nos
718 1874 792 1907 vult
815 1878 994 1916 assentiri,
1021 1891 1059 1912 ac
1079 1881 1106 1913 si
1135 1883 1275 1915 audire-

293 1934 370 1955 mus
392 1934 518 1954 novam
544 1935 662 1955 vocem
682 1921 747 1955 Dei
775 1926 817 1957 de
834 1927 930 1960 coelo
949 1938 1140 1967 sonantem.
1193 1933 1273 1966 ldeo

294 1980 326 2006 et
344 1973 429 2005 alibi
447 1972 575 2005 Paulus
596 1974 727 2017 inquit:
757 1973 804 2008 Ut
821 1988 882 2019 per
896 1980 1172 2015 consolationem
1190 1985 1273 2016 scri-

294 2030 475 2066 pturarum
500 2034 593 2066 spem
619 2020 819 2059 habeamus.
891 2027 985 2061 Haec
1008 2034 1168 2067 exercitia
1194 2035 1273 2067 fidei

293 2074 329 2105 in
356 2074 558 2118 quotidiana
584 2074 807 2107 invocatione
829 2078 992 2112 discenda
1017 2091 1116 2123 sunt,
1147 2085 1183 2116 in
1205 2098 1271 2129 qua

293 2125 461 2156 sentimus
479 2124 695 2168 acquiescere
713 2127 817 2158 corda
837 2128 872 2159 in
891 2127 964 2162 Deo
977 2157 985 2170 ,
1014 2140 1124 2166 erecta
1142 2136 1270 2178 cogita-

295 2175 391 2207 tione
409 2174 680 2217 promissionum
698 2176 912 2212 divinarum.

393 2223 480 2258 Cum
507 2232 621 2258 autem
652 2226 801 2259 sciamus
833 2230 1064 2264 ministerium
1089 2232 1270 2279 Evangelii

293 2286 522 2307 necessarlum
551 2286 640 2315 esse,
677 2288 785 2318 magis
818 2291 1026 2314 veneremur
1053 2292 1083 2316 et
1111 2294 1271 2320 tueamur

291 2322 475 2367 Evangelii
500 2325 689 2361 ministros,
743 2327 810 2361 Hic
828 2337 861 2363 et
878 2328 942 2363 boc
960 2334 1182 2375 cogitandum
1202 2345 1270 2379 est,

292 2373 380 2407 Cum
415 2377 606 2408 necessaria
638 2378 683 2410 sit
713 2379 861 2423 scriptae
898 2382 1075 2415 doctrinae
1108 2389 1271 2430 cognitio,

293 2431 424 2457 certum
451 2433 498 2458 est
524 2426 659 2460 labores
682 2428 890 2463 discentium
913 2439 947 2465 et
971 2435 1170 2470 docentium
1196 2438 1269 2472 Deo

291 2475 444 2517 placere,
481 2474 598 2517 Quare
623 2480 732 2521 magis
759 2492 914 2515 amemus
938 2484 1118 2520 doctrinae
1143 2491 1268 2525 studia.

291 2525 535 2568 Adiungamus
560 2533 673 2560 autem
697 2537 728 2562 et
755 2531 1029 2576 invocationem,
1065 2550 1268 2573 commone—

879 73 1006 113 PHlL.
1036 75 1158 113 MEL.
1183 78 1394 118 SCRIPTA
1420 82 1723 123 EXEGETICA.

2243 87 2319 124 992

1342 180 1404 202 suo
1439 170 1563 210 verbo,
1598 178 1631 206 et
1652 172 1818 206 accendat
1845 180 1963 207 veram
1987 174 2100 208 lucem
2129 174 2167 207 in
2201 173 2320 206 cordi-

1342 220 1405 252 lius
1427 221 1565 254 nostris.

1441 271 1535 305 Citat
1579 278 1694 304 autem
1730 271 1861 306 Paulus
1900 273 2141 308 dulcissimum
2184 275 2316 308 dictum

1340 317 1464 353 Esaiae
1482 334 1520 355 ex
1537 333 1610 363 cap.
1626 320 1702 356 52:
1732 322 1848 365 Quam
1867 324 2012 367 speciosi
2034 327 2138 367 pedes
2155 323 2318 368 Evange-

1340 370 1521 404 lizantium
1549 385 1675 415 pacem.
1742 372 1918 418 Loquitur
1946 381 1980 408 et
2013 375 2143 408 dictum
2167 376 2209 408 de
2234 387 2317 408 voce

1339 428 1486 455 sonante
1507 422 1542 455 in
1567 422 1782 465 ministerio,
1809 431 1841 458 et
1865 426 1965 458 docet
1990 425 2038 457 sic
2063 425 2180 468 colligi
2198 424 2319 459 Eccle-

1341 472 1424 504 siam
1437 499 1445 512 ,
1471 473 1602 506 scilicet
1620 486 1701 506 voce
1718 473 1911 517 Evangelii.
1965 473 2172 519 Metaphora
2191 476 2317 520 pedum

1339 521 1509 564 significat
1535 536 1710 556 cursorem
1737 536 1796 557 seu
1821 525 2012 566 nuncium,
2039 534 2070 560 et
2098 524 2161 558 bos
2179 526 2227 559 ait
2246 526 2318 558 for-

1339 584 1454 606 mosos
1470 581 1501 606 et
1519 575 1685 607 amabiles
1701 587 1790 615 esse,
1818 576 1898 620 quia
1916 577 2074 609 adferunt
2095 576 2316 610 laetissimam

1340 624 1604 666 promissionem
1625 626 1755 667 gratiae
1775 633 1806 658 et
1825 627 1914 658 vitae.
1931 634 2099 659 aeternae.

1438 672 1679 718 Opponantur
1693 682 1805 708 autem
1827 674 1890 709 liae
1906 677 2126 710 dulcissimae
2141 676 2316 711 laudatio-

1338 735 1397 755 nes
1415 724 1552 757 iudiciis
1576 726 1802 759 inimicorum
1825 726 2028 770 Evangelii,
2057 726 2092 760 hi
2121 740 2191 760 non
2218 728 2317 761 aiunt

1338 775 1442 816 pedes
1459 776 1712 819 Apostolorum
1729 778 1901 810 formosos
1919 790 2008 818 esse,
2035 779 2095 811 sed
2120 778 2316 811 vociferan-

1338 831 1394 856 tur
1411 824 1596 867 Apostolas
1614 837 1685 859 esse
1702 827 1792 860 faces
1811 828 2038 862 dissidiorum
2065 835 2099 862 et
2123 835 2234 873 pestes
2257 839 2316 871 ge-

1337 875 1430 908 neris
1447 873 1605 910 humani.

1437 925 1525 960 Cum
1542 934 1657 960 autem
1675 928 1796 961 Esaias
1814 928 1946 974 inquit,
1973 929 2096 962 afferre
2118 940 2175 962 eos
2192 926 2312 962 Evan-

1336 976 1486 1017 gelium,
1523 977 1605 1010 item
1635 990 1752 1020 pacem
1779 988 1812 1012 et
1838 980 1950 1023 bona,
1979 980 2149 1022 significat
2166 990 2312 1022 regnum

1336 1025 1467 1060 Christi
1494 1029 1601 1061 verbo
1624 1029 1862 1062 administrari
1887 1042 1959 1062 non
1992 1030 2098 1063 armis
2121 1029 2314 1073 corporali-

1336 1078 1418 1117 bus,
1454 1084 1485 1111 et
1512 1079 1679 1112 discernit
1701 1077 1767 1112 hoc
1792 1080 1939 1113 verbum
1963 1092 1981 1113 a
2004 1081 2094 1123 lege:
2129 1079 2202 1113 Lex
2224 1079 2312 1112 iram

1336 1129 1542 1170 «mundat,
1585 1131 1641 1162 sed
1676 1131 1712 1162 in
1735 1129 1927 1172 Evangelio
1961 1131 2159 1164 offeruntur
2192 1142 2257 1174 pax
2281 1135 2315 1162 et

1336 1179 1402 1210 alia
1430 1180 1538 1221 bona,
1567 1181 1602 1213 id
1631 1188 1698 1221 est,
1726 1181 1886 1214 liberatio
1913 1193 1931 1213 a
1956 1181 2123 1225 peccatis,
2149 1193 2168 1214 a
2191 1186 2315 1220 morte,

1335 1231 1377 1261 ab
1404 1230 1452 1262 ira
1474 1229 1555 1269 Dei,
1584 1237 1615 1263 et
1639 1232 1812 1265 restitutio
1837 1232 2012 1273 iusticiae,
2040 1233 2130 1265 vitae
2149 1238 2315 1278 ²aeternae

1336 1286 1367 1313 et
1382 1280 1536 1314 laetitiae
1553 1289 1712 1316 aeternae
1727 1283 1764 1315 in
1779 1280 1864 1316 Deo.

1700 1404 1835 1457 Caput
1874 1406 1951 1445 XI.

1430 1475 1536 1510 Initio
1557 1478 1689 1521 mitigat
1707 1479 1884 1524 querelam
1903 1491 2007 1527 supra
2025 1480 2171 1523 positam
2191 1480 2233 1513 de
2250 1480 2310 1513 de-

1332 1525 1481 1559 fectione
1500 1527 1722 1563 ludaeorum.
1772 1529 1983 1573 Quanquam
2001 1531 2092 1562 enim
2112 1531 2234 1574 politia
2249 1531 2311 1563 de-

1331 1577 1497 1617 struitur,
1524 1579 1609 1611 sisut
1633 1580 1802 1622 praedixit
1820 1579 1966 1618 Daniel,
1995 1580 2129 1612 desinet
2155 1592 2225 1613 esse
2244 1592 2308 1623 po—

1333 1627 1450 1669 pulus:
1487 1634 1605 1661 tamen
1638 1629 1821 1672 promissio
1845 1628 2028 1672 Evangelii
2053 1628 2167 1663 adhuc
2190 1631 2233 1662 ad
2258 1629 2310 1663 Is-

1332 1677 1469 1711 raelitas
1491 1680 1656 1720 pertinet,
1683 1691 1771 1723 quae
1790 1679 1955 1712 omnibus
1971 1680 2133 1721 gentibus
2153 1681 2310 1723 offertur,

1333 1727 1424 1760 iuxta
1445 1730 1594 1762 dictum:
1626 1730 1664 1763 In
1682 1730 1815 1762 semine
1833 1737 1892 1763 tuo
1910 1731 2163 1765 benedicentur
2187 1743 2308 1765 omnes

1330 1785 1456 1820 gentes.
1512 1780 1617 1814 Multi
1646 1781 1752 1824 igitur
1780 1780 1958 1814 lsra'e'litae
1980 1779 2094 1814 adhuc
2120 1789 2309 1826 agnoscent

1330 1841 1450 1862 verum
1470 1830 1651 1873 messiam,
1679 1838 1711 1864 et
1736 1832 1904 1865 beneficia
1927 1832 2000 1865 eius
2020 1833 2202 1876 accipient.
2255 1831 2309 1866 Ac

1330 1881 1483 1924 primurn
1505 1895 1522 1915 a
1548 1894 1610 1916 suo
1634 1883 1792 1926 exemplo
1817 1889 2102 1925 argumentatur:
2130 1883 2205 1927 Ego
2230 1896 2306 1917 sum

1331 1932 1505 1974 israelita,
1546 1940 1579 1966 et
1601 1945 1749 1976 agnosco
1778 1930 1872 1965 hunc
1905 1945 2026 1965 verum
2053 1932 2239 1976 Messinm,
2274 1942 2307 1968 et

1329 1983 1478 2016 donatus
1508 1996 1582 2016 sum
1616 1985 1691 2017 eius
1721 1984 1897 2016 beneficiis
1920 1983 2123 2016 remissione
2147 1991 2306 2028 peccato—

1300 2036 1303 2080 ἱ
1328 2045 1422 2072 rum,
1461 2041 1492 2067 et
1515 2035 1767 2077 vivificatione,
1795 2046 1872 2066 cum
1896 2034 1988 2067 sensi
2011 2046 2066 2066 me
2096 2035 2238 2068 liberari
2263 2036 2307 2069 ab

1299 2094 1301 2097 ’
1327 2085 1377 2116 ira
1403 2083 1488 2123 Dei,
1515 2093 1547 2118 et
1572 2086 1680 2118 sactus
1704 2097 1780 2118 sum
1810 2082 1928 2117 haeres
1954 2085 2041 2117 vitae
2062 2093 2241 2127 aeternae,
2273 2094 2307 2120 et

1326 2133 1438 2168 habeo
1455 2137 1660 2169 arrabonem
1677 2136 1848 2179 Spiritum
1864 2143 2035 2169 sanctum.

1426 2185 1518 2230 Ergo
1543 2185 1657 2220 adhuc
1680 2188 1722 2219 ad
1745 2186 1920 2220 Israelitas
1938 2186 2122 2230 promissio
2143 2188 2304 2234 pertinet,

1326 2238 1384 2269 sed
1418 2234 1484 2270 boc
1515 2239 1644 2271 multos
1674 2237 1842 2281 impedit,
1884 2238 1979 2282 quod
2004 2249 2076 2270 non
2101 2238 2302 2281 intelligunt

1297 2319 1299 2327 ⁴
1326 2288 1577 2330 promisionem
1598 2288 1748 2321 Messiae
1766 2289 1808 2321 de
1826 2289 1928 2321 bonis
1956 2288 2121 2329 aeternis,
2150 2296 2183 2322 et
2201 2301 2301 2331 aegre

1296 2330 1299 2365 ,³
1325 2339 1441 2373 serunt
1465 2339 1621 2382 politiam
1648 2340 1799 2378 destrui,
1851 2346 1883 2372 et
1915 2340 2093 2371 extenuari
2126 2339 2301 2375 iusticiam

1296 2394 1298 2398 ’
1324 2390 1421 2430 legis.
1480 2389 1579 2423 Sicut
1602 2402 1696 2422 nunc
1720 2391 1872 2424 fremunt
1891 2389 2060 2433 pontificii
2084 2400 2179 2422 suam
2200 2398 2300 2425 auto-

1322 2441 1480 2481 ritatem,
1507 2441 1698 2484 potentiam
1722 2448 1753 2474 et
1779 2448 1904 2474 statum
1928 2439 2138 2474 labefactari.
2198 2440 2299 2475 Hanc

1323 2491 1544 2524 acerbitatem
1570 2492 1753 2532 odiorum,
1793 2498 1825 2524 et
1850 2489 1944 2524 bunc
1966 2490 2143 2524 fremitum
2168 2492 2298 2525 descri-

1322 2542 1394 2582 bit,
1422 2554 1499 2575 cum
1518 2542 1649 2587 inquit:
1679 2542 1788 2576 Dedit
1806 2542 1853 2574 eis
1871 2540 2032 2584 spiritum
2052 2543 2298 2584 compunctio-

290 2576 369 2608 sacti
387 2589 404 2608 a
422 2576 599 2617 doctrina,
620 2585 659 2611 ut
674 2579 765 2613 filius
776 2581 853 2626 Dei,
873 2585 933 2628 qui
951 2593 998 2619 est
1015 2583 1121 2635 λόγος
1137 2592 1267 2623 aeterni
1323 2593 1395 2633 nis,
1425 2593 1462 2625 id
1487 2600 1560 2631 est,
1602 2594 1759 2627 dolorem
1783 2593 1931 2625 mixtum
1955 2591 2178 2626 acerbissimo
2203 2594 2298 2635 odio,

289 2626 414 2668 patriS,
440 2633 534 2669 regat
559 2627 686 2661 iudicia
699 2656 707 2670 ,
734 2638 766 2665 et
782 2644 854 2665 non
878 2635 967 2670 sinat
985 2649 1047 2671 nos
1066 2640 1226 2675 aberrare
1249 2655 1266 2675 a
1291 2629 1295 2675 l
1322 2643 1408 2677 sicut
1427 2644 1520 2678 dolet
1538 2645 1620 2678 Saul
1639 2652 1671 2678 et
1685 2644 1783 2678 ardet
1799 2644 1882 2677 odio
1897 2642 2056 2677 DavidiS.
