2415 2942
267 101 367 140 1065

367 185 435 221 Sed
459 192 559 227 spero
581 186 677 215 tuam
692 175 946 212 Celsitudinem
965 183 998 211 et
1015 187 1137 211 omnes
1154 174 1242 209 alios

266 239 410 285 pietate,
429 231 621 271 modestia,
646 227 833 274 prudentia
862 234 897 261 et
918 227 1047 262 virtute
1063 234 1243 272 praestan-

267 298 336 329 tes,
362 287 543 320 literarum
568 287 741 320 amantes,
777 278 935 313 veritatis
957 279 1151 319 studiosos,
1181 289 1246 322 po-

269 336 436 374 steritatis
452 345 570 368 curam
587 338 745 374 agentes,
772 331 814 362 de
832 330 1096 363 conservatione
1113 336 1148 363 et
1164 339 1248 373 pro-

269 388 452 434 pagatione
486 383 667 418 doctrinae
700 381 923 425 incorruptae
962 381 1135 420 solicitos,
1177 388 1249 411 non

268 437 404 473 moveri
427 435 598 469 eiusmodi
635 443 825 475 pancorum
850 431 1054 472 invectivis,
1086 437 1124 464 ut
1157 428 1250 462 desi-

270 496 358 524 nant
372 497 505 525 amare,
531 483 780 527 magnifacere,
808 488 841 515 et
864 489 959 525 grata
982 480 1151 515 memoria
1168 490 1251 523 pro—

270 539 367 584 sequi
394 535 487 570 hunc
515 535 649 570 virum,
678 544 781 577 quem
807 539 858 566 tot
884 533 982 566 utilia
1014 536 1255 569 monumenta,

272 590 362 625 tanti
396 588 533 620 labores
562 583 720 618 exhausti
749 583 908 627 publicae
947 583 1109 616 utilitatis
1142 590 1256 619 causa,

273 647 392 675 tantus
409 647 625 671 summarum
645 635 815 668 virtutum
833 640 1023 667 concentus
1039 640 1070 666 et
1090 637 1254 665 constan-

275 692 342 734 tia,
377 694 428 722 tot
456 688 492 720 in
519 686 650 719 multos
680 685 866 728 privatim,
901 691 933 718 et
965 694 1086 716 omnes
1118 681 1257 726 publice

276 741 401 775 merita
419 737 522 771 nobis
539 736 840 770 commendarunt.

377 797 452 831 lmo
477 807 577 840 spero
605 792 694 826 hane
717 793 863 826 istorum
890 791 1114 825 acerbitatem
1138 789 1260 823 multis

280 860 418 883 causam
443 845 700 891 praebituram,
726 850 764 877 ut
786 843 896 886 pluris
914 855 993 876 eum
1017 843 1141 880 faciat,
1168 841 1261 874 eius-

281 911 349 945 que
374 898 507 942 spripta
531 895 721 929 studiosius
745 900 973 936 cognoscant,
1001 900 1034 926 et
1051 894 1095 926 ab
1120 890 1184 925 hac
1206 892 1262 924 in-

281 957 376 994 grata
393 946 535 981 cohorte
550 957 585 979 se
603 957 708 990 quam
726 944 926 986 longissime
941 944 1137 987 seiungant.

383 1006 494 1050 Spero
508 1004 619 1038 Deum
636 1015 775 1048 quoque
791 1003 905 1046 ipsum
922 1002 1060 1036 veritati
1073 1001 1264 1046 aliquando

283 1057 522 1094 testimoninm
541 1054 800 1099 praebiturum,
829 1054 970 1097 quando
990 1053 1068 1096 igne
1085 1052 1264 1085 examina-

284 1109 355 1149 bit,
388 1107 473 1152 quid
497 1104 752 1139 aedificantium
777 1104 924 1148 quisque
947 1103 1140 1136 extruxeris
1162 1114 1267 1146 super

284 1159 556 1193 fundamentum
572 1156 743 1195 solidum,
770 1156 864 1199 quod
884 1162 932 1188 est
948 1155 1074 1187 unicus
1090 1153 1266 1186 Dominus

287 1217 406 1243 noster
427 1205 530 1240 Iesus
559 1202 751 1246 Christus,
788 1212 820 1238 et
845 1203 902 1237 hic
926 1205 1127 1242 crucifixus,
1154 1211 1187 1237 et
1212 1215 1266 1236 re·

289 1260 491 1297 suscitatus,
533 1264 566 1291 et
591 1267 740 1299 regnans
772 1257 814 1289 ad
843 1257 1017 1288 dexteram
1047 1255 1174 1298 patris,
1207 1254 1269 1298 qni

290 1311 384 1344 solus
409 1311 465 1342 dat
482 1309 627 1340 idoneos
647 1313 679 1339 et
696 1306 864 1339 salutares
889 1305 1090 1345 ministros,
1120 1312 1151 1338 et
1175 1306 1270 1348 ipso-

291 1373 370 1395 rnm
394 1360 531 1392 labores
562 1369 635 1390 non
664 1356 749 1389 sinit
779 1367 849 1389 esse
874 1356 1012 1395 irritos,
1039 1368 1102 1388 nee
1125 1355 1272 1389 dissolvi

290 1422 466 1456 unquam,
495 1409 589 1454 quod
606 1420 646 1440 ex
662 1407 736 1450 ipso
753 1414 814 1441 est.

392 1477 506 1521 Super
524 1474 590 1508 hoc
600 1475 830 1508 fundamento
848 1473 975 1506 scimus
987 1473 1177 1506 extruxisse
1188 1471 1275 1506 Phi-

295 1530 452 1572 lippum,
492 1538 563 1559 nna
596 1537 674 1558 cuni
710 1522 864 1557 Luthero
901 1531 934 1556 et
968 1530 1044 1566 post
1078 1522 1274 1557 Lutherum

296 1579 429 1623 optima
446 1577 532 1615 fide,
559 1576 734 1618 integrum
751 1573 888 1617 Corpus
906 1574 1104 1611 doctrinae,
1133 1575 1223 1606 bona
1244 1581 1276 1607 et

296 1628 478 1675 perspicua
498 1625 662 1660 methodo
675 1652 683 1665 ‚
709 1625 825 1658 studio
842 1626 966 1657 vitasse
984 1636 1106 1657 omnes
1133 1625 1275 1658 inutiles

298 1688 331 1715 et
350 1678 561 1725 periculosas
583 1676 856 1719 disputationes,
882 1682 914 1708 et
939 1675 1147 1708 abstinuisse
1173 1676 1274 1709 etiam

300 1743 363 1765 suo
388 1728 535 1762 consilio
562 1740 581 1761 a
605 1739 677 1760 non
702 1726 904 1759 necessariis
928 1725 1222 1768 flagellationibus
1246 1733 1277 1760 et

300 1779 587 1815 damnationibus
599 1778 769 1819 aliorum,
798 1783 830 1809 et
846 1776 952 1809 simul
977 1776 1169 1809 illustrasse
1192 1778 1278 1810 scri-

302 1832 371 1877 ptis
397 1837 429 1864 et
453 1841 536 1863 voce
554 1840 674 1862 omnes
697 1828 851 1871 reliquas
867 1833 975 1867 artes,
1004 1839 1091 1870 quae
1109 1828 1151 1859 ad
1170 1828 1278 1872 expli-

303 1882 476 1917 cationem
493 1879 673 1913 doctrinae
689 1878 846 1911 coelestis
861 1879 1072 1910 necessariae
1088 1885 1179 1913 sunt.

402 1948 478 1981 Hae
495 1945 756 1980 lucubrationes
778 1945 1004 1978 conferantur
1027 1957 1104 1977 cum
1130 1945 1279 1979 aliorum

307 1998 455 2038 chartis,
489 1997 551 2043 qui
583 1997 649 2030 sibi
683 1997 849 2029 videntur
877 2007 959 2039 prae
983 1995 1126 2028 caeteris
1149 2008 1279 2040 sapere,

306 2058 340 2085 et
365 2050 558 2095 plurimum
581 2048 775 2087 laborasse,
816 2053 850 2079 et
872 2046 1024 2079 effecisse
1048 2046 1085 2078 in
1114 2045 1281 2086 Ecclesia,

305 2113 401 2134 nunc
426 2111 509 2132 vero
531 2097 689 2142 occupati
712 2104 793 2130 sunt
818 2097 855 2130 in
882 2108 940 2135 eo,
975 2098 1151 2141 quomodo
1177 2097 1283 2132 huius

306 2152 374 2184 viri
402 2151 528 2194 scripta
559 2154 718 2192 carpant,
750 2159 787 2180 ac
817 2154 972 2191 suspecta
1002 2154 1034 2180 et
1064 2147 1175 2182 invisa
1207 2150 1283 2182 aliis

306 2203 472 2240 reddant,
498 2207 530 2234 et
548 2211 626 2233 vere
643 2198 874 2241 conspicietur
890 2198 1075 2231 discrimen
1094 2198 1195 2243 longe
1211 2201 1282 2233 evi-

308 2253 466 2293 dentius,
492 2263 596 2297 quam
614 2251 706 2284 inter
729 2261 852 2282 aurum
878 2255 910 2282 et
934 2249 1080 2293 stipulas
1105 2257 1172 2293 est,
1199 2263 1284 2296 quas

930 87 1175 126 EPISTOLA
1214 87 1619 128 NUNCUPATORIA.

2184 87 2280 123 1064

1295 185 1412 212 tamen
1438 176 1497 211 isti
1520 187 1626 221 super
1641 176 1764 210 eodem
1781 176 2030 219 fundamento,
2053 182 2094 211 ut
2109 173 2281 214 iactitant,

1295 234 1486 269 extructas,
1513 227 1658 272 aequari
1683 239 1768 260 auro
1794 225 1962 266 Lutheri,
1995 234 2030 262 et
2053 227 2156 270 longe
2179 236 2280 270 prae·

1295 278 1381 314 ferri
1397 285 1540 333 argento
1559 275 1717 322 Philippi
1735 277 1872 314 volunt.
1926 277 1994 312 Sed
2009 284 2049 311 ut
2063 277 2194 311 dictum
2219 281 2281 315 est,

1297 329 1388 373 ignis
1405 336 1524 373 arguet
1541 328 1818 374 uniuscuiusque
1834 340 1939 373 opus,
1965 340 2005 361 eo
2022 327 2091 370 die,
2117 339 2187 371 quo
2206 324 2280 359 Do-

1298 381 1416 413 minus
1452 379 1621 413 iudicabit
1652 378 1850 412 Fabrorum
1879 389 2023 412 suorum
2060 383 2283 417 structuram,

1301 431 1394 476 quod
1421 437 1557 474 tempus
1583 431 1755 474 patienter
1778 435 1957 473 expectent
1975 426 2136 462 homines
2161 427 2282 460 mode-

1301 481 1366 522 sti,
1393 493 1456 514 nec
1474 488 1604 515 temere
1618 493 1656 514 ac
1679 480 1949 525 praecipitanter
1967 479 2182 524 applaudant
2199 477 2285 512 isto-

1302 543 1381 565 rum
1400 532 1577 576 pomposis
1595 537 1628 564 et
1646 530 1833 565 artificiose
1849 530 1950 575 pictis
1966 537 1999 564 et
2023 529 2114 563 mito
2132 528 2207 562 zelo
2224 537 2285 561 ve-

1304 582 1417 616 ritatis
1434 583 1584 615 tuendae
1598 582 1722 616 fucatis
1742 581 1968 617 clamoribus.

1406 655 1512 690 Hunc
1535 656 1642 700 igitur
1661 657 1818 690 libellum
1837 656 1979 690 caeteris
1997 654 2143 690 utilibus
2159 665 2287 686 monu-

1308 707 1435 740 mentis
1451 704 1606 751 Philippi
1627 708 1890 750 adiungendum
1903 734 1913 748 ,
1938 708 1980 740 ad
2000 713 2033 739 te
2050 705 2171 745 mitto,
2203 703 2288 737 [llu-

1309 758 1477 791 strissime
1495 757 1660 801 Princeps
1677 757 1854 799 Palatine,
1881 770 1922 791 eo
1943 756 2109 794 consilio,
2137 762 2176 789 ut
2199 755 2290 788 sicut

1310 806 1515 851 Philippum
1541 809 1646 841 semel
1669 814 1729 841 tuo
1754 809 1905 849 iudicio,
1932 815 1969 841 ut
1995 806 2060 841 Dei
2087 806 2289 839 ministrum

1312 865 1344 892 et
1367 859 1452 892 utile
1479 869 1669 901 organum,
1702 870 1820 892 amore
1846 871 1917 892 non
1940 859 2054 892 aulico
2079 857 2291 901 complexus,

1313 910 1355 942 ad
1393 916 1586 943 extremum
1617 920 1726 953 usque
1755 909 1933 950 dilexisti,
1975 909 2021 942 ita
2053 908 2127 941 eins
2158 906 2291 940 mortui

1313 959 1417 993 etiam
1438 960 1566 992 famam
1595 966 1628 993 et
1649 959 1870 993 autoritatem
1893 966 2014 993 contra
2032 959 2157 992 talium
2173 955 2290 990 homi-

1313 1022 1398 1043 num
1415 1010 1580 1053 indignos
1595 1020 1732 1043 morsus
1748 1010 1876 1044 tuearis
1890 1017 1924 1044 et
1938 1016 2107 1055 protegas.

1415 1084 1553 1120 Deinde
1587 1086 1691 1119 etiam
1724 1087 1932 1120 commendo
1966 1092 2045 1120 tuae
2081 1082 2295 1118 Celsitudini

1315 1136 1421 1171 huius
1437 1137 1503 1170 viri
1520 1134 1801 1171 honestissimam
1818 1137 2000 1176 familiam,
2015 1148 2103 1181 quae
2118 1133 2185 1169 hoc
2199 1146 2295 1168 anno

1316 1188 1504 1231 dupliciter
1518 1188 1657 1228 orbata,
1683 1188 1815 1231 gemini
1832 1188 1945 1221 luctus
1968 1186 2190 1230 gravissimas
2212 1196 2295 1218 cau-

1319 1250 1372 1272 sas
1395 1238 1513 1278 brevi,
1557 1235 1623 1271 hoc
1650 1245 1719 1278 est,
1759 1250 1885 1271 novem
1911 1237 2085 1271 mensium
2109 1235 2296 1270 intervallo

1320 1289 1451 1332 accepit
1470 1313 1479 1327 ‚
1522 1295 1665 1321 mortuo
1697 1288 1772 1321 viro
1804 1288 1992 1333 sapientia,
2036 1287 2234 1322 eruditione
2266 1291 2300 1319 et

1321 1340 1450 1372 virtute
1466 1339 1779 1381 praestantissimo,
1805 1337 1961 1372 Domino
1983 1338 2026 1374 D.
2044 1335 2202 1384 Georgia
2223 1334 2298 1370 Sa-

1323 1389 1426 1430 bino,
1449 1400 1577 1431 genero
1594 1387 1741 1423 Domini
1758 1386 1930 1435 Philippi
1945 1396 1977 1423 et
1998 1390 2191 1424 multorum
2208 1388 2299 1421 libe-

1324 1452 1443 1472 rorum
1468 1447 1581 1483 patre,
1608 1439 1755 1484 quibus,
1782 1440 1870 1473 sicut
1892 1447 1924 1473 et
1941 1451 2058 1480 socer,
2083 1440 2174 1480 suis,
2200 1449 2300 1484 prae-

1324 1498 1376 1523 ter
1399 1491 1527 1522 famam
1555 1490 1764 1523 eruditionis
1791 1497 1823 1523 et
1846 1490 2003 1528 virtutis,
2037 1497 2070 1524 et
2094 1489 2300 1524 excellentia

1325 1540 1457 1583 ingenii
1474 1547 1718 1580 monumenta,
1743 1548 1775 1574 et
1797 1542 1972 1574 bonorum
1995 1540 2152 1573 virorum
2175 1540 2302 1580 studia,

1325 1603 1448 1635 parum
1466 1591 1657 1622 admodum
1679 1591 1840 1635 reliquit,
1867 1602 2016 1635 quorum
2034 1591 2218 1624 amborum
2243 1602 2301 1624 or-

1326 1640 1451 1685 phanis
1476 1640 1674 1684 principum
1698 1642 1936 1676 munificentia
1959 1641 2140 1674 subveniri
2164 1641 2303 1686 aequis-

1326 1693 1453 1726 simum
1471 1698 1537 1728 est,
1565 1703 1669 1735 quam
1687 1690 1780 1725 Deus
1797 1692 2000 1735 largissimis
2021 1692 2183 1736 praemiis
2207 1704 2304 1725 com—

1328 1741 1505 1786 pensabit,
1538 1741 1627 1775 sicut
1647 1749 1792 1776 testatur
1814 1741 2013 1788 Syracides:
2051 1741 2137 1776 Esto
2159 1742 2305 1788 pupillis

1329 1793 1527 1826 misericors
1542 1799 1580 1825 ut
1598 1799 1713 1836 pater,
1737 1801 1770 1828 et
1785 1806 1847 1837 pro
1867 1795 1941 1827 viro
1957 1793 2060 1827 matri
2078 1793 2221 1828 illorum
2234 1821 2244 1835 ‚
2271 1799 2304 1827 et

1331 1844 1398 1877 eris
1422 1851 1460 1877 tu
1483 1842 1578 1876 velut
1607 1843 1698 1876 filius
1720 1844 1877 1878 altissimi
1902 1844 2086 1884 obediens,
2120 1851 2154 1879 et
2184 1845 2306 1888 diliget

1331 1902 1364 1928 te
1380 1894 1506 1936 magis,
1535 1905 1638 1937 quam
1657 1902 1766 1928 mater
1784 1902 1853 1930 tua.
1905 1893 1950 1928 Ei
1968 1895 2148 1928 verissimo
2175 1902 2208 1929 et
2230 1906 2305 1929 cer-

1331 1945 1474 1978 tissimis
1500 1944 1709 1977 testimoniis
1737 1946 1903 1989 patefacto
1928 1945 2022 1986 Deo,
2049 1952 2190 1979 aeterno
2208 1945 2306 1980 Patri

1333 1995 1477 2029 Domini
1513 1995 1624 2028 nostri
1654 1993 1740 2028 Iesu
1764 1992 1926 2036 Christi,
1965 1996 2139 2030 conditori
2169 1997 2306 2040 generis

1332 2045 1478 2079 humani
1501 2052 1532 2078 et
1551 2047 1805 2089 conservatori,
1830 2045 2084 2081 Celsitudinem
2108 2054 2203 2081 tuam
2227 2059 2307 2082 cum

1333 2098 1498 2130 omnibns
1527 2096 1597 2129 suis
1626 2098 1769 2141 supplex
1801 2100 2028 2139 commendo,
2071 2104 2104 2132 et
2128 2095 2223 2132 hunc
2251 2098 2310 2132 in-

1333 2155 1473 2182 euntem
1507 2158 1639 2179 annum
1673 2149 1808 2181 felicem
1839 2155 1872 2182 et
1902 2150 2133 2195 tranquillum
2161 2161 2201 2183 ex
2231 2150 2308 2183 ani-

1336 2212 1391 2232 mo
1423 2206 1517 2242 opto,
1576 2196 1664 2231 Data
1690 2199 1907 2244 Vitebergae.
1966 2199 2131 2235 Calendis
2154 2198 2310 2235 Ianuarii

1332 2249 1439 2284 Anno
1457 2248 1660 2283 M.D.1,X1.
