2415 2942
14 113 21 181 1
70 131 144 164 221
471 127 553 162 ΧΠ.

15 201 21 216 Ἰ
73 214 333 248 misericordiae
348 212 432 254 Dei,
464 213 552 247 sicut
569 212 660 245 Psal.
681 212 812 257 inquit:
848 211 975 244 Invoca
1002 222 1057 243 me

73 266 112 298 in
133 265 189 298 die
207 264 464 306 tribulationis,
493 271 527 298 et
550 264 696 308 eripiam
714 270 764 305 te,
791 270 823 296 et
846 262 1057 305 glorificabis

73 328 128 350 me
145 322 207 350 etc.

240 395 316 431 Sed
329 402 366 431 ut
384 396 668 445 manifestentur
684 404 790 441 opera
807 390 896 428 Dei.

176 465 357 499 Liberatio
390 463 496 498 huius
526 463 617 496 caeci
648 462 801 494 illustrat
825 460 970 503 gloriam
990 458 1056 492 Dei

72 516 277 560 tripliciter,
305 517 458 563 primum
482 516 554 559 ipsa
580 513 714 546 sanatio
741 519 791 544 est
814 511 1055 545 testimonium

73 568 116 600 de
141 565 302 607 Christo,
342 564 437 599 huuc
462 567 638 598 doctorem
663 575 681 596 3
701 563 780 596 Deo
801 563 946 595 missum
973 574 1055 595 esse.

73 617 161 651 Nam
187 617 352 650 milaeula
380 616 628 649 unixersaliter
650 620 733 647 sunt
765 613 965 647 testimonia
991 614 1054 645 do-

72 669 214 706 ctrinae,
230 675 263 701 et
278 679 356 700 811111
375 667 441 700 alia
458 667 535 699 aliis
555 666 741 699 videantur
757 664 908 704 111111013,
936 676 1053 696 01111111

71 720 334 762 coniungamus.
394 716 536 751 Certum
559 723 607 749 est
630 715 930 749 resuscitationem
956 727 1051 747 mor-

70 776 212 803 tuorum
236 770 344 802 solius
365 767 431 801 Dei
452 781 540 814 opus
565 779 654 808 esse,
695 778 775 809 ergo
805 764 967 799 Christus
1000 777 1054 798 re-

71 821 241 854 suscitans
258 827 432 861 mortuos,
466 832 538 852 non
562 825 613 852 est
631 815 955 863 pseudopropheta,
994 817 1051 849 sed

71 883 89 905 a
107 870 182 904 Deo
203 872 345 912 missus,
382 878 414 904 et
438 870 609 904 divinitus
634 869 767 912 regitur
794 881 831 901 ac
857 869 1053 907 adiuvatur,

70 922 158 955 sicut
182 923 220 955 in
243 929 338 955 textu
366 922 546 966 aliquanto
572 927 649 965 post
674 920 819 952 dicitur:
863 919 1052 961 Quomodo

68 979 181 1017 potest
197 970 302 1005 homo
327 979 486 1016 peccator
511 972 593 1005 talia
617 971 715 1014 signa
738 971 861 1005 facere.
915 969 1053 1002 Deinde

70 1024 267 1056 illustratur
292 1023 402 1066 gloria
422 1022 487 1056 Dei
512 1035 573 1067 per
597 1030 776 1059 sanatum,
814 1021 874 1066 qui
899 1020 1052 1064 primum

70 1075 235 1119 privatim
254 1075 330 1107 Deo
347 1074 474 1117 gratias
492 1075 560 1117 egit
580 1085 641 1117 pro
663 1080 759 1106 tanto
781 1072 960 1112 beneficio,
989 1084 1052 1114 po—

71 1133 141 1158 stea
159 1132 316 1159 autorem
335 1126 506 1165 celebrat,
534 1131 565 1157 et
583 1124 672 1156 clara
692 1123 921 1162 confessione,
949 1129 1054 1155 testa—

71 1184 147 1216 tur,
175 1174 288 1214 hunc,
317 1188 333 1209 a
353 1188 422 1220 quo
443 1183 582 1208 sanatus
599 1182 664 1213 est,
701 1171 913 1217 prophetam
938 1185 1010 1206 esse
1034 1185 1052 1205 a

69 1225 144 1260 Deo
162 1227 325 1267 missum,
353 1227 423 1259 imo
440 1233 558 1270 postea
575 1223 737 1258 Christus
760 1225 863 1258 etiam
889 1224 1052 1257 nomina-

71 1278 134 1311 tim
151 1290 228 1310 811111
245 1278 344 1310 docet
365 1278 406 1309 de
423 1289 559 1310 summo
577 1276 738 1314 articulo,
767 1276 863 1308 iubet
881 1288 959 1307 eum
977 1286 1053 1306 cre-

72 1329 154 1361 dere
172 1329 206 1360 iu
225 1328 335 1361 filium
354 1328 429 1368 Dei,
457 1325 561 1361 ethic
580 1334 719 1360 sanatus
737 1327 940 1369 respondet:
968 1325 1054 1358 Cre-

72 1381 117 1412 do
134 1379 288 1412 domine.
342 1378 436 1411 Haec
455 1379 497 1411 de
516 1378 628 1410 causis
652 1377 883 1410 afflictionum
909 1384 939 1409 et
964 1376 1054 1409 libe—

69 1430 248 1463 rationum
274 1429 310 1461 in
336 1427 502 1461 hocloco
535 1429 649 1471 dicta,
690 1428 825 1472 aliquid
857 1428 943 1459 lucis
972 1425 1053 1459 huic

69 1480 265 1513 narrationi
282 1487 314 1512 et
331 1480 504 1512 similibus
520 1479 690 1520 afferunt,
716 1486 749 1512 et
773 1489 836 1511 nos
861 1478 896 1510 in
923 1478 1051 1510 nostris

70 1531 246 1570 aerumnis
262 1531 396 1564 utiliter
411 1530 588 1565 erudiunt.

95 1615 160 1651 Me
178 1619 312 1663 oportet
331 1613 477 1661 operari
491 1625 597 1661 opera
623 1612 716 1651 eius,
750 1612 816 1660 qui
836 1611 935 1645 misit
961 1623 1028 1646 me.

169 1683 366 1725 Diligenter
381 1680 464 1714 haec
481 1680 650 1714 sententia
667 1687 698 1713 et
714 1680 844 1712 similes
863 1681 1051 1712 observan-

72 1737 135 1769 dae
152 1740 251 1771 suut,
279 1745 366 1776 quae
385 1734 427 1764 de
443 1733 579 1771 labore,
606 1743 666 1763 seu
690 1732 732 1763 de
757 1731 952 1765 vocationis
976 1732 1052 1763 osti-

72 1786 134 1819 ciis
151 1784 380 1829 praecipiunt.
435 1782 523 1814 Nam
547 1788 578 1814 et
602 1782 727 1814 docent
746 1793 809 1813 1105
826 1783 868 1813 (18
889 1794 925 1813 re
943 1782 1052 1813 maxi-

71 1849 127 1870 ma
153 1843 185 1869 et
211 1835 378 1867 adversus
410 1844 631 1865 communem
660 1832 889 1864 tentationem
914 1832 1051 1874 sapien-

70 1895 144 1921 tum
164 1885 407 1919 consolantur.⁴
453 1881 666 1925 Experimur
690 1883 726 1914 in
753 1883 850 1914 omni
876 1883 1052 1925 guberna-

69 1939 165 1973 tione
191 1947 315 1979 magua
339 1942 370 1967 et
397 1945 524 1977 parva,
564 1933 688 1965 multas
719 1944 790 1966 esse
817 1934 1052 1974 difficultates,

68 2000 157 2034 quae
175 1985 327 2020 humana
344 1985 524 2027 diligentia
545 1983 648 2016 1811111
668 1996 739 2016 11011
758 1991 912 2027 possunt,
941 1984 1050 2017 11111113

68 2039 222 2083 ingenti-1
243 2036 396 2082 pericula
414 2037 506 2068 1111111
499 2046 648 2094 cunque
663 2036 766 2074 01··111,
796 2047 883 2079 quae
900 2035 1048 2078 prospiti

68 2098 101 2125 et
117 2089 229 2124 caveri
248 2094 448 2132 nequeunt,
476 2071 629 2130 denique
653 2097 769 2129 saepe,
804 2092 842 2118 ut
865 2093 1050 2129 tempesta-

67 2149 140 2176 tum
159 2141 298 2173 saevitia
325 2150 380 2171 ars
406 2151 439 2171 11
434 2137 549 2170 ¹ivium
575 2137 883 2179 gul)e1·.¹utnd¹trum
908 2148 1021 2180 superi
1024 2151 1050 2169 1-

66 2200 141 2231 tur,
170 2191 216 2223 ita
236 2201 378 2234 prorsus
395 2188 486 2221 vinci
505 2188 649 2220 consilia
674 2188 868 2230 sapientum
886 2188 1049 2231 inopina-

68 2245 112 2278 tis
131 2242 323 2276 eventibus.
379 2239 418 2272 Id
439 2246 656 2284 quaeruntur
672 2236 927 2272 Demosthenes
944 2238 1048 2272 etCi-

67 2307 165 2335 cero,
200 2293 282 2325 inde
306 2298 339 2325 et
362 2302 481 2323 versus
506 2296 607 2322 natus
630 2295 695 2322 est:
731 2288 847 2322 Vitam
873 2291 959 2332 regit
977 2290 1048 2322 for-

67 2353 169 2385 tuna,
195 2356 267 2376 non
285 2342 468 2386 sapientia.
521 2340 639 2382 Quare
663 2340 764 2372 multi
790 2341 962 2384 sapientes
988 2341 1049 2372 de-

67 2403 157 2430 serta
194 2394 449 2438 gubernatione
493 2403 628 2431 rerum,
683 2390 895 2424 abdiderunt
936 2403 971 2424 se
1010 2392 1048 2424 111

70 2447 196 2486 otium,
223 2452 256 2479 et
283 2450 505 2489 praeceptum
528 2442 752 2475 tradiderunt
775 2439 872 2475 λα’θε
895 2439 1047 2487 βιώσας.

68 2494 318 2530 Demosthenes
338 2495 442 2529 etiam
460 2494 548 2527 dixit
567 2505 689 2533 senex,
717 2504 768 2533 se,
794 2493 822 2524 si
843 2493 910 2525 iam
928 2493 1048 2528 liceret

71 2547 138 2580 sihi
164 2547 269 2579 libere
293 2547 334 2579 de
362 2558 422 2579 sua
447 2546 517 2579 vita
539 2551 708 2584 statuere,
746 2550 930 2588 essentque
956 2545 1046 2578 duae

70 2598 159 2631 vitae
189 2598 401 2641 propositae,
445 2597 552 2630 altera
583 2596 624 2628 ad
652 2607 807 2628 summos
829 2593 980 2628 honores
1008 2596 1045 2629 in

67 2647 205 2692 Repub.
231 2648 377 2686 ducens,
418 2648 525 2681 altera
548 2653 640 2679 recta
667 2646 709 2679 ad
738 2653 905 2686 mortem,
940 2647 1044 2680 malle

69 2711 149 2733 mox
167 2698 304 2742 ingredi
320 2699 412 2733 viam
428 2698 524 2732 illam
550 2704 643 2731 recta
670 2698 854 2731 ducentem
878 2698 921 2731 ad
948 2709 1043 2732 mor-

605 123 903 162 ENARRATIO
931 125 981 160 IN
1008 122 1191 160 EVANG.
1219 121 1434 159 IOANNIS.

1486 123 1589 162 CAP.
1619 124 1680 161 lX.
2021 128 2097 162 222

1112 216 1200 250 tem,
1229 222 1333 254 quam
1358 210 1501 244 alteram
1522 216 1778 255 proponentem
1796 211 1966 245 maximos
1983 209 2098 246 hono-

1110 272 1164 292 res
1189 261 1223 294 in
1246 260 1457 307 Republica.
1525 261 1631 304 Quod
1661 262 1731 294 iam
1761 273 1827 295 usu
1860 263 2098 307 comperisset,

1111 319 1282 354 quantum
1305 312 1342 343 in
1359 313 1615 354 gubernatione
1638 313 1875 356 periculorum
1899 313 1965 354 sit,
1990 326 2096 358 quam

1110 372 1183 392 non
1214 364 1450 404 respondeant
1493 371 1638 396 eventus
1670 365 1836 398 consiliis.
1903 362 2098 398 Aeschines

1110 411 1254 444 exulans
1268 412 1388 445 scribit
1401 424 1436 445 se
1453 414 1619 455 gratulari
1637 414 1704 446 sibi
1725 415 1836 447 otium
1855 427 1970 456 suum,
1998 417 2096 460 quod

1110 468 1276 507 tanquam
1299 474 1316 494 a
1334 463 1471 496 rabiosa
1491 476 1596 502 cane,
1624 476 1641 496 a
1659 463 1812 508 Reipub.
1841 467 2097 508 gubernatione

1109 512 1276 545 liberatus
1296 513 1356 546 sit:
1383 520 1417 546 et
1433 513 1534 547 Plato
1553 514 1731 547 Socratem
1757 524 1875 549 narrat
1892 517 2019 559 fugisse
2034 519 2097 550 ad-

1108 563 1404 597 ministrationem
1421 563 1574 608 Reipub.
1601 563 1763 609 Denique
1786 566 1876 599 dicta
1899 568 2098 610 sapientum

1108 621 1142 647 et
1167 615 1322 658 exempla
1346 622 1428 648 sunt
1453 616 1624 659 plurima,
1677 628 1764 659 quae
1794 625 1940 651 monent
1965 619 2098 651 tutissi-

1108 677 1205 698 mum
1226 677 1298 698 esse
1315 665 1424 698 vitare
1441 667 1561 699 omnia
1579 667 1717 709 negotia
1736 667 1895 709 publica,
1921 675 1953 701 et
1970 669 2097 709 aliena,

1108 727 1233 758 magna
1252 724 1282 750 et
1300 728 1427 759 parva,
1454 717 1607 761 denique
1631 719 1673 749 de
1692 718 1834 761 privatis
1851 719 2023 752 sodalitiis
2045 720 2100 752 di-

1109 767 1217 801 citur:
1262 766 1361 800 Nulli
1387 775 1419 801 te
1442 768 1548 800 facias
1580 768 1686 801 nimis
1714 769 1890 811 sodalem,
1931 771 2099 813 gaudebis

1109 818 1245 858 minus,
1273 825 1304 851 et
1322 819 1440 851 minus
1460 819 1606 852 dolebis.

1209 868 1342 902 Contra
1366 867 1457 902 hanc
1479 867 1672 903 humanam
1705 871 1911 915 sapientiam
1942 872 2098 907 clamitat

1108 917 1288 953 Christus:
1317 919 1378 952 ⁷Me
1402 927 1540 963 oportet
1560 921 1672 954 facere
1696 934 1801 966 opera
1827 923 1921 963 eius,
1957 924 2019 968 qui
2042 936 2098 957 me

1107 971 1221 1008 misit,
1262 972 1374 1003 donec
1398 972 1472 1004 dies
1499 979 1567 1012 est,
1603 972 1639 1004 id
1665 980 1732 1011 est,
1769 974 1880 1007 donec
1910 971 1994 1007 haec
2019 986 2097 1008 mea

1108 1022 1242 1054 vocatio
1268 1023 1425 1054 sonantis
1452 1021 1639 1066 Evangelii
1671 1024 1792 1062 durat,
1843 1024 1892 1057 sic
1914 1025 2097 1068 Apostolis

1109 1073 1297 1116 praecipit,
1338 1080 1376 1106 ut
1403 1074 1570 1114 doceant,
1614 1086 1677 1106 nec
1703 1081 1859 1108 metuant
1880 1082 2031 1109 terrores
2057 1088 2097 1110 ac

1108 1124 1281 1167 pericula,
1315 1136 1378 1156 nec
1397 1124 1606 1167 frangantur
1622 1125 1770 1165 animis,
1797 1126 1930 1158 etiamsi
1952 1134 2096 1160 eventus

1110 1187 1179 1206 uon
1206 1176 1420 1218 respondent
1445 1174 1608 1207 humanis
1635 1176 1876 1219 opinionibus.
1929 1176 1987 1210 Sic
2013 1177 2097 1211 Mo-

1107 1236 1159 1258 ses
1175 1223 1249 1257 Deo
1276 1226 1494 1268 obtemperat
1524 1226 1675 1258 educens
1700 1227 1886 1270 populum,
1921 1234 1953 1261 et
1982 1241 2096 1273 quan-

1107 1287 1211 1320 quam
1230 1275 1361 1308 instant
1378 1273 1506 1314 hostes,
1535 1285 1651 1309 tamen
1670 1277 1766 1310 iubet
1780 1279 1947 1320 populum
1967 1291 2094 1322 magno

1108 1327 1227 1359 animo
1244 1338 1333 1360 esse:
1364 1326 1471 1366 State,
1502 1327 1628 1371 inquit,
1656 1328 1738 1372 quia
1758 1329 1923 1361 videbitis
1942 1329 2095 1371 gloriosa

1107 1388 1212 1421 opera
1231 1376 1308 1411 Dei.
1363 1376 1420 1410 Sic
1438 1377 1569 1411 Paulus
1588 1379 1702 1423 inquit
1719 1380 1761 1412 ad
1780 1377 1905 1423 EpheS.
1923 1379 1975 1413 5.;
2006 1379 2096 1414 Am-

1108 1428 1225 1460 lnilate
1244 1427 1450 1471 diligenter,
1478 1441 1550 1462 non
1574 1436 1610 1462 ut
1629 1430 1854 1473 insipientes,
1890 1432 1949 1463 5811
1974 1439 2011 1465 ut
2040 1444 2095 1465 sa·—

1109 1479 1262 1522 pienteS,
1289 1479 1500 1512 redimentes
1519 1487 1673 1523 tempus,
1701 1481 1781 1525 quia
1808 1481 1881 1513 dies
1901 1482 1983 1514 mali
2001 1490 2093 1516 sunt.

1108 1529 1222 1563 Simul
1256 1530 1500 1573 complectitur
1524 1530 1654 1564 Paulus
1687 1532 1796 1575 ipsam
1822 1533 2095 1576 impedimento-

1108 1593 1184 1612 rum
1208 1582 1446 1621 mentionem,
1481 1588 1513 1614 et
1541 1589 1656 1615 tamen
1681 1582 1776 1615 iubet
1802 1583 1873 1616 illis
1898 1596 2093 1627 repugnare

1108 1638 1191 1666 arte.
1243 1630 1326 1663 Dies
1347 1632 1427 1664 mali
1445 1639 1544 1673 sunt,
1572 1633 1605 1665 id
1626 1639 1693 1670 cst,
1723 1634 1756 1664 iu
1775 1631 1879 1666 liuius
1899 1634 2094 1668 1113818111-

1108 1695 1190 1726 pore
1208 1682 1338 1714 multae
1358 1683 1580 1716 difficultates
1607 1684 1804 1727 impediunt
1824 1685 1915 1717 1101111
1934 1687 2092 1726 consilia,

1109 1744 1231 1775 magua
1257 1734 1408 1776 pericula
1435 1735 1610 1767 deterrent
1639 1735 1767 1767 1111111115
1795 1737 1882 1768 liene
1908 1737 2091 1770 consulere

1106 1783 1259 1827 Reipub.
1311 1783 1545 1829 Quanquam,
1573 1786 1705 1830 iuquit,
1734 1784 1816 1819 haec
1837 1787 1881 1819 ita
1907 1787 2013 1829 fiunt,
2040 1794 2093 1821 ta-

1107 1847 1186 1867 men
1211 1848 1283 1867 non
1308 1836 1505 1869 abiicienda
1529 1845 1577 1870 cst
1601 1837 1809 1879 gubernatio
1840 1850 1978 1880 rerum,
2018 1851 2092 1872 non

1106 1887 1322 1918 cessandum.

1209 1935 1305 1978 Quid
1322 1937 1429 1980 igitur
1446 1938 1647 1971 faciendum
1667 1945 1733 1977 est,
1768 1939 1860 1973 dicet
1879 1938 1996 1981 Flam,
2030 1947 2091 1974 aut

1106 1986 1254 2027 similes,
1281 2000 1358 2020 cum
1375 1986 1464 2021 nihil
1483 1996 1541 2023 aut
1560 2002 1681 2033 parum
1702 1991 1869 2033 proficere
1894 1991 2092 2034 possimus?

1106 2036 1310 2080 Respondet
1328 2036 1385 2072 hie
1403 2037 1581 2073 Christus:
1611 2038 1763 2084 Oportet
1780 2054 1834 2074 me
1854 2042 1964 2074 facere
1983 2054 2089 2086 opera

1105 2088 1196 2128 eius,
1224 2090 1283 2133 qui
1302 2090 1395 2124 misit·
1412 2103 1486 2131 me,
1520 2092 1555 2124 id
1581 2098 1650 2130 est,
1686 2104 1791 2136 opera
1816 2105 1912 2125 meae
1934 2093 2090 2126 vocatio-

1106 2139 1177 2179 nis,
1213 2152 1272 2173 seu
1296 2141 1490 2182 missionis,
1518 2149 1551 2176 et
1578 2143 1608 2178 l.
1625 2141 1784 2177 Corinth.
1802 2143 1824 2175 9
1849 2157 1855 2175 :
1890 2142 1962 2175 Vae
1985 2141 2087 2185 mihi,

1104 2189 1130 2221 si
1165 2202 1237 2223 non
1271 2193 1573 2234 evangelizavero,
1630 2200 1662 2227 et
1701 2206 1799 2237 saepe
1830 2195 1870 2226 de
1904 2194 2088 2228 vocatione

1103 2241 1333 2285 praecipitur,
1360 2244 1401 2275 ad
1419 2242 1522 2277 Rom.
1545 2246 1596 2280 12.
1623 2252 1654 2278 et
1672 2245 1774 2285 alibi,
1810 2251 1848 2277 ut
1871 2255 1968 2277 suam
1991 2246 2089 2290 quis—-

1103 2304 1168 2336 que
1187 2293 1404 2326 vocationem
1422 2295 1608 2338 diligenter
1625 2296 1735 2335 obeat,
1762 2307 1825 2327 nec
1844 2295 1985 2330 abiiciat
2001 2308 2087 2338 eam,

1103 2349 1246 2386 propter
1276 2351 1444 2386 terrores,
1485 2347 1586 2387 odia,
1619 2346 1781 2386 iniurias,
1813 2346 1985 2390 pericula,
2026 2354 2087 2382 aut

1104 2401 1249 2427 eventus
1268 2395 1392 2431 tristes.
1447 2395 1492 2430 Et
1511 2398 1552 2429 311
1570 2395 1661 2429 hanc
1678 2397 1874 2429 doctrinam
1902 2399 2086 2431 addendae

1102 2451 1181 2477 sunt
1201 2442 1266 2478 hae
1285 2446 1375 2480 duae
1393 2448 1669 2487 consolationes,
1696 2447 1763 2480 fide
1788 2448 1958 2481 auxilium
1975 2460 1992 2482 a
2009 2448 2084 2483 Deo

1103 2498 1356 2538 expectandum
1374 2510 1462 2539 esse,
1488 2507 1520 2532 et
1537 2499 1727 2542 sperandos
1744 2505 1889 2532 eventus
1904 2499 2084 2541 salutares,

1102 2547 1237 2579 etiamsi
1255 2560 1319 2581 nos
1334 2561 1406 2581 non
1424 2549 1538 2582 statim
1565 2550 1742 2582 cernimus
1765 2562 1822 2583 eos
1848 2550 1977 2583 nostris
1996 2563 2082 2584 ocu-

1099 2596 1153 2631 lis.
1213 2597 1312 2632 Sicut
1341 2598 1504 2633 Ieremias
1534 2601 1720 2634 consulens
1760 2613 1831 2634 rem
1860 2612 2005 2641 novam,
2049 2609 2081 2634 et

1099 2659 1186 2691 quae
1203 2649 1387 2683 videbatur
1402 2651 1506 2683 exitio
1521 2652 1638 2685 futura
1661 2652 1713 2684 illi
1730 2652 1891 2695 politiae,
1918 2652 2081 2685 videlicet

1096 2699 1313 2733 deditionem
1332 2707 1365 2735 et
1381 2702 1569 2744 auxilium,
1606 2710 1722 2737 tamen
1739 2703 1868 2737 sciebat
1885 2701 1950 2736 hoc
1966 2705 2078 2736 consi-
