2415 2942
934 527 1087 568 PH111.
1118 526 1263 569 MEL.

376 596 730 639 ENARRATIO
770 596 1114 640 EPISTOLAE
1158 600 1338 642 PAULI
1382 599 1466 640 AD
1500 599 1808 643 ROMANOS.

192 687 329 717 Sedecim
357 687 460 724 annis,
491 692 649 726 postquam
680 686 893 717 commentarii
917 688 990 718 Mol.
1021 688 1051 717 in
1074 688 1172 727 Epist.
1195 691 1232 719 ad
1256 689 1343 720 Rom.
1366 690 1465 720 lucem
1487 690 1643 727 viderant,
1674 689 1911 729 praeterlapsis,
1934 688 2112 719 Melanthon

84 739 192 760 novam
215 729 435 760 enarrationem
458 729 591 760 eiusdem
614 729 760 768 epistolae
785 729 951 760 elaboravit
975 735 1003 760 et
1029 731 1136 769 edidit,
1165 731 1278 763 Ulrz’co
1299 732 1493 763 Mordeisen
1515 732 1701 772 inscriptam.
1725 732 1810 773 (Vid.
1835 732 1923 771 epist.
1946 737 2110 770 nuncupat.

85 781 177 811 supra
206 772 271 802 Vol.
295 772 372 802 Vlll.
395 782 423 810 p.
447 772 537 812 737.)

125 814 280 853 Epistolae
301 814 388 844 Pauli
412 814 542 852 scriptae
565 815 604 845 ad
626 814 780 845 Romanos
803 815 982 852 Enarratio,
1008 816 1087 846 edita
1117 826 1136 846 a
1158 816 1234 847 Phil.
1268 818 1475 850 Melanthone.

169 866 207 885 ex
232 856 310 888 offic.
335 857 553 896 typographica
576 857 636 887 Viti
661 858 835 895 Creutzeri,
865 858 1034 897 sumptibus
1059 859 1190 889 four-adi
1213 860 1323 891 Rhuel.

931 903 946 930 1
971 902 1059 939 Alph.
1084 902 1103 931 9
1126 902 1167 940 pl.
1192 920 1233 925 -—
1257 908 1286 933 et
1309 904 1433 933 iterum:
1457 902 1615 942 Epistulae
1631 902 1720 935 Pauli
1742 920 1783 926 —
1806 920 1848 926 —
1870 919 1909 926 --
1955 901 2109 941 Viteberg.

124 898 264 936 Repetita
286 899 356 929 ibid.
382 904 410 928 et
433 901 511 938 apud
536 901 663 930 eundem
686 911 764 931 anno
791 902 883 931 1558.

166 947 283 970 execut.
314 942 356 971 Io.
380 942 473 972 Lufft.
505 943 596 973 1561.
651 944 666 973 1
691 944 780 982 Alph.
805 944 824 973 9
848 944 886 982 pl.
909 945 937 973 8.

1528 818 1562 848 A.
1589 818 1680 848 1556.
1712 818 1763 858 (111
1786 817 1876 857 fine:)
1912 815 2108 856 Witebergae

1378 863 1393 890 1
1419 860 1508 899 Alph.
1539 862 1558 889 8
1580 860 1621 899 pl.
1646 861 1676 891 8.

78 982 110 1012 ln
135 993 202 1022 opp.
225 983 429 1015 Melanthonis
452 994 471 1015 a
493 984 628 1015 Peucero
657 986 745 1016 editis
769 986 858 1016 Tom.
882 986 933 1016 IV.
969 996 997 1025 p.
1022 986 1194 1018 35—209.

249 1184 590 1222 EPISTOLAE
618 1187 793 1222 PAULI
829 1188 1119 1224 SCRIPTAE
1155 1188 1230 1223 AD
1257 1189 1554 1226 ROMANOS
1590 1187 1947 1224 ENARRATIO

425 1253 616 1289 EDITA
649 1257 678 1289 A
715 1255 861 1290 PHIL.
897 1255 1309 1292 MELANTHONE
1344 1256 1503 1292 ANNO
1539 1256 1757 1295 M,D.Lvt.

280 1363 588 1417 Argumentum
627 1364 859 1415 Epistolae.

73 1437 190 1494 Deus
215 1460 290 1493 vult
311 1461 453 1503 agnosci
477 1460 589 1494 filium
615 1461 866 1500 mediatorem,
902 1472 963 1493 nec
991 1460 1066 1493 vult

76 1512 178 1544 aliter
201 1511 350 1544 liberare
375 1510 535 1544 homines
559 1524 577 1545 a
601 1520 742 1556 peccato
768 1519 800 1544 et
827 1525 843 1544 a
871 1519 983 1544 morte
1009 1523 1065 1543 ae-
1090 1522 1092 1554 ᾗ

1090 1558 1092 1568 ,

73 1569 193 1601 terna,
221 1562 288 1594 nisi
314 1563 348 1595 in
374 1563 598 1595 invocatione
625 1563 709 1603 filii,
738 1563 826 1596 sicut
856 1563 1064 1594 insecundo

73 1611 215 1645 Psalmo
244 1613 347 1646 dicit:
384 1611 606 1645 Osculawini
632 1613 766 1652 filium,
803 1612 902 1645 Beati
929 1624 1064 1652 omnes,

76 1663 135 1707 qni
163 1663 345 1696 confidunt
371 1664 406 1695 in
433 1676 483 1695 eo.
545 1662 591 1696 Et
615 1664 723 1709 patris
750 1676 834 1702 vox,
871 1675 997 1694 sonans
1024 1665 1065 1694 dc

78 1713 178 1746 coelo
205 1713 288 1746 haec
305 1721 372 1746 est:
399 1711 467 1745 Hic
485 1720 533 1746 est
553 1714 645 1745 filins
663 1725 760 1745 mens
777 1714 941 1751 dilectos,
970 1710 1064 1744 lmnc

74 1765 205 1796 audite.
260 1763 303 1797 Et
322 1765 412 1797 filins
433 1764 566 1808 inquit:
596 1763 706 1796 Nemo
735 1765 829 1796 venit
854 1765 895 1795 ad
918 1771 1063 1805 pati-cm,

74 1816 140 1846 nisi
162 1828 221 1857 per
238 1816 358 1847 filium,

73 1873 262 1907 agnoscant
291 1872 322 1897 te
340 1864 456 1897 Deum
483 1877 623 1903 verum,
654 1873 686 1899 et
710 1877 812 1910 quem
838 1865 982 1904 misisti,
1011 1863 1061 1896 le-

73 1928 149 1948 sum
168 1928 239 1948 esse
258 1913 451 1949 Christum.

177 1973 322 2007 Necesse
341 1983 388 2007 est
408 1974 535 2016 igitur,
566 1973 601 2005 in
620 1972 775 2006 Ecclesia
802 1980 892 2005 recte
909 1973 1061 2015 conspici

74 2025 242 2057 beneficia
272 2026 335 2057 filii
368 2025 433 2058 Dei
461 2025 622 2071 propria,
657 2025 691 2057 id
718 2032 783 2064 est,
821 2024 1060 2056 remissionem

75 2083 317 2119 peccatorum,
350 2076 692 2117 reconciliationem,
729 2075 955 2107 donationem
981 2075 1061 2117 Spi-

75 2128 165 2159 ritus
190 2127 319 2166 sancti,
354 2127 530 2166 iusticiae,
566 2133 597 2159 et
623 2126 712 2158 vitae
737 2134 909 2160 aeternae.
963 2124 1007 2158 Et
1025 2133 1060 2159 nt

72 2178 165 2209 filios
193 2175 257 2208 Dei
286 2184 377 2211 recte
410 2184 638 2220 agnoscatur,
676 2189 814 2209 necesse
838 2184 887 2210 est
920 2184 1059 2209 econtra

73 2228 239 2270 intelligi,
268 2229 370 2272 quale
389 2229 520 2261 malum
540 2229 580 2261 sit
599 2227 803 2265 Peccatum,
821 2235 853 2261 et
873 2228 965 2260 cerni
987 2228 1057 2259 ‹lis-

74 2279 207 2311 ‹zrimen
238 2279 330 2312 inter
356 2277 636 2323 philosophiam,
688 2279 797 2320 legem
832 2286 863 2311 et
895 2277 1058 2321 Evange-

71 2331 177 2370 lium‚
214 2331 305 2363 inter
332 2332 502 2364 iusticiam
530 2330 610 2362 fidei
640 2337 672 2363 et
698 2329 870 2362 iusticiam
899 2342 1057 2372 opernm,

72 2392 160 2425 qnae
179 2388 230 2414 est
247 2382 501 2427 qualiscunque
519 2382 700 2423 diligentia
722 2378 888 2418 humana,
904 2381 1056 2413 faciendi

74 2432 193 2474 legem.
248 2431 391 2466 Necesse
412 2442 459 2466 est
486 2434 588 2466 etiam
607 2432 712 2472 scire,
739 2431 852 2476 qualis
877 2439 995 2464 coctus
1013 2432 1057 2465 sit

73 2481 224 2514 Ecclesia
243 2481 306 2516 Dei
334 2485 368 2517 in
390 2482 450 2517 linc
470 2485 550 2520 vita.

174 2531 308 2566 Harum
330 2537 557 2568 maximni-nm
578 2547 693 2568 rerum
715 2532 888 2574 cognitio,
917 2532 1055 2575 sapien-

72 2585 118 2616 tia
137 2589 186 2616 est
210 2582 383 2618 Ecclesiae
409 2588 568 2631 propria,
601 2586 768 2629 patefacta
792 2585 826 2616 in
852 2584 1056 2626 promissio-

71 2636 175 2667 nibus
200 2642 232 2668 et
257 2648 338 2669 voce
364 2637 565 2681 Evangelii,
595 2638 675 2669 inde
698 2648 806 2679 usqne
829 2638 872 2667 ab
893 2636 1012 2674 initio,
1037 2648 1054 2667 a

70 2686 288 2729 promulgata
316 2690 426 2731 prima
451 2690 683 2736 promissione
709 2690 751 2721 acl
772 2687 906 2731 primos
928 2699 1052 2730 paren·
1080 2706 1084 2727 1

417 1815 519 1847 Item:
556 1813 650 1846 Haec
677 1822 727 1847 est
745 1815 813 1846 vita
833 1820 994 1852 aeterna,
1025 1824 1061 1846 nt
1089 1812 1091 1817 ¹

1089 1701 1091 1715 ⁴

1088 1978 1089 1985 ¹
1114 1973 1293 2005 faciendae
1314 1974 1410 2016 legis.

1085 2247 1086 2254 κ
1111 2224 1301 2269 Apostoli&

1119 1371 1188 1403 tes,
1222 1372 1253 1398 et
1279 1377 1380 1408 saepe
1404 1365 1532 1398 deinde
1565 1364 1721 1408 repetita.
1790 1363 1878 1399 Cum
1903 1361 1996 1396 enim
2023 1358 2108 1395 haec

1117 1416 1278 1449 doctrina
1309 1417 1352 1450 sit
1377 1425 1470 1450 extra
1494 1416 1622 1449 iudicia
1649 1415 1824 1454 humana,
1868 1413 2019 1448 subinde
2042 1410 2108 1446 ho-

1119 1467 1230 1499 mines
1247 1468 1414 1501 amittunt
1437 1480 1554 1500 veram
1579 1467 1690 1500 lucem
1711 1468 1754 1499 de
1773 1466 1987 1504 mediatore,
2015 1471 2046 1496 et
2064 1465 2106 1497 de

1118 1518 1254 1550 iusticia
1280 1519 1377 1558 fidei,
1406 1526 1437 1551 et
1464 1519 1678 1551 delabuntur
1703 1518 1745 1550 ad
1771 1517 1955 1561 opiniones
1984 1517 2107 1548 buma-

1118 1580 1198 1607 nas,
1227 1581 1316 1612 qnae
1335 1569 1593 1611 imaginantur,
1623 1575 1778 1600 nostram
1805 1567 2027 1610 disciplinam
2052 1579 2106 1598 re.-

1119 1620 1320 1651 missionem
1351 1626 1571 1662 peccatorum
1601 1626 1631 1652 et
1653 1616 1816 1651 homines
1834 1618 1894 1651 tali
1915 1617 2103 1659 disciplina

1120 1669 1228 1701 iustos
1255 1681 1344 1709 esse,
1385 1671 1419 1702 id
1445 1677 1513 1710 est,
1554 1678 1712 1713 acceptos
1736 1670 1832 1707 Deo,
1873 1676 1905 1701 et
1938 1666 2105 1701 haeredes

1119 1719 1208 1752 vitae
1229 1727 1407 1757 aeternae,
1437 1729 1468 1753 et
1488 1721 1748 1753 obliviscuntur
1768 1720 2007 1752 mediatorem.

1220 1769 1268 1803 lta
1300 1782 1423 1812 magna
1450 1782 1529 1814 pars
1560 1772 1595 1802 in
1622 1770 1729 1803 lsrael
1752 1781 1888 1813 semper
1911 1770 2037 1809 sensit,
2072 1777 2103 1802 et

1118 1827 1292 1863 postremo
1312 1820 1490 1854 Pharisaei
1513 1822 1624 1864 palam
1646 1833 1769 1863 magna
1796 1821 2020 1853 contentione
2037 1822 2101 1852 do—

1116 1878 1283 1910 cuerunt,
1321 1870 1479 1905 homines
1511 1873 1634 1904 mereri
1674 1872 1913 1904 remissionem
1943 1878 2100 1914 peccato-

1116 1934 1213 1962 rum,
1241 1930 1271 1954 et
1300 1923 1408 1955 iustos
1438 1935 1508 1955 esse
1533 1924 1591 1955 illa
1621 1923 1825 1966 disciplina,
1863 1931 1895 1955 et
1919 1922 2100 1964 diligentia

1463 1972 1602 2006 Deinde
1621 1974 1813 2014 finxerunt,
1832 1973 1997 2006 Messian]
2017 1985 2100 2005 ven-

1114 2031 1230 2055 turum
1254 2036 1342 2063 esse,
1376 2031 1411 2057 nt
1441 2025 1620 2067 politicum
1641 2025 1827 2068 imperium
1854 2025 1889 2056 in
1918 2021 1982 2056 hac
2007 2035 2101 2056 mor-

1114 2075 1173 2106 tali
1193 2075 1259 2107 vita
1280 2076 1404 2107 iustius
1422 2083 1452 2107 et
1472 2076 1698 2120 tranquillius
1716 2076 1954 2108 constitueret.

1217 2125 1285 2158 Sed
1307 2124 1369 2158 lios
1386 2138 1521 2158 errores
1547 2127 1696 2158 subinde
1719 2126 1847 2159 taxavit
1874 2125 1989 2164 Deus,
2017 2125 2101 2157 mis-

1112 2176 1156 2208 sis
1183 2174 1370 2219 Prophetis
1406 2185 1437 2210 et
1470 2178 1535 2220 piis
1570 2178 1792 2215 doctoribus,
1833 2177 1937 2208 misso
1968 2176 2041 2209 filio
2067 2183 2099 2209 et

1370 2226 1551 2270 Vagantnr
1587 2237 1700 2261 autem
1739 2227 1871 2260 similes
1903 2238 2038 2260 errores
2061 2227 2098 2258 in

1914 2277 1972 2311 Sic
1989 2278 2098 2320 finge-

1111 2289 1235 2319 gencre
1261 2276 1416 2311 hnmano
1440 2280 1606 2311 omnibns
1631 2278 1860 2321 tempor-ibim.

1084 2341 1085 2350 ³
1111 2330 1193 2360 bant
1210 2327 1379 2372 Etllnici,
1408 2331 1466 2375 qni
1494 2343 1565 2362 non
1593 2330 1757 2362 volebant
1783 2328 1894 2360 videri
1919 2325 2033 2366 athei,
2062 2340 2098 2361 se

1083 2373 1236 2412 ‘'mei-eri
1271 2381 1341 2413 sois
1373 2381 1550 2413 sacrificiis
1587 2380 1829 2413 remissionem
1862 2387 2098 2421 peccatorum,

1084 2435 1085 2460 ἰ
1110 2438 1140 2463 et
1158 2442 1229 2462 esse
1250 2431 1357 2463 iustos
1382 2432 1580 2474 disciplina.

1081 2639 1085 2652 l

1635 2432 1692 2464 Sic
1720 2432 1824 2472 longo
1850 2436 2006 2473 tempore
2031 2431 2096 2464 Sa-

1109 2481 1255 2514 crificnli
1276 2481 1487 2515 etM‹m;1cl1i
1507 2485 1703 2514 docuerunt
1722 2493 1756 2513 se
1774 2481 1899 2513 mereri
1920 2483 2096 2514 remissio-

1109 2544 1188 2564 nem
1210 2541 1427 2575 peccatornm
1450 2533 1617 2565 sacrificio
1630 2533 1756 2565 Missae
1773 2540 1805 2565 et
1822 2532 1900 2564 aliis
1919 2533 2098 2577 operibus,

1108 2591 1139 2616 et
1157 2585 1217 2617 tali
1237 2585 1422 2626 disciplina
1443 2585 1551 2616 iustos
1570 2596 1650 2616 esse.

1210 2634 1285 2667 Hos
1311 2647 1445 2667 errores
1469 2635 1614 2668 refutari
1640 2636 1674 2667 in
1695 2632 1847 2667 Ecclesia
1874 2646 2009 2677 semper
2034 2646 2094 2666 ne-

1109 2687 1295 2720 cessarium
1321 2692 1391 2725 est,
1428 2692 1461 2720 et
1487 2693 1607 2720 contra
1634 2686 1807 2720 illustrari
1837 2686 2032 2720 doctrinam
2055 2687 2098 2719 de
