2415 2942
266 110 310 143 91

397 188 589 226 Gaudium
613 197 727 221 meum
751 182 937 230 impletum
961 186 1031 223 est,
1064 185 1126 216 etc.

373 268 527 310 Baptista
551 262 705 307 agnoscit
730 259 826 293 hunc
851 269 1038 302 sponsum,
1065 256 1161 290 videt
1185 267 1255 301 quo

271 331 388 353 amore
414 317 600 351 Ecclesiam
627 312 896 355 complectatur,
929 309 992 341 scit
1017 314 1198 341 aeternum
1223 313 1256 340 et

272 366 517 403 indissolubile
542 365 665 398 foedus
691 374 762 395 esse
787 362 877 394 inter
896 360 1006 392 filium
1026 358 1111 399 Dei,
1137 365 1169 392 et
1186 355 1256 391 Ec-

272 421 429 457 clesiam,
455 417 553 450 cuius
579 426 614 447 se
639 425 779 458 quoqne
806 412 1002 444 membrum
1028 421 1100 442 esse
1125 409 1256 446 statuit,

271 471 332 503 scit
358 468 452 502 huuc
471 477 639 512 sponsum
659 463 838 507 impertire
855 461 958 495 nobis
975 461 1167 499 iusticiam,
1196 461 1257 492 de-

270 521 486 559 fensionem,
528 524 561 551 et
590 515 837 549 liberationem
872 526 890 546 a
921 519 1051 553 morte,
1086 518 1118 545 et
1149 511 1255 543 vitain

269 580 458 606 aeternam.

335 653 455 689 Illum
483 656 617 701 oportet
643 661 807 691 erescere,
843 660 896 682 me
918 653 1036 682 aulem
1063 645 1193 682 minui.

375 731 517 775 Repetit
533 728 739 762 concionem
757 727 800 758 de
816 722 1117 768 personaChristi,
1145 735 1260 768 quem,

271 791 311 819 ut
343 795 444 826 saepe
469 781 600 814 dictum
627 785 696 815 est,
732 777 919 819 diligenter
944 782 976 808 et
1001 775 1122 808 multis
1144 774 1260 807 verbis

273 834 442 869 discernit
470 844 488 865 a
513 827 717 873 Prophetis,
742 827 922 870 Apostolis
949 832 981 859 et
1004 826 1170 858 omnibus
1195 825 1259 857 do—

274 886 441 920 ctoribus.
495 880 570 915 Etsi
590 892 670 923 gero
692 890 855 921 magnum
872 888 1022 915 munus,
1050 876 1178 913 doceo,
1205 887 1261 907 re-

274 948 384 981 purgo
401 932 610 970 Ecclesiam,
639 928 750 962 habeo
775 927 987 970 discipulos,
1011 932 1125 959 tamen
1154 925 1262 957 mini-

277 995 346 1021 ster
378 997 453 1018 sum
487 982 656 1019 Messiae,
698 980 741 1011 ad
776 976 871 1010 hunc
902 977 1038 1009 deduco
1071 976 1262 1011 auditores.

273 1038 345 1071 Nos
369 1033 522 1068 ministri
539 1032 687 1065 sciamus
704 1041 767 1063 nos
785 1035 922 1061 tantum
941 1027 1089 1060 nuncios
1105 1039 1177 1060 esse
1195 1025 1262 1059 hu-

273 1089 328 1121 ius
357 1084 514 1125 domini,
551 1090 583 1115 et
614 1081 799 1115 (lominum
825 1078 940 1122 ipsum
964 1078 1067 1110 nobis
1090 1079 1263 1110 antefera-

274 1150 371 1178 mus,
407 1148 479 1169 non
511 1140 687 1167 mutemus
713 1131 897 1169 mandata,
930 1141 1001 1160 non
1027 1129 1264 1161 existimemus

276 1188 440 1223 humanis
471 1184 627 1219 consiliis
653 1182 724 1225 regi
751 1188 809 1214 aut
837 1179 1035 1213 conservari
1061 1178 1264 1221 Ecclesiam,

277 1241 336 1274 sed
357 1239 506 1272 sciamus
525 1236 639 1280 ipsum
659 1233 844 1265 dominum
865 1231 1034 1263 efficacem
1053 1241 1125 1262 esse
1144 1230 1181 1261 in
1199 1227 1266 1262 hoc

276 1289 494 1328 ministerio,
530 1293 562 1319 et
594 1283 750 1317 mirabili
782 1282 887 1315 modo
921 1293 1038 1324 regere
1071 1287 1103 1314 et
1127 1292 1265 1313 servare

860 97 980 152 PHIL.
1008 95 1124 132 MEL.
1151 91 1362 131 SCRIPTA
1388 89 1687 129 EXEGETICA.

276 1341 483 1375 Ecclesiam.
542 1336 603 1370 Me
625 1341 763 1379 oportet
786 1332 912 1367 minui.
972 1331 1064 1365 Nolo
1088 1343 1143 1364 me
1169 1331 1264 1364 aliud

277 1393 359 1433 dici,
386 1390 454 1423 nisi
473 1387 579 1421 huius
596 1385 732 1419 domini
751 1384 963 1423 ministrum,
990 1384 1032 1415 ad
1052 1383 1165 1426 ipsum
1184 1395 1265 1416 vero

279 1439 581 1477 accedatEcclesia
593 1464 600 1478 ,
628 1438 671 1470 ab
688 1437 763 1479 ipso
779 1441 873 1479 petat
890 1434 1132 1467 liberationem
1152 1446 1168 1466 a
1187 1445 1267 1476 pec-

279 1494 364 1528 catis
393 1499 425 1528 et
457 1504 476 1525 a
506 1496 639 1529 morte,
677 1499 749 1521 non
782 1498 799 1519 a
832 1497 905 1524 me,
940 1492 999 1518 aut
1032 1484 1173 1517 caeteris
1199 1484 1265 1517 mi-

279 1544 410 1578 nistris.

351 1627 429 1676 Qui
455 1625 497 1660 de
519 1624 688 1673 supernis
714 1622 826 1663 venit,
860 1632 967 1668 super
989 1620 1116 1654 omnia
1141 1625 1203 1655 est.

381 1705 449 1738 Hic
477 1703 664 1736 discrimen
690 1700 816 1732 clarius
842 1699 994 1738 indicat,
1025 1710 1132 1742 quare
1151 1696 1267 1729 omni-

281 1760 347 1793 bus
365 1755 550 1791 antecellat
565 1752 730 1790 Messias,
759 1750 839 1794 quia
855 1750 896 1781 de
917 1749 1012 1782 coelo
1033 1748 1139 1782 venit.

386 1806 454 1840 llic
486 1803 655 1845 significat
679 1802 717 1834 in
741 1799 883 1833 Christo
909 1811 980 1832 esse
1005 1800 1090 1832 duas
1116 1805 1268 1838 naturas,

281 1868 319 1895 ut
339 1866 371 1892 et
389 1868 491 1900 supra
510 1845 736 1897 significavit,
763 1859 795 1884 et
813 1858 956 1884 testatur
974 1850 1084 1883 filium
1102 1848 1167 1882 Dei
1187 1855 1267 1882 ante

282 1909 532 1945 assumtionem
550 1903 724 1938 humanae
741 1909 885 1935 naturae
903 1902 995 1946 apud
1013 1907 1191 1933 aeternum
1206 1912 1269 1947 pa-

283 1971 370 1996 trem
404 1959 530 1994 fuisse,
564 1963 597 1989 et
627 1966 661 1987 se
688 1965 750 1997 pro
776 1951 930 1985 Ecclesia
958 1951 1134 1984 voluntati
1163 1951 1268 1992 patris

283 2010 488 2049 subiecisse,
513 2006 629 2040 statim
657 2011 732 2049 post
752 2005 898 2047 lapsum.
951 2002 1104 2047 Ideoque
1125 2002 1267 2033 missum

283 2076 354 2097 esse
385 2062 428 2093 de
461 2058 576 2097 coelo,
612 2062 649 2088 ut
681 2056 842 2087 indueret
872 2060 1033 2086 naturam
1057 2050 1269 2085 'humanam-

283 2113 346 2148 Est
366 2113 473 2154 igitur
489 2119 593 2152 supra
610 2117 747 2145 omnes,
775 2105 856 2150 quia
875 2111 922 2136 est
941 2111 1065 2136 natura
1081 2102 1173 2134 filius
1191 2100 1268 2139 Dei,

285 2154 391 2197 natus
409 2163 452 2194 ‹le
471 2157 664 2193 substantia
686 2156 817 2190 aeterni
838 2155 956 2199 pati-Is.
1008 2152 1142 2187 Eodem
1160 2152 1268 2196 perti—

285 2223 343 2248 net
360 2213 453 2259 quod
470 2210 641 2256 sequitur.

455 2292 567 2341 Quod
593 2290 682 2325 cicli!
705 2295 735 2324 et
760 2286 902 2323 audivit
930 2291 1095 2322 testatur.

389 2373 429 2406 Id
461 2377 529 2409 est,
565 2369 656 2400 silius
681 2366 842 2410 patefecit
867 2376 1028 2396 arcanam
1054 2364 1270 2396 voluntatem
1295 2351 1298 2391 l

287 2425 370 2464 Dei,
413 2423 568 2465 ignotam
598 2419 763 2450 omnibus
796 2415 963 2448 creaturis
994 2417 1035 2447 de
1067 2413 1298 2451 remissione}

289 2482 527 2521 peccatorum,
570 2472 612 2501 de
641 2468 853 2501 restituenda
887 2467 957 2499 vita
991 2473 1149 2503 aeterna,
1184 2465 1272 2497 sicut

289 2540 391 2570 supra
427 2523 531 2556 dixit:
565 2520 677 2553 Filius
710 2519 769 2563 qui
800 2525 847 2550 est
871 2518 906 2549 in
932 2517 1012 2549 siun
1038 2516 1165 2558 patris„
1200 2515 1297 2564 ipse}

289 2575 464 2611 enarravit
495 2571 609 2605 nobis,
681 2567 728 2602 Et
760 2566 888 2601 Mattlt.
910 2569 986 2602 21.:
1030 2567 1140 2600 Nemo
1174 2565 1299 2624 novit}

289 2630 399 2662 filium
425 2624 491 2658 nisi
518 2629 632 2666 pater,
665 2632 778 2663 neque
802 2625 933 2663 patrem
960 2618 1038 2663 quis
1060 2617 1178 2657 novit,
1204 2616 1272 2649 nisi
1296 2626 1299 2678 a

289 2680 399 2739 vus,
428 2683 459 2709 et
478 2674 531 2707 cui
553 2671 703 2705 voluerit
721 2670 813 2703 filius
829 2671 993 2705 revelare.
1296 2679 1299 2700 t

1295 2335 1297 2343 t
1324 2322 1407 2342 ΓΕΠΙ.

1431 202 1510 251 Qui
1530 214 1576 238 ex
1597 207 1694 237 terra
1717 206 1786 248 est,
1821 206 1962 237 terrena
1989 201 2167 251 loquitur.

1410 288 1476 323 His
1491 289 1594 323 dictis
1609 288 1757 334 opponit
1773 289 1850 322 alia.
1904 287 1974 331 Qui
1993 296 2041 323 est
2058 302 2098 322 ex
2115 296 2224 329 terra,
2251 301 2292 322 ex

1309 347 1399 374 terra
1424 348 1490 380 est,
1518 347 1551 374 et
1576 347 1711 374 terrena
1739 340 1905 385 loquitur.
1960 339 2134 373 Generale
2157 340 2292 374 dictum

1310 399 1359 425 est
1383 392 1425 424 ad
1453 398 1614 424 naturam
1640 389 1831 424 humanam
1856 390 2056 434 pertinens,
2090 391 2151 435 qui
2177 397 2227 424 est
2252 403 2293 423 ex

1311 450 1419 482 terra,
1457 441 1491 474 id
1524 449 1592 480 est,
1626 442 1783 475 mortalis
1814 449 1882 481 est,
1917 453 1988 473 non
2019 439 2151 474 habens
2181 442 2294 474 lucem

1311 493 1547 537 spiritualem,
1581 493 1786 536 sapientiam
1814 500 2012 525 cernentem
2039 499 2072 526 et
2095 491 2295 534 glorifican-

1311 551 1379 577 tem
1400 542 1533 583 Deum,
1558 549 1589 576 et
1614 544 1806 583 iusticiam,
1830 555 1918 588 quae.
1942 544 2005 585 legi
2026 542 2093 577 Dei
2118 542 2295 577 satisfacit.

1311 593 1364 628 Ex
1394 601 1487 628 terra
1513 593 1689 638 loquitur,
1724 594 1759 626 id
1785 601 1853 633 est,
1888 594 2052 636 intelligit
2075 606 2112 626 ac
2138 593 2296 637 loquitur

1312 647 1354 677 de
1376 646 1480 678 rebus
1504 645 1632 677 rationi
1649 644 1834 685 subiectis,
1861 656 1933 677 non
1950 644 2060 678 cernit
2077 644 2296 677 voluntatem

1312 695 1399 735 Dei,
1441 702 1479 729 nt
1511 695 1631 735 Plato,
1673 693 1814 734 Cicero,
1848 702 1881 728 et
1911 695 2060 733 similes,
2094 694 2299 737 intelligunt

1316 747 1430 787 bona,
1474 745 1672 791 quaenam?
1725 744 1922 779 Honestum
1957 745 2076 785 civile,
2111 745 2298 778 commoda

1314 798 1421 837 vitae,
1447 798 1576 830 bonam
1592 796 1845 836 valetudinem,
1873 796 1964 828 vires
1978 795 2148 839 corporiS‚
2172 802 2298 839 poten-

1313 849 1419 886 tiam,
1446 848 1647 885 facultates,
1674 859 1777 891 opos,
1804 854 1837 880 et
1861 844 1945 879 haec
1972 853 2162 890 appetunt,
2190 858 2300 891 eaque

1314 911 1392 931 cum
1417 905 1497 932 sunt
1521 899 1659 941 adepti,
1686 895 1778 930 nibil
1797 898 1917 930 vident
1936 898 2056 932 maius,
2110 896 2205 930 Haec
2219 908 2300 930 cum

1316 950 1483 982 amittunt
1508 949 1722 982 voluntatem
1747 947 1811 981 Dei
1836 949 2017 991 ignorant,
2044 959 2117 981 non
2143 954 2300 981 statuunt

1315 1011 1349 1032 se
1374 999 1516 1042 respici,
1542 1006 1574 1032 et
1599 999 1755 1032 exaudiri
1780 1012 1798 1031 a
1817 998 1912 1038 Deo,
1940 999 2011 1032 imo
2035 999 2189 1042 oppressi
2208 998 2301 1031 cala-

1316 1050 1454 1088 mitate,
1481 1049 1630 1081 maxime
1655 1049 1829 1092 incipiunt
1853 1049 2014 1082 dubitare
2039 1050 2081 1082 de
2108 1050 2301 1096 providen-

1317 1100 1375 1134 tia.
1429 1099 1518 1132 'l‘ota
1542 1111 1623 1141 ergo
1645 1099 1814 1142 sapientia
1840 1097 2015 1140 humana,
2042 1107 2073 1133 et
2094 1107 2163 1133 tota
2182 1097 2303 1143 philo-

1317 1148 1438 1194 sophia
1464 1148 1521 1183 hic
1545 1147 1794 1193 comprehensa
1820 1157 1881 1185 est.
1941 1150 1994 1182 De
2019 1156 2108 1183 terra
2133 1151 2302 1195 loquitur,

1318 1202 1351 1234 id
1376 1208 1443 1240 est,
1477 1203 1520 1233 de
1545 1201 1709 1244 perituris
1733 1200 1855 1239 bonis,
1882 1212 1953 1232 non
1980 1201 2021 1232 de
2042 1200 2134 1240 Deo,
2162 1212 2233 1233 non
2257 1202 2300 1234 de

1319 1253 1499 1285 voluntate
1516 1250 1600 1290 Dei,
1627 1263 1699 1283 non
1722 1252 1764 1283 de
1788 1251 1881 1289 luce,
1909 1251 2078 1294 sapientia
2106 1258 2139 1285 et
2164 1251 2302 1284 iusticia

1319 1311 1469 1336 aeterna.
1522 1302 1619 1334 Talis
1643 1309 1692 1335 est
1716 1301 1885 1344 sapientia
1911 1302 2071 1334 omnium
2095 1302 2172 1335 sine
2194 1303 2302 1335 verbo

1319 1362 1351 1388 et
1376 1355 1472 1395 luce,
1499 1365 1601 1397 quam
1624 1353 1724 1385 affert
1744 1351 1891 1384 Messias
1915 1352 1995 1384 «lato
2012 1351 2148 1394 Spiritu
2172 1360 2303 1393 sancto,

1319 1406 1378 1439 sed
1404 1413 1574 1450 quatenus
1598 1403 1801 1436 accenditur
1817 1401 2007 1445 Evangelio
2026 1401 2093 1435 Dei
2116 1415 2206 1436 nova
2233 1403 2303 1444 lux,

1320 1465 1462 1489 eatenus
1494 1455 1669 1499 incipiunt
1700 1453 1831 1491 renati,
1879 1465 1952 1486 non
1986 1460 2121 1487 tantum
2155 1460 2305 1494 terrena,

1320 1509 1377 1540 sed
1402 1507 1504 1541 etiam
1530 1506 1650 1538 divina
1678 1504 1892 1546 intelligere,
1921 1511 1953 1538 et
1976 1504 2084 1548 loqui.
2138 1503 2196 1538 Sic
2213 1505 2304 1537 acci-

1321 1559 1447 1601 pienda
1471 1564 1519 1590 est
1546 1558 1581 1588 in
1609 1562 1702 1589 textu
1727 1552 1929 1594 antithesis,
1956 1562 1994 1588 ut
2019 1553 2085 1587 hoc
2109 1555 2240 1588 dictum
2262 1556 2305 1589 de

1321 1616 1443 1641 natura
1469 1606 1622 1641 humana
1648 1618 1718 1639 non
1744 1612 1862 1638 renata
1889 1606 1994 1638 verbo
2020 1612 2053 1638 et
2069 1604 2203 1649 Spiritu
2223 1617 2304 1639 san-

1321 1668 1394 1699 cm,
1424 1660 1650 1700 intelligatur.
1705 1656 1775 1698 Qui
1800 1663 1945 1689 exterra
1962 1663 2029 1696 est,
2057 1663 2216 1689 terrenus
2242 1664 2305 1697 est,

1320 1711 1356 1743 id
1379 1717 1446 1747 est,
1473 1709 1652 1748 mortalis,
1680 1714 1713 1741 et
1739 1715 1874 1740 terrena
1900 1707 2076 1750 loquitur,
2103 1707 2210 1740 altera
2228 1719 2306 1751 pars

1321 1759 1501 1794 antithesis
1520 1766 1580 1793 est.

1456 1868 1508 1902 Et
1534 1867 1779 1902 testimonium
1805 1866 1881 1901 eius
1905 1879 2006 1900 nemo
2030 1867 2172 1915 accipit.

1425 1953 1617 1993 Videlicet,
1646 1952 1712 1985 nisi
1730 1963 1833 1996 quem
1851 1958 1948 1995 pater
1963 1953 2116 1987 traxerit.

1321 2005 1469 2040 rebelles
1488 2005 1589 2037 etiam
1609 2001 1763 2037 trahenti
1782 2001 1857 2035 Deo
1875 2010 2083 2046 repugnant.
2145 2003 2232 2039 Item
2248 2019 2306 2040 eos

1322 2058 1488 2089 admonet
1512 2056 1553 2088 de
1575 2054 1687 2098 specie
1704 2051 1890 2086 Ecclesiae.
1941 2054 2060 2086 Iudaei
2079 2058 2307 2099 expectabant

1322 2106 1511 2149 Messiam,
1538 2106 1597 2150 qui
1622 2104 1764 2137 domitis
1788 2104 1950 2146 gentibus
1973 2104 2122 2146 gloriose
2142 2117 2308 2149 regnatu-

1322 2169 1381 2191 rus
1397 2163 1504 2198 esset,
1533 2163 1565 2189 et
1582 2156 1681 2189 cuius
1699 2155 1852 2199 potentia
1872 2156 2029 2188 omnium
2050 2157 2205 2199 gentium
2223 2171 2308 2192 ocu-

1324 2209 1365 2241 lis
1384 2207 1631 2251 conspicienda
1649 2212 1744 2239 esset.
1797 2204 1958 2249 Denique
1975 2217 2089 2249 regem
2108 2208 2308 2250 cogitabant

1324 2259 1517 2292 Alexandri
1554 2257 1723 2296 similem,
1759 2257 1817 2289 sed
1851 2256 2083 2299 potentiorem
2113 2265 2144 2291 et
2176 2259 2307 2294 iustio—

1476 2308 1544 2342 Sed
1578 2309 1680 2351 longe
1704 2307 1808 2340 aliam
1832 2307 1978 2349 speciem
2006 2308 2103 2341 ducis
2126 2315 2158 2342 et
2184 2311 2308 2354 populi

1324 2360 1491 2393 describit
1523 2358 1692 2402 Baptista.
1752 2356 1820 2390 Hic
1850 2355 1996 2389 Messias
2027 2359 2306 2403 concionabitur,

1324 2410 1579 2450 trucidabitur,
1614 2416 1651 2442 ut
1678 2408 1834 2447 victima,
1869 2407 1934 2440 erit
1964 2408 2038 2441 sine
2070 2411 2194 2449 armis,
2230 2412 2307 2446 sine

1325 2459 1480 2495 humana
1507 2460 1679 2504 potentia,
1712 2456 1808 2491 hunc
1832 2459 1954 2490 ducem
1983 2460 2082 2502 pauci
2107 2469 2308 2505 sequentur.

1325 2512 1418 2554 Quia
1448 2511 1706 2549 testimonium,
1741 2509 1773 2541 id
1798 2515 1866 2545 est,
1894 2509 2088 2542 doctrinam
2116 2512 2190 2545 eius
2211 2514 2308 2547 testi..

1325 2564 1484 2596 ficantem
1510 2564 1552 2595 de
1578 2561 1757 2593 voluntate
1773 2558 1857 2599 Dei,
1886 2571 1987 2592 nemo
2008 2561 2153 2604 accipit,
2182 2564 2309 2597 videti·
2344 2595 2348 2599 ,

1325 2621 1396 2652 cet,
1421 2613 1487 2645 nisi
1505 2613 1563 2657 q'ui
1581 2609 1733 2645 trahitur
1748 2622 1765 2642 a
1782 2608 1869 2643 Deo.
1924 2609 2061 2644 Rursus
2077 2623 2157 2655 ergo
2173 2621 2204 2648 et
2222 2612 2307 2648 haee

1327 2676 1405 2708 pars
1441 2661 1624 2697 antithesis
1665 2661 1881 2703 intelligatur
1912 2661 1954 2693 de
1986 2669 2109 2696 natura
2142 2661 2306 2707 hnmana,

2168 1953 2306 1990 Caeteri
