2415 2942
261 84 356 120 130³

262 177 312 203 est
325 198 333 209 ,
354 176 452 213 urget
469 175 499 202 et
519 166 646 212 premit
666 165 785 200 iustos.
811 164 858 201 Et
875 166 976 201 addit
993 168 1149 212 exempla
1166 180 1209 212 pe
1218 180 1253 201 r-

263 221 411 255 tinentia
439 219 579 265 proprie
604 219 646 251 ad
668 218 776 261 legem
795 218 984 252 moralem:
1013 219 1062 253 ait
1085 230 1158 253 esse
1189 231 1254 264 po-

265 273 366 305 sitam
391 271 560 314 periuris,
598 266 784 301 homicidis
810 275 843 302 et
870 270 1137 304 scortatoribus-

355 321 420 354 llic
441 321 592 364 primum
611 320 654 352 sit
676 319 777 352 infixa
798 320 975 354 mentibus
992 333 1074 354 vera
1093 321 1253 354 doctrina

268 380 386 406 contra
406 371 618 404 Antinomos
630 396 638 407 ‚
674 370 784 411 legem
801 370 970 403 moralem
987 383 1060 404 non
1077 383 1152 405 esse
1175 384 1254 404 mu—

267 424 409 456 tabilem
432 429 491 455 aut
510 422 675 460 otiosam,
703 421 791 454 sicut
811 421 865 453 lex
883 420 1055 464 Spartana
1083 424 1125 455 de
1149 434 1255 455 num-

268 486 325 506 mo
356 474 488 513 ferreo,
538 478 597 506 aut
628 472 679 504 lex
713 470 883 504 Thebana
910 473 953 504 de
979 473 1192 506 collocandis
1218 473 1256 504 in

269 521 460 568 cophinum
491 523 664 556 obaeratis
693 533 763 554 non
800 522 1041 556 solventibus:
1087 525 1146 557 sed
1183 534 1255 556 esse

268 583 445 608 aeternam
474 581 506 607 et
534 573 790 606 immutabilem
825 573 1032 617 sapientiam
1070 575 1106 607 in
1141 581 1256 607 mente

269 626 410 667 dixina,
455 625 554 657 cuius
580 624 707 656 noticia
734 630 911 657 creaturae
938 625 1100 657 rationali
1130 625 1256 658 tradita

269 683 336 715 est,
365 683 401 708 ut
420 675 569 708 sciamus
587 678 659 707 esse
676 673 807 714 Deum,
835 681 869 706 et
891 674 1005 717 qualis
1021 675 1083 716 sit,
1112 683 1144 709 et
1161 675 1255 720 quod

270 727 313 760 sit
332 727 478 766 vindex,
506 733 538 758 et
557 725 650 770 quod
669 736 804 768 semper
820 736 884 757 nos
899 724 1041 769 obliget.
1087 726 1259 767 Primum,

272 785 309 811 ut
335 779 629 820 obtemperemus.

372 827 554 864 Secundo,
583 826 609 859 si
631 837 701 857 non
719 826 1020 869 obtemperemus,
1047 834 1085 860 ut
1101 825 1258 861 horribi-
1282 853 1284 858 .

270 879 349 912 liter
384 876 469 911 haec
505 884 629 910 natura
666 882 854 909 contumax
889 878 1102 913 destruatur.
1164 878 1257 921 Quia

270 929 366 962 Deus
403 929 470 960 iam
508 935 650 971 propter
685 924 769 959 haec
798 927 979 966 irascitur,
1014 929 1103 962 sicut
1130 929 1258 962 usitate

271 980 417 1013 dieitur:
447 976 577 1011 Omnis
595 979 648 1010 lex
665 977 797 1019 obligat
814 978 868 1010 vel
886 979 927 1010 ad
947 979 1185 1013 obedientiam
1203 979 1255 1012 vel

271 1031 312 1063 ad
334 1041 492 1074 poenam.
522 1027 566 1063 Et
583 1026 675 1061 hanc
691 1028 940 1070 obligationem
963 1029 1047 1072 legis
1064 1031 1164 1063 valde
1179 1041 1259 1073 per-

271 1081 390 1125 spicue
415 1080 587 1113 intellexit
607 1077 743 1118 Adam,
782 1091 860 1111 cum
888 1086 966 1122 post
990 1080 1126 1124 lapsum
1150 1081 1258 1115 sensit

272 1133 359 1164 iram
386 1130 470 1173 Dei,
508 1137 539 1164 et
557 1129 726 1163 iudicavit
745 1140 780 1161 se
799 1129 889 1162 iusto
916 1130 1046 1164 iudicio
1064 1130 1130 1165 Dei
1157 1132 1258 1175 peni-

273 1190 328 1216 tus
346 1182 533 1214 delendum
552 1193 636 1220 esse,
650 1191 713 1212 nec
729 1186 974 1222 argumentum
993 1179 1059 1214 boc
1076 1183 1147 1215 ulla
1163 1194 1259 1214 crea-

272 1240 348 1266 tura
376 1232 511 1265 solvere
543 1238 698 1275 poterat,
742 1232 800 1263 sed
827 1231 1016 1266 intervenit
1048 1233 1141 1266 filius
1174 1231 1259 1274 Dei,

272 1283 334 1328 qui
358 1290 389 1316 et
413 1283 648 1316 obedientiam
674 1281 867 1324 praestitit,
901 1288 932 1314 et
951 1295 1101 1326 poenam
1123 1284 1159 1317 in
1186 1295 1259 1316 sese

273 1333 464 1371 derivavit,
493 1345 536 1366 ne
555 1333 608 1365 lex
625 1339 711 1365 esset
728 1332 845 1372 irrita,
875 1339 909 1365 et
935 1338 1051 1366 tamen
1075 1346 1258 1367 servaren-

274 1391 332 1418 tur
353 1381 525 1418 homines.

373 1433 469 1467 Haec
494 1433 693 1477 saepissime
718 1434 902 1476 cogitanda
934 1441 1034 1474 sunt,
1074 1441 1113 1468 ut
1138 1434 1258 1479 aliquo

273 1485 377 1518 modo
414 1485 586 1517 discamus
619 1496 672 1516 res
699 1496 770 1516 esse
804 1485 996 1522 maximas,
1038 1485 1147 1527 legem
1175 1484 1260 1526 Dei,

273 1542 452 1580 peccatum
466 1562 474 1574 ‚
503 1535 589 1566 iram
609 1534 696 1574 Dei,
727 1535 889 1566 ordinem
908 1535 1138 1568 certissimum
1156 1535 1259 1568 iusti-

274 1587 346 1619 ciae
381 1585 444 1619 Dei
473 1585 660 1627 irrogantis
698 1596 860 1628 poenam.
916 1584 1069 1629 Ideoque
1102 1587 1257 1629 exempla

273 1637 479 1681 quotidiana
503 1637 539 1668 in
567 1642 730 1678 promptu
752 1642 853 1675 sunt,
891 1646 1003 1674 mors,
1038 1642 1071 1668 et
1088 1637 1176 1668 aliae
1202 1637 1258 1668 in-

275 1694 393 1730 gentes
426 1687 636 1719 calamitates
672 1684 878 1723 hominum,
923 1686 1055 1725 morbi,
1097 1683 1285 1729 dolores‚'

274 1739 393 1771 caedes
409 1762 417 1774 ,
471 1737 692 1770 vastationes.
762 1735 838 1768 Hae
866 1748 1077 1775 communes¹
1098 1737 1257 1770 miseriae

275 1795 355 1822 sunt
374 1788 514 1821 effectus
535 1787 686 1820 ordinati
705 1787 806 1830 legis,
835 1793 868 1820 et
889 1787 1085 1820 testimonia¹
1105 1787 1176 1820 irae
1193 1787 1258 1821 Dei

274 1840 442 1873 adversus
464 1845 621 1882 peccata,
655 1838 742 1870 sicut
762 1838 892 1871 (licitur
910 1837 1046 1870 Psalmo
1062 1838 1139 1871 38.:
1171 1838 1258 1871 Pro-

276 1896 352 1932 pter
378 1889 580 1933 iniquitates
603 1888 750 1931 corripis
764 1886 959 1921 hominem.

276 1940 420 1973 lendum
440 1946 507 1980 est,
534 1937 694 1971 homines
713 1951 851 1971 securos
878 1951 977 1971 ruere
1002 1939 1038 1971 in
1063 1940 1158 1973 varia
1184 1952 1257 1973 sce-

277 1991 368 2031 lera,
397 1990 496 2034 quasi
519 1990 574 2022 lex
598 1989 662 2023 Dei
686 1990 728 2023 sit
757 1990 872 2022 inanis
896 1990 1043 2033 pictura.

377 2041 536 2074 Sciamus
558 2041 665 2083 igitur
689 2041 866 2073 veritatem
892 2039 958 2073 Dei
983 2052 1070 2080 esse,
1098 2048 1129 2075 et
1154 2053 1255 2075 usum

277 2092 350 2124 eius
367 2098 456 2124 recte
474 2091 726 2134 intelligamuS.
780 2090 871 2124 Sunt
894 2097 1007 2123 autem
1032 2103 1115 2124 usus
1131 2093 1256 2125 adver-

275 2154 332 2175 sus
362 2154 436 2175 non
462 2148 601 2175 renatos
626 2142 695 2174 duo
727 2142 992 2182 universaliter,
1034 2141 1202 2175 Coercere
1224 2150 1257 2177 et
1280 2147 1284 2200 ξ

276 2192 417 2225 punire.
471 2191 632 2226 Docendi
649 2199 731 2226 sunt
754 2193 860 2235 igitur
881 2193 983 2225 etiam
1001 2205 1072 2225 non
1090 2194 1202 2227 renati
1221 2206 1256 2227 se

277 2243 431 2276 inclusos
456 2255 526 2275 esse
549 2255 685 2276 carcere
710 2244 811 2286 legis,
853 2250 885 2276 et
908 2243 1129 2286 disciplinam
1155 2257 1255 2288 prae-

274 2295 433 2326 standam
457 2305 529 2327 esse
554 2301 697 2338 propter
719 2292 803 2327 haec
830 2301 991 2338 quatuor.

374 2343 550 2377 Primum:
587 2344 680 2387 Quia
702 2343 792 2378 Deus
812 2357 885 2377 eam
908 2345 1093 2388 praecipit,
1129 2353 1161 2379 et
1178 2359 1255 2379 om-

273 2406 334 2428 nes
357 2402 534 2428 creaturae
550 2393 624 2427 Deo
648 2396 885 2429 obedientiam
908 2396 1047 2428 debent.

374 2444 554 2478 Secundo:
600 2444 648 2479 Ut
681 2447 793 2480 vitent
830 2457 959 2489 poenas
992 2454 1187 2490 praesentes
1222 2455 1254 2481 et

274 2502 457 2535 aeternas,
499 2495 581 2539 quia
606 2508 827 2541 nequaquam
859 2497 1008 2530 dubium
1040 2504 1090 2530 est
1122 2499 1253 2531 atrocia

273 2546 400 2578 scelera
418 2546 455 2578 in
475 2543 538 2578 hac
556 2546 624 2578 vita
643 2554 773 2580 atroces
795 2559 924 2591 poenas
949 2548 1129 2585 comitari,
1156 2549 1249 2582 iuxta

272 2596 331 2628 illa
357 2597 464 2629 dicta:
510 2594 601 2629 Gen.
626 2597 677 2636 6.‚
713 2596 840 2631 Matth.
863 2598 940 2633 26.:
984 2597 1055 2640 Qui
1081 2600 1250 2642 acceperit

269 2647 443 2687 gtalium,
472 2647 586 2690 gladio
606 2647 744 2690 perIbit.
797 2648 904 2689 Item,
935 2646 1044 2685 Exod.
1063 2650 1141 2685 20.;
1171 2650 1248 2684 Non

843 78 970 116 PHlL.
997 79 1116 117 MEL.
1144 78 1355 117 SCRIPTA
1381 78 1683 121 EXEGETICA.

2189 84 2285 120 1304

1309 166 1558 204 habebitDeus
1576 170 1750 204 insontem
1768 182 1859 210 eum,
1874 178 1938 205 etc.
1989 171 2096 211 Item,
2123 169 2296 207 Ebr.13.:

1305 218 1523 254 Scortatores
1553 227 1587 255 et
1617 221 1795 255 adulteros
1826 222 1996 256 iudicabit
2030 222 2136 256 Deus.
2191 221 2296 263 Item,

1305 269 1474 307 Proverb.
1495 273 1568 306 12:
1594 271 1745 306 Labium
1768 273 1916 306 mendax
1936 273 2199 306 abominabitur
2215 273 2295 306 Do-

1306 321 1435 358 minus.
1488 322 1561 356 llas
1586 322 1722 365 regulas
1748 335 1846 356 veras
1863 335 1936 357 esse
1958 330 1991 357 et
2015 323 2176 356 ordinem
2200 323 2294 356 divi-

1305 383 1415 412 num,
1458 385 1561 417 quem
1585 372 1680 406 Deus
1705 374 1909 419 exequitur,
1957 373 2163 419 quotidiana
2191 385 2295 417 expe-

1306 422 1433 456 rientia
1458 425 1626 458 ostendit.

1409 473 1548 508 Tertio:
1580 474 1664 508 vult
1681 475 1779 508 Deus
1803 475 1961 518 singulos
1979 481 2012 509 et
2027 475 2179 509 aliorum
2204 474 2296 508 vitae

1309 534 1470 567 parcere,
1499 537 1570 558 non
1587 526 1680 560 enim
1698 527 1799 559 nobis
1818 533 1954 560 tantum
1974 527 2049 561 nati
2066 537 2206 566 sumuS,
2233 526 2295 559 sed

1308 576 1505 608 communis
1523 577 1684 619 cognatio
1702 584 1752 610 est
1772 577 1807 609 in
1823 589 1948 619 genere
1967 575 2123 610 humano
2135 603 2144 618 ,
2172 583 2205 610 et
2221 576 2297 610 sin-

1307 625 1381 667 guli
1401 638 1626 660 communem
1643 628 1842 661 societatem
1861 629 1980 661 fovere
1997 629 2145 668 debent,
2166 635 2199 660 et
2217 639 2297 660 exe-

1308 676 1435 708 cranda
1462 684 1511 710 est
1535 678 1594 710 illa
1621 690 1686 710 vox
1704 677 1811 719 Cain,
1841 677 1931 713 Gen.
1949 679 2000 713 4.:
2036 678 2206 723 Nunquid
2231 689 2294 720 ego

1309 734 1423 759 custos
1441 739 1517 759 sum
1535 728 1651 761 fratris
1668 729 1759 761 mei?
1810 729 1989 762 Frenandi
2007 737 2087 763 suut
2106 729 2213 773 igitur
2228 728 2296 761 im-

1309 784 1428 819 petus,
1455 778 1492 809 in
1510 778 1674 821 singulis,
1703 787 1742 813 ut
1758 780 1818 812 alii
1837 780 1953 813 vivere
1979 780 2130 824 possint,
2158 791 2201 812 ne
2220 778 2293 812 dis-

1309 827 1443 869 sipetur
1463 829 1626 869 societas,
1654 841 1717 862 nec
1737 831 1925 863 turbentur
1950 831 2110 864 educatio
2137 837 2169 864 et
2193 830 2295 863 insti-

1310 878 1410 911 tutio.
1464 877 1539 911 Hae
1559 886 1626 913 tres
1641 891 1764 913 causae
1782 881 1882 914 facile
1899 882 2048 924 intelligi
2066 888 2222 924 possunt.

1412 928 1547 971 Quarta
1563 942 1665 962 causa
1684 937 1753 971 est,
1783 932 1824 964 de
1843 943 1909 976 qua
1926 930 2058 965 Paulus
2075 931 2233 976 loquitur
2251 931 2295 963 ad

1311 977 1457 1012 Galatas
1477 980 1511 1015 3.
1530 981 1656 1024 capite:
1685 980 1756 1014 Lex
1777 989 1827 1015 est
1847 983 2065 1025 paedagogus
2086 982 2123 1014 in
2141 979 2296 1019 Christo,

1310 1029 1346 1062 id
1371 1036 1438 1069 est,
1472 1042 1545 1063 non
1570 1038 1716 1074 possunt
1739 1033 1857 1065 doceri
1884 1030 2065 1070 homines,
2107 1032 2172 1065 ubi
2197 1031 2297 1064 nulla

1310 1086 1360 1113 est
1379 1080 1584 1123 disciplina,
1620 1081 1707 1115 Item
1726 1083 1893 1116 beneficia
1912 1082 1974 1115 filii
1992 1082 2057 1116 Dei
2074 1094 2146 1116 non
2164 1082 2298 1115 inteili-

1310 1137 1442 1173 guntur
1459 1132 1534 1164 sine
1553 1133 1731 1175 agnitione
1749 1134 1898 1176 peccati,
1925 1132 2010 1167 Item
2030 1145 2103 1166 non
2117 1133 2297 1177 accipiun-

1283 1209 1284 1214 ,
1310 1188 1386 1219 tur,
1405 1183 1516 1215 donec
1534 1180 1695 1216 homines
1711 1191 1932 1227 perseverant
1952 1185 1988 1217 in
2007 1184 2196 1218 sceleribus
2211 1195 2298 1217 con-

1310 1239 1361 1265 tra
1385 1233 1645 1269 conscientiam.

1412 1282 1488 1316 Hae
1516 1296 1638 1317 causae
1663 1296 1784 1318 omnes
1811 1285 1852 1318 ad
1879 1285 2106 1328 diligentiam*
2123 1284 2296 1328 regendae

1310 1333 1516 1377 disciplinae
1543 1333 1748 1376 hortentur,
1791 1348 1895 1380 quam
1923 1336 2064 1380 quidem
2089 1347 2206 1380 regere
2231 1335 2297 1368 ali-

1311 1395 1380 1427 quo
1398 1386 1504 1418 modo
1529 1386 1693 1428 possibile
1716 1393 1765 1419 est
1785 1384 1921 1419 homini
1943 1387 2046 1419 etiam
2065 1398 2139 1420 non
2156 1392 2295 1419 renato:

1312 1434 1393 1477 quia
1412 1435 1505 1468 Deus
1523 1436 1597 1470 vult
1621 1437 1791 1480 reliquam
1811 1448 1883 1469 esse
1905 1437 2102 1470 libertatem
2130 1437 2294 1470 volunta·

1310 1485 1354 1517 tis
1372 1485 1408 1517 in
1427 1483 1570 1518 homine
1587 1488 1630 1519 ad
1651 1488 1838 1529 regendam
1860 1487 2118 1521 locomotivam.

1413 1534 1476 1569 Est
1492 1543 1608 1570 autem
1625 1537 1810 1579 disciplina
1828 1538 2036 1580 gubernatio
2050 1537 2293 1577 locomotivae,

1311 1586 1447 1619 etiamsi
1471 1588 1576 1620 corda
1600 1594 1681 1620 sunt
1707 1588 1909 1627 immunda,
1954 1594 1993 1620 ut
2019 1589 2113 1632 quod
2138 1585 2295 1620 Achilles

1310 1637 1513 1670 admonitus
1537 1650 1555 1670 a
1579 1638 1713 1670 ratione
1738 1636 1885 1671 retrahit
1910 1650 2073 1676 manum,
2113 1650 2158 1670 ne
2183 1638 2295 1672 inter-

1310 1687 1403 1720 ficiat
1418 1685 1718 1729 Agamemnonem
1731 1715 1739 1728 ‚
1752 1689 1968 1730 gubernatio
1986 1696 2036 1721 est
2052 1689 2294 1730 locomotivae,

1311 1737 1446 1770 etiarnsi
1471 1750 1530 1771 cor
1552 1739 1650 1771 ardet
1675 1739 1808 1781 ingenti
1832 1739 2008 1775 incendio.

1411 1788 1592 1821 Praeterea
1616 1789 1798 1822 sciendum
1821 1797 1888 1827 est,
1917 1790 2051 1822 etiamsi
2071 1790 2293 1834 disciplinam

1282 1854 1284 1876 1
1310 1839 1478 1883 praecipit
1501 1847 1533 1872 et
1552 1840 1682 1882 flagitat
1701 1839 1812 1881 Deus,
1839 1848 1870 1873 et
1891 1838 2111 1876 horribiliter
2127 1841 2291 1875 violatio-

1011 1886 1056 1922 Et
1075 1889 1175 1921 valde
1193 1891 1256 1922 do·
1282 1884 1284 1907 ²

1310 1902 1389 1922 nem
1414 1890 1621 1933 disciplinae
1647 1891 1767 1934 punit,
1810 1899 1925 1924 tamen
1949 1892 2134 1934 disciplina
2160 1903 2294 1937 nequa-

1282 1980 1283 1987 *
1310 1953 1414 1985 quam
1440 1948 1593 1974 meretur
1617 1942 1854 1974 remissionem
1880 1949 2118 1985 peccatorum,
2153 1955 2217 1975 nec
2242 1949 2292 1976 est

1282 1994 1283 2004 ¹
1311 1992 1447 2024 iusticia
1477 2004 1593 2024 coram
1619 1991 1712 2030 Deo,
1755 2005 1822 2037 qua
1851 1989 2012 2026 homines
2036 1994 2134 2033 iusti,
2168 1994 2202 2025 id
2230 2001 2291 2033 est,

1310 2043 1388 2076 Deo
1414 2043 1543 2085 accepti
1569 2043 1656 2076 sint:
1698 2044 1756 2075 sed
1780 2043 1863 2086 tegit
1889 2056 1970 2082 nos,
2011 2043 2099 2076 sicut
2124 2044 2212 2079 folio
2234 2043 2290 2076 fici

1310 2091 1424 2126 Adam
1450 2099 1483 2126 et
1504 2091 1578 2126 Eva
1603 2105 1699 2126 suam
1730 2094 1991 2127 immunditiem
2018 2102 2049 2126 et
2077 2092 2290 2127 horrendam

1310 2144 1644 2177 contaminationem
1666 2145 1837 2187 tegebant,
1866 2145 1899 2177 id
1920 2152 1989 2183 est,
2016 2143 2080 2178 Est
2099 2145 2290 2190 qualecun-

1309 2206 1377 2239 que
1414 2194 1573 2236 srenum,
1615 2196 1709 2239 quod
1746 2196 1835 2229 vitae
1870 2202 1903 2229 et
1941 2195 2098 2229 societati
2134 2208 2290 2229 necessa-

1308 2246 1400 2279 rium
1430 2252 1492 2280 est.

1409 2295 1618 2329 Memineris
1638 2296 1740 2328 etiam
1760 2293 1827 2329 hoc
1845 2296 1953 2330 dicto:
1980 2295 2052 2330 Lex
2073 2304 2121 2330 est
2147 2297 2287 2331 iniustis

1308 2347 1437 2390 posita,
1465 2346 1654 2391 approbari
1675 2353 1785 2380 totum
1808 2348 1967 2381 ordinem
1989 2347 2191 2391 politicum,
2219 2349 2287 2380 im-

1308 2398 1421 2441 peria,
1466 2398 1693 2440 coniugium,
1735 2397 1995 2431 distinctionem
2037 2399 2288 2439 dominiorum,

1308 2455 1527 2489 contractus,
1567 2448 1714 2488 iudicia,
1756 2460 1905 2492 poenas:
1945 2449 2025 2493 quia
2054 2450 2152 2482 nervi
2180 2447 2285 2482 liuius

1306 2499 1441 2532 ordinis
1483 2499 1724 2542 propriissime
1759 2507 1840 2532 suut
1883 2506 2064 2544 praecepta
2106 2499 2284 2542 Decalogi.

1304 2548 1390 2582 Cum
1415 2556 1529 2582 autem
1550 2549 1743 2591 Decalogus
1761 2550 1940 2583 verissime
1957 2551 2000 2583 sit
2021 2551 2189 2593 sapientia
2206 2549 2283 2588 Dei,

1303 2600 1524 2634 manifestum
1551 2607 1601 2634 est
1628 2607 1659 2633 et
1682 2598 1777 2633 hunc
1807 2601 1968 2635 ordinem
2003 2602 2182 2646 politicum
2217 2613 2279 2634 suo

1301 2663 1425 2693 genere
1451 2663 1522 2685 rem
1545 2652 1674 2685 bonam
1701 2662 1783 2685 esse.

2396 2874 2406 2942 :-·2†
2396 2829 2399 2865 Α·
2397 2807 2404 2810 τ
2395 2601 2403 2790 -τ-ῄᾼ-ι
