2415 2942
233 88 311 125 303

242 188 324 209 nam
355 174 484 206 multae
523 169 749 204 liberationes
786 168 970 201 mirandae
1002 165 1223 208 contingunt,

242 227 376 260 etiamsi
396 236 467 256 non
484 232 606 254 omnes
624 221 688 264 ipsi
709 220 872 253 novimus
899 225 958 252 aut
981 217 1224 259 intelligimus,

244 278 334 311 sicut
361 274 477 307 Moses
506 272 639 308 infans,
682 268 806 314 loseph
827 270 1002 313 captivus,
1047 267 1163 301 David
1190 273 1223 300 et

246 327 305 360 alii
325 323 517 362 innumeri,
542 322 752 355 mirabiliter
769 334 786 353 a
807 320 882 353 Deo
900 319 1026 352 servati
1045 326 1075 351 et
1095 318 1225 363 guber-

247 376 319 410 nati
337 382 436 412 sunt,
462 380 494 406 et
512 373 614 416 plena
629 379 709 406 sunt
726 371 979 405 miraculorum
999 370 1118 403 omnia
1138 380 1225 414 quae

245 433 381 471 gerunt.

297 509 399 558 Quia
417 521 480 553 ego
497 504 590 540 cado
612 503 666 539 ad
683 509 843 553 patrem,
871 508 901 538 el
923 500 1100 552 quicquid
1119 502 1228 550 petie-

351 561 432 593 ritis
444 586 452 597 ,
481 564 540 593 etc.

348 627 497 661 Causam
517 624 634 663 addit,
669 635 730 655 cur
759 622 898 655 suturns
922 621 965 654 sit
983 620 1101 653 efficax
1123 625 1155 652 et
1175 629 1228 651 sa-

247 679 372 713 lutaris
389 687 508 710 cursus
528 674 779 718 Apostolorum
792 698 802 713 ,
839 684 900 705 cur
919 683 1042 713 magna
1061 669 1228 703 miracula

247 730 373 763 facturi
391 730 479 765 sint,
508 733 538 758 et
557 737 609 757 res
628 725 795 757 salutares
813 722 982 756 effecturi.

350 779 462 821 Quia,
497 776 632 820 inquit,
669 785 730 816 ego
752 774 841 805 vado
867 774 908 804 ad
934 779 1085 815 patrem,
1113 769 1148 801 id
1169 775 1229 809 est,

248 831 330 876 quia
365 842 424 871 ego
457 834 639 871 postquam
670 825 850 857 redemero
886 820 1080 854 humanum
1109 831 1229 862 genus,

247 894 324 914 mea
350 887 460 912 morte
488 876 709 910 resuscitatus
733 874 887 915 regnabo
914 884 984 904 una
1015 883 1093 904 cum
1120 876 1229 913 patre,

248 934 353 964 adero
375 929 492 968 vobis,
527 938 585 959 ero
604 925 795 969 opitulator
817 930 850 956 et
876 923 1028 956 effector.
1081 918 1127 953 Et
1149 931 1230 952 mox

247 982 389 1014 additur
414 977 597 1023 promissio
623 987 711 1019 quae
742 975 892 1007 duarum
921 972 1152 1005 maximarum
1176 983 1231 1003 re-

247 1045 327 1065 rum
362 1028 562 1064 testimonia
592 1026 760 1059 continet.
819 1023 978 1056 Primum
1004 1024 1104 1055 docet
1125 1019 1230 1054 Chri-

248 1094 340 1116 stum
360 1088 484 1115 natura
502 1078 614 1112 Deum
631 1088 714 1110 esse.
748 1074 808 1107 Bis
826 1074 943 1118 inquit
959 1071 1132 1111 Christus,
1159 1083 1231 1104 sese

249 1136 422 1166 facturum
443 1142 532 1168 esse,
564 1127 733 1172 quicquid
758 1125 843 1169 petit
864 1124 1034 1157 Ecclesia:
1081 1123 1231 1155 affirmat

249 1196 331 1225 ergo
355 1195 389 1215 se
414 1180 578 1214 exaudire
609 1184 806 1221 precantes,
847 1182 881 1208 et
907 1175 1011 1207 corda
1044 1171 1230 1205 hominum

249 1233 477 1277 introspicere
489 1256 498 1269 ‚
527 1237 559 1263 et
574 1230 770 1262 effectorem
788 1238 858 1259 esse.
875 1226 1033 1258 omnium
1051 1223 1232 1256 liberatio-

251 1298 357 1324 num,
383 1295 470 1328 quae
487 1280 589 1314 nobis
606 1279 775 1312 divinitus
798 1278 986 1310 donantur.
1039 1273 1133 1307 Haec
1152 1280 1233 1307 sunt

251 1343 397 1369 naturae
420 1329 691 1374 omnipotentis,
719 1328 858 1361 divinae
877 1334 908 1360 et
923 1325 1108 1359 creatricis,
1162 1323 1233 1357 Nec

252 1388 356 1427 longa
374 1382 609 1417 declaratione
625 1391 713 1423 opus
733 1385 781 1411 est
801 1378 835 1410 in
853 1375 918 1415 hoc
938 1375 1156 1414 testimonio,
1184 1380 1233 1406 est

250 1438 345 1470 enim
370 1434 611 1480 perspicuum,
650 1437 785 1463 tantum
816 1427 1013 1460 monendus
1043 1432 1092 1457 est
1115 1425 1234 1463 lector,

251 1496 291 1521 nt
309 1488 480 1530 expendat
497 1492 529 1517 et
545 1493 659 1515 secum
685 1480 923 1517 circumferat,
951 1489 989 1509 ac
1015 1487 1114 1518 saepe
1139 1474 1233 1517 cogi-

253 1545 319 1577 tet,
354 1538 401 1569 sic
432 1546 535 1579 supra
561 1533 649 1565 dixit
676 1542 750 1573 cap,
777 1528 826 1562 5.:
872 1528 975 1560 Pater
1006 1537 1235 1569 mensusque

251 1589 357 1620 inodo
379 1592 544 1630 operatur
559 1611 567 1623 ,
594 1589 626 1616 et
645 1593 706 1624 ego
724 1591 861 1623 operor.
905 1577 1010 1615 Item,
1036 1587 1123 1621 quae
1140 1583 1236 1619 pater

255 1640 336 1672 facit
352 1663 360 1676 ,
388 1637 471 1670 haec
490 1643 521 1668 et
539 1634 631 1666 filius
646 1632 809 1664 similiter
826 1629 917 1662 facit.
967 1626 1062 1659 Ilaec
1088 1633 1119 1659 et
1137 1626 1236 1659 simi-

253 1691 300 1722 lia
319 1690 409 1721 dicta
426 1686 547 1719 sintin
563 1689 763 1725 conspectu,
789 1680 829 1713 ut'
848 1690 913 1711 nos
929 1679 1093 1710 adversus
1111 1677 1237 1720 impios

254 1744 391 1773 turores
414 1734 634 1771 Samosateni
660 1739 692 1765 et
712 1731 788 1764 Arii
815 1729 1033 1768 muniamus,
1069 1734 1102 1760 et
1129 1738 1236 1769 agno-

255 1802 390 1823 scamus
415 1789 524 1820 filinm
549 1785 613 1818 Dei
637 1790 761 1815 natura
784 1780 915 1819 Deum,
957 1785 989 1812 et
1013 1778 1237 1820 omnipoten-

254 1849 323 1874 tem
346 1847 378 1873 et
403 1834 603 1883 ὁμοούσιον
629 1845 701 1866 esse
727 1832 838 1876 patri,
877 1837 909 1863 et
935 1841 1013 1862 eum
1039 1840 1118 1860 vere
1135 1828 1238 1859 invo-

254 1903 382 1924 cemus.
435 1889 509 1922 Nisi
525 1887 617 1920 enim
643 1882 727 1917 haec
756 1881 925 1915 sententia
946 1880 1138 1920 retinetur,
1164 1889 1238 1910 non

256 1949 369 1986 potest
389 1940 461 1973 fieri
482 1936 666 1970 invocatio.
802 1975 810 1980 ⁸

358 1991 537 2025 Secundo:
567 1986 663 2020 Ilaec
685 1983 868 2028 promissio
890 1982 926 2013 in
942 1987 1036 2014 textu
1055 1980 1157 2012 docet
1176 1989 1239 2010 nos

256 2045 298 2075 (le
317 2042 555 2079 invocatione,
583 2036 759 2081 quomodo
778 2034 933 2066 facienda
952 2033 1014 2070 sit,
1042 2036 1073 2062 et
1092 2029 1240 2061 affirmat

256 2094 363 2138 recipi
383 2100 517 2126 nostras
534 2099 668 2133 preces,
704 2092 737 2118 et
762 2092 854 2116 certo
880 2084 1068 2125 impetrare
1092 2091 1128 2111 ea
1151 2090 1239 2122 quae

256 2145 420 2188 petimus.
472 2139 620 2183 Quoties
639 2136 788 2169 dicimus
805 2141 940 2166 nostras
966 2142 1105 2174 preces,
1140 2140 1239 2171 repe-

258 2204 372 2227 tamus
389 2193 455 2226 hoc
473 2192 623 2227 dictum,
651 2187 914 2226 etlanguentes,
941 2181 1154 2219 dubitantes,
1184 2179 1240 2211 su-
1267 2203 1269 2213 2

259 2247 404 2287 pitz-‚ntes
431 2243 566 2275 animos
591 2238 789 2271 excitemus.
852 2233 928 2266 IIac
953 2231 1067 2273 ampla
1091 2229 1242 2273 promis-

260 2298 357 2329 sione
383 2292 556 2327 trahimur
580 2291 621 2322 ad
648 2288 777 2325 Deum,
818 2291 850 2318 et
884 2285 1046 2315 invocare
1069 2281 1243 2319 iubemur,

259 2347 540 2388 obtemperemus
579 2340 702 2382 igitur,
745 2343 777 2369 et
807 2336 1010 2367 accedamus
1042 2332 1082 2364 ad
1116 2330 1242 2373 Deum,
1268 2348 1270 2376 ᾖ

260 2398 348 2430 sicut
365 2394 448 2427 haec
466 2406 530 2425 vox
549 2390 681 2424 Christi
701 2388 861 2420 accedere
877 2386 987 2417 docet.
1029 2381 1170 2415 Dictum
1190 2388 1241 2413 est
1268 2377 1270 2402 ³

262 2460 365 2491 snpra
384 2447 420 2478 iu
439 2443 634 2487 precatione
654 2439 809 2484 quinque
827 2448 879 2469 res
904 2445 1111 2468 concurrere
1137 2444 1243 2475 opor-

261 2506 354 2540 tere,
381 2494 626 2537 cogitationem
651 2491 694 2521 de.
710 2495 910 2532 praecepto,
945 2484 1176 2528 promissione
1200 2484 1243 2514 ‹le

260 2548 354 2587 Deo,
390 2549 431 2579 ad
459 2556 560 2589 quem
587 2540 750 2582 dirigitur
777 2537 970 2576 invocatio,
1016 2535 1243 2566 discernenda

261 2602 305 2631 ab
335 2594 618 2631 invocationibus
657 2590 815 2623 omnium
856 2588 1012 2631 gentium
1042 2584 1242 2627 impiarum,

263 2653 344 2686 item
363 2652 406 2683 de
423 2648 507 2687 fide,
536 2651 568 2677 et
583 2644 625 2676 de
641 2653 677 2674 re
696 2640 854 2684 petenda.
908 2637 1009 2670 Hanc
1033 2634 1242 2674 doctrinam,

821 79 945 119 Plltt..
973 75 1089 112 MEL.
1117 75 1324 112 SCRtP'rA
1352 72 1654 112 EXEGETICA.

2182 82 2258 118 304

1274 163 1337 198 etsi
1355 174 1456 208 saepe
1472 162 1642 204 traditur,
1669 168 1787 197 tamen
1813 163 1850 198 in
1865 162 1933 200 hoc
1955 165 2049 200 (licto
2066 167 2176 212 repeti
2195 180 2257 202 ne-

1272 227 1365 248 cesse
1379 221 1449 255 est,
1486 214 1568 259 quia
1592 211 1651 247 hic
1677 215 1804 248 modus
1829 215 2063 251 invocationis
2088 220 2258 262 proponi-

1274 273 1342 299 tur.
1401 264 1588 308 Praecepta
1622 271 1704 298 nota
1734 271 1836 301 sunt:
1879 266 1990 301 Petite
2013 274 2046 302 et
2071 269 2259 313 accipietis.

1277 316 1378 349 ltem:
1415 314 1543 348 lnvoca
1561 326 1617 347 me
1641 315 1680 347 in
1707 315 1764 349 die
1788 317 2036 353 tribulationis.
2103 319 2259 353 Promis-

1273 368 1391 400 siones
1421 365 1526 399 etiam
1558 365 1689 399 multae
1721 367 1847 410 passim
1862 374 2000 412 extant,
2039 371 2098 402 sed
2131 370 2168 403 in
2193 368 2261 404 hoc

1278 419 1353 462 ipso
1369 417 1446 449 loco
1463 416 1649 461 praecipua
1665 417 1844 452 recitatur:
1874 417 2055 464 Quicquid
2081 421 2201 464 petetis
2222 421 2260 454 in

1278 468 1423 502 nomine
1439 478 1534 507 meo,
1565 464 1630 500 hoc
1645 467 1781 501 faciam.

1379 517 1446 551 Sed
1466 518 1643 562 quomodo
1661 518 1893 553 discernenda
1916 519 1960 553 sit
1976 526 2094 553 nostra
2119 521 2262 554 invoca-

1280 568 1328 602 tio
1351 569 1393 600 ab
1411 565 1581 608 Ethnica,
1612 566 1846 603 Mahometica
1875 577 1908 603 et
1938 570 2098 611 Iudaica,
2130 571 2166 604 id
2198 572 2264 605 do-

1280 625 1357 652 cent
1382 616 1465 651 haec
1491 620 1617 651 verba:
1665 618 1706 651 ln
1738 621 1882 653 nornine
1906 633 1995 655 mee.
2057 620 2109 655 Ac
2133 622 2262 666 duplex

1280 669 1467 710 discrimen
1492 675 1562 712 est,
1605 669 1753 702 alterurn
1776 671 1820 702 de
1848 671 2013 711 essentia,
2046 672 2194 705 alterum
2219 674 2263 705 de

1281 720 1461 752 voluntate
1478 718 1554 754 Dei.
1589 717 1664 752 Etsi
1680 720 1774 752 enim
1792 719 1956 762 Ethnici,
1984 720 2265 764 Mahometistae,

1281 777 1340 803 aut
1370 769 1489 803 Iudaei
1523 771 1677 803 fatentur
1705 782 1817 804 unum
1848 772 2001 817 aliquem
2039 784 2111 806 esse
2139 772 2264 814 Deum,

1281 820 1497 854 conditorem
1515 821 1600 853 coeli
1620 827 1651 853 et
1670 827 1792 862 terrae,
1816 829 1850 855 et
1868 823 2014 856 aliarum
2031 835 2148 857 rerum
2168 835 2265 857 crea-

1283 878 1414 910 tarum,
1442 877 1558 902 tamen
1581 882 1652 903 non
1678 872 1824 906 credunt
1842 872 1976 912 Deum,
2010 881 2050 908 ut
2073 885 2107 907 se
2134 875 2265 917 patefe-

1283 921 1347 960 cit,
1374 932 1437 953 nec
1455 921 1694 953 assentiuntur
1716 919 1809 955 hunc
1828 936 1899 956 esse
1915 936 1994 956 vere
2011 923 2122 957 Deum
2141 925 2265 957 condi-

1283 978 1415 1008 torem,
1441 971 1504 1017 qui
1520 971 1613 1003 misit
1630 971 1741 1004 filium
1766 975 1949 1007 dominum
1970 983 2128 1008 nostrum
2150 974 2264 1007 Iesum

1282 1020 1482 1061 Christum,
1515 1020 1717 1053 crucifixum
1745 1034 1806 1065 pro
1829 1025 1931 1057 nobis
1954 1031 1987 1058 et
2010 1025 2263 1059 resuscitatum.

1283 1072 1352 1105 Sed
1371 1077 1543 1114 vagantur
1558 1071 1703 1111 animis,
1736 1084 1800 1105 nec
1822 1076 2040 1109 constituunt
2058 1076 2140 1120 quid
2164 1075 2267 1108 invo-

1284 1129 1380 1161 cent,
1415 1121 1499 1165 quid
1521 1121 1566 1154 sit
1590 1121 1649 1153 ille
1672 1121 1784 1161 Deus,
1825 1133 1884 1158 aut
1907 1138 1975 1168 quo
2006 1126 2208 1159 testimonio
2232 1138 2268 1159 se

1285 1172 1501 1216 patefecerit,
1539 1182 1643 1215 quem
1668 1181 1851 1215 quaerunt.
1913 1176 1996 1208 Ideo
2021 1174 2165 1208 Ethnici
2195 1182 2266 1209 tam

1284 1223 1379 1255 varia
1413 1221 1559 1254 numina
1598 1222 1811 1263 excogitant,
1861 1224 1950 1257 alius
1983 1225 2081 1266 fingit
2115 1226 2268 1258 inveniri

1285 1273 1398 1307 Deum
1418 1271 1515 1305 cultu
1532 1270 1705 1312 Palladis,
1734 1273 1823 1306 alius
1842 1274 1938 1308 cultu
1957 1273 2153 1318 Apollinis,
2180 1275 2270 1309 alius

1285 1324 1382 1357 cultu
1404 1322 1517 1362 Iovis,
1545 1322 1635 1355 alius
1652 1323 1747 1356 cultu
1767 1323 1904 1357 Martis,
1957 1323 2127 1358 Prohibet
2151 1332 2268 1358 antem

1284 1374 1379 1407 Deus
1398 1373 1447 1406 sic
1465 1373 1582 1416 vagari
1599 1373 1752 1411 animos,
1782 1381 1814 1408 et
1839 1375 1955 1417 alligat
1979 1388 2042 1408 nos
2068 1377 2111 1408 ad
2137 1376 2270 1419 patefa—

1285 1425 1437 1457 ctionem
1466 1430 1499 1456 et
1523 1424 1564 1455 ad
1590 1420 1685 1455 hunc
1706 1424 1834 1465 filium,
1869 1433 1907 1459 ut
1931 1438 2034 1469 supra
2052 1426 2183 1459 dictum
2203 1433 2269 1459 est:

1287 1474 1357 1517 Qui
1381 1474 1475 1506 videt
1494 1485 1568 1513 me,
1595 1473 1689 1506 videt
1710 1482 1851 1516 patrem.
1906 1474 1950 1508 Et
1977 1475 2032 1509 hic
2056 1477 2201 1510 dicitur:
2229 1476 2269 1510 In

1285 1525 1431 1557 nomine
1446 1536 1542 1563 meo,
1570 1523 1605 1555 id
1623 1530 1689 1556 est:
1719 1524 1882 1559 Accedite
1898 1527 1937 1558 ad
1952 1525 2062 1559 Deum
2083 1539 2137 1559 me
2155 1528 2271 1559 norni-

1288 1583 1389 1615 nato,
1416 1585 1476 1607 seu
1493 1574 1631 1617 agnitO,
1660 1571 1753 1606 hunc
1770 1575 1883 1608 Deum
1903 1577 2061 1609 invocate
2080 1577 2138 1621 qni
2159 1589 2192 1610 se
2211 1590 2272 1621 pa-

1288 1626 1404 1660 tefecit
1424 1636 1484 1668 per
1501 1636 1575 1665 me,
1603 1630 1635 1656 et
1653 1636 1708 1656 me
1725 1626 1837 1658 voluit
1856 1628 1898 1658 ad
1916 1638 1976 1659 vos
1995 1628 2146 1668 perferre
2169 1639 2272 1660 suum

1289 1677 1453 1715 verbum,
1488 1686 1557 1719 quo
1583 1686 1662 1706 vere
1687 1674 1930 1710 innotesceret.
1984 1675 2122 1710 Deinde
2144 1678 2187 1710 de
2208 1690 2272 1711 vo-

1289 1728 1422 1759 luntate
1451 1731 1571 1757 errant
1600 1736 1721 1757 omnes
1749 1733 1867 1768 gentes
1899 1727 2040 1769 ignarae
2074 1726 2273 1771 Evangelii,

1290 1778 1370 1822 quia
1391 1788 1460 1808 non
1478 1781 1632 1818 norunt,
1659 1786 1706 1807 anv
1729 1783 1762 1808 et
1788 1788 1849 1809 cur
1875 1779 2124 1810 exaudiantur:
2152 1778 2273 1812 Eccle-

1287 1829 1338 1860 sia
1355 1827 1417 1860 scit
1436 1825 1683 1870 promissiones
1701 1827 1796 1858 datas
1823 1838 1893 1858 esse
1917 1834 2058 1870 propter
2081 1829 2213 1869 filium,
2240 1836 2274 1863 et

1291 1879 1354 1911 scit
1374 1876 1468 1910 hunc
1487 1876 1714 1908 mediatorem
1734 1877 1962 1909 constitutum
1974 1889 2060 1918 esse,
2076 1886 2108 1912 ct
2118 1890 2181 1910 nos
2191 1879 2273 1922 ῤ’ῗο-

1292 1936 1367 1972 pter
1385 1939 1463 1960 eum
1481 1926 1656 1964 exaudiri,
1691 1938 1762 1958 non
1789 1934 1932 1970 propter
1949 1935 2102 1960 nostram
2121 1929 2274 1972 dignita-

1265 1994 1267 1998 ·
1290 1986 1370 2011 tem.
1434 1976 1472 2009 ld
1499 1976 1601 2008 etiam
1627 1977 1726 2009 docet
1751 1974 1834 2009 haec
1864 1978 2052 2011 sententia:
2095 1978 2275 2024 Quicquid

1293 2027 1462 2072 petieritis
1480 2034 1610 2069 patrem
1630 2026 1666 2058 in
1687 2027 1829 2059 nomine
1846 2041 1944 2067 meo,
1971 2029 2005 2061 id
2031 2036 2098 2068 est,
2130 2042 2186 2062 me
2211 2042 2276 2063 no-

1294 2079 1484 2117 minantes,
1512 2083 1545 2109 et
1566 2088 1620 2108 me
1638 2084 1863 2119 agnoscentes
1882 2079 2107 2112 mediatorem
2124 2081 2275 2114 interce-

1266 2126 1433 2177 {dentem
1466 2139 1530 2170 pro
1564 2127 1663 2159 vobis
1699 2129 1791 2170 apud
1830 2136 1973 2172 patrem.
2033 2129 2129 2163 Haec
2156 2131 2274 2164 omnia

1295 2179 1454 2224 quotidie
1471 2177 1614 2220 cogitari
1636 2177 1671 2209 in
1694 2178 1913 2212 invocatione
1933 2192 2069 2213 necesse
2086 2188 2146 2215 est.

1396 2229 1547 2272 Quarto:
1576 2225 1738 2269 Accedat,
1766 2229 1836 2262 imo
1856 2231 2051 2273 praeluceat
2068 2231 2161 2270 fides,
2186 2243 2275 2276 quae

1295 2286 1422 2314 statuat
1443 2281 1484 2313 de
1502 2279 1706 2311 remissione
1726 2287 1958 2323 peccatorum,
1986 2282 2114 2314 donata
2134 2289 2276 2325 propter

1295 2329 1490 2365 Christum,
1533 2328 1621 2361 Nam
1638 2342 1736 2362 mens
1754 2332 1865 2363 donec
1883 2331 1971 2373 sugit
1992 2330 2103 2364 Deum
2121 2344 2185 2365 nec
2201 2345 2276 2366 cre-

1296 2382 1349 2415 dit
1373 2381 1614 2414 remissionem
1637 2387 1874 2423 peccatorum,
1913 2393 2131 2426 nequaquam
2158 2385 2276 2417 statuit

1296 2432 1403 2475 recipi
1427 2442 1543 2475 preces
1568 2441 1657 2462 suaS.
1721 2430 1801 2462 ldeo
1824 2428 1959 2464 necesse
1986 2439 2035 2465 est
2059 2430 2149 2465 hanc
2173 2434 2275 2467 fidem

1297 2483 1507 2526 praelucere,
1535 2481 1577 2513 de
1595 2492 1661 2524 qua
1678 2479 1807 2513 Paulus
1825 2482 1909 2514 dicit
1926 2483 1967 2514 ad
1987 2482 2093 2518 Rom.
2112 2482 2163 2519 5.:
2191 2484 2276 2518 Fide

1296 2531 1466 2566 habemus
1482 2542 1655 2579 accessum
1673 2532 1715 2563 ad
1734 2531 1844 2564 Deum
1866 2544 1927 2575 per
1943 2531 2129 2569 Christum.
2182 2533 2276 2567 Haec

1298 2584 1369 2627 ipsa
1387 2583 1546 2616 doctrina
1564 2583 1607 2613 de
1622 2582 1688 2614 fide
1707 2582 1809 2615 etiam
1837 2581 2148 2623 comprehenditur
2166 2586 2200 2617 in
2221 2585 2277 2617 di-

1270 2642 1352 2679 ,cto
1381 2632 1485 2667 huius
1517 2632 1602 2666 toci:
1647 2631 1826 2678 Quicquid
1855 2634 2024 2680 petieritis
2064 2636 2101 2667 in
2134 2636 2276 2668 nomine
