2415 2942
270 80 343 115 807

273 166 437 199 sideratio
468 172 518 197 est
543 171 687 196 naturae
713 170 745 196 et
763 164 877 207 operis
902 165 1013 197 divini
1037 164 1251 197 couveniens

274 213 535 259 philosophiae,
571 216 628 246 sed
653 215 810 246 nondum
837 215 919 248 satis
945 223 993 248 cst
1018 215 1251 248 conscientiae

276 267 456 310 quaerenti
481 277 523 296 au
545 263 619 296 Deo
646 265 796 307 placeat,
827 273 858 298 et
887 278 951 298 vox
972 264 1154 307 Evangelii
1175 266 1252 308 plus

275 317 391 354 addit,
419 316 502 347 dicit
521 326 726 347 conversum
752 316 857 359 recipi
885 324 1025 360 propter
1049 317 1158 349 filium
1176 314 1254 356 Dei,

274 373 306 398 et
322 366 447 397 donari
466 365 600 408 Spiritu
619 374 757 403 sanct0,
785 373 817 398 et
835 378 1038 411 quanquam
1058 367 1124 399 iam
1153 368 1188 399 in
1215 379 1253 399 eo

275 416 376 449 initia
399 422 479 448 sunt
505 428 676 448 novarum
701 417 890 456 virtutum,
926 425 1040 450 tamen
1067 418 1150 450 dicit
1176 429 1254 459 per-

274 477 396 498 sonam
427 467 590 509 deinceps
624 467 727 499 etiarn
763 467 916 509 placere,
959 475 993 501 et
1023 468 1256 511 imputatione

276 517 402 550 iustam
427 528 499 549 esse
527 523 669 560 propter
693 519 918 551 mediatorem
949 519 1033 559 fide,
1078 532 1147 551 non
1175 530 1256 562 pro-

276 574 354 610 pter
378 567 553 610 propriam
580 568 808 605 munditiem,
845 581 923 601 cum
953 567 1117 602 haereant
1144 567 1258 602 adliuc

276 619 312 650 in
337 619 438 650 nobis
467 617 634 662 reliquiae
660 619 804 661 peccati:
849 626 881 652 et
907 617 969 651 hac
997 621 1064 651 tide
1089 621 1255 651 accedeu-

276 670 360 701 dum
391 680 463 701 esse
491 669 533 701 ad
556 667 688 708 Deum,
729 671 825 714 quod
857 677 1000 713 propter
1029 669 1258 703 mediatorem

279 720 411 763 recepti
430 720 548 752 simus.

379 768 473 802 Haec
503 777 541 803 ut
566 770 716 803 illustret
737 767 885 809 Paulus,
920 769 999 802 citat
1026 770 1177 813 primum
1205 771 1259 803 di-

280 827 373 854 ctum
401 820 437 852 in
456 819 585 853 Genesi
610 822 653 852 de
678 821 764 862 fule,
807 826 841 852 et
867 821 1033 863 proponit
1063 822 1258 865 exemplum

278 871 417 914 insigne
435 871 548 913 ipsum
564 868 757 903 Abraham.
808 869 922 903 Simul
940 871 1033 903 enim
1052 879 1084 904 et
1101 869 1166 904 hoc
1186 872 1260 904 vult

279 923 480 961 ostendere,
516 922 711 954 doctrinam
746 922 788 952 de
814 919 903 963 fide,
940 933 1029 966 quae
1060 929 1143 955 tunc
1176 935 1259 955 voce

278 970 462 1014 Evangelii
481 973 729 1011 renovabatur,
759 983 827 1003 non
846 983 972 1003 novam
992 983 1078 1014 esse,
1105 974 1161 1005 sed
1183 985 1260 1016 per—

281 1030 423 1066 petuum
444 1034 545 1054 verae
564 1022 736 1055 Ecclesiae
753 1033 960 1054 consensum
978 1033 1062 1056 esse.
1117 1023 1201 1056 ideo
1216 1025 1260 1055 ab

280 1074 343 1105 illo
362 1073 474 1116 primo
492 1073 584 1105 dicto
603 1074 752 1105 orditur.
805 1072 1018 1116 Quanquam
1045 1074 1150 1117 igitur
1169 1074 1260 1107 mul-

280 1131 333 1157 tae
359 1124 562 1156 excellentes
587 1124 733 1156 virtutes
758 1132 839 1156 sunt
862 1123 897 1155 in
917 1122 1117 1165 Abraham,
1145 1133 1260 1158 tamen

279 1174 383 1213 dicit,
419 1173 588 1217 imputari
616 1174 645 1206 ei
672 1174 861 1213 iusticiam,
897 1173 930 1206 id
956 1181 1027 1214 est,
1063 1182 1156 1208 certo
1181 1187 1259 1208 enm

280 1225 408 1267 recipi,
444 1231 477 1257 et
503 1225 639 1267 placere
675 1236 736 1268 per
760 1224 1058 1265 misericordiam,
1091 1239 1169 1259 cum
1195 1227 1262 1258 fide

281 1275 465 1319 acquiescit
486 1275 522 1307 in
546 1275 796 1317 promissione,
825 1287 895 1306 non
921 1283 1064 1318 propter
1089 1289 1167 1309 suas
1192 1277 1262 1308 vir-

283 1334 385 1359 tutes,
438 1323 483 1357 Et
503 1324 591 1356 hanc
607 1326 816 1357 senteutiam
834 1325 986 1358 declarat
1006 1327 1165 1368 pluribus
1183 1339 1262 1359 ver-

283 1377 356 1415 bis,
399 1382 432 1408 et
457 1375 667 1408 nominatim
694 1376 834 1419 inquit:
878 1374 981 1407 Fides
1008 1377 1037 1407 ei
1070 1377 1264 1419 imputatur

284 1429 327 1459 ad
353 1426 543 1464 iusticiam,
571 1433 610 1459 ut
636 1426 783 1458 sciamus
804 1426 906 1457 fidem
928 1438 999 1459 non
1016 1434 1151 1459 tantum
1171 1427 1263 1459 noti-

283 1478 371 1510 ciam
391 1488 480 1513 esse,
509 1488 596 1520 quae
613 1476 657 1509 sit
675 1477 891 1519 praeparatio
915 1478 956 1508 ad
983 1478 1174 1517 iusticiam,
1204 1479 1261 1509 sed

287 1539 357 1560 esse
371 1525 438 1559 hoc
455 1527 588 1569 ipsum,
616 1539 685 1570 quo
701 1527 956 1570 acquiescentes
974 1527 1009 1558 in
1035 1528 1264 1570 promissione

284 1578 476 1621 recipimur
507 1584 538 1609 et
574 1577 817 1615 vivificamur,
860 1577 953 1610 iuxta
989 1578 1104 1612 illud:
1158 1577 1263 1620 Quod

286 1636 402 1662 autem
420 1640 514 1660 nnnc
531 1628 628 1666 vivo,
656 1628 775 1660 infide
797 1627 858 1659 filii
878 1626 940 1659 Dei
963 1628 1054 1661 vivo.

387 1676 439 1711 Ex
461 1676 525 1710 hac
543 1678 749 1711 recitatione
771 1685 803 1711 et
825 1686 1069 1719 argumentum
1090 1678 1189 1711 Pauli
1210 1679 1265 1711 in-

288 1729 475 1772 telligitur,
503 1735 536 1762 et
552 1735 644 1762 certo
661 1728 805 1761 iudicari
825 1735 954 1772 potest,
983 1742 1071 1773 quae
1089 1730 1132 1763 sit
1151 1730 1265 1762 nativa

288 1780 456 1813 sententia
469 1806 477 1819 ,
505 1786 536 1812 et
553 1780 667 1812 fontes
683 1785 871 1822 apparent,
899 1780 993 1812 unde
1015 1781 1105 1812 sumi
1123 1787 1266 1823 possunt

287 1832 386 1863 firma
413 1836 616 1872 argumenta
644 1830 686 1862 ad
712 1831 914 1862 refutandas
937 1831 1170 1873 corruptelas,
1208 1843 1267 1863 seu

289 1879 496 1923 Origenicas
522 1891 578 1912 seu
605 1887 770 1914 recentes,
839 1879 910 1912 Nos
942 1892 1139 1914 sermonem
1165 1881 1265 1914 Pauli

290 1931 471 1975 sequimur
496 1931 758 1973 incorruptum,
787 1931 1005 1972 agnoscimus
1032 1944 1095 1964 nos
1113 1933 1268 1976 discipu-

290 1982 342 2015 los
357 1982 498 2013 divinae
523 1980 616 2012 vocis
643 1993 714 2013 esse
740 1981 878 2020 debere,
906 1994 944 2014 ac
965 1980 1007 2015 τὸ
1023 1981 1132 2026 ῥητὸν
1150 1985 1269 2016 dextre

293 2039 326 2065 et
354 2032 409 2075 pie
434 2032 603 2071 retinere,
630 2043 702 2063 non
726 2032 848 2064 ass'erre
866 2031 1014 2065 Paulum
1039 2031 1209 2067 διάνοιαν
1234 2035 1268 2065 in

289 2080 513 2126 philosophia
541 2089 678 2121 natam,
706 2094 796 2125 quae
823 2090 953 2125 pugnat
975 2095 1053 2115 cuin
1083 2084 1210 2123 Paulo,
1238 2091 1271 2117 et

293 2133 415 2165 seriem
440 2132 689 2174 disputationis
714 2133 787 2164 eius
811 2135 1017 2174 corrumpit.
1087 2134 1131 2167 Ut
1157 2142 1270 2167 autem

294 2195 397 2226 supra
431 2184 523 2220 dixi,
567 2189 705 2215 nostrae
736 2184 1016 2226 interpretationi
1045 2196 1116 2218 non
1155 2187 1272 2218 deesse

294 2234 509 2266 testimonia:
546 2233 590 2266 ita
608 2244 702 2265 nunc
718 2240 839 2279 repeto
862 2245 936 2265 eam
965 2237 1274 2269 commonefactio-

294 2295 395 2321 nem,
422 2284 555 2316 etiamsi
575 2282 803 2323 Ambrosius,
832 2283 1067 2325 Augustinus,
1094 2285 1273 2320 Bernhar-

297 2335 382 2373 dus,
408 2334 491 2366 alibi
511 2334 637 2376 magis,
670 2335 752 2366 alibi
771 2335 887 2367 [ninus
907 2336 1045 2379 proprie
1070 2337 1276 2381 loquuntur,

297 2384 379 2428 quia
396 2385 594 2416 multisunt
613 2392 644 2416 et
664 2385 804 2417 fuerunt
825 2386 1038 2427 negligentes
1054 2387 1089 2418 in
1113 2388 1275 2427 dicendo,

299 2441 416 2468 tamen
434 2435 516 2467 satis
535 2435 680 2477 intelligi
701 2442 831 2478 potest,
863 2437 998 2470 collatis
1021 2449 1140 2471 eorum
1164 2439 1278 2480 dictis,

302 2491 502 2528 perpetuam
519 2497 637 2517 eorum
653 2488 860 2519 sententiam
870 2499 1061 2529 congruere
1072 2501 1148 2521 cum
1161 2496 1276 2523 nostra

300 2535 595 2578 interpretatione.
631 2536 764 2568 Deinde
781 2544 812 2570 et
832 2539 1051 2581 perspicuum
1068 2546 1099 2572 et
1116 2541 1279 2581 gravissi-

300 2586 660 2622 mum‚testimoniurn
686 2592 735 2618 est
752 2585 944 2626 Ecclesiae,
972 2589 1150 2630 videlicet,
1178 2602 1280 2634 expe-

301 2636 427 2669 rientia
443 2635 602 2669 omnium
628 2636 765 2679 piorum
783 2644 815 2670 et
830 2639 1033 2681 peritorum.

871 76 994 113 PHlL.
1023 76 1138 113 MEL.
1166 77 1372 114 SCRIPTA
1403 74 1699 114 EXEGETICA.

1088 2640 1159 2683 Qui
1178 2641 1281 2675 intel-
1304 2639 1309 2688 Ι

2212 79 2285 113 808

1307 165 1419 205 ligunt
1453 164 1614 197 exercitia
1643 164 1877 207 poenitentiae
1901 173 1934 199 et
1957 165 2208 206 invocationis,
2249 162 2286 197 lii

1305 215 1476 255 fatentur,
1505 215 1794 259 acquiescendum
1814 226 1886 249 esse
1905 216 1941 248 in
1958 217 2160 250 mediatore.

1410 280 1454 316 Ut
1478 283 1585 324 igitur
1617 283 1660 315 de
1688 282 1903 325 poenitentia
1935 283 2114 317 notissima
2149 290 2198 317 est
2223 284 2288 316 do-

1311 333 1440 366 ctrina:
1471 332 1701 366 tureiurando
1727 331 1820 366 Deus
1845 333 2014 374 affirmat,
2049 345 2083 366 se
2110 335 2214 375 velle,
2247 341 2288 367 ut

1309 391 1555 416 convertamur
1578 391 1609 417 et
1635 384 1804 418 vivamus.
1874 382 1924 416 lta
1951 381 2007 415 liic
2032 384 2222 423 discamus,
2256 391 2289 417 et

1310 435 1486 479 quomodo
1509 435 1565 467 fiat
1589 434 1790 470 conversio,
1825 441 1858 467 et
1887 435 2064 478 quomodo
2090 431 2148 467 fiat
2165 446 2288 467 recon-

1310 485 1464 525 ciliatio,
1500 492 1531 518 et
1553 485 1728 528 exempla,
1765 496 1853 529 quae
1874 497 1977 528 supra
2005 484 2166 524 recitavi,
2192 483 2290 517 Adae

1311 543 1342 568 et
1360 535 1521 574 Davidis,
1549 547 1648 579 saepe
1667 536 1879 568 intueamur.
1932 534 2012 568 Non
2037 535 2073 568 fit
2096 535 2291 576 conversio,

1312 587 1422 618 donec
1439 594 1554 619 manet
1571 584 1676 619 homo
1703 597 1865 623 securus,
1894 592 1925 618 et
1945 586 2102 618 retinens
2128 585 2289 630 proposi-

1313 644 1385 669 tum
1404 636 1553 669 faciendi
1574 644 1695 670 contra
1713 637 1821 679 legem
1841 636 1929 675 Dei,
1957 636 2044 670 vivit
2061 637 2096 668 in
2114 643 2292 670 contemtu

1314 687 1433 719 iudicii
1454 687 1578 720 divini.
1631 687 1798 730 Expressa
1818 694 1868 720 est
1885 687 1977 719 enim
1996 687 2184 720 sententia:
2217 686 2294 720 Ma-

1315 737 1437 770 nifesta
1457 745 1537 770 sunt
1554 750 1657 781 opera
1673 738 1806 778 carnis,
1832 738 2043 771 adulterium
2064 745 2127 773 etc.
2152 744 2295 782 propter

1316 786 1398 821 haec
1418 788 1514 821 venit
1532 789 1581 820 ira
1600 787 1664 821 Dei
1687 800 1791 832 super
1816 788 2069 824 inobedientes.
2123 787 2207 822 Ideo
2232 799 2294 820 ne-

1315 838 1459 871 cessaria
1479 845 1525 870 est
1544 839 1720 872 contritio.
1772 838 1809 872 Id
1828 846 1895 879 est,
1922 846 2061 882 oportet
2086 840 2231 873 existere
2256 838 2291 870 in

1314 890 1443 922 nostris
1464 889 1628 922 cordibus
1654 901 1817 933 pavores,
1852 897 1992 933 propter
2023 890 2110 923 iram
2135 888 2199 922 Dei
2227 889 2290 922 ad-

1315 951 1434 972 versus
1457 946 1655 983 peccatum,
1682 947 1713 972 et
1729 940 1919 973 dolendum
1937 948 2005 979 est,
2040 952 2103 974 nos
2129 951 2295 984 peccasse,

1315 991 1348 1023 id
1370 997 1438 1027 est,
1467 989 1580 1024 Deum
1598 1003 1615 1022 a
1634 991 1735 1024 nobis
1752 990 1927 1023 offensum
1947 1002 2029 1024 esse.

1415 1057 1455 1090 In
1481 1055 1535 1091 his
1557 1059 1746 1102 pavoribus
1768 1065 1801 1091 et
1824 1058 2007 1091 doloribus
2035 1070 2114 1091 cum
2134 1057 2223 1101 petis
2241 1068 2296 1090 re-

1316 1108 1536 1146 missionem,
1576 1116 1609 1142 et
1633 1121 1711 1142 vere
1737 1109 1869 1149 credis,
1904 1109 1986 1142 Tibi
2014 1109 2145 1142 remitti
2171 1120 2294 1153 pecca-

1315 1166 1408 1198 tum,
1436 1166 1470 1192 et
1488 1159 1540 1192 Te
1556 1160 1660 1202 recipi
1680 1168 1821 1203 propter
1838 1160 1948 1193 filium
1965 1159 2050 1200 Dei,
2077 1160 2194 1202 gratiS‚
2222 1171 2296 1192 non

1317 1212 1463 1252 propter'
1475 1216 1570 1242 tuam
1597 1211 1802 1253 dignitatem
1829 1218 1888 1244 aut
1914 1211 2058 1251 merita,
2085 1218 2117 1244 et
2142 1207 2206 1243 hac
2230 1210 2297 1242 fide

1317 1266 1347 1292 et
1364 1260 1606 1293 consolatione
1629 1274 1689 1293 cor
1712 1262 1879 1304 pavidum
1903 1267 2094 1299 sustentas,
2122 1267 2216 1293 certo
2242 1271 2297 1293 re-

1317 1311 1506 1343 mittuntur
1523 1311 1587 1343 tibi
1606 1320 1759 1353 peccata,
1786 1319 1818 1344 et
1838 1311 1933 1344 Deus
1950 1318 1982 1345 te
2006 1311 2130 1355 recipit
2156 1311 2192 1343 in
2217 1321 2296 1353 gra—

1318 1361 1420 1399 tiam,
1449 1367 1481 1392 et
1500 1360 1603 1393 simul
1623 1363 1681 1394 dat
1697 1362 1855 1405 Spritum
1880 1369 2057 1402 sanctum,
2084 1362 2143 1405 qui
2171 1361 2298 1403 accipi-

1318 1417 1375 1443 tur
1407 1411 1442 1442 iu
1477 1407 1541 1442 liac
1571 1411 1643 1454 ipsa
1679 1412 1936 1449 consolatione,
1978 1423 2055 1444 cum
2088 1411 2298 1454 cogitatione

1320 1461 1562 1503 promissionis
1582 1462 1683 1494 fidem
1702 1462 1959 1495 excuscitamus.
2013 1460 2060 1494 Et
2083 1467 2299 1494 concurrunt

1318 1508 1382 1543 hae
1407 1523 1546 1545 causae:
1579 1511 1731 1544 Verbum
1758 1513 1841 1550 Dei,
1870 1520 1902 1545 et
1927 1512 2081 1555 Spiritus
2103 1518 2242 1545 sanctus
2264 1511 2301 1542 in

1319 1561 1529 1603 cogitatione
1556 1563 1652 1594 verbi
1679 1562 1762 1601 Dei,
1803 1563 1973 1595 adiuvans
2001 1569 2153 1594 mentem
2181 1568 2213 1594 et
2239 1573 2301 1594 vo-

1320 1611 1500 1646 luntatem.
1570 1611 1676 1646 Item:
1714 1611 1817 1645 Mens
1842 1619 1875 1646 et
1903 1612 2085 1645 Voluntas.
2144 1610 2192 1645 Et
2215 1613 2297 1645 dato

1321 1660 1454 1705 Spiritu
1487 1669 1605 1695 sancto
1638 1663 1722 1695 fides
1748 1663 1856 1706 magis
1885 1664 2062 1708 magisque
2089 1663 2302 1702 accenditur,

1321 1719 1353 1744 et
1373 1712 1481 1745 vincit
1505 1725 1668 1756 pavores,
1697 1720 1729 1746 et
1750 1714 1876 1747 clamat
1896 1713 1995 1747 Abba
2013 1713 2135 1754 Pater,
2163 1714 2303 1747 invocat

1321 1762 1456 1802 Deum,
1497 1770 1527 1795 et
1558 1764 1672 1805 agnita
1698 1764 1937 1797 misericordia
1970 1765 2039 1796 iam
2071 1764 2211 1797 subiicit
2240 1775 2303 1796 nos

1322 1812 1408 1847 Deo.
1463 1811 1511 1845 lta
1534 1814 1719 1846 incoantur
1742 1814 1881 1848 dilectio
1900 1813 1981 1854 Dei,
2009 1821 2040 1846 et
2065 1815 2196 1847 bonum
2220 1826 2301 1858 pro-

1323 1863 1486 1906 positum.
1525 1864 1567 1896 Et
1585 1865 1738 1908 Spiritus
1755 1872 1893 1898 sanctus
1909 1865 2067 1897 accendit
2085 1871 2198 1897 motus
2217 1876 2302 1896 con-

1324 1914 1503 1947 venientes
1528 1916 1700 1948 voluntati
1727 1916 1886 1956 divinae,
1915 1927 2002 1960 qnae
2026 1926 2183 1958 expressa
2199 1915 2302 1948 estin

1324 1965 1398 2007 lege
1423 1963 1499 1998 Dei.
1564 1964 1645 1998 ldeo
1670 1966 1801 1999 dictum
1825 1973 1893 1999 est:
1932 1964 2032 1998 Dabo
2058 1965 2166 2007 legem
2191 1977 2302 1998 meam

1328 2017 1363 2048 iu
1382 2017 1485 2048 corda
1511 2028 1631 2048 eorum
1649 2023 1712 2050 etc,
1767 2015 1815 2049 lta
1840 2028 1976 2060 semper
1999 2017 2193 2049 necessario
2218 2028 2302 2049 con-

1327 2067 1443 2099 iuncta
1469 2073 1519 2099 est
1544 2079 1622 2098 cum
1651 2067 1855 2100 remissione
1877 2074 2096 2111 peccatorum
2122 2073 2154 2100 et
2180 2078 2304 2100 recon-

1327 2117 1504 2150 ciliatione
1533 2119 1668 2150 novitas
1697 2117 1901 2161 spiritualis.
1977 2116 2023 2150 Et
2049 2118 2133 2150 tides
2164 2125 2214 2151 est
2243 2117 2301 2149 illa

1328 2169 1399 2210 ipsa
1418 2179 1489 2207 reS,
1518 2180 1606 2212 quae
1623 2175 1673 2202 est
1691 2168 1831 2201 initium
1849 2168 2038 2208 novitatis,
2063 2174 2095 2201 et
2121 2179 2188 2212 qna
2213 2166 2301 2198 vivi-

1326 2219 1470 2251 ficamur
1495 2220 1535 2250 ad
1564 2219 1668 2252 vitam
1694 2227 1891 2261 aeternam,
1926 2221 2020 2253 iuxta
2045 2218 2149 2251 illud:
2186 2215 2300 2250 Iustus

1329 2269 1394 2301 fide
1412 2280 1472 2302 sua
1494 2269 1596 2303 vivet.

1429 2350 1735 2398 Argumenlorum
1753 2350 1983 2401 quorundam
2000 2349 2208 2397 explicatio.

1382 2421 1529 2456 Prorsus
1551 2424 1768 2466 impossibile
1792 2430 1859 2463 est,
1885 2421 1959 2454 sola
1975 2421 2104 2454 noticia
2125 2418 2304 2455 hominem

1433 2474 1536 2507 istum
1554 2485 1645 2507 esse:

1384 2532 1486 2566 Fides
1504 2540 1553 2566 est
1571 2539 1704 2566 tantum
1721 2531 1849 2565 noticia
1861 2556 1870 2569 ‚

1383 2591 1476 2633 Ergo
1503 2591 1719 2635 impossibile
1746 2597 1815 2631 est,
1849 2587 2028 2623 hominem
2063 2589 2135 2622 sola
2160 2589 2225 2623 tide
2251 2590 2304 2624 iu-

1437 2650 1527 2676 stum
1549 2653 1630 2677 esse.
