2415 2942
105 109 155 143 37
534 107 617 145 xll.

669 104 966 144 ENARRATIO
996 106 1045 142 IN
1073 103 1255 142 EVANG.
1282 103 1493 143 IOANNIS.
1553 106 1658 145 CAP.
1690 109 1715 144 1.

2095 115 2143 153 38

103 195 197 229 coari
223 194 330 228 vitam
355 200 554 236 aeternam,
580 194 671 228 sicut
693 200 725 228 et
742 199 859 238 postea
875 192 1006 226 dicitur
1022 204 1097 237 cap.
1122 203 1125 222 ι
1148 198 1181 226 et
1204 203 1333 226 novam
1359 194 1592 228 ceremoniam
1619 194 1807 238 baptismi,
1834 209 1902 242 qua
1925 198 2029 233 fiebat
2047 197 2140 234 schi-

103 246 178 283 16.:
206 244 393 280 Sanctifica
412 257 472 279 eos
491 245 529 278 in
547 245 710 286 veritate,
736 255 849 278 sermo
868 250 949 277 tuus
966 243 1096 276 veritas

101 304 168 338 est,
196 296 281 330 Non
307 308 371 341 pro
396 297 444 330 eis
470 308 554 340 rogo
579 302 734 334 tantum,
762 295 821 329 sed
839 301 872 327 et
888 306 952 341 pro
971 294 1013 327 iis
1032 295 1093 339 qui

101 347 272 382 credituri
298 355 379 382 sunt
406 360 468 392 per
491 348 638 381 verbum
664 358 787 379 eorum
815 346 851 378 in
878 357 943 378 me.
996 344 1092 379 Haec

100 406 150 432 est
168 399 310 444 propria
328 397 504 433 Ecclesiae
523 397 713 441 sapientia,
742 409 814 429 non
831 394 996 429 humanis
1013 396 1090 440 opi-

99 450 270 484 nionibus
294 461 459 496 quaerere
485 450 528 482 de
546 447 639 489 Deo,
666 454 726 481 aut
749 449 792 481 de
808 446 875 481 Dei
899 448 1091 489 voluntate,

98 503 158 535 sed
184 513 369 545 agnoscere
394 512 471 533 eum
495 511 557 543 per
574 500 742 538 verbum,
771 506 804 533 et
823 505 976 532 statuere
993 500 1088 544 quod

100 559 193 586 certo
218 552 263 585 sit
285 551 403 584 efficax
427 562 488 594 per
512 551 658 583 verbum
678 562 800 591 suum,
828 556 922 583 certo
939 557 1088 594 praestet

99 615 158 642 ea,
194 614 282 646 quae
311 602 348 634 in
372 602 480 634 verbo
506 612 568 635 suo
594 601 769 646 promisit.
832 600 930 635 Sicut
956 600 1088 634 Paulus

97 653 230 698 inquit:
265 651 501 695 Evangelium
525 659 574 686 est
600 653 754 697 potentia
779 650 845 686 Dei
870 652 911 685 ad
939 653 1085 686 salutem

95 704 195 737 omni
219 704 387 738 credenti.
448 703 542 737 Haec
565 704 738 737 sententia
761 703 976 737 uberrimam
1001 716 1086 737 con-

95 755 302 788 solationem
327 755 428 788 assert
453 755 530 799 piis.
584 753 672 788 Nam
692 752 867 788 humanae
883 762 1015 788 mentes
1035 755 1085 787 fa-

95 806 161 840 cile
184 814 356 849 vagantur
381 813 475 839 extra
501 806 647 839 verbum
664 805 747 846 Dei,
776 805 963 851 requirunt
987 806 1084 839 testi-

94 857 213 890 monia
245 857 312 890 alia
343 858 384 890 de
407 856 503 895 Deo,
540 857 625 890 alias
651 857 948 898 illuminationes,
983 857 1085 890 facile

93 908 274 947 dubitant,
302 920 346 941 an
370 914 592 952 praestentur
609 919 662 941 res
680 915 813 948 tantae,
841 920 930 952 quae
948 908 982 940 in
1001 920 1083 955 pro—

92 959 321 992 missionibus
346 966 599 994 monstrantur.
656 958 737 992 ldeo
763 970 900 992 necesse
923 966 973 992 est
997 971 1082 991 eru—

93 1011 161 1044 diri
195 1022 267 1051 eas,
303 1011 346 1043 de
376 1022 442 1043 usu
475 1017 505 1043 et
537 1010 687 1043 efficacia
714 1010 812 1043 verbi
838 1009 915 1044 Dei.
970 1009 1082 1043 Porro

92 1073 227 1094 summa
253 1059 359 1094 huius
382 1061 450 1094 loci
479 1068 549 1102 est,
578 1062 845 1095 discernendam
873 1072 944 1094 esse
968 1061 1079 1103 legem

91 1113 135 1145 ab
153 1111 366 1155 Evangelio,
394 1119 432 1146 ut
457 1124 560 1156 supra
585 1113 669 1148 dixi.
723 1112 774 1146 Ac
799 1113 908 1154 legem
928 1123 1000 1144 esse
1018 1124 1078 1144 na-

89 1164 238 1198 turalem
263 1164 450 1202 noticiam,
479 1165 538 1196 sed
558 1162 789 1206 Evangelium
807 1174 879 1195 esse
898 1163 994 1195 aliud
1014 1163 1079 1195 mi-

90 1215 242 1247 randum
267 1215 454 1247 consilium
479 1215 638 1257 ignotum
666 1213 840 1247 humanae
859 1214 1007 1253 rationi,
1037 1215 1080 1245 de

91 1265 281 1299 salvatione
312 1265 448 1308 generis
473 1263 640 1305 humaui,
676 1265 884 1308 patefactum
909 1265 952 1296 ab
976 1263 1078 1297 initio

89 1316 126 1349 in
143 1315 296 1350 Ecclesia
317 1328 377 1359 per
393 1317 503 1349 filium
521 1315 584 1350 Dei
597 1343 605 1356 ,
633 1323 663 1349 et
680 1315 852 1349 mirandis
868 1315 1078 1348 testimoniis

86 1367 342 1400 confirmatum.

139 1449 193 1485 Et
219 1448 285 1485 hoc
302 1456 352 1485 es!
369 1450 615 1485 testimonium
634 1448 813 1492 Ioannis,
843 1463 921 1484 cum
942 1449 1080 1484 Iudaei

189 1503 366 1537 miserunt
383 1500 586 1536 sacerdotes
598 1530 605 1544 ,
633 1507 694 1538 etc.

190 1569 304 1605 Addit
344 1571 448 1604 aliam
491 1570 728 1604 narrationem
761 1570 804 1602 de
837 1569 989 1609 Ioanne,
1039 1576 1075 1604 ut

87 1622 249 1656 ostendat
288 1635 368 1655 eum
406 1633 507 1666 saepe
546 1628 709 1656 testatum
750 1633 823 1654 esse
861 1623 903 1654 de
936 1620 1076 1654 Messia.

88 1672 250 1718 Suntque
273 1673 472 1706 testimonia
498 1672 661 1712 Ioannis,
696 1670 843 1716 Ioseph,
877 1672 1076 1711 Pastorum,

88 1722 295 1767 Magorum,
330 1723 525 1762 Simeonis,
558 1731 592 1756 et
616 1724 767 1756 aliorum
795 1725 1003 1768 perscripta,
1038 1731 1075 1758 ut

88 1786 152 1807 nos
177 1774 395 1808 confirment.
449 1773 526 1807 Etsi
548 1773 642 1806 enim
660 1785 718 1813 ea,
746 1786 833 1817 quae
851 1782 1021 1817 geruntur
1039 1775 1074 1807 in

86 1822 260 1865 Ecclesia,
298 1837 368 1858 non
399 1824 545 1867 perinde
578 1825 765 1856 incurrunt
796 1824 832 1856 in
865 1826 1005 1865 oculos,
1039 1832 1075 1858 ut

88 1875 280 1908 Alexandri
311 1882 343 1908 et
367 1874 526 1909 Caesaris
552 1886 709 1918 pugnae,
741 1881 859 1907 tamen
883 1875 978 1908 Deus
1003 1876 1075 1909 vult

87 1925 278 1959 Ecclesiam
295 1938 367 1959 esse
385 1926 537 1971 aliquem
558 1932 709 1964 coetum,
738 1937 776 1958 ac
794 1933 896 1960 testes
912 1939 983 1959 esse
1002 1939 1075 1959 cer-

87 1984 140 2011 tos
170 1989 375 2021 magnarum
409 1988 526 2010 rerum
551 1988 639 2021 quae
662 1984 843 2020 geruntur.
911 1977 970 2010 Sic
993 1978 1075 2010 inde

86 2040 196 2073 usque
219 2029 263 2062 ab
289 2029 392 2062 initio
417 2028 519 2061 certis
543 2027 756 2061 testimoniis
779 2028 925 2061 verbum
946 2040 1074 2072 propa-

85 2086 204 2123 gatum
228 2087 287 2115 est.
342 2080 456 2114 Adam
483 2086 514 2112 et
538 2077 612 2113 Eva
638 2079 753 2112 testati
777 2086 858 2112 sunt
882 2080 923 2112 de
949 2080 1075 2113 condi-

85 2131 200 2170 tione,
228 2133 310 2166 item
337 2132 379 2164 de
404 2132 520 2175 lapsu,
547 2138 579 2164 et
599 2131 642 2164 de
659 2129 750 2163 datis
769 2131 1073 2174 promissionibus.

86 2181 144 2215 Sic
167 2189 199 2216 et
224 2183 388 2226 deinceps
410 2182 518 2226 aliqui
543 2193 680 2226 semper
703 2189 934 2226 spectatores,
967 2189 999 2216 et
1023 2190 1074 2216 te—

86 2241 153 2268 stes
175 2234 319 2267 fuerunt
345 2233 527 2279 propagati
552 2233 650 2267 verbi
676 2233 801 2270 divini.
855 2233 973 2279 Atque
989 2231 1074 2267 baec

86 2286 129 2318 de
148 2286 358 2320 testimoniis
376 2285 555 2318 monuisse
571 2285 653 2318 satis
668 2285 723 2319 sit.

189 2337 260 2371 Nec
292 2349 381 2381 opus
411 2344 462 2370 est
492 2335 548 2369 liic
578 2336 774 2369 declamare
806 2336 847 2368 de
877 2336 1072 2369 constantia

86 2387 242 2424 loannis.
294 2389 374 2422 Alia
400 2388 557 2433 quaestio
582 2387 744 2430 agitanda
762 2394 829 2425 est,
857 2399 945 2431 quae
965 2393 997 2420 et
1016 2399 1071 2419 oc-

87 2441 261 2474 casionem
286 2440 453 2484 legationi
478 2439 649 2483 praebuit.
703 2437 792 2471 Cum
816 2437 964 2471 loannes
989 2439 1074 2472 arti-

89 2492 205 2525 culum
229 2504 362 2525 novum
386 2491 529 2524 maximi
556 2489 724 2523 momenti
751 2489 922 2529 traderet,
949 2490 1075 2522 videli-

88 2549 140 2576 cet
173 2543 215 2576 de
238 2550 394 2587 tempore
418 2543 589 2576 adventus
614 2540 779 2581 Messiae‚
814 2541 897 2574 item
923 2548 1075 2575 mutaret

88 2605 197 2637 genus
215 2595 404 2634 doctrinae,
433 2594 601 2637 reciperet
613 2600 743 2636 gentes,
770 2593 1074 2626 secederetatem-

88 2646 165 2689 plo,
194 2645 369 2680 omitteret
386 2645 614 2679 mactationes
631 2645 667 2677 in
684 2644 758 2687 lege.
775 2645 969 2684 mandatas,
995 2656 1073 2677 cum

88 2697 230 2742 quidem
248 2703 335 2731 esset
353 2704 454 2731 natus
472 2708 597 2740 genere
615 2697 849 2736 sacerdotum,
877 2695 1076 2729 institueret

1148 254 1221 275 sma
1239 250 1271 277 et
1287 244 1468 278 distractio
1484 245 1618 290 populi.
1671 244 1834 292 Denique
1850 261 1928 282 cum
1946 250 2139 286 discederet

1147 293 1191 326 ab
1217 294 1395 327 ordinaria
1421 302 1608 338 potestate,
1641 304 1673 331 et
1699 299 1808 332 multa
1834 307 1954 334 contra
1980 313 2054 335 eam
2082 303 2137 335 di·

1146 350 1239 377 ceret
1261 351 1294 378 et
1318 345 1463 384 faceret,
1491 359 1616 390 magna
1640 360 1678 381 ac
1701 350 1816 392 gravis
1840 363 1942 385 causa
1962 352 2029 386 fuit
2046 365 2136 397 pon-

1144 394 1229 427 tifici
1254 401 1288 429 et
1311 396 1551 430 sacerdotibus
1572 398 1833 445 interrogandi,
1862 414 1930 447 qua
1948 405 2135 438 autoritate

1145 444 1294 479 Ioannes
1326 452 1460 480 tantam
1492 449 1725 483 mutationem
1757 452 1794 484 in
1817 451 1972 487 Ecclesia
1997 455 2134 493 faceret,

1142 503 1181 530 ut
1196 509 1291 530 nunc
1307 498 1479 542 disputari
1496 499 1602 540 solet,
1629 512 1692 533 cur
1708 502 1750 533 ab
1769 503 1946 538 ordinaria
1965 513 2133 549 potestate

1142 547 1380 589 discedamus,
1421 561 1483 582 cur
1515 551 1745 584 mutationem
1778 553 1815 585 iu
1846 552 2021 597 Ecclesia,
2059 570 2131 591 non

1142 599 1374 641 mediocrem,
1411 600 1590 635 faciamus.
1646 601 1728 636 Fuit
1760 603 1868 646 igitur
1900 607 2038 640 novitas
2071 609 2130 642 illa

1141 656 1174 684 et
1189 651 1320 695 species
1335 648 1531 685 schismatis
1549 664 1649 686 causa
1668 653 1863 695 legationis.

1242 700 1337 735 Haec
1362 702 1554 746 disputatio
1579 705 1766 749 praecipua
1791 713 1859 747 est,
1892 707 2041 742 liceatne
2065 709 2130 743 ali-

1140 754 1282 798 quando
1307 753 1485 787 discedere
1508 755 1552 788 ab
1575 755 1755 789 ordinaria
1779 764 1963 800 potestate,
1993 767 2023 793 et
2049 773 2129 794 mu-

1138 810 1210 837 tare
1236 805 1452 844 doctrinam,
1481 812 1512 839 et
1536 806 1624 839 ritus
1642 806 1678 839 in
1697 805 1864 844 Ecclesia.
1920 808 2034 844 Unam
2055 824 2127 845 rem

1138 855 1299 888 omnium
1332 856 1500 889 acerrime
1527 858 1678 891 oderunt
1706 859 1926 905 maximeque
1950 863 2128 896 detestan-

1137 913 1195 939 tur
1233 906 1301 939 viri
1338 907 1492 950 politici,
1536 908 1698 942 videlicet
1732 911 1964 945 mutationem
1998 913 2127 957 legum,

1137 969 1226 1002 quae
1256 958 1489 991 desertionem
1521 960 1722 993 ordinariae
1747 963 1946 1005 potestatis,
1981 965 2125 999 seditio-

1137 1020 1198 1041 nes
1222 1014 1254 1041 et
1277 1009 1471 1042 discordias
1498 1010 1639 1053 gignere
1664 1011 1770 1051 solet,
1799 1025 1888 1058 quae
1915 1022 1996 1048 sunt
2018 1016 2125 1050 exitio

1135 1059 1302 1093 omnibus
1324 1060 1480 1104 imperiis
1504 1067 1536 1095 et
1558 1061 1770 1095 civitatibus.
1822 1063 1916 1097 Hinc
1940 1074 2020 1100 sunt
2044 1067 2126 1102 illae

1135 1122 1235 1144 voces
1255 1110 1412 1144 Platonis
1425 1138 1433 1151 ‚
1461 1117 1499 1144 ut
1515 1119 1699 1154 parentum
1717 1113 1860 1155 deliria,
1889 1115 1935 1148 ita
1953 1119 2124 1161 quaedam

1135 1162 1412 1203 gubernatorum
1445 1161 1528 1194 vitia
1563 1162 1744 1195 toleranda
1776 1176 1864 1197 esse:
1900 1173 1932 1200 et
1965 1168 2002 1201 in
2034 1166 2124 1204 hanc

1134 1211 1341 1244 sententiam
1366 1223 1383 1243 a
1405 1211 1670 1255 sapientissimis
1688 1213 1772 1247 viris
1791 1216 1942 1259 plurima
1959 1220 2123 1262 gravissi-

1133 1274 1187 1294 me
1214 1262 1446 1295 disseruntur.
1507 1262 1789 1298 Transferuntur
1820 1265 1855 1300 hi
1888 1269 2023 1312 politici
2050 1283 2123 1305 ser-

1132 1325 1254 1345 mones
1286 1313 1329 1345 ad
1359 1310 1575 1358 Ecclesiam,
1622 1322 1654 1349 et
1686 1317 1827 1361 quidem
1859 1329 2122 1365 exaggerantur,

1133 1365 1241 1407 magis
1258 1365 1472 1408 parcendum
1490 1377 1562 1398 esse
1576 1366 1699 1400 dicunt
1715 1365 1909 1411 Ecclesiae,
1938 1374 2032 1416 quod
2051 1375 2122 1408 dis-

1132 1415 1220 1448 sidia
1258 1415 1294 1448 in
1324 1412 1480 1449 Ecclesia
1518 1417 1595 1460 plus
1629 1418 1866 1462 periculorum
1896 1424 2122 1460 conscientiis

1132 1466 1300 1505 asserant,
1329 1473 1360 1499 et
1379 1467 1557 1500 difficilius
1575 1469 1691 1502 sanari
1712 1471 1855 1513 possint.

1232 1515 1309 1551 Etsi
1328 1524 1443 1551 autem
1464 1516 1501 1551 hi
1521 1520 1655 1562 politici
1672 1533 1851 1555 sermones
1870 1535 1972 1558 suum
1989 1523 2121 1561 habent

1131 1568 1268 1609 locum,
1303 1575 1420 1602 tamen
1450 1570 1631 1604 sciendum
1664 1579 1734 1610 est,
1770 1571 1858 1607 hanc
1890 1576 2118 1618 gubernatio-

1131 1632 1210 1652 nem
1230 1621 1333 1662 longe
1349 1620 1555 1654 dissimilem
1573 1634 1643 1655 esse
1660 1620 1825 1657 humanis
1841 1625 2007 1670 imperiis.
2045 1627 2120 1662 Ha-

1132 1672 1252 1703 bemus
1284 1672 1441 1713 regulam
1474 1679 1646 1717 quatenus
1669 1674 1868 1709 ordinariae
1896 1680 2055 1720 potestati
2081 1681 2119 1714 in

1131 1720 1283 1755 Ecclesia
1310 1724 1508 1770 parendum
1536 1723 1598 1763 sit,
1632 1731 1663 1757 et
1689 1727 1831 1770 quando
1856 1729 2032 1763 adversari
2057 1743 2119 1764 ne-

1131 1784 1221 1805 cesse
1257 1773 1311 1806 sit.
1366 1772 1554 1807 Generalis
1589 1776 1707 1818 regula
1737 1785 1786 1810 est
1813 1785 1843 1811 et
1870 1779 2117 1815 immutabilis:

1131 1822 1426 1870 Quandocunque
1463 1825 1716 1868 gubernatores
1758 1826 1934 1863 Ecclesiae
1972 1834 2118 1868 tradunt

1131 1875 1275 1917 impiam
1301 1876 1520 1917 doctrinam,
1548 1889 1686 1910 necesse
1710 1885 1759 1912 est
1777 1880 1824 1912 eis
1843 1882 2038 1922 adversari,
2063 1897 2118 1918 re-

1129 1925 1241 1958 futare
1267 1926 1412 1969 impiam
1438 1927 1653 1969 doctrinam,
1682 1931 1835 1972 profiteri
1862 1943 1899 1965 ac
1919 1945 2117 1978 proponere

1129 1988 1258 2010 veram.
1313 1976 1407 2010 Haec
1422 1978 1540 2021 regula
1559 1980 1712 2013 sumitur
1729 1993 1767 2014 ex
1785 1983 1896 2026 primo
1915 1992 1945 2018 et
1962 1988 2116 2020 secundo

1129 2036 1327 2072 praecepto:
1371 2027 1452 2062 Non
1490 2027 1637 2064 habebis
1677 2033 1759 2065 deos
1795 2034 1938 2068 alienos·
2010 2035 2114 2071 Item:

1130 2078 1208 2111 Non
1233 2080 1420 2123 usurpabis
1444 2093 1572 2114 nomen
1592 2080 1655 2115 Dei
1679 2096 1777 2120 vane.
1834 2085 1917 2118 ltem
1936 2088 1977 2119 ad
1997 2086 2115 2123 Galat.

1132 2130 1179 2162 1.:
1215 2129 1252 2164 Si
1285 2131 1364 2175 quis
1395 2131 1489 2164 aliud
1514 2131 1747 2176 Evangelium
1773 2136 1894 2177 docet,
1930 2136 2116 2173 anathema

1128 2180 1182 2215 sit.
1235 2179 1311 2214 Etsi
1337 2182 1444 2226 igitur
1465 2183 1599 2226 politici
1624 2185 1690 2217 viri
1713 2198 1811 2229 aegre
1837 2188 1954 2222 serunt
1979 2191 2114 2224 turbari

1128 2233 1374 2274 concordiam,
1402 2241 1518 2267 tamen
1541 2235 1568 2267 si
1588 2237 1766 2268 ordinaria
1788 2245 1937 2281 potestas
1955 2241 2116 2276 dissentit

1128 2296 1146 2316 a
1171 2284 1334 2325 veritate,
1362 2297 1500 2318 necesse
1522 2293 1569 2319 est
1589 2287 1753 2319 anteferri
1774 2290 1965 2325 veritatem.
2021 2292 2115 2327 Haec

1128 2335 1246 2379 regula
1285 2336 1321 2368 in
1354 2348 1480 2379 genere
1510 2338 1678 2381 praecipit
1709 2340 1875 2373 omnibus
1909 2344 2116 2378 docentibus

1129 2384 1220 2419 lianc
1245 2386 1366 2427 fidem,
1402 2395 1439 2421 ut
1467 2386 1596 2421 Paulus
1623 2389 1756 2434 inquit:
1791 2390 1867 2425 Hoc
1892 2394 2043 2439 requiri,
2079 2405 2117 2429 ut

1129 2437 1246 2470 fideles
1270 2439 1390 2472 simus.
1444 2437 1562 2480 Quare
1587 2440 1721 2473 etiamsi
1743 2440 1891 2476 loannes
1917 2452 2052 2479 tantum
2080 2448 2115 2480 in

1128 2490 1308 2522 communi
1334 2490 1516 2523 vocatione
1539 2491 1730 2532 serviisset,
1763 2501 1879 2527 tamen
1903 2508 2037 2530 errores
2062 2511 2117 2533 sv-

1128 2552 1282 2583 nagogae
1299 2548 1414 2574 taxare
1434 2553 1512 2573 eum
1531 2543 1760 2586 oportuisset,
1786 2553 1821 2579 ut
1840 2548 2004 2583 taxabant
2022 2538 2115 2582 haud

1130 2592 1238 2626 dubie
1254 2600 1338 2625 tunc
1353 2590 1560 2633 Zacharias,
1588 2592 1731 2628 Simeon
1752 2603 1783 2629 et
1801 2597 1872 2631 alii.

1233 2642 1300 2677 Sed
1326 2644 1392 2676 alia
1413 2645 1582 2688 quaedam
1609 2653 1656 2678 est
1677 2647 1863 2690 peculiaris
1880 2650 2015 2684 vocatio
2037 2663 2117 2695 pro-

1131 2692 1289 2739 phetica,
1317 2707 1383 2740 qua
1400 2694 1496 2727 Deus
1520 2696 1676 2739 insigues
1701 2700 1915 2733 mutationes
1935 2701 2058 2743 efficit,
2082 2709 2118 2736 ut

1454 2744 1507 2779 3*
