2415 2942
287 98 360 132 283

419 177 606 222 Propterea
630 184 699 206 non
721 174 889 219 poterant
914 167 1066 208 credere,
1094 174 1156 206 etc.

394 256 491 288 Duae
525 256 604 284 sunt
638 246 846 285 sententiam
897 244 995 288 prior
1031 244 1093 277 ait:
1143 244 1278 278 Multos

291 308 395 340 etiam
429 301 621 344 conspectis
651 296 831 330 miraculis
862 307 935 327 non
967 295 1167 330 credidisse.
1239 294 1276 328 ld

291 355 489 396 exemplum
517 364 557 383 eo
582 349 766 389 recitatur,
800 358 843 378 ne.
864 346 1037 389 paucitate
1060 346 1278 379 credentium

293 408 341 450 pii
361 409 578 440 moveantur,
608 407 645 432 ut
662 398 726 441 ipsi
743 408 883 442 quoque
899 396 1072 431 deficiant.
1116 395 1161 430 Ut
1179 396 1279 429 multi

294 462 374 490 sunt
401 453 530 489 Ταυτὶ,
566 457 599 483 et
630 450 777 482 aliarum
808 453 978 480 sectarum
1010 445 1188 487 homines,
1221 447 1280 490 qui

295 505 560 541 ratiocinantur,
588 513 659 533 non
679 498 788 531 videri
808 504 858 531 tot
875 505 992 539 gentes
1009 498 1137 530 frustra
1158 498 1282 531 condi-
1308 511 1310 524 ι

295 565 347 591 tas
371 567 461 592 esse,
489 561 520 586 et
541 559 723 595 propterea
743 549 1001 591 amplectuntur
1020 560 1172 588 errores,
1201 548 1281 593 quia
1309 592 1311 601 Ι

297 618 420 649 inagna
453 611 502 637 est
531 601 736 639 multitudo,
773 611 862 642 (piae
888 600 965 631 illos
987 600 1168 642 approbat.
1237 598 1284 631 At
1310 608 1311 628 l

298 669 400 701 saepe
425 666 488 687 nos
508 650 723 694 Prophetae,
750 648 912 682 Christus
934 657 964 682 et
981 650 1141 693 Apostoli
1160 650 1283 681 adver-

299 720 357 742 sus
386 705 452 738 boc
486 703 689 736 scandalum
720 702 965 739 consolantur,
1000 701 1097 732 etde
1122 698 1186 732 hoc
1210 700 1285 742 ipso

301 760 376 792 loco
404 764 474 789 tota
500 753 665 798 parabola
692 753 734 784 de
759 751 891 783 semine
917 751 954 782 in
977 750 1164 782 dissimiles
1179 757 1286 782 terras

301 819 419 853 sparso
446 806 687 838 concionatur.
741 800 853 833 Valde
879 801 972 832 enim
996 813 1084 843 opus
1104 807 1154 833 est
1173 800 1286 832 omni-
1313 804 1315 824 t

303 862 367 892 bns
393 858 458 901 piis
483 855 545 887 liac
574 852 870 897 praemonitione,
899 851 978 894 quia
1003 863 1125 883 omnes
1141 862 1286 883 moven-

301 918 360 944 tur
375 907 559 949 exiguitate
577 912 608 936 et
627 902 773 935 miseriis
789 900 977 935 Ecclesiae.

404 964 523 999 Altera
555 961 711 1007 quaestio
744 967 792 991 est
827 957 893 992 hoc
929 960 1004 992 loco
1029 959 1072 991 de
1095 970 1195 992 cansa
1219 959 1289 991 ele-
1315 974 1318 992 a

303 1016 431 1051 ctionis
457 1022 488 1047 et
516 1012 724 1046 reiectionis,
777 1008 886 1043 Estne
911 1011 1072 1042 voluntas
1099 1008 1163 1042 Dei
1188 1022 1288 1042 causa

304 1065 544 1101 contumaciae
575 1063 611 1094 in
644 1061 781 1103 impiis,
823 1073 899 1093 cum
931 1058 998 1093 hoc
1032 1061 1111 1093 loco
1145 1061 1291 1100 dicatur,

306 1120 385 1152 idco
415 1115 544 1149 inultos
567 1124 638 1145 non
662 1111 814 1155 potuisse
832 1111 988 1149 credere,
1016 1111 1096 1155 quia
1116 1108 1289 1153 Propheta
1317 1127 1319 1141 i

307 1168 451 1202 dixerit:
488 1163 691 1198 Excaecavit
723 1161 844 1193 oculos
874 1173 1005 1193 corum.
1061 1160 1290 1203 Respondeo:
1317 1169 1319 1175 ·

306 1218 525 1255 vFirmissime
549 1214 697 1247 tenenda
717 1220 765 1245 est
783 1209 866 1243 haec
884 1210 1071 1243 sententia:
1100 1209 1211 1243 Deum
1230 1222 1292 1242 nec

308 1270 396 1302 velle
430 1273 630 1310 peccatum,
664 1275 727 1295 nec
758 1274 829 1294 esse
861 1274 998 1294 cansam
1022 1262 1173 1307 peccati,
1205 1261 1293 1293 sicut

309 1320 400 1354 Psat.
420 1316 453 1352 5.
481 1317 571 1349 clare
596 1314 741 1346 dicitnr:
768 1311 849 1344 Non
877 1313 997 1343 volens
1016 1312 1107 1344 Deus
1133 1312 1293 1353 impieta-

310 1379 378 1404 tem
405 1376 441 1402 tu
467 1379 516 1406 es,
544 1372 576 1398 et
601 1376 703 1408 snpra
728 1361 889 1394 Christus
913 1363 985 1404 ipse
1012 1362 1142 1404 inquit:
1170 1362 1293 1393 diabo—

312 1422 384 1454 lum
410 1428 547 1451 causam
573 1426 644 1448 esse
666 1413 839 1445 mendacii
863 1419 891 1444 et
913 1410 1112 1451 homicidii,
1140 1424 1217 1444 cum
1234 1424 1295 1444 vo-

311 1479 366 1505 cat
383 1482 461 1502 eum
484 1474 617 1511 patrem
636 1463 829 1502 mendacii,
856 1470 887 1495 et.
906 1463 1018 1495 addit:
1046 1461 1134 1495 Cum
1153 1463 1296 1494 menda-

314 1522 406 1555 cium
434 1518 608 1562 loquitur,
635 1527 675 1547 ex
699 1514 849 1557 propriis
870 1514 1045 1557 loquitur,
1075 1514 1107 1545 id
1129 1521 1195 1556 est,
1225 1514 1295 1556 ipse

315 1584 349 1605 se
374 1570 499 1602 avertit
523 1580 540 1600 a
561 1567 633 1600 Deo
652 1572 795 1608 sponte,
826 1576 887 1596 nec
905 1564 1028 1606 accipit
1046 1576 1063 1595 a
1084 1562 1155 1595 Deo
1175 1563 1297 1595 condi-

315 1630 390 1655 tore
415 1618 698 1662 depravationem
723 1627 781 1646 seu
808 1614 1048 1652 mendacium,
1084 1621 1116 1646 et
1144 1616 1173 1647 1.
1197 1613 1297 1646 loan-

316 1673 370 1707 nis
386 1672 419 1705 3,
438 1669 584 1701 dicitnr:
615 1666 685 1708 Qui
706 1672 881 1708 peccatum
901 1665 999 1704 facit,
1025 1676 1063 1696 ex
1081 1664 1222 1697 diabolo
1240 1670 1300 1700 est,

318 1723 398 1768 quia
425 1719 586 1753 diabolus
612 1717 762 1761 primum
789 1715 952 1759 peccavit.
1008 1714 1096 1746 Vera
1121 1722 1169 1747 est
1196 1715 1301 1756 igitur

319 1771 509 1807 sententia,
544 1767 797 1801 contumaciam
829 1766 866 1797 in
897 1765 1106 1796 damnandis
1136 1777 1207 1797 non
1231 1776 1301 1796 esse
1326 1772 1327 1775 ’

319 1836 338 1856 a
356 1823 535 1854 voluntate
551 1817 636 1854 Dei,
664 1817 721 1849 sed
741 1827 757 1848 a
776 1816 955 1848 voluntate
974 1815 1112 1857 propria
1131 1818 1301 1847 damnan-

319 1875 445 1907 dorum
459 1898 467 1912 ,
495 1877 526 1902 et
544 1867 633 1901 lianc
652 1866 906 1899 contumaciam
924 1877 1061 1897 causam
1079 1878 1167 1901 esse,
1193 1867 1224 1898 id
1245 1872 1304 1904 est,
1328 1870 1331 1885 ¹

320 1924 485 1958 meritum
507 1918 764 1956 damnationis,
791 1917 838 1949 sic
858 1917 947 1948 etad
971 1915 1121 1950 Roman.
1144 1917 1198 1950 10.
1218 1917 1303 1949 dici-

322 1982 401 2014 tur,
437 1973 538 2004 citata
570 1969 740 2001 sententia
769 1965 1034 2000 Esaiae2'Tota
1067 1967 1123 1998 die
1155 1968 1303 2009 expandi

324 2035 448 2058 manus
477 2032 569 2053 meas
591 2020 632 2051 ad
661 2019 826 2062 populum
855 2024 1104 2060 repugnantem
1131 2017 1240 2056 milii,
1275 2025 1307 2049 et

325 2073 642 2108 contradicentem,
669 2069 715 2102 ait
740 2068 857 2101 offerri
884 2069 1028 2099 salutem
1053 2080 1069 2098 a
1094 2066 1168 2099 Deo
1193 2067 1307 2098 ornni-
1332 2072 1334 2086 '

327 2127 411 2165 bus,
438 2124 495 2155 sed
515 2133 585 2154 non
604 2131 725 2152 omnes
743 2118 901 2161 amplecti
919 2118 1073 2149 oblatum
1093 2117 1309 2156 beneficium,
1333 2120 1335 2149 i

329 2177 389 2208 sed
415 2174 542 2206 multos
560 2171 633 2203 Deo
658 2181 861 2212 repugnare.
916 2168 995 2200 Non
1019 2167 1126 2209 igitur
1149 2168 1309 2199 voluntas

327 2225 392 2259 Dei
418 2235 518 2257 causa
543 2229 592 2255 est
617 2219 856 2253 contumaciae
879 2217 915 2250 in
942 2218 1043 2262 ipsis,
1070 2219 1128 2250 sed
1149 2218 1311 2251 voluntas
1335 2222 1337 2237 ¹

330 2277 484 2321 ipsorum
505 2272 657 2317 propria.

434 2341 552 2383 Quare
575 2339 668 2384 quod
688 2336 836 2369 loannes
859 2335 963 2374 dicit,
992 2335 1069 2368 ideo
1094 2336 1223 2369 multos
1240 2348 1311 2368 non

333 2393 494 2430 credere,
527 2390 606 2434 quia
631 2388 845 2431 praedictum
870 2386 929 2418 sit:
962 2384 1168 2419 Excaecavit
1192 2399 1312 2419 eorum

334 2444 471 2481 oculos,
504 2439 719 2480 intelligatur
747 2438 882 2469 ratione
908 2437 1196 2480 consequentiae,
1227 2436 1313 2469 Pro-

335 2492 438 2537 pheta
465 2490 650 2533 praedixit:
687 2487 779 2529 Quia
804 2494 876 2520 erat
899 2493 1116 2520 eventurum.
1178 2486 1315 2519 Deinde

338 2542 472 2588 phrasis
500 2542 618 2572 dextre
645 2539 878 2579 intelligatur,
906 2550 993 2582 quae
1016 2537 1240 2570 usitatissima
1267 2546 1316 2571 est

336 2593 482 2628 Ebraeis
500 2593 542 2623 de
560 2588 803 2634 permissione:
832 2588 1031 2622 Excaecavit
1049 2589 1167 2620 oculos
1185 2601 1317 2629 eorum,

338 2646 372 2680 id
399 2651 467 2684 est,
495 2640 654 2686 permisit
678 2650 748 2671 esse
771 2650 909 2680 caecos,
936 2650 1008 2671 non
1031 2639 1194 2673 liberavit
1217 2651 1275 2673 eos
1300 2653 1316 2672 a
1341 2653 1345 2675 ι

880 85 1006 120 PlllL.
1036 84 1151 121 MEL.
1178 84 1385 120 SCRtt’TA
1413 85 1716 121 EXEGE't‘tcA.

2230 88 2305 122 284

1331 170 1515 210 caecitate,
1548 182 1621 203 non
1646 170 1780 203 adiuvit
1803 182 1879 210 eos,
1911 178 1949 206 ut
1971 179 2189 206 sanarentur.
2251 169 2313 205 Est

1331 229 1444 255 autem
1470 221 1610 265 quern-la
1635 223 1724 264 apud
1743 221 1975 266 Prophetam,
2002 223 2200 264 significans
2215 223 2312 255 furo-

1331 284 1404 305 rem
1434 272 1644 315 impiorum,
1678 274 1736 316 qui
1763 273 1881 306 andita
1906 285 1990 306 voce
2015 272 2198 315 Evangelii
2226 273 2314 306 fiunt

1333 323 1562 362 rabiosiores‚
1602 323 1699 366 quasi
1729 323 1838 356 dicat:
1881 322 1977 365 Quid
2010 324 2156 367 profecit
2185 325 2314 356 docens

1333 371 1588 415 Evangelium‘?
1625 373 1778 408 reddidit
1806 374 1984 414 duriores,
2015 380 2054 407 ut
2084 374 2188 416 vulgo
2221 373 2316 417 loqui

1334 424 1499 462 solemus,
1525 435 1587 466 per
1605 424 1777 462 accidens,
1802 424 1835 456 id
1853 431 1915 464 est,
1942 424 2054 457 rabies
2070 423 2316 457 auditoEvan—

1335 475 1424 517 gelio
1451 474 1576 513 crevit,
1611 475 1692 518 quia
1719 475 1880 507 voluntas
1903 475 1940 507 in
1966 474 2049 517 ipsis
2073 486 2211 514 aversa,
2243 474 2319 507 odit

1336 532 1369 557 et
1393 523 1745 565 sugitEvangelium,
1772 537 1843 557 non
1870 525 1950 570 quia
1965 523 2058 557 Deus
2084 533 2160 567 agat
2184 524 2318 568 aliquid

1338 576 1373 606 in
1392 575 1570 606 voluntate
1586 588 1705 607 eorum
1718 602 1726 614 ,
1755 576 1824 608 imo
1844 575 1972 608 Paulus
1990 576 2080 608 clare,
2098 576 2198 608 dicit:
2226 576 2320 609 Con-

1339 625 1470 658 firmari
1502 625 1700 658 caecitatem
1732 626 1827 658 illam
1862 638 1879 658 a
1912 627 2073 666 diaholo,
2103 626 2162 670 qui
2188 633 2320 659 mentes

1338 683 1471 713 movet,
1498 683 1535 708 ut
1563 676 1712 716 cogitent
1729 675 1921 718 Evangelio
1940 677 2124 709 contraria.
2176 676 2226 709 Ut
2245 688 2322 708 mo-

1339 726 1389 759 vit
1416 733 1566 758 mentem
1593 724 1816 769 Manichaei,
1843 733 1875 760 et
1901 727 2087 767 similium,
2115 727 2156 759 ad
2180 734 2323 770 porten-

1340 783 1412 809 tosa
1431 777 1608 809 mendacia
1624 778 1863 816 excogitanda.
1922 776 1993 810 Nec
2009 789 2091 809 vero
2109 777 2257 809 dubium
2273 783 2324 809 est

1340 825 1485 870 phrasin
1507 826 1715 860 Hebraicam
1743 829 1779 859 in
1807 825 1861 860 his
1886 828 2016 860 verbis:
2050 826 2125 869 Ego
2149 828 2353 860 indurabo?

1342 889 1402 909 cor
1432 875 1644 915 Pharaonis,
1679 885 1711 910 et
1746 878 1922 910 similibus
1942 879 1985 910 de
2016 879 2244 920 permissione.
2269 877 2325 910 in-

1342 928 1565 969 telligendam
1585 941 1673 968 esse,
1700 935 1735 961 ut
1754 928 1873 962 Esaiae
1889 929 1965 962 63.:
1994 928 2112 970 Quare
2129 940 2243 961 errare
2262 939 2325 961 nos

1344 978 1452 1010 fecisti
1476 979 1618 1010 domine
1645 991 1662 1011 a
1686 979 1750 1011 viis
1774 979 1866 1012 tuis‘?

1920 979 1986 1011 llic
2003 979 2084 1011 satis
2105 979 2323 1022 perspicuum

1344 1035 1392 1061 est
1419 1029 1646 1071 permissione
1670 1030 1750 1061 dici.

1804 1028 1897 1062 Haec
1916 1030 2061 1072 simplex
2080 1029 2263 1071 explicatio
2283 1030 2326 1061 de

1345 1079 1470 1111 merito
1494 1079 1712 1119 reiectionis,
1742 1086 1773 1111 et
1794 1082 1836 1112 de
1861 1092 1961 1112 causa
1980 1080 2238 1119 indurationis,
2266 1090 2326 1112 seu

1317 1146 1319 1155 ι
1346 1129 1557 1172 pertinaciae
1583 1130 1689 1174 plana
1716 1137 1784 1169 est,
1819 1137 1851 1162 et
1876 1128 1967 1162 nillil
1990 1129 2095 1163 habet
2119 1129 2327 1174 perplexita-

1347 1178 1406 1217 tis,
1432 1185 1463 1209 et
1489 1177 1582 1209 baud
1607 1179 1713 1210 dubie
1731 1192 1809 1212 vera
1829 1188 1895 1220 est,
1922 1192 1984 1212 nec
2005 1182 2144 1222 prodest
2162 1191 2328 1223 quaerere

1344 1228 1430 1261 alias
1454 1228 1727 1270 disputationeS,
1754 1240 1843 1273 quae
1869 1231 1997 1261 multos
2023 1228 2152 1263 hubent
2171 1231 2328 1274 labyrin-

1347 1277 1424 1311 thos
1445 1278 1720 1322 inexplicabile&

1449 1353 1512 1387 Est,
1529 1361 1643 1387 antem
1664 1354 1856 1398 expeditior
1873 1354 2053 1398 responsio
2073 1354 2115 1387 cle
2131 1354 2331 1394 reiectione,

1349 1413 1387 1439 ut
1405 1405 1487 1442 dixi,
1516 1405 1620 1438 altera
1638 1405 1827 1447 disputatio
1846 1405 2024 1437 difficilior
2038 1412 2085 1437 est
2098 1407 2139 1437 de
2152 1405 2331 1444 electione,

1350 1468 1421 1489 non
1447 1456 1593 1487 dubium
1620 1464 1667 1488 est
1696 1455 1988 1496 misericordiam,
2031 1467 2088 1488 seu
2116 1455 2329 1488 voluntatem

1351 1507 1415 1540 Dei
1442 1506 1638 1538 miserentis
1655 1517 1734 1537 vere
1753 1517 1825 1537 esse
1842 1518 1978 1537 causam
1998 1506 2188 1539 electionis.
2241 1505 2327 1538 Nam

1353 1564 1427 1600 post
1446 1556 1580 1599 lapsum
1600 1557 1698 1588 Adae
1717 1556 1783 1587 iam
1802 1562 1912 1588 totum
1932 1568 2040 1598 genus
2058 1554 2252 1588 humanum
2272 1567 2333 1599 pe-

1353 1608 1476 1645 rierat,
1514 1618 1576 1637 nec
1609 1613 1742 1646 poterat
1772 1605 1907 1645 Adam,
1942 1613 2002 1639 aut
2033 1607 2217 1649 posteritas
2250 1606 2335 1644 eius,

1355 1657 1505 1700 propriis
1538 1656 1672 1688 viribus
1702 1668 1906 1698 recuperare
1931 1656 2090 1688 amissam
2117 1656 2335 1697 dignitatem,

1354 1710 1411 1740 sed
1447 1719 1573 1739 arcano
1599 1713 1632 1739 et
1654 1707 1814 1738 mirando
1839 1706 1986 1739 consilio
2011 1706 2095 1744 Dei,
2129 1707 2336 1748 deprecante

1355 1759 1446 1796 silio,
1481 1757 1650 1789 immensa
1686 1757 1923 1789 misericordia
1950 1769 2071 1789 rursus
2094 1758 2261 1799 promissa
2289 1762 2338 1790 est

1357 1807 1613 1846 reconciliatio,
1658 1813 1689 1838 et
1724 1804 1919 1838 haereditas
1952 1808 2041 1838 vitae
2073 1813 2250 1845 aeternae,
2292 1818 2336 1838 ne

1357 1866 1428 1892 tota
1454 1856 1638 1890 hominum
1663 1865 1785 1889 natura
1812 1864 1945 1889 tantum
1971 1856 2012 1887 ad
2034 1856 2175 1888 exitium
2198 1855 2340 1889 condita

1360 1915 1458 1944 esset,
1511 1908 1620 1942 Causa
1645 1907 1751 1948 igitur
1775 1906 1953 1938 electionis
1977 1913 2026 1939 est
2050 1906 2124 1938 sine
2144 1906 2215 1938 ulla
2233 1906 2339 1939 dubi-

1361 1960 1492 1993 tatione
1515 1958 1773 1999 misericordia,
1809 1964 1841 1989 et
1866 1956 2027 1988 meritum
2052 1957 2113 1988 filii
2140 1956 2223 1994 Dei,
2251 1956 2340 1990 sicut

1362 2009 1483 2043 Ioann.
1502 2009 1533 2040 5.
1560 2008 1703 2040 dicitur:
1728 2006 1785 2040 Sic
1809 2004 1914 2039 Deus
1940 2006 2059 2040 dilexit
2084 2008 2274 2047 mundum,
2302 2013 2341 2040 nt

1361 2059 1471 2091 filium
1505 2070 1605 2090 suum
1640 2057 1859 2099 unigenitum
1890 2058 2043 2096 dederit,
2077 2064 2115 2090 ut
2139 2056 2253 2089 omnis
2280 2057 2340 2102 qui

1362 2109 1471 2141 credit
1501 2109 1537 2139 in
1570 2120 1667 2149 eum,
1711 2120 1782 2139 non
1817 2115 1951 2150 pereat,
1989 2110 2045 2139 sed
2079 2105 2202 2140 habeat
2232 2108 2340 2141 vitam

1363 2167 1550 2192 aeternam.
1603 2157 1649 2190 Et
1667 2157 1794 2190 Paulus
1814 2160 1854 2190 ad
1876 2156 2044 2201 Ephesios
2062 2159 2212 2191 secundo
2232 2158 2342 2202 capite

1365 2210 1497 2254 inquit:
1529 2208 1650 2241 Gratia
1676 2209 1797 2241 salvati
1818 2209 1896 2241 estis
1913 2221 1972 2252 per
1989 2209 2109 2246 fidem,
2138 2216 2168 2241 et
2188 2206 2253 2240 hoc
2270 2220 2342 2241 non

1364 2273 1404 2293 ex
1433 2260 1547 2299 robis,
1581 2258 1645 2292 Dei
1669 2260 1801 2292 donum
1828 2267 1896 2297 est,
1931 2271 2003 2291 non
2028 2271 2067 2291 ex
2091 2259 2273 2302 operibns,
2301 2271 2344 2292 ne

1366 2312 1443 2355 quis
1473 2311 1659 2352 glorietur,
1695 2317 1727 2343 et
1759 2311 1800 2342 ad
1828 2309 2009 2343 Romanos
2034 2321 2128 2343 nono
2154 2317 2186 2343 et
2208 2310 2342 2343 decimo

1366 2362 1535 2406 prolixius
1554 2359 1636 2393 haec
1653 2361 1820 2393 sententia
1837 2361 1998 2394 traditur.

1467 2435 1529 2470 Est
1557 2437 1664 2478 igitur
1688 2436 1722 2468 in
1748 2436 1925 2468 voluntate
1945 2434 2009 2467 Dei
2034 2447 2134 2467 causa
2156 2435 2346 2476 electionis,

1367 2488 1622 2524 misericordia,
1649 2494 1679 2519 et
1704 2488 1864 2519 meritum
1882 2484 2031 2526 Clu-isti,
2059 2488 2114 2518 sed
2139 2498 2344 2519 concurrere

1368 2546 1507 2581 oportet
1537 2537 1850 2581 apprehensionem
1884 2544 2050 2570 nostram,
2127 2536 2215 2569 Cum
2250 2537 2345 2569 enirn

1369 2589 1553 2632 promissio
1577 2589 1705 2632 gratiae
1728 2588 1770 2620 sit
1795 2587 2018 2626 universalis,
2045 2594 2082 2619 ut
2105 2587 2345 2619 manifestissi-

1371 2652 1464 2672 mum
1489 2647 1556 2678 cst.
1585 2646 1616 2673 et
1641 2651 1777 2672 necesse
1801 2640 1843 2672 sit
1867 2649 1930 2671 nos
1947 2638 2088 2672 obedire
2107 2637 2344 2683 promissioni,
