2415 2942
242 137 288 172 27

300 220 351 254 Is!
383 217 566 252 hahita-<11
596 215 632 247 in
660 212 782 251 nobis,
818 216 846 244 e!
874 209 1127 255 conspeximus
1151 207 1234 254 glo-

353 273 446 304 riam
465 269 538 302 eius
551 295 558 307 ,
581 264 743 311 gloriam
761 267 940 308 tanquam
960 259 1153 305 unigeniti.

355 347 493 380 Dixerat
537 344 578 374 de
617 338 829 372 assumtione
869 335 1044 370 humanae
1082 343 1237 376 naturae,

255 411 347 433 nunc
375 397 472 429 addit
496 391 715 427 testimonia,
751 396 783 422 ct
807 388 912 432 paulo
938 395 1014 431 post
1037 387 1141 425 dicit,
1176 399 1238 420 cur
1264 410 1265 415 ,

255 452 379 483 missus
404 447 445 478 sit
470 443 561 475 tilius
580 440 666 479 Dei,
692 452 753 473 cur
776 445 930 471 versatus
956 438 1046 470 inter
1064 435 1238 472 homines.

254 500 346 534 Dicit
371 497 478 539 igitur
504 504 582 526 enm
609 489 781 525 habitasse
806 489 897 522 inter
915 486 1094 526 homines,
1124 489 1157 521 id
1179 495 1239 528 est,

253 551 365 595 palam
386 550 628 579 conversatum
647 553 718 575 esse
735 553 812 574 cum
832 538 1056 580 hominibus,
1083 537 1237 573 humano
1264 552 1266 572 z

251 613 347 635 more
364 598 499 630 vixisse.

356 649 460 691 Quod
488 645 725 687 intelligatur,
757 649 796 675 nt
820 652 922 685 supra
946 641 1105 673 enarravi
1131 640 1240 684 parti-

253 702 367 735 culam
391 698 533 732 Paulini
567 695 667 729 dicti:
703 693 836 727 Habitu
870 692 1034 724 inventus
1057 698 1093 724 ut
1120 689 1240 724 homo.

253 753 391 786 Deinde
415 754 613 794 sequuntur
638 744 857 782 testimonia,
891 743 984 787 qnod
1009 740 1064 775 hic
1095 741 1240 775 Messias

254 808 481 837 conversatus
505 810 584 831 cum
603 795 830 832 hominibus,
858 805 1060 838 quanquam
1078 793 1241 825 induerat

255 853 522 889 mortalitatem,
551 855 583 882 et
607 847 653 880 sit
675 858 755 879 vere
779 844 904 883 bomo,
932 851 1049 877 tamen
1073 843 1177 876 etiam
1197 842 1240 875 sit

254 906 346 938 filius
372 902 437 936 Dei
464 907 598 944 potens,
662 896 743 930 Ideo
770 896 833 928 ait:
870 893 1040 928 Vidimus
1066 894 1139 925 eius
1165 893 1240 934 glo-

256 957 363 992 riam,
393 954 426 985 id
453 959 520 988 est,
549 948 736 986 miracula,
764 946 916 978 vidimus
935 956 1013 977 enm
1030 944 1240 976 resuscitan—

255 1015 324 1040 tem
344 1011 520 1039 mortuos,
547 999 700 1032 vidimus
718 1003 750 1030 et
769 996 881 1039 ipsum
902 1001 980 1039 post
996 1001 1142 1027 mortem
1161 1005 1240 1026 rur-

256 1069 313 1090 sus
348 1055 544 1089 viventem,
579 1056 612 1082 et
642 1048 824 1081 nobiscnm
850 1045 1071 1079 familiariter
1097 1056 1240 1076 versan-

256 1116 324 1140 tem
338 1130 346 1143 ,
375 1111 414 1137 ut
437 1102 605 1135 sciremus
626 1109 687 1142 per
706 1108 785 1129 eum
803 1097 881 1129 tolli
898 1103 1076 1140 peccatum
1093 1101 1126 1127 et
1146 1106 1242 1127 mor-

256 1166 344 1197 tem,
371 1162 405 1188 et
428 1162 574 1195 regnare
599 1161 697 1185 eum,
725 1159 763 1180 ac
789 1147 872 1179 dare
888 1147 1110 1179 credentibus
1128 1145 1242 1187 Spiri-

257 1217 332 1242 tum
350 1211 520 1243 sanctum,
546 1200 719 1233 iusticiam
736 1205 768 1230 et
785 1197 890 1229 vitam
910 1204 1099 1230 aeternam.
1148 1194 1243 1227 Haec

257 1271 330 1292 non
356 1261 501 1301 possunt
525 1251 617 1291 fieri,
644 1250 712 1282 nisi
731 1248 850 1281 divina
865 1248 1034 1292 potentia.
1089 1245 1171 1279 Ideo
1189 1246 1243 1278 di—

258 1310 303 1343 cit
321 1319 391 1341 esse
408 1305 555 1349 gloriam
571 1300 745 1344 unigeniti
763 1311 781 1332 a
799 1305 907 1343 patre.

361 1356 531 1391 'Nominat
563 1359 679 1387 autem
709 1349 890 1384 Christum
922 1347 1164 1391 unigenitum,
1206 1353 1245 1380 ut

259 1411 432 1444 discernat
463 1418 542 1440 eum
573 1416 592 1437 a
623 1402 766 1436 caeteris
798 1399 946 1440 sanctis,
980 1399 1040 1444 qui
1073 1405 1154 1431 sunt
1181 1397 1244 1430 filii

258 1460 459 1505 adoptione.
514 1456 561 1490 At
583 1453 640 1487 hic
663 1451 825 1486 Christus
848 1458 897 1484 est
921 1457 1044 1484 natura
1070 1449 1182 1489 filins,
1210 1449 1244 1481 id

260 1518 327 1552 est,
354 1512 396 1543 de
413 1507 608 1542 substantia
629 1505 754 1549 patris,
782 1511 818 1536 ut
837 1514 939 1545 supra
960 1501 1123 1534 diximus.

462 1606 618 1642 Plenum
639 1603 787 1650 gratiae
813 1607 841 1636 el
868 1601 1041 1636 veritali&

362 1686 443 1720 Non
476 1683 626 1716 dubium
661 1687 726 1719 est,
767 1678 853 1723 quin
887 1679 930 1710 de
961 1677 1033 1709 filio
1065 1677 1245 1721 loquatur:

262 1739 366 1772 Ouotl
392 1736 484 1769 enim
511 1734 673 1767 laborant
695 1730 837 1775 qnidam
856 1726 922 1760 hoc
942 1728 1018 1760 loco
1040 1728 1081 1760 de
1101 1728 1248 1772 syntaxi,

262 1772 516 1834 supervacanea
548 1782 723 1816 cavillatio
757 1786 817 1814 est.
878 1778 1046 1812 Refertur
1078 1779 1171 1810 enim
1204 1779 1245 1811 ad

262 1840 459 1885 superiora:
488 1834 648 1868 Verbum
675 1844 754 1864 caro
779 1830 908 1863 factum
933 1836 1001 1869 est,
1026 1836 1057 1861 et
1075 1827 1248 1862 habitavit

264 1894 298 1925 in
331 1889 451 1927 nobis,
489 1887 633 1930 plenum
668 1882 798 1925 gratiae
830 1888 864 1914 et
897 1880 1061 1913 veritatis.
1123 1878 1246 1913 Gratia

264 1942 432 1985 significat
462 1935 556 1971 haud
589 1934 696 1967 dubie
727 1933 883 1965 favorem
909 1931 991 1971 Dei,
1026 1939 1146 1975 estque
1169 1943 1248 1964 sen-

264 1993 390 2026 tentia:
426 1988 495 2022 Hic
526 1987 619 2020 filius
651 1984 803 2028 primum
836 1990 869 2015 et
898 1981 1107 2015 naturaliter
1131 1993 1148 2013 a
1173 1980 1246 2015 Deo

265 2042 442 2086 diligitur,
491 2045 610 2082 estque
639 2046 760 2074 cansa,
810 2041 952 2077 propter
985 2045 1090 2076 quam
1124 2033 1248 2064 caeteri

266 2101 346 2128 sunt
367 2090 467 2125 electi
492 2097 523 2122 et
543 2088 752 2130 diliguntur.
806 2083 936 2127 Ephes.
957 2087 1006 2117 1.:
1035 2082 1168 2116 Dilexit
1186 2094 1249 2116 nos

266 2148 302 2178 in
327 2144 474 2179 diiecto,
507 2141 544 2172 id
569 2145 638 2178 est,
674 2142 816 2180 propter
841 2135 952 2168 filium
976 2134 1162 2173 dilectum,
1188 2145 1250 2176 per

268 2207 370 2242 quem
395 2191 564 2225 habemus
586 2187 838 2222 redemtionem
863 2197 925 2227 per
942 2184 1148 2226 sanguinem
1166 2184 1249 2217 eius.
1275 2191 1277 2193 ’

270 2247 365 2279 ldem
403 2244 502 2275 docet
537 2253 604 2273 vox
635 2237 808 2272 coelestis:
851 2235 919 2269 Hic
953 2242 1002 2268 est
1031 2235 1124 2267 filius
1145 2226 1251 2268 'meus

267 2298 434 2333 dilectus,
469 2304 538 2336 qno
561 2291 733 2327 delector,
769 2285 865 2320 hunc
889 2287 1018 2320 audite.
1087 2284 1252 2319 Testatur

268 2359 348 2391 ergo
387 2343 483 2378 hunc
522 2342 632 2374 filium
673 2339 826 2383 primum
867 2337 993 2376 amari,
1039 2343 1070 2369 et
1108 2343 1252 2380 propter

270 2397 365 2431 bunc
390 2395 531 2427 electam
556 2403 627 2423 esse
647 2399 678 2424 et
696 2390 793 2432 diligi
810 2387 1020 2429 Ecclesiam,
1048 2399 1136 2432 quae
1154 2387 1252 2420 audit

271 2448 364 2482 bunc
390 2446 520 2482 filium,
557 2439 685 2485 EpheS.
705 2443 756 2474 1.:
785 2439 884 2474 Sicut
905 2439 1008 2482 elegit
1034 2449 1098 2471 nos
1123 2439 1159 2470 in
1178 2438 1252 2481 ipso

271 2506 350 2532 ante
384 2495 622 2530 conditionem
655 2491 797 2530 mundi,
833 2498 869 2524 ut
902 2501 1055 2523 essemus
1081 2489 1191 2522 sanati
1220 2496 1254 2521 et

271 2546 485 2582 immaculati
512 2555 627 2577 coram
654 2541 748 2581 Deo,
777 2553 836 2583 per
859 2541 1082 2574 dilectionem
1111 2541 1255 2584 praede-
1277 2551 1280 2559 ¹

271 2601 405 2634 stinans
433 2607 497 2629 nos
532 2596 573 2627 ad
609 2592 833 2636 adoptionem
866 2592 1019 2625 filiorum
1052 2603 1113 2636 per
1142 2590 1252 2624 lesum

269 2649 449 2684 Christum
482 2647 519 2678 in
545 2645 673 2688 ipsum;
708 2649 740 2674 et
765 2640 869 2676 Rom.
888 2642 938 2675 3.:
976 2641 1042 2675 Per
1067 2641 1254 2676 redemtio-

272 2713 350 2735 nem
377 2701 413 2732 in
440 2696 580 2731 Christo
602 2693 696 2733 Iesu,
724 2704 826 2738 ansstn
853 2694 1032 2737 proposuit
1053 2692 1148 2726 Deus
1173 2705 1254 2737 pro-

851 125 973 159 PtltL.
1003 124 1115 159 MEL.
1145 121 1350 157 SCRIPTA
1382 121 1676 158 ExEGE'rtCA.

2222 126 2270 160 28

1287 210 1499 254 piciatorem.
1554 208 1630 242 Hae
1654 210 1846 243 sententiae
1870 223 1990 244 omnes
2014 211 2194 244 declarant
2217 211 2272 244 di-

1261 271 1264 320 ’ῗ
1289 269 1380 296 ctum
1404 259 1669 303 Evangelistac,
1703 262 1798 304 quod
1825 260 1985 295 videlicet
2011 262 2104 295 filius
2128 260 2192 294 Dei
2217 262 2272 294 di-

1262 334 1263 343 t
1289 319 1401 345 catur:
1436 310 1566 344 Plenus
1590 312 1718 353 gratia,
1752 311 1786 343 id
1812 318 1880 351 est,
1907 323 1987 344 vere
2010 319 2042 346 et
2065 313 2273 345 naturaliter

1290 363 1439 396 dilectus
1464 362 1575 406 patri,
1609 369 1641 396 et
1665 362 1854 405 impetrans
1877 373 1920 395 ne
1944 373 2052 405 genus
2076 361 2272 396 humanum

1264 432 1265 435 =
1292 425 1432 456 prorsus
1458 419 1593 457 pereat,
1621 414 1679 445 sed
1705 420 1743 446 nt
1770 413 1876 458 aliqui
1901 420 2043 456 propter
2067 414 2179 456 ipsum
2202 414 2273 446 sint

1291 465 1389 497 electi
1417 470 1448 496 et
1471 464 1682 505 diligantur,
1709 471 1741 497 et
1760 463 1963 507 impertiens
1981 464 2203 496 credentibus
2219 475 2274 497 re-

1291 515 1494 547 missionem
1513 521 1750 557 peccatorum,
1778 522 1815 548 ut
1833 515 2026 557 diligantur
2043 522 2074 548 et
2091 514 2168 557 ipsi.

1394 589 1616 633 Intelligatnr
1642 591 1748 632 igitur
1773 591 1881 632 gratia
1904 602 1976 623 non
1993 597 2128 624 tantum
2146 591 2188 623 de
2203 591 2276 634 pri-

1295 649 1371 675 vata
1396 641 1602 681 dilectione,
1629 642 1688 674 sed
1710 641 1812 675 etiam
1831 642 1873 674 de
1892 642 2183 675 communicanda
2201 653 2276 674 cae-

1293 693 1374 726 teris
1400 692 1535 731 electis,
1572 692 1732 726 videlicet
1758 692 1852 736 qnod
1879 698 2022 735 propter
2047 690 2141 725 ltunc
2164 692 2276 725 filium

1293 754 1400 786 genus
1431 740 1626 775 humanum
1658 743 1701 776 sit
1732 749 1887 785 ereptum
1917 743 2099 787 tyrannidi
2131 741 2278 780 diaboli,

1293 801 1327 827 et
1352 794 1531 826 credentes
1547 793 1617 826 sint
1636 793 1754 831 electi,
1778 799 1810 826 et
1826 793 2031 836 diligantur.
2087 792 2181 825 Infra
2198 804 2278 824 rur-

1293 855 1350 877 sus
1381 851 1556 888 utranque
1581 844 1851 887 appellationem
1877 850 2007 888 repetet
2030 844 2149 875 eadem
2170 843 2276 886 signi-

1294 895 1472 933 ficatione,
1508 894 1569 926 nbi
1593 906 1628 926 se
1650 894 1777 926 clarius
1800 894 1967 933 declarat,
2001 894 2135 926 dicens:
2170 894 2277 926 Acce-

1294 945 1409 988 pimus
1433 945 1580 986 gratiam
1605 956 1667 988 pro
1691 945 1819 987 gratia,
1855 945 1888 976 id
1914 951 1981 984 est,
2018 945 2175 977 savorem
2200 956 2277 986 erga

1294 1007 1377 1034 nOS,
1406 1007 1468 1038 pro
1484 995 1601 1027 favore
1618 1006 1696 1037 erga
1713 996 1839 1038 ipsum,
1863 995 1953 1028 sicut
1967 1002 2047 1028 ante
2064 995 2195 1028 dictum
2213 1002 2278 1028 est:

1295 1044 1406 1087 Elegit
1428 1056 1491 1076 nos
1510 1045 1547 1076 in
1568 1045 1661 1088 ipso,
1690 1045 1723 1077 id
1745 1053 1813 1083 est,
1842 1052 1984 1089 propter
2001 1046 2127 1090 ipsum.

1398 1119 1510 1153 Addit
1532 1127 1665 1153 autem:
1695 1119 1826 1153 Plenus
1849 1123 2012 1160 veritate,
2039 1122 2074 1155 id
2101 1128 2170 1161 est,
2197 1133 2279 1154 vera

1295 1171 1360 1204 Dei
1385 1170 1535 1210 noticia,
1564 1177 1596 1203 et
1620 1182 1699 1203 vera
1726 1171 1882 1211 iusticia,
1911 1172 2052 1216 propria
2074 1179 2106 1206 et
2122 1185 2280 1205 commu-

1296 1222 1458 1254 nicanda.
1514 1220 1602 1253 Nam
1625 1221 1661 1253 in
1679 1221 1751 1254 filio
1771 1233 1851 1254 vere
1867 1222 1959 1254 lucet
1975 1223 2105 1255 noticia
2123 1221 2206 1261 Dei,
2235 1223 2281 1255 si-

1297 1279 1354 1305 cut
1374 1272 1421 1305 ait
1441 1269 1609 1304 Matthaei
1633 1273 1703 1305 11.:
1732 1271 1842 1304 Nemo
1863 1273 1960 1305 novit
1979 1273 2107 1312 filium,
2135 1273 2202 1305 nisi
2219 1285 2282 1317 pa-

1297 1331 1367 1362 ter,
1394 1334 1507 1367 neque
1526 1329 1658 1365 patrem
1678 1323 1863 1367 quisquam
1882 1323 2001 1363 novit,
2028 1323 2095 1355 nisi
2113 1323 2223 1364 filius,
2251 1332 2281 1357 et

1298 1374 1354 1407 cui
1379 1373 1530 1406 voluerit
1552 1372 1644 1405 filius
1669 1373 1835 1407 revelare.
1890 1372 1976 1407 Item
1995 1375 2037 1406 ad
2057 1372 2212 1407 Ebraeos
2232 1376 2281 1409 1.:

1299 1425 1366 1458 Per
1387 1424 1518 1463 filium,
1547 1423 1607 1468 qui
1635 1430 1680 1456 est
1707 1424 1822 1465 fulgor
1845 1424 1975 1466 gloriae
1998 1431 2031 1457 et
2053 1424 2183 1468 effigies
2200 1425 2283 1458 sub-

1298 1475 1446 1509 stantiae
1476 1474 1560 1508 eius.
1625 1473 1720 1517 Ergo
1752 1475 1788 1507 in
1815 1475 1887 1507 filio
1913 1482 1962 1508 est
1985 1487 2065 1508 vera
2093 1482 2124 1508 et
2149 1475 2283 1519 integra

1301 1526 1428 1559 noticia
1452 1526 1583 1558 aeterni
1603 1524 1688 1565 Dei,
1723 1525 1836 1570 qualis
1861 1526 1896 1557 in
1921 1526 2018 1559 nulla
2042 1532 2198 1559 creatura
2223 1534 2284 1567 est,

1300 1589 1362 1610 nec
1386 1576 1503 1620 patefit
1527 1577 1604 1609 aliis
1630 1576 1697 1608 nisi
1725 1588 1785 1619 per
1808 1577 1931 1610 filium.
2001 1577 2100 1610 Sicut
2123 1577 2196 1620 ipse
2218 1578 2282 1610 ait:

1299 1628 1410 1661 Nemo
1436 1627 1535 1660 novit
1560 1634 1690 1670 patrem
1715 1627 1781 1659 nisi
1806 1627 1917 1667 filius,
1944 1633 1975 1660 et
1999 1627 2054 1660 cui
2078 1627 2170 1660 volet
2192 1627 2285 1660 filius

1301 1678 1466 1712 revelare.
1519 1677 1586 1711 Per
1610 1676 1704 1710 hunc
1728 1678 1836 1720 igitur
1859 1678 1950 1711 edita
1973 1685 2023 1710 est
2042 1677 2226 1719 promissio
2243 1682 2285 1710 de

1300 1729 1480 1761 voluntate
1504 1729 1632 1771 patris,
1660 1728 1761 1761 initio
1781 1735 1857 1771 post
1873 1728 2010 1771 lapsum
2029 1726 2146 1769 Adae,
2175 1735 2209 1761 et
2225 1740 2286 1772 per

1301 1781 1413 1822 ipsum
1432 1779 1601 1812 illucescit
1619 1776 1703 1812 haec
1720 1779 1849 1812 noticia
1865 1778 2043 1811 mentibus
2055 1779 2285 1822 credentium,

1301 1842 1378 1862 cum
1418 1840 1479 1872 per
1515 1829 1662 1861 verbnm
1692 1840 1795 1861 suum
1825 1830 1884 1860 dat
1913 1827 2085 1871 Spiritum
2117 1836 2286 1862 sanctum.

1301 1880 1431 1920 Porro,
1460 1891 1578 1911 veram
1598 1877 1662 1911 Dei
1686 1878 1852 1911 noticiam
1875 1878 2064 1910 comitatur
2087 1889 2167 1910 vera
2184 1878 2286 1912 iusti-

1302 1931 1371 1971 cia,
1405 1930 1531 1963 ardens
1557 1929 1698 1962 dilectio
1724 1927 1809 1966 Dei,
1836 1934 1869 1961 et
1891 1939 1971 1960 vera
1998 1927 2218 1969 obedientia,
2243 1931 2286 1962 de

1302 1993 1368 2026 qua
1404 1991 1504 2023 saepe
1539 1979 1625 2012 alias
1658 1978 1806 2017 dicitur,
1843 1984 1880 2010 ut
1905 1977 2028 2011 Esaiae
2045 1978 2097 2013 6.:
2131 1978 2287 2022 Spiritus

1302 2031 1438 2064 domini
1462 2042 1566 2074 super
1587 2042 1659 2069 me,
1687 2042 1726 2061 eo
1744 2030 1837 2073 quod
1854 2030 1993 2063 unxerit
2009 2041 2079 2069 me3
2109 2036 2142 2063 et
2157 2031 2287 2064 Colos—

1302 2093 1418 2114 senses
1435 2082 1485 2116 2.;
1521 2080 1562 2114 In
1594 2081 1669 2123 ipso
1694 2077 1828 2113 habitat
1852 2081 1967 2112 omnis
1991 2080 2173 2124 plenitudo
2196 2082 2288 2115 divi-

1304 2132 1422 2165 nitatis
1439 2131 1681 2175 corporaliter.
1736 2130 1854 2173 Quare
1869 2131 1905 2163 in
1922 2143 1962 2163 co
1981 2143 2059 2164 vera
2075 2131 2211 2165 iusticia
2228 2140 2288 2171 est,

1303 2191 1335 2216 et
1366 2183 1501 2225 integra
1531 2182 1615 2224 legis
1639 2182 1810 2225 impletio.
1877 2181 1923 2215 Ut
1948 2188 2063 2215 autem
2091 2183 2134 2215 de
2159 2184 2288 2216 noticia

1304 2233 1367 2267 Dei
1393 2233 1705 2269 communicanda,
1732 2233 1780 2265 sic
1802 2239 1832 2265 et
1856 2233 1899 2265 de
1918 2233 2211 2266 communicanda
2232 2234 2288 2267 in-

1304 2285 1402 2318 sticia
1427 2284 1586 2328 loquitur
1609 2283 1844 2326 Evangelista.
1897 2282 1985 2317 Cum
2009 2281 2170 2317 Christus
2194 2287 2288 2319 noti-

1305 2336 1392 2369 ciam
1409 2334 1475 2368 Dei
1498 2335 1722 2368 credentibus
1746 2335 1982 2367 communicat
2006 2346 2067 2378 per
2089 2336 2235 2368 verbum
2256 2344 2288 2369 et

1277 2427 1279 2434 ἲ
1305 2386 1475 2430 Spiritum
1500 2392 1657 2420 sanctum
1670 2413 1679 2425 ,
1707 2386 1808 2418 etiam
1827 2385 1964 2419 iusticia
1980 2396 2070 2418 nova
2090 2386 2238 2419 efficitur
2254 2387 2287 2419 in

1305 2437 1472 2470 cordibus
1496 2437 1726 2472 credentium.
1780 2436 1868 2470 Cum
1893 2436 1985 2468 enim
2009 2436 2126 2479 agnito
2152 2445 2289 2481 peccato

1278 2499 1279 2531 j
1306 2494 1337 2521 et
1357 2488 1584 2521 damnatione
1601 2488 1731 2528 nostri,
1759 2487 1965 2529 agnovimus
1981 2487 2083 2520 etiarn
2101 2486 2288 2531 perEvan-

1278 2536 1281 2542 ’
1306 2539 1435 2582 gelium
1474 2538 1749 2571 misericordiam
1785 2537 1850 2571 Dei
1890 2537 2101 2571 remittentis
2138 2546 2288 2586 peccata,

1307 2590 1490 2622 liberantis
1520 2601 1585 2622 nos
1611 2600 1628 2621 a
1653 2589 1899 2632 damnatione,
1935 2588 2154 2633 recipientis,
2189 2591 2291 2622 adiu-

1307 2640 1422 2673 vantis
1447 2647 1479 2673 et
1501 2640 1670 2673 salvantis
1697 2652 1780 2681 nos,
1807 2640 1996 2683 incipimus
2020 2651 2099 2672 eum
2118 2640 2290 2680 invocare,

1307 2699 1340 2726 et
1357 2703 1419 2724 nos
1436 2690 1464 2724 ei
1485 2691 1673 2731 subiicere,
1702 2698 1733 2725 et
1750 2703 1828 2724 enm
1844 2691 2005 2733 diligere,
2034 2691 2121 2724 sicut
2138 2690 2240 2725 Rom.
2258 2692 2290 2724 8.
