2415 2942
315 79 417 117 X111.

199 165 302 203 Alter
329 179 413 203 usus
436 170 521 214 legis
551 171 589 204 in
615 183 689 205 non
718 171 850 206 renatis
883 177 932 205 est
961 170 1092 204 conde·

98 230 220 253 mnare
240 221 284 254 ad
301 231 434 265 poenas
449 229 648 266 praesentes
668 229 700 257 et
721 229 900 264 aeternas,
939 229 1091 267 suntque

95 270 242 305 initium
288 271 412 305 iudicii
445 273 561 306 divini
595 280 630 307 et
664 273 916 307 destructionis
956 284 1090 317 poenae

96 328 314 365 praesentes,
342 334 383 355 ex
402 323 533 368 quibus
551 325 751 358 liberantur
766 324 898 370 aliqui,
925 324 1089 357 videlicet

94 370 135 405 hi
154 372 216 417 qui
240 374 284 407 ad
303 372 419 407 Deum
445 382 720 416 convertuntur,
747 375 809 408 alii
836 388 910 409 non
931 374 1087 408 liberan-

94 431 170 465 tur,
197 424 257 457 sed
281 430 392 458 ruunt
415 436 455 458 ex
480 426 551 459 illis
575 427 613 459 in
638 433 820 460 aeternum
846 426 1004 462 exitium,
1041 425 1087 460 Ut

92 485 259 517 praesens
281 475 461 509 calamitas
486 476 603 510 Saulis
628 477 770 511 initium
795 484 846 511 est
869 488 1085 525 poenarum,

92 535 182 569 quae
208 537 247 557 1n
275 526 375 558 omni
400 529 607 561 aeternitate
630 529 747 572 ipsum
773 529 1000 572 opprimunt,
1035 534 1084 561 est

93 582 127 609 et
145 574 295 609 Davidis
312 577 489 612 calamitas
506 579 649 613 initium
670 579 792 612 iudicii
819 587 851 613 et
873 579 1082 613 destructio—

91 627 166 667 nis,
202 627 261 659 sed
291 624 349 660 hic
373 627 563 671 liberatur,
596 630 678 675 quia
704 630 790 674 petit
817 638 849 664 et
875 630 1000 677 accipit
1026 642 1081 663 re-

91 677 297 711 missionem
333 687 556 723 peccatorum
593 681 720 714 fiducia
756 682 976 717 redemtoris,
1030 680 1082 714 De

90 724 159 761 hoc
183 740 249 762 usu
271 730 376 772 legis,
403 731 566 765 videlicet
584 733 626 765 de
645 733 940 766 condemnatione
964 732 1080 777 loqui-

88 786 146 812 tur
157 778 287 813 Paulus
308 780 509 816 1.C0rinth.
523 779 581 818 15,
602 782 784 828 inquiens:
813 782 968 816 Aculeus
984 795 1080 816 mor-

87 829 132 862 tis
156 838 335 874 peccatum
361 840 431 873 est,
473 834 631 876 potentia
656 846 740 867 vero
768 835 899 878 peccati
930 834 984 867 lex
1018 840 1079 869 est.

87 878 136 914 Et
159 880 276 915 Roma
292 881 343 917 7.:
380 883 447 916 Per
471 884 580 927 legem
606 892 785 929 peccatum
810 885 848 918 fit
871 885 1080 918 excellenter

87 939 289 976 peccatum,
325 934 362 967 id
382 942 450 974 est,
486 936 587 969 valde
610 948 728 977 reum,
771 936 807 969 id
834 942 899 974 est,
943 942 1078 977 reatus,

85 983 138 1015 ira
155 981 242 1024 Dei,
270 985 458 1027 proiecti0‚
488 988 690 1020 sentiuntur
710 987 784 1030 lege
801 999 865 1019 nos
882 996 1077 1022 accusante.

100 77 199 116 1305

471 81 505 120 7.
533 80 833 120 ENARRATIO
861 80 1013 121 EPIST.
1041 81 1247 120 PRIORIS
1274 81 1341 119 AD
1371 80 1700 119 TIMOTHEUM.

85 1032 139 1066 De
157 1031 210 1067 liis
226 1034 411 1069 doloribus
430 1037 546 1082 inquit
564 1035 752 1078 Ezechias,
772 1036 895 1071 Esaiae
912 1049 982 1081 sap.
1000 1038 1076 1071 38.:
1103 1047 1105 1078 ᾖ

88 1084 188 1118 Sicut
212 1085 267 1118 leo
294 1087 436 1130 rugiens
460 1089 628 1122 contrivit
646 1089 765 1122 omnia
785 1100 861 1122 ossa
878 1100 967 1123 mea.

185 1134 269 1169 Dixi
292 1139 335 1170 de
365 1139 487 1172 usibus
515 1140 599 1183 legis
624 1140 661 1172 in
688 1152 760 1172 non
786 1140 936 1180 renatis,
977 1151 1015 1172 ac
1038 1140 1075 1172 in

86 1187 240 1220 secundo
266 1199 332 1222 usu
355 1190 398 1222 de
420 1191 715 1224 condemnatione
742 1190 967 1224 discernendi
993 1198 1076 1224 sunt

84 1233 123 1269 hi
150 1238 211 1282 qui
244 1247 519 1282 convertuntur,
561 1243 604 1274 ab
636 1242 714 1274 aliis
741 1242 800 1286 qui
826 1253 898 1274 non
925 1253 1074 1274 conver-

82 1293 220 1323 tumur.
286 1290 376 1324 Nam
403 1293 565 1325 conversi
591 1293 789 1325 liberantur
814 1305 832 1325 a
858 1293 1074 1325 condemna-

81 1339 198 1380 tione,
232 1346 264 1373 et
289 1348 405 1375 tamen
435 1341 471 1376 hi
498 1355 640 1388 quoque
663 1344 821 1377 sentiunt
841 1343 942 1375 initia
968 1341 1074 1376 huius

81 1386 255 1423 horrendi
281 1392 405 1425 iudicii
432 1402 465 1428 et
489 1395 616 1428 multas
641 1406 787 1438 poenaS,
832 1394 921 1427 sicut
945 1392 1074 1434 David,

80 1439 249 1475 Ionathas
276 1451 309 1477 et
332 1444 405 1478 alii.

183 1491 395 1539 Priusquam
419 1503 534 1529 autem
559 1497 710 1529 dicimus
732 1497 774 1529 de
793 1507 858 1530 usu
877 1495 913 1528 in
930 1495 1073 1534 renatis,

80 1543 179 1587 prius
198 1545 407 1580 declaranda
432 1554 482 1580 est
507 1548 700 1581 sententia:
735 1546 829 1580 Iusto
850 1559 922 1579 non
941 1554 991 1580 est
1018 1547 1071 1578 lex

81 1595 206 1638 posita.
260 1595 355 1629 Haec
374 1604 413 1630 ut
436 1604 527 1631 recte
553 1605 586 1631 et
610 1598 816 1641 simpliciter
842 1597 1071 1639 intelligatur,

82 1643 267 1679 antithesis
283 1648 536 1681 consideranda
558 1656 608 1682 est
630 1648 771 1681 consilii
787 1647 1067 1690 Pseudoaposto-

81 1696 198 1729 lorum
214 1704 247 1729 et
266 1699 404 1730 consilii
424 1698 575 1733 Paulini.
630 1698 898 1732 Contendebant
912 1697 1067 1730 Pseudo-

79 1748 230 1791 apostoli
254 1749 364 1792 legem
391 1751 600 1782 servandam
625 1761 712 1789 esse,
761 1755 800 1782 ut
823 1746 878 1780 his
904 1749 1069 1791 operibus

82 1796 244 1832 homines
268 1799 393 1834 fierent
416 1801 515 1841 iusti,
552 1807 585 1834 et
611 1801 720 1843 magis
743 1799 922 1844 magisque
947 1799 1069 1833 fierent

78 1850 184 1888 iusti,
211 1851 301 1884 sicut
318 1853 447 1885 diceret
466 1852 729 1885 materfamilias
756 1851 867 1891 filiae,
901 1856 953 1883 tot
972 1848 1068 1883 horis

79 1898 173 1933 nihil
202 1909 335 1944 gusteS‚
375 1910 407 1936 et
442 1911 560 1947 postea
595 1903 701 1935 unico
736 1902 870 1935 ferculo
905 1908 1067 1934 contenta

80 1959 173 1993 esto,
206 1961 239 1986 et
263 1954 318 1986 bis
341 1954 459 1995 bibas,
494 1961 524 1987 et
548 1954 595 1987 sic
617 1954 685 1986 eris
703 1960 920 1996 temperans,
948 1959 980 1985 et
1005 1950 1071 1985 hac·

77 2003 330 2038 assuefactione
356 2006 465 2049 magis
491 2013 689 2048 temperans
714 2004 791 2037 eris.
853 2002 930 2036 Hoc
960 2005 1066 2036 modo

78 2056 121 2088 de
146 2054 332 2100 disciplina
366 2064 457 2089 recte
489 2057 636 2096 dicitur,
675 2057 733 2088 sed
760 2067 981 2099 nequaquam
1014 2055 1066 2087 fa-

76 2106 200 2139 cienda
225 2113 275 2140 est
295 2107 454 2140 confusio
480 2107 687 2150 disciplinae
714 2113 746 2140 et
771 2106 927 2139 iusticiae
948 2118 1064 2138 coram

75 2156 164 2192 Deo.
216 2157 319 2191 Falso
345 2159 562 2192 transferunt
585 2156 651 2191 hoc
683 2157 881 2200 exemplum
908 2156 1064 2190 Pseudo-

76 2209 227 2253 apostoli
248 2210 291 2242 ad
309 2209 482 2243 iusticiam
501 2221 618 2242 coram
636 2207 721 2242 Deo.
776 2206 940 2252 Opponit
958 2208 1065 2250 igitur

75 2259 208 2293 Paulus
225 2258 306 2294 huic
323 2261 434 2294 errori
450 2268 482 2294 et
500 2260 700 2293 confusioni
713 2257 778 2292 hoc
794 2259 947 2292 dictum:
967 2257 1063 2292 Iusto

76 2322 150 2345 non
169 2318 219 2345 est
235 2313 289 2345 lex
308 2313 436 2356 posita,
463 2313 595 2345 scilicet
612 2324 681 2355 quo
708 2311 751 2342 ad
769 2310 1063 2345 iustificatit'mem,

77 2363 148 2396 Lex
167 2375 240 2397 non
259 2371 309 2397 est
327 2364 576 2408 proponenda,
603 2369 643 2395 ut
662 2359 769 2394 homo
788 2361 845 2394 fiat
861 2361 972 2394 iustus
989 2361 1063 2403 lege

77 2414 133 2447 vel
158 2415 341 2460 operibus,
366 2415 420 2447 vel
446 2415 556 2457 magis
580 2414 712 2452 iustuS,
747 2413 804 2444 sed
832 2423 974 2456 prorsus
995 2413 1061 2445 alia

75 2476 130 2502 res
148 2467 323 2510 proposita
341 2473 408 2506 est,
437 2479 504 2511 qua
524 2463 631 2497 homo
651 2464 688 2497 fit
707 2463 818 2496 iustus
842 2475 958 2495 coram
975 2462 1062 2504 Deo,

75 2518 207 2554 scilicet
225 2518 318 2551 filius
334 2516 420 2558 Dei,
448 2524 592 2561 propter
613 2513 708 2548 hune
732 2526 766 2547 es
784 2514 894 2547 iustus
912 2514 996 2553 fide,
1026 2515 1061 2547 id

75 2575 143 2610 est,
170 2568 277 2603 babes
295 2568 537 2601 remissionem
558 2573 779 2611 peccatorum
799 2572 830 2598 et
855 2565 1060 2608 imputatam

75 2621 183 2666 ipsius
207 2620 380 2654 iusticiam
394 2644 403 2658 ‚
429 2625 461 2652 et
479 2626 621 2663 propter
645 2617 779 2660 ipsum:
808 2623 839 2649 et
857 2627 891 2648 es
911 2617 1061 2650 donatus

73 2673 210 2718 Spiritu
226 2678 344 2706 sancto
362 2677 394 2704 et
412 2667 626 2704 haereditate
645 2668 736 2702 vitae
757 2674 927 2701 aeternae.

1757 81 1861 117 CAP.
1889 82 1919 118 I.
2030 84 2128 120 1306

1244 169 1340 205 Haec
1366 178 1415 205 est
1440 170 1553 215 prima
1579 175 1672 203 recta
1696 176 1729 203 et
1756 169 1902 214 simplex
1934 170 2127 204 enarratio:

1144 221 1238 256 Iusto
1265 235 1338 256 non
1357 229 1406 256 est
1423 223 1477 255 lex
1505 221 1634 265 posita,
1661 220 1791 254 scilicet
1809 233 1878 266 quo
1899 222 1941 254 ad
1961 221 2126 255 iustifica-

1140 273 1274 307 tionem
1288 300 1296 314 ,
1324 280 1361 307 ut
1378 271 1486 307 homo
1504 272 1577 316 lege
1595 272 1653 304 fiat
1671 271 1783 305 iustus
1800 272 1856 305 vel
1879 273 1988 316 magis
2014 272 2125 305 iustus

1139 337 1254 358 coram
1282 324 1377 365 Deo,
1417 325 1485 357 iam
1509 321 1616 356 habes
1641 319 1707 355 hoc
1729 323 1937 356 beneficium
1962 323 2123 357 aliunde:

1137 382 1175 409 ut
1194 376 1221 408 si
1240 376 1435 409 diceremus
1453 371 1789 414 monachis‚·Stulti
1805 374 1889 418 quid
1908 374 2024 417 agitis,
2042 374 2124 407 vul—

1137 427 1181 460 tis
1199 427 1383 459 instituere
1402 437 1506 470 opera
1525 431 1556 457 et
1573 425 1725 457 condere
1751 425 1862 468 leges,
1898 433 1938 459 ut
1962 424 2124 458 homines

1136 478 1220 512 fiant
1244 478 1346 511 iusti:
1378 476 1607 522 Nequaquam
1627 475 1694 508 alia
1718 487 1754 508 re
1772 476 1874 509 nobis
1899 476 2124 509 credentibus

1134 530 1171 562 in
1197 529 1309 561 filium
1334 527 1399 561 Dei
1423 538 1510 568 opus
1535 533 1586 559 est
1606 527 1649 559 ad
1673 526 1867 567 iusticiam,
1894 528 1953 560 sed
1979 534 2123 571 propter

1133 581 1248 624 ipsum
1275 580 1456 612 donantur
1480 577 1637 610 remissio
1664 584 1906 620 peccatorum,
1933 578 2121 622 imputatio

1133 631 1317 672 insaniae,
1360 630 1513 675 Spiritus
1549 634 1689 662 sanctus
1727 635 1760 662 et
1792 626 1989 663 haereditas
2029 629 2122 663 vitae

1132 689 1302 716 aeternae.

1233 733 1435 778 Sequunter
1470 740 1502 767 et
1539 733 1627 766 aliae
1660 732 1988 776 interpretationes,
2031 744 2120 777 quae

1132 785 1242 827 magis
1267 785 1415 818 usitatae
1444 792 1546 825 sunt,
1596 784 1691 818 lusto
1717 796 1790 817 non
1819 791 1869 817 est
1901 785 1956 816 lex
1989 784 2120 827 posita,

1133 835 1264 868 scilicet
1289 848 1357 880 quo
1384 836 1424 868 ad
1452 836 1686 875 coactionem,
1715 836 1797 867 item
1824 847 1894 880 quo
1922 835 1965 868 ad
1991 835 2122 867 conde—

1132 887 1362 921 mnationem.
1417 884 1468 919 Ac
1486 886 1730 930 interpretatio
1752 887 1795 918 de
1824 886 2120 918 condemnatione

1132 937 1288 971 continet
1304 937 1426 970 utilem
1444 937 1659 978 doctrinam,
1679 944 1710 971 et
1727 937 1890 979 congruit
1907 949 1985 970 cum
2005 936 2120 977 dictis,

1130 988 1255 1024 Roma.
1274 987 1325 1022 5.:
1356 988 1535 1021 lustiticati
1554 989 1621 1020 fide.
1641 1000 1758 1032 pacem
1782 986 1962 1021 habemus.
2017 986 2118 1028 Item,

1130 1038 1254 1073 Roma.
1280 1039 1331 1072 6..·
1368 1039 1447 1072 Non
1474 1040 1555 1072 estis
1586 1040 1650 1071 sub
1677 1040 1771 1081 lege,
1812 1039 1870 1071 sed
1903 1039 1968 1071 sub
2000 1038 2119 1081 gratia.

1131 1089 1238 1130 Item,
1258 1089 1386 1125 Roma.
1405 1090 1454 1123 8.:
1483 1089 1587 1123 Nulla
1608 1102 1703 1123 nunc
1718 1089 1966 1123 condemnatio
1985 1097 2035 1122 est
2051 1087 2119 1130 his,

1130 1141 1189 1186 qui
1208 1141 1244 1173 in
1265 1139 1407 1174 Christo
1428 1140 1504 1174 lesu
1520 1142 1716 1175 ambulant.
1771 1140 1830 1174 Sic
1847 1141 1992 1173 dicitur:
2022 1139 2118 1174 Iusto

1129 1204 1201 1225 non
1226 1199 1274 1225 est
1300 1193 1353 1225 lex
1379 1193 1510 1236 posita,
1550 1192 1585 1225 id
1617 1199 1686 1233 est,
1729 1192 1784 1224 lex
1809 1204 1883 1225 non
1905 1193 2119 1225 condemnat

1128 1243 1196 1275 fide
1228 1244 1378 1286 iustum,
1421 1243 1557 1277 etiamsi
1585 1244 1734 1276 multum
1758 1240 1873 1276 adhuc
1898 1244 2055 1276 sordium
2084 1249 2119 1276 et

1128 1301 1349 1337 peccatorum
1378 1294 1414 1325 in
1443 1291 1508 1326 hac
1534 1301 1629 1327 tanta
1661 1294 1864 1327 infirmitate
1893 1300 2013 1326 nostra
2048 1293 2117 1326 cir-

1128 1345 1375 1382 cumferimus,
1418 1345 1476 1377 sed
1510 1345 1670 1389 loquitur
1694 1345 1826 1377 dictum
1854 1345 1897 1377 de
1922 1343 2036 1384 lusto,
2079 1344 2117 1377 id

1128 1402 1196 1436 est,
1227 1396 1269 1427 de
1292 1392 1444 1428 habente
1469 1407 1587 1428 veram
1608 1395 1731 1436 fidem,
1768 1395 1829 1437 qui
1857 1406 2046 1428 conversus
2071 1397 2116 1428 ad

1127 1444 1240 1479 Deum
1261 1446 1387 1479 fiducia
1405 1446 1467 1478 filii
1487 1447 1556 1479 Dei
1576 1453 1735 1490 receptus
1752 1452 1811 1480 cst.
1864 1444 1933 1479 Hic
1959 1446 2117 1489 agnoscit

1127 1504 1158 1529 et
1185 1497 1344 1540 deplorat
1367 1497 1532 1541 reliquias
1555 1499 1707 1541 peccati,
1741 1497 1801 1530 sed
1825 1503 1942 1529 tamen
1968 1497 2034 1530 scit
2058 1509 2114 1530 eas

1125 1547 1194 1590 tegi
1221 1560 1283 1591 per
1298 1548 1410 1593 filiuni
1432 1546 1516 1586 Dei,
1551 1555 1584 1581 et
1610 1555 1779 1591 repugnat
1804 1548 1905 1580 malis
1932 1548 2116 1591 opinioni-

1125 1598 1190 1631 bus
1217 1605 1249 1631 et
1282 1598 1416 1631 vitiosis
1452 1599 1717 1642 cupiditatibus,
1767 1597 1863 1631 Haec
1900 1598 2114 1643 interpreta-

1124 1649 1173 1681 tio
1196 1649 1379 1692 perspicua
1407 1655 1474 1689 est,
1503 1656 1534 1681 et
1552 1649 1829 1682 consolationem
1852 1650 1918 1693 piis
1936 1651 2114 1684 mentibus

1123 1699 1234 1732 affert.
1287 1697 1333 1732 Et
1359 1700 1507 1732 verbum
1532 1700 1647 1734 κεῖται
1669 1701 1882 1742 singularem
1908 1698 2014 1735 habet
2039 1713 2114 1734 em—

1124 1747 1268 1793 phasin,
1297 1751 1395 1794 quasi
1415 1750 1522 1785 dicat:
1554 1750 1762 1785 Credentem
1781 1752 1834 1783 lex
1854 1763 1927 1785 non
1943 1753 2113 1797 opprimit

1121 1808 1287 1846 tanquam
1308 1802 1453 1834 immota
1473 1810 1506 1835 et
1524 1803 1598 1835 sine
1617 1803 1688 1835 ulla
1709 1802 1940 1845 mitigatione.

1222 1853 1422 1895 Augustino
1457 1854 1669 1886 familiarior
1704 1860 1755 1887 est
1788 1854 2031 1898 interpretatio
2068 1855 2111 1888 de

1120 1904 1319 1942 coactione,
1343 1902 1503 1937 Ptenatus
1520 1904 1655 1948 Spiritu
1676 1911 1794 1937 sancto
1815 1905 1884 1937 iam
1906 1905 2027 1938 volens
2046 1907 2111 1938 ob-

1119 1959 1306 1997 temperat,
1343 1962 1382 1987 ut
1407 1962 1517 1988 mater
1542 1963 1663 1998 sponte
1689 1962 1782 1989 amat
1807 1963 1838 1989 et
1860 1956 1924 1990 alit
1951 1957 2110 1990 sobolem

1120 2016 1190 2037 non
1210 2013 1324 2039 coacta
1351 2006 1444 2048 lege,
1475 2007 1609 2039 etiamsi
1628 2007 1680 2039 lex
1699 2019 1839 2051 quoque
1858 2007 1893 2040 id
1921 2008 2108 2051 praecipit:

1118 2058 1177 2088 sed
1204 2058 1283 2101 qnia
1303 2068 1427 2099 magna
1454 2056 1640 2091 infirmitas
1665 2058 1701 2090 in
1723 2055 1786 2090 hac
1805 2058 1874 2090 vita
1894 2066 2010 2092 manet
2026 2060 2110 2092 reli-

1118 2120 1203 2151 qua,
1233 2108 1335 2140 multi
1363 2108 1465 2141 etiam
1496 2109 1608 2141 renati
1633 2109 1819 2152 disciplina
1836 2110 1998 2142 frenandi
2017 2118 2109 2152 sunt,

1117 2165 1154 2191 ut
1173 2159 1214 2191 de
1232 2159 1348 2201 pueris
1367 2160 1591 2194 manifestum
1618 2167 1684 2201 est,
1713 2160 1792 2193 idco
1818 2157 1908 2193 hanc
1934 2161 2107 2205 interpre-

1116 2209 1284 2243 tationem
1312 2210 1488 2255 relinquO.

1207 2260 1297 2303 Quis
1315 2268 1363 2294 est
1380 2269 1495 2294 autem
1513 2273 1596 2295 usus
1612 2262 1700 2305 legis
1725 2262 1763 2295 in
1789 2264 1943 2297 renatis?
1970 2263 2107 2300 Usitata

1116 2312 1219 2344 nobis
1243 2313 1423 2355 responsio
1449 2320 1496 2345 est
1530 2320 1561 2346 et
1588 2314 1669 2346 satis
1703 2314 1895 2355 concinna⁷
1931 2317 1960 2348 si
1988 2317 2107 2351 dextre

1116 2363 1326 2406 accipiatur,
1354 2362 1543 2397 Credentes
1566 2364 1669 2396 liberi
1690 2372 1770 2398 sunt
1788 2377 1806 2398 a
1823 2366 1915 2409 lege,
1943 2369 2036 2411 quod
2062 2370 2107 2402 ad

1115 2414 1445 2447 condemnationem
1472 2415 1616 2455 attinet,
1645 2427 1717 2447 non
1741 2417 1835 2459 quod
1863 2418 1907 2450 ad
1934 2419 2105 2452 obedien-

1114 2465 1198 2497 tiam
1216 2466 1357 2506 attinet,
1374 2465 1410 2497 id
1431 2472 1499 2505 est,
1529 2472 1610 2497 sunt
1630 2465 1698 2497 iam
1715 2467 1951 2509 reconciliati,
1979 2475 2012 2502 et
2029 2470 2105 2513 pla-

1115 2522 1193 2548 cent
1218 2514 1313 2557 Deo,
1350 2527 1551 2560 quanquam
1578 2516 1646 2558 legi
1672 2528 1744 2549 non
1770 2518 2001 2553 satisfaciant:
2043 2522 2104 2553 sed

1114 2565 1196 2598 inde
1222 2578 1295 2599 non
1321 2566 1498 2610 sequitur,
1536 2566 1642 2599 licere
1669 2568 1716 2599 eis
1743 2581 1844 2601 ruere.
1869 2577 1991 2603 contra
2016 2583 2104 2603 con-

1115 2617 1312 2650 scientiam:
1343 2618 1422 2661 quia
1450 2628 1586 2660 semper
1604 2626 1720 2652 manet
1740 2617 1796 2652 hic
1813 2621 1922 2660 ordo,
1950 2628 1988 2654 ut
2007 2633 2104 2654 crea-

1114 2675 1190 2701 tura
1211 2669 1393 2702 rationalis
1412 2667 1485 2702 Dco
1502 2669 1662 2711 obediat,
1690 2671 1748 2703 sed
1768 2668 1834 2704 hoc
1852 2677 1899 2704 cst
1917 2669 2102 2715 Evangelii
