2415 2942
296 120 368 155 859

297 217 363 251 qua
396 201 498 236 simul
532 198 569 231 fit
603 193 789 230 vivificatio
821 202 882 236 per
912 188 1043 224 filium:
1096 188 1281 232 complecti

299 255 416 288 numia
447 249 611 284 beneficia
644 245 792 279 Messiae
819 252 955 275 necesse
982 247 1048 281 est,
1081 252 1145 273 nec
1169 240 1282 272 divel-

301 306 401 339 lenda
425 309 474 335 est
498 298 654 333 remissio
680 307 698 328 a
720 293 894 339 praesenti
918 291 1166 327 conversione,
1194 290 1283 324 sicut

300 355 478 389 Osiander
494 350 611 393 tingit,
640 346 772 381 Neroni
790 344 932 378 remissa
949 354 1021 376 esse
1038 348 1194 386 peccata,
1223 342 1281 375 sed

299 405 458 440 damnari
485 413 583 438 eum,
618 398 699 444 quia
726 408 798 429 non
820 393 945 428 habeat
969 393 1142 427 iusticiam
1168 404 1283 425 essen-

299 457 428 490 tialem.
481 452 656 486 Horresco
674 446 758 481 liaec
782 447 955 486 reserens,
988 451 1021 477 et
1047 444 1148 476 valde
1166 443 1282 483 doleo,

300 509 386 541 tales
411 514 588 538 sermones
613 499 822 543 repetendos
845 508 938 534 esse,
973 502 1095 528 contra
1118 505 1206 538 quos
1233 500 1285 526 te-

301 559 435 592 nendae
451 561 531 588 sunt
547 551 612 586 hae
635 551 840 584 sententiae:
871 546 964 580 Huic
987 557 1108 579 omnes
1126 541 1285 588 Prophe-

300 618 353 643 tae
373 604 612 642 testimonium
630 599 834 646 perhibent,
862 597 1017 641 accipere
1042 595 1284 629 remissionem

300 666 521 705 peccatorum
546 666 606 699 per
638 663 766 685 nomen
788 651 880 689 eius,
915 659 1036 681 omnes
1057 646 1117 690 qni
1136 647 1285 678 credunt

302 714 338 744 in
358 721 436 742 eum
454 715 516 741 etc.
571 704 674 738 Item:
695 702 767 744 Qui
786 712 859 733 non
877 698 987 731 credit
1004 698 1039 729 in
1058 697 1182 736 filium,
1211 707 1285 728 ma-

301 768 361 795 net
385 761 434 792 ira
460 757 524 791 Dei
553 766 657 798 super
683 765 774 786 eum.
844 749 925 783 Non
957 748 1063 791 igitur
1086 747 1286 780 divellenda

302 820 350 846 est
371 809 528 844 remissio
547 812 765 850 peccatorum
789 813 807 835 a
824 799 1083 835 iustificatione.

403 875 493 910 Cum
516 873 622 916 igitur
648 870 808 904 nominat
833 866 965 901 Paulus
994 862 1061 898 hoc
1086 865 1164 898 loco
1187 862 1288 897 iusti-

303 931 410 965 ciam,
434 925 615 970 inquiens:
644 922 728 956 Sine
758 920 832 963 lege
857 917 993 952 iusticia
1022 915 1087 950 Dei
1116 914 1288 960 apparuit,

302 979 526 1013 manifestum
553 981 622 1012 est,
657 971 919 1015 complectenda
945 979 1015 1000 esse
1034 967 1155 1000 omnia
1181 967 1288 999 bene-

305 1031 380 1064 ficia
399 1026 600 1061 mediatoris
614 1049 622 1063 ,
650 1022 891 1056 remissionem
908 1025 1147 1063 peccatorum,
1165 1028 1289 1050 recon-

304 1081 538 1118 ciliationem,
565 1088 624 1109 seu
643 1073 909 1117 imputationem
936 1069 1093 1102 iusticiae
1121 1075 1153 1102 et
1173 1067 1290 1102 vivifi-

306 1132 490 1165 cationem.
570 1125 744 1170 Loquitur
772 1123 866 1156 enim
900 1120 1031 1154 Paulus
1070 1120 1115 1152 de
1152 1118 1290 1152 iusticia

306 1190 448 1227 propter
464 1178 692 1212 mediatorem
712 1174 895 1219 promissa.

407 1248 512 1283 Rom.
533 1245 567 1280 4.
596 1244 763 1279 Nominat
786 1241 917 1275 Paulus
942 1237 1212 1283 imputationem
1236 1233 1291 1267 iu—

307 1301 445 1340 sticiae,
479 1298 554 1331 vult
586 1298 678 1328 enim
713 1293 866 1327 discerni
895 1290 1090 1327 iusticiam,
1123 1298 1212 1332 quae
1242 1291 1293 1317 est

306 1359 425 1386 nostra
450 1349 534 1392 legis
559 1346 737 1391 impletio,
771 1344 814 1377 ab
850 1341 913 1375 hac
937 1340 1092 1379 iusticia,
1131 1349 1218 1383 quae
1243 1342 1293 1368 est

307 1401 496 1446 acceptatio
522 1405 663 1442 propter
688 1395 935 1433 mediatorem,
964 1403 1042 1424 cum
1067 1401 1139 1422 non
1165 1385 1292 1420 habea-

308 1465 386 1487 mus
415 1452 587 1494 integram
615 1448 700 1491 legis
732 1444 988 1488 impletionem.
1060 1439 1291 1473 Manifestum

309 1513 358 1538 est
386 1503 499 1540 enim,
533 1499 703 1532 vocabulo
735 1494 976 1540 imputationis
1001 1489 1187 1534 significari
1203 1488 1293 1520 rela-

307 1558 458 1593 tionem,
486 1559 524 1585 ut
545 1550 629 1583 alibi
651 1549 775 1581 usitate
792 1558 858 1578 vox
881 1545 960 1584 illa,
990 1554 1077 1587 quae
1101 1541 1151 1573 ibi
1169 1541 1204 1572 in
1221 1537 1294 1570 Ge-

306 1606 382 1640 nesi
402 1603 561 1648 ponitur‚
581 1599 825 1643 cogitationem
850 1594 1032 1639 significat,
1051 1590 1199 1625 Genesis
1214 1587 1293 1621 50.:

312 1657 384 1689 Yos
402 1653 578 1697 cogitastis
597 1653 761 1684 adversus
784 1643 837 1680 r'ne
859 1646 990 1678 malum
1004 1671 1011 1685 ,
1036 1642 1210 1676 Dominus
1236 1650 1294 1671 co-

309 1706 432 1751 gitavit
450 1703 514 1738 hoc
532 1704 572 1736 ad
593 1703 737 1735 bonum.
778 1697 873 1731 Haec
890 1695 1053 1739 cogitatio
1072 1700 1121 1726 est
1136 1695 1293 1734 accepta-

310 1760 377 1797 tio,
405 1768 492 1801 quae
511 1766 592 1787 voce
608 1750 792 1794 Evangelii
818 1747 1071 1784 annunciatur,
1099 1751 1132 1777 et
1155 1743 1221 1775 fide
1238 1752 1294 1773 ac-

311 1809 450 1852 cipitur.
504 1803 550 1838 Et
573 1803 717 1837 relative
741 1799 1011 1842 intelligendum
1043 1807 1113 1829 esse
1140 1792 1295 1827 vocabu-

311 1861 384 1893 lum
407 1856 670 1901 imputationis,
698 1851 852 1885 ostendit
870 1861 950 1882 mox
968 1848 1089 1880 eodem
1107 1846 1183 1878 loco
1201 1842 1293 1875 Pau-

310 1912 383 1950 lus,
417 1909 553 1941 dicens:
587 1905 703 1938 David
736 1902 820 1935 dicit
850 1898 1106 1934 beatitudinem
1138 1893 1294 1929 hominis

310 1972 402 2000 esse,
429 1959 485 1992 cui
511 1956 604 1989 Deus
629 1956 777 1999 imputat
800 1951 977 1985 iusticiam
1007 1949 1083 1982 sine
1116 1945 1295 1991 operibuS,

310 2020 343 2045 et
361 2010 474 2044 addit:
502 2007 602 2041 Beati
625 2017 775 2051 quorum
799 2003 961 2036 remissae
980 2007 1059 2033 sunt
1079 1998 1294 2043 iniquitates,

311 2064 344 2095 id
364 2068 432 2101 est,
452 2059 603 2093 Persona
621 2058 668 2089 sic
684 2054 853 2098 recipitur
866 2052 1013 2085 afferens
1030 2052 1073 2083 ad
1090 2050 1201 2084 Deum
1222 2058 1294 2078 non

310 2112 489 2157 propriam
529 2108 722 2146 iusticiam,
766 2111 824 2138 aut
854 2103 1026 2136 iusticiam
1064 2097 1295 2138 essentialem,

310 2165 368 2197 sed
393 2163 429 2195 in
450 2172 555 2194 sensu
578 2160 648 2191 irae
672 2157 735 2191 Dei
769 2163 891 2189 contra
921 2159 1058 2197 peccata
1090 2149 1295 2191 confugiens

310 2216 353 2247 ad
378 2212 627 2248 mediatorem,
664 2215 698 2242 et
725 2207 1041 2248 credensgpropter
1067 2202 1295 2234 mediatorem

312 2265 377 2298 sibi
412 2262 542 2297 remitti
580 2266 736 2304 peccata,
772 2265 804 2291 et
829 2254 996 2299 imputari
1030 2253 1221 2291 iusticiam,
1263 2256 1296 2283 et

313 2315 410 2360 quasi
437 2313 542 2346 vestri
575 2323 639 2344 nos
672 2308 810 2343 iusticia
846 2305 1058 2339 mediatoris.
1119 2302 1214 2336 Haec
1246 2308 1296 2335 est

312 2365 456 2409 simplex
471 2363 602 2397 Psalmi
621 2369 653 2396 et
674 2360 776 2394 Pauli
794 2357 976 2392 sententia.

414 2431 503 2466 Cum
522 2431 630 2473 igitur
645 2429 777 2463 Paulus
802 2424 868 2459 hoc
893 2425 970 2458 loco
997 2422 1127 2467 inquit:
1154 2421 1296 2455 Iusticia

312 2483 378 2518 Dei
397 2482 658 2521 manifestatur,
687 2492 760 2513 non
778 2476 1007 2519 intelligenda
1025 2480 1074 2507 est
1099 2470 1234 2517 phrasis
1252 2473 1295 2505 de

312 2533 448 2568 iusticia
465 2532 539 2565 eius
558 2531 750 2571 essentiali,
775 2535 815 2562 ut
840 2528 870 2561 si
894 2527 1007 2560 dicas:
1043 2524 1182 2558 Iusticia
1202 2523 1295 2556 iudi-

312 2585 360 2619 cis
384 2582 570 2618 Aureliani
603 2582 759 2615 cernitur
789 2580 826 2612 in
852 2589 962 2622 poena
989 2575 1130 2613 militis,
1164 2574 1226 2619 qui
1261 2574 1295 2606 vi

311 2639 530 2680 stupraverat
555 2630 741 2676 hospitam.
798 2628 894 2662 Haec
919 2625 1054 2671 phrasis
1079 2625 1198 2668 legalis
1224 2622 1293 2658 huc

310 2698 382 2720 non
407 2684 573 2730 pertinet,
600 2683 660 2716 sed
686 2679 752 2715 hoc
770 2680 847 2713 loco
865 2679 1001 2712 iusticia
1021 2677 1084 2712 Dei
1106 2675 1294 2720 simplicis-

897 103 1021 139 PHlL.
1050 101 1166 138 MEL.
1194 100 1401 139 SCRIPTA
1427 99 1727 140 EXEGETICA.

2240 106 2314 141 860

1333 189 1419 222 sime
1451 189 1669 233 intelligatur
1700 188 1837 225 iusticia
1866 193 2038 236 promissa
2067 198 2210 238 propter
2242 203 2317 226 me-

1335 240 1519 275 diatorem.

1437 289 1532 324 llaec
1550 291 1662 324 forma
1681 291 1850 335 loquendi
1866 289 1954 331 mihi
1971 293 2110 336 quidem
2131 293 2318 337 simplicis-

1335 342 1421 375 sima
1447 342 1604 382 videtur,
1631 349 1669 375 ut
1694 342 1738 375 sit
1762 342 1898 375 iusticia
1923 342 2007 380 Dei,
2043 355 2109 387 qua
2126 343 2227 383 „Deus
2252 356 2317 377 nos

1336 392 1516 433 iustificat,
1543 403 1602 425 seu
1627 404 1694 437 qua
1721 404 1784 425 nos
1809 393 1916 426 iustos
1943 393 2176 437 pronunciat,
2203 395 2236 428 id
2256 402 2318 433 est,

1337 450 1494 487 acceptos
1518 444 1560 476 ad
1584 443 1690 477 vitam
1720 450 1917 482 aeternam,
1953 455 2040 488 quae
2074 443 2210 477 iusticia
2240 457 2318 478 cum

1336 494 1406 528 fide
1422 494 1611 538 accipitur,
1638 494 1743 527 simul
1759 494 1795 528 fit
1814 495 2022 534 vivificatio,
2050 495 2144 527 iuxta
2163 491 2248 527 haec
2264 495 2320 527 di-

1337 552 1406 578 cta:
1453 544 1567 578 Iustus
1597 557 1637 577 ex
1667 544 1734 578 fide
1758 556 1818 578 sua
1849 545 1955 577 vivet.
1996 544 2101 579 ltem:
2141 544 2319 578 iustificati

1338 596 1405 628 fide
1426 607 1543 639 pacem
1563 593 1744 630 babemus.
1781 594 1886 629 Item:
1908 594 1978 638 Qui
1996 593 2100 629 habet
2118 586 2240 635 filium,
2257 593 2321 629 ba-

1338 647 1396 679 bet
1412 647 1530 680 vitam.
1585 645 1672 679 Nam
1699 644 1826 678 habere
1851 646 1982 686 filium,
2011 653 2058 679 est
2080 646 2146 678 fide
2163 646 2320 690 accipere

1338 697 1579 729 remissionem
1621 704 1861 740 peccatorum,
1903 697 2247 736 reconciliationem,
2289 703 2320 730 et

1340 747 1607 791 imputationem
1633 748 1808 788 iusticiae,
1839 754 1980 791 propter
2006 747 2252 786 mediatorem,
2289 754 2323 781 et

1340 798 1508 831 vivificari
1524 810 1585 842 per
1605 810 1696 833 eum.

1735 878 1765 914 S
1768 879 1823 913 ina
1847 878 1933 926 lege.

1443 949 1633 992 Quomodo
1649 946 1735 982 haec
1752 956 1968 992 congruunt:
1998 948 2137 983 Iusticia
2158 948 2223 983 Dei
2248 949 2324 982 sine

1342 1002 1417 1044 lege
1433 1000 1654 1033 manifestata
1670 1006 1737 1040 est,
1765 1012 1843 1033 cum
1869 1000 1922 1032 lex
1946 1012 1982 1033 re
2001 1000 2073 1044 ipsa
2096 1000 2140 1034 sit
2155 1000 2325 1043 sapientia

1343 1059 1376 1086 et
1393 1051 1530 1087 iusticia
1555 1051 1592 1083 in
1616 1049 1708 1090 Deo,
1744 1050 1847 1083 nobis
1874 1052 2061 1093 patefacta,
2096 1058 2129 1084 et
2146 1050 2327 1094 postulans

1344 1102 1623 1136 conformitatem
1636 1103 1651 1134 Ρ
1704 1100 1892 1143 Quomodo
1910 1101 2016 1144 igitur
2033 1101 2245 1134 manifestari
2263 1113 2327 1145 po-

1345 1160 1409 1188 test
1425 1154 1499 1186 sine
1518 1152 1617 1195 lege?
1677 1151 1777 1185 Certe
1802 1152 1938 1184 iusticia
1965 1152 2156 1186 essentialis
2178 1163 2250 1185 non
2277 1158 2327 1184 est

1345 1205 1420 1237 sine
1445 1205 1537 1246 lege,
1572 1203 1632 1236 sed
1660 1210 1711 1236 est
1735 1202 1862 1246 reipsa
1881 1202 2051 1247 sapientia
2076 1210 2108 1237 et
2125 1203 2261 1237 iusticia
2277 1202 2326 1235 le-

1347 1256 1398 1299 gis
1421 1255 1456 1287 in
1475 1253 1561 1288 Deo.

1446 1304 1616 1339 Resutant
1650 1304 1757 1347 igitur
1789 1301 2008 1338 Osiandrum
2043 1310 2076 1338 et
2098 1301 2182 1337 haec
2205 1304 2327 1337 verba:

1345 1355 1485 1389 Iusticia
1511 1356 1586 1388 sine
1612 1356 1697 1398 lege.
1760 1353 1852 1396 Quia
1879 1352 1935 1387 hic
1958 1355 2168 1397 intelligitur
2190 1354 2325 1388 iusticia

1347 1406 1516 1450 promissa
1534 1413 1675 1449 propter
1691 1405 1937 1443 mediatorem,
1965 1412 1997 1438 et
2021 1404 2190 1448 imputata
2213 1404 2325 1441 nobis,

1348 1457 1481 1490 etiamsi
1510 1457 1594 1499 legis
1625 1455 1761 1489 iusticia
1792 1467 1864 1488 non
1893 1461 1944 1489 est
1979 1455 2016 1488 in
2045 1455 2166 1500 nobis,
2203 1461 2236 1488 et
2262 1455 2327 1499 legi

1346 1508 1447 1540 valde
1463 1507 1649 1539 dissimiles
1673 1518 1802 1541 sumus.

1449 1557 1562 1591 David
1587 1558 1730 1590 clamat:
1762 1555 1840 1589 Non
1859 1555 2104 1589 iustificabitur
2123 1555 2159 1589 in
2177 1566 2327 1599 conspe-

1347 1615 1403 1642 ctu
1425 1615 1485 1642 tuo
1511 1608 1627 1640 omnis
1645 1607 1776 1640 vivens.
1834 1605 1939 1640 Videt
1964 1617 1999 1639 se
2025 1606 2231 1639 dissimilem
2256 1617 2327 1638 esse

1347 1659 1411 1701 legi
1425 1686 1433 1699 ,
1459 1659 1567 1702 recipi
1589 1665 1703 1692 autem
1720 1669 1755 1690 se
1780 1664 1812 1690 et
1829 1656 1977 1697 iustum,
2003 1656 2038 1689 id
2058 1663 2128 1699 est,
2149 1663 2328 1701 acceptum

1347 1721 1419 1743 esse
1441 1716 1583 1753 propter
1602 1709 1842 1742 mediatorem.
1897 1706 2103 1741 Annunciat
2124 1707 2230 1750 igitur
2247 1719 2328 1750 pro-

1348 1761 1468 1793 missio
1504 1760 1652 1803 gratiae,
1697 1770 1757 1792 seu
1789 1757 1974 1801 Evangelii
2005 1758 2179 1791 iusticiam
2210 1758 2329 1798 aliam,

1347 1823 1435 1856 quae
1453 1823 1524 1843 non
1550 1818 1598 1843 est
1615 1810 1751 1844 iusticia
1772 1809 1876 1853 legis,
1902 1820 1965 1842 nec
1987 1809 2090 1842 datur
2116 1815 2259 1852 propter
2278 1808 2328 1842 le-

1347 1874 1442 1905 gem,
1469 1874 1532 1895 nec
1552 1869 1694 1906 propter
1711 1868 1829 1894 nostra
1845 1871 1947 1904 opera
1961 1886 1969 1900 ‚
1997 1871 2060 1892 nec
2084 1866 2226 1904 propter
2243 1870 2328 1904 qua-

1348 1913 1463 1947 litates
1481 1919 1513 1945 et
1532 1913 1678 1946 virtutes
1697 1919 1842 1946 nostras.

1448 1962 1577 1996 Haeret
1604 1964 1641 1995 in
1676 1961 1741 1996 hoc
1771 1962 1849 1994 loco
1879 1958 2071 2003 Origenes,
2114 1972 2177 1993 nec
2217 1965 2328 2003 potest

1348 2014 1511 2052 eluctari,
1539 2014 1740 2058 disputans,
1776 2013 1954 2056 quomodo
1981 2011 2118 2044 iusticia
2144 2009 2328 2053 Evangelii

1348 2066 1567 2098 manifestata
1591 2065 1634 2097 sit
1665 2064 1739 2096 sine
1764 2064 1854 2103 lege:
1882 2063 1940 2095 sed
1967 2074 2066 2094 error
2093 2063 2129 2094 in
2156 2061 2329 2104 principio

1348 2116 1439 2160 parit
1466 2116 1592 2148 deinde
1618 2115 1705 2148 alios
1727 2115 1856 2147 multos
1886 2124 2032 2146 errores.
2092 2112 2327 2146 Densissimae

1349 2167 1512 2200 tenebrae
1537 2173 1619 2199 sunt
1645 2167 1681 2198 in
1704 2165 1881 2198 mentibus
1908 2161 2072 2196 humanis
2094 2165 2136 2196 de
2161 2163 2235 2204 lege
2251 2160 2327 2200 Dei,

1348 2219 1390 2250 de
1409 2224 1557 2260 peccato,
1613 2216 1855 2259 imaginantur
1873 2213 2034 2247 homines
2057 2214 2122 2256 legi
2141 2213 2208 2246 Dei
2228 2211 2326 2244 satis-

1348 2269 1422 2301 fieri
1450 2268 1686 2313 qualicunque
1717 2274 1856 2300 externa
1889 2265 2094 2308 disciplina,
2130 2269 2163 2296 et
2193 2269 2327 2305 peccata

1349 2326 1485 2353 tantum
1511 2330 1583 2352 esse
1610 2325 1750 2352 externa
1782 2318 1922 2351 scelera.
1991 2314 2112 2359 ltaque
2143 2325 2221 2346 cum
2254 2324 2325 2345 non

1349 2370 1547 2403 consideret
1563 2368 1752 2413 Origenes,
1772 2374 1900 2413 quanta
1917 2376 1970 2399 res
1987 2365 2031 2398 sit
2047 2365 2100 2397 lex
2115 2364 2194 2404 Dei,
2222 2375 2325 2408 quam

1350 2421 1472 2465 procul
1496 2421 1587 2454 absit
1606 2418 1687 2454 haec
1707 2420 1831 2453 misera
1855 2423 1978 2450 natura
1994 2415 2037 2448 ab
2058 2415 2117 2448 illa
2135 2414 2326 2447 conformi-

1348 2478 1418 2506 tate
1437 2483 1515 2505 cum
1532 2472 1629 2511 Deo,
1658 2472 1700 2503 de
1725 2482 1791 2515 qua
1815 2469 1869 2501 lex
1892 2466 2139 2506 concionatur,
2166 2472 2198 2498 et
2214 2476 2327 2510 quan-

1348 2529 1422 2556 tum
1442 2522 1574 2569 malum
1593 2522 1635 2555 sit
1653 2527 1848 2564 peccatum,
1874 2529 1937 2550 nec
1960 2524 2051 2550 recte
2075 2517 2251 2549 discernat
2277 2516 2326 2548 le-

1349 2585 1425 2617 gem
1450 2580 1483 2607 et
1507 2572 1758 2615 Evangelium,
1784 2569 1958 2602 delabitur
1979 2568 2021 2600 ad
2045 2565 2107 2600 has
2132 2564 2326 2600 hallucina-

1350 2624 1482 2664 tiones,
1511 2622 1741 2665 Evangelium
1766 2631 1837 2653 esse
1861 2630 1987 2652 novam
2012 2618 2142 2661 legem,
2175 2624 2207 2650 et
2225 2617 2325 2650 iusti-

1347 2675 1434 2708 ciam
1454 2672 1637 2716 Evangelii
1654 2683 1726 2705 esse
1743 2681 1865 2715 opera,
1902 2681 1989 2715 quae
2012 2668 2276 2713 praecipiuntur
2290 2667 2326 2700 in
