2415 2942
296 124 338 159 51

302 209 415 242 tiones
433 207 606 251 pertinere
623 205 780 239 sciamus.
833 204 992 238 Primum
1010 207 1107 239 docet
1125 217 1189 239 nos
1208 218 1278 239 non

304 260 450 292 obscure
472 259 513 289 de
537 257 647 290 tribus
668 256 833 299 personis.
887 254 1049 289 Secundo
1069 256 1200 290 indicat
1218 258 1278 289 be-

306 308 444 346 neficia,
484 314 514 339 ct
549 317 648 338 veros
680 305 792 337 cultus
826 312 1014 344 monstrat,
1048 305 1150 340 Pater
1173 307 1281 340 mittit

308 358 456 393 Filium,
484 365 515 389 ct
535 356 627 387 iubet
645 353 739 387 hunc
757 355 889 394 audiri,
915 362 1130 400 testaturque
1149 355 1243 391 hunc
1263 370 1280 390 a
1307 350 1310 389 l

307 420 341 440 se
375 406 494 448 diligi,
526 412 558 437 et
589 405 746 437 datorem
776 417 847 438 csse
877 405 1030 450 Spiritus
1059 409 1189 447 sancti,
1222 420 1282 452 per
1307 393 1310 418 Ι

307 469 409 501 quem
435 468 524 488 nova
551 462 583 488 ct
609 463 747 488 aeterua
773 456 906 489 iusticia
931 457 968 489 in
992 455 1065 498 his,
1093 459 1152 503 qui
1171 458 1282 491 filium

307 506 472 545 andiunt,
500 506 566 538 fiet.
621 505 761 546 Tertio,
787 507 900 539 cultus
916 519 1016 540 verus
1032 516 1080 543 cst
1098 520 1284 551 agnoscere
1309 511 1312 560 l

308 555 401 589 hunc
425 568 504 588 vere
530 567 602 588 esse
619 555 732 588 Deum
757 564 956 597 aeternum,
983 571 1100 591 rerum
1125 560 1283 592 omnium
1310 566 1313 604 j

309 607 525 640 conditorem
556 614 587 640 et
619 615 917 646 conservatorem,
952 621 990 641 ac
1017 610 1191 643 volentem
1218 609 1285 642 tol·
1310 607 1313 628 ³

310 659 379 690 lere
405 664 580 701 peccatum
605 665 637 691 et
660 664 824 698 mortem,
851 671 889 691 ac
908 659 1040 692 domn-e
1060 661 1162 693 nobis
1180 661 1285 692 vitam

308 716 504 747 aeternam,
531 707 589 752 qui
616 714 664 740 est
689 715 785 752 pater
804 707 908 742 huius
928 709 1077 743 Messiae
1096 708 1154 743 hic
1170 717 1286 744 astan-

311 759 354 792 tis
382 770 495 791 coram
524 757 696 801 Baptista,
727 765 760 791 et
790 759 952 792 invocare
975 759 1086 793 Deum
1118 758 1182 793 hac
1210 761 1287 800 fide,

310 810 401 853 quod
429 815 569 852 propter
587 807 680 841 hunc
696 808 859 841 Messiam
871 835 881 850 ,
912 810 970 854 qni
988 811 1096 844 factus
1113 817 1163 844 est
1178 822 1287 853 agnus

310 858 372 891 Dei
404 871 464 891 seu
499 859 659 902 victima,
694 859 796 893 nobis
820 860 975 894 remittat
997 868 1156 904 peccata,
1191 868 1221 894 et
1244 861 1287 894 sit

311 911 457 943 daturus
475 909 580 942 vitam
597 916 790 949 aeternam,
819 918 850 944 et
865 911 960 954 qnod
976 909 1031 943 hic
1045 911 1191 944 Messias
1210 924 1288 944 vere

310 960 496 992 sanctificet
521 971 583 991 nos
602 959 736 1003 Spiritu
762 967 879 993 sancto
906 972 989 1000 suo,
1017 962 1077 1006 qni
1099 960 1155 994 hic
1174 962 1286 1006 ipsum

310 1010 486 1053 amplexus
525 1017 595 1049 est,
638 1016 676 1042 ut
712 1010 860 1043 sciamus
893 1024 931 1043 ex
962 1012 1182 1055 plenitudine
1214 1013 1288 1046 eius

309 1071 428 1093 omnes
445 1059 619 1102 accipere,
647 1066 683 1092 ut
701 1072 804 1103 supra
824 1062 955 1095 dictum
975 1069 1034 1094 est.

411 1109 525 1147 Haec,
560 1109 698 1155 quoties
719 1110 941 1152 invocamus,
969 1114 1010 1145 de
1035 1113 1146 1146 tribus
1171 1125 1289 1157 perso—
1314 1141 1318 1174 ι

311 1162 365 1195 nis
389 1160 572 1202 cogitanda
595 1167 694 1199 sunt,
722 1168 863 1204 propter
887 1163 972 1195 duas
997 1175 1130 1203 causas,
1157 1171 1195 1196 ut
1217 1164 1287 1196 ‹lis-

311 1222 492 1245 cernamus
519 1218 671 1243 nostram
697 1210 954 1244 invocationem
978 1225 995 1244 a
1024 1212 1230 1246 ludaeorum
1257 1221 1289 1247 et

312 1262 508 1295 ancarum
534 1260 771 1301 invocatione,
796 1262 854 1305 qui
880 1263 1014 1295 etiamsi
1040 1263 1161 1296 dicunt
1181 1275 1214 1295 se
1235 1264 1288 1295 in-

312 1323 434 1345 vocare
451 1310 581 1350 Deum,
608 1318 721 1344 tamen
748 1311 910 1345 reiiciunt
936 1313 1062 1352 filium,
1091 1326 1163 1346 non
1189 1315 1288 1347 invo-

311 1370 390 1396 cant
416 1359 510 1394 hunc
528 1360 660 1401 Deum,
689 1362 747 1406 qni
773 1370 822 1396 est
847 1370 945 1406 pater
964 1363 1040 1396 lesu
1059 1361 1188 1397 Christi
1209 1376 1289 1397 cru-

312 1413 401 1446 cifixi
423 1424 484 1455 pro
510 1411 631 1452 nobis,
659 1419 691 1445 et
713 1413 916 1447 resuscitati.
970 1413 1106 1446 Deinde
1124 1415 1214 1447 utin
1234 1415 1289 1446 in-

313 1463 494 1496 vocatione
519 1462 639 1495 existat
664 1463 765 1503 fides,
793 1465 886 1507 quod
904 1463 998 1496 Dens
1020 1477 1099 1497 vere
1124 1465 1207 1497 velit
1226 1477 1288 1498 nos

312 1513 475 1547 exaudire
500 1521 531 1546 et
556 1513 708 1556 recipere
735 1520 876 1556 propter
898 1515 1030 1553 filium,
1059 1522 1091 1549 et
1115 1517 1207 1560 quod
1233 1516 1289 1548 in-

311 1570 474 1597 vocantes
504 1574 584 1595 vere
610 1564 694 1597 velit
718 1575 836 1606 regere
861 1572 892 1598 et
916 1566 1128 1598 sanctificare
1153 1565 1287 1606 Spiritu

311 1621 440 1648 sancto.
502 1612 705 1646 Intueamur
733 1625 814 1656 ergo
844 1615 988 1655 animis,
1029 1628 1108 1649 cum
1140 1616 1288 1649 dicimus

310 1665 547 1708 precationeS,
583 1664 619 1696 in
652 1661 742 1697 hane
775 1665 884 1708 ipsam
917 1663 1097 1699 historiam
1124 1667 1286 1709 baptismi

310 1713 460 1755 Christi,
487 1721 519 1747 et
542 1715 584 1747 de
609 1712 675 1747 hoc
693 1713 768 1747 Deo
791 1716 996 1758 cogitemus,
1025 1717 1085 1761 qui
1105 1728 1139 1749 se
1157 1718 1287 1761 patefe-

311 1766 358 1799 cit
377 1763 440 1798 hac
456 1777 539 1798 voce
556 1766 598 1798 de
617 1765 688 1798 filio
706 1765 904 1799 clamitans:
933 1765 998 1799 Hic
1018 1774 1065 1800 est
1082 1767 1174 1800 filius
1190 1780 1287 1800 meus

311 1817 477 1856 dilectus,
505 1813 599 1848 hunc
616 1815 752 1857 audite,
780 1823 814 1850 et
830 1814 924 1850 hunc
940 1824 1070 1860 patrem
1088 1814 1192 1850 huius
1210 1817 1286 1850 Iesu

310 1864 441 1900 Christi
460 1866 676 1899 conditorem
695 1867 853 1899 omnium
871 1879 987 1900 rerum
1007 1868 1226 1905 invocemus,
1255 1875 1286 1900 et

311 1918 490 1950 credamus
507 1928 584 1949 eum
601 1917 796 1961 propicium
814 1918 915 1950 nobis
929 1929 1000 1950 esse
1012 1925 1154 1962 propter
1165 1918 1287 1959 filium,

310 1975 342 2000 et
358 1975 534 2012 petamus,
561 1974 598 2000 nt
618 1979 680 2000 nos
695 1968 883 2001 sanctificet
898 1967 1034 2011 Spiritu
1051 1978 1169 2001 sancto
1188 1982 1260 2003 suO.

412 2016 483 2059 Qui
508 2014 574 2050 hoc
599 2019 703 2051 modo
721 2019 930 2052 confirmant
946 2031 1042 2052 suam
1060 2020 1162 2052 fidem
1181 2032 1220 2051 ex
1237 2027 1286 2052 te-

311 2067 476 2101 stimonio
493 2066 692 2111 Baptistae,
718 2068 824 2113 idque
846 2069 883 2102 in
907 2069 1128 2103 invocatione
1145 2070 1285 2103 intuen-

310 2125 386 2158 tur,
413 2115 451 2150 hi
478 2118 676 2162 intelligent
698 2130 822 2162 magna
847 2121 889 2153 de
913 2132 1012 2153 causa
1031 2118 1205 2153 Ecclesiae
1229 2133 1286 2153 ex-

309 2166 460 2202 hibitum
487 2179 569 2204 esse.
636 2168 682 2203 Ut
704 2169 789 2212 legis
815 2182 880 2203 vox
905 2177 954 2204 est
979 2171 1217 2204 testimonium
1244 2172 1286 2204 de

309 2218 404 2259 Deo,
432 2225 465 2251 et
488 2220 530 2251 de
552 2219 602 2252 ira
626 2219 692 2253 Dei
714 2221 879 2253 adversus
903 2228 1099 2263 peccatum:
1134 2222 1179 2254 ita
1204 2220 1286 2255 haec

310 2269 475 2302 revelatio
505 2276 555 2303 est
577 2270 815 2304 testimonium
841 2272 884 2304 de
907 2270 983 2304 Deo
1010 2279 1123 2315 patre,
1157 2273 1229 2304 filio
1255 2280 1286 2305 et

310 2318 445 2363 Spiritu
461 2326 590 2360 sancto,
616 2328 648 2354 et
664 2322 707 2354 de
722 2321 959 2355 misericordia
977 2329 1010 2356 et
1026 2323 1068 2355 de
1084 2323 1286 2358 salvatione.

417 2401 493 2436 Die
517 2403 677 2437 crastino
701 2404 829 2439 ilerum
854 2404 979 2439 stabat
1003 2403 1175 2440 Ioannes.

409 2469 587 2515 Repetitio
620 2479 670 2506 est
701 2474 890 2517 superioris
915 2473 1093 2507 concionis
1118 2473 1160 2507 (le
1185 2486 1285 2517 agno,

310 2527 342 2553 et
369 2521 565 2564 allegantur
592 2529 712 2561 testes,
747 2524 807 2568 qui
831 2521 921 2557 hanc
946 2524 1056 2568 ipsam
1081 2525 1283 2557 concionem

308 2571 530 2606 audiverunt.
584 2572 679 2606 Haec
709 2574 869 2618 repetitio
899 2582 931 2608 et
954 2575 1114 2618 allegatio
1144 2575 1282 2609 testium

308 2621 516 2655 confirmant
526 2620 734 2662 Ecclesiam,
761 2630 798 2657 ut
814 2625 939 2658 certius
954 2632 1162 2664 statuamus,
1189 2623 1283 2658 hune

307 2670 419 2705 Iesum
454 2679 575 2707 natum
599 2686 638 2708 ex
664 2673 779 2707 Maria
812 2686 883 2708 esse
904 2675 1080 2712 Messiam.
1139 2675 1281 2710 Caetera

891 121 1014 157 PIIlL.
1042 122 1153 156 MEL.
1190 121 1398 156 SCRIPTA
1433 121 1730 158 EXEGETICA.

2268 125 2317 162 52

1332 219 1419 251 quae
1445 209 1489 241 de
1514 219 1624 251 agno,
1658 208 1691 241 id
1719 214 1788 247 est,
1827 208 1966 241 victima
1991 210 2085 242 credi
2112 216 2144 243 et
2172 210 2318 253 cogitari

1333 258 1407 291 vult
1423 258 1576 302 Spiritus
1598 265 1738 292 sanctus
1762 258 1798 290 in
1823 256 1877 291 his
1901 260 2185 300 narrationibus,
2214 271 2318 304 supra

1334 315 1511 353 utcunque
1531 309 1700 343 recensui.

1575 389 1675 424 Erat
1703 388 1872 424 Andreas
1900 388 2078 426 Simonis.
2103 389 2106 392 ’

1438 458 1658 492 Confirmant
1697 459 1936 492 testimonium
1967 465 1999 491 et
2031 458 2212 502 discipuli,
2258 461 2318 506 qui

1337 515 1453 552 postea
1473 510 1630 542 comitati
1648 517 1729 543 sunt
1739 507 1931 548 Christum,
1959 508 2132 552 Andreas,
2160 508 2321 551 Ioannes,

1337 560 1480 597 Simon,
1505 557 1714 607 Philippus,
1741 567 1773 593 et
1796 557 2003 594 Nathanael.
2062 558 2111 592 Hi
2134 560 2177 593 de
2203 561 2320 594 diver-

1338 610 1430 643 sorio
1448 618 1621 654 quaerunt
1647 617 1686 644 ut
1709 611 1853 644 audiant
1876 611 2081 652 docentem,
2109 610 2238 645 deinde
2257 623 2319 655 pa-

1338 661 1406 693 lam
1434 661 1555 694 dicunt
1581 673 1651 694 esse
1667 660 1844 694 Messiam.
1897 661 2058 694 Andreas
2088 661 2219 707 inquit:
2260 661 2321 696 In-

1341 711 1500 744 venimus
1528 711 1706 744 Messiam.
1774 711 1844 744 Nec
1875 713 1914 744 in
1943 712 2226 752 narrationibus,
2257 723 2321 745 nec

1340 762 1377 794 in
1417 761 1500 805 ipsis
1530 763 1629 795 factis
1659 762 1717 795 illa
1752 774 1878 806 pompa
1911 769 1977 802 est,
2018 773 2106 805 qnae
2145 762 2321 805 magnitu-

1341 812 1415 844 dini
1446 824 1562 845 rerum
1588 813 1776 845 convenire
1803 813 1952 846 videtur.
2020 811 2118 844 Talis
2143 818 2194 845 est
2219 823 2321 846 verae

1341 861 1515 895 Ecclesiae
1533 863 1673 907 species,
1699 870 1799 896 sonat
1810 864 1967 906 verbum,
1995 862 2193 895 ostenditur
2210 874 2320 906 agnus

1341 913 1428 951 Dei,
1456 921 1643 947 narrantur
1661 914 1827 947 beneficia
1842 912 1927 951 Dei,
1955 920 1994 946 ut
2012 913 2196 945 invocetur
2212 920 2246 947 et
2262 925 2318 946 ce-

1342 964 1495 996 lebretur
1515 963 1619 997 Deus.
1677 963 1812 996 Harum
1836 975 1952 996 rerum
1975 975 2054 996 vera
2071 963 2181 1005 gloria
2202 963 2240 996 in
2255 961 2320 996 hac

1341 1015 1410 1046 vita
1430 1027 1499 1047 non
1519 1014 1747 1057 conspicitur,
1773 1015 1832 1046 sed
1855 1015 1891 1046 in
1917 1014 1987 1046 vita
2011 1021 2149 1047 aeterua
2177 1014 2317 1056 conspi-

1342 1065 1461 1098 cietur.
1523 1065 1721 1097 Admoneat
1744 1076 1824 1106 ergo
1850 1076 1912 1097 nos
1937 1061 2020 1097 haec
2044 1064 2219 1104 narratio,
2252 1062 2321 1098 Ec-

1342 1115 1482 1147 clesiam
1514 1127 1586 1147 non
1616 1115 1654 1146 in
1683 1115 1849 1157 gradibus
1879 1115 2088 1156 dignitatum
2122 1115 2322 1153 consistere,

1342 1167 1399 1198 sed
1425 1176 1498 1197 esse
1521 1171 1658 1197 coetum
1676 1166 1876 1197 docentium
1894 1172 1926 1197 et
1941 1165 2156 1198 audientium
2175 1165 2322 1201 verbum

1342 1214 1426 1255 Dei,
1466 1222 1497 1247 et
1529 1216 1787 1249 testificantium
1813 1216 1855 1247 de
1878 1212 2036 1254 Christ0‚
2071 1215 2322 1248 confirmantur

1342 1266 1539 1298 testimonia
1565 1273 1597 1298 et
1623 1266 1819 1305 miraculis,
1846 1262 2008 1298 Christus
2033 1265 2175 1307 agnovit.
2199 1265 2318 1298 Simo-

1342 1327 1421 1348 nem
1444 1323 1475 1348 et
1498 1313 1749 1349 Nathanaelem
1774 1323 1871 1347 antea
1895 1315 2053 1357 ignotos,
2096 1327 2174 1348 curn
2205 1322 2322 1348 tamen

1342 1378 1444 1398 nemo
1461 1366 1664 1401 indicasset,
1693 1366 1752 1409 qui
1770 1372 1893 1399 essent.

1443 1416 1582 1449 Simoni
1607 1416 1767 1449 attribuit
1792 1427 1922 1448 nomen
1946 1411 2102 1457 Cephae,
2129 1415 2224 1459 quod
2250 1414 2323 1456 ipse

1342 1471 1454 1499 textus
1474 1467 1724 1510 interpretatur
1742 1478 1866 1509 rupem
1892 1477 1952 1499 seu
1971 1465 2141 1507 lapidem:
2168 1465 2204 1497 id
2227 1465 2321 1498 enim

1341 1515 1511 1558 significat
1528 1516 1661 1550 Graece
1683 1514 1822 1561 πέτρος.
1875 1515 1986 1560 ldque
2010 1514 2220 1548 Iudaeorum
2243 1527 2321 1548 ver—

1342 1568 1465 1599 nacula
1483 1574 1554 1600 erat
1573 1565 1701 1611 Cepha.
1751 1566 1852 1600 Hanc
1876 1567 2048 1599 rationem
2074 1566 2319 1609 appellationis

1342 1617 1487 1658 legimns
1513 1615 1640 1653 Mauh.
1663 1617 1718 1651 16.
1743 1618 1860 1650 vocari
1883 1628 2026 1660 rupem,
2066 1616 2182 1660 ipsum
2209 1622 2321 1649 totum

1341 1667 1574 1700 ministerium
1594 1666 1800 1710 Evangelii,
1827 1668 1922 1712 quod
1946 1667 2103 1706 firmum,
2136 1666 2322 1699 immotum

1341 1730 1379 1750 ac
1403 1725 1607 1761 perpetuum
1631 1719 1716 1761 erit,
1761 1725 1794 1751 et
1823 1718 2026 1760 ubicunque
2049 1728 2115 1749 vox
2136 1713 2322 1759 Evangelii

1340 1775 1459 1807 sonat,
1494 1768 1544 1800 ibi
1569 1769 1635 1801 erit
1652 1767 1826 1808 Ecclesia,
1862 1779 1950 1812 quae
1974 1766 2186 1800 liberabitur
2207 1778 2224 1799 a
2243 1778 2322 1809 pec-

1341 1824 1415 1850 cato
1432 1824 1464 1850 et
1481 1824 1611 1857 morte,
1638 1830 1701 1850 nec
1720 1818 1876 1851 manebit
1892 1818 1929 1849 in
1946 1817 2096 1849 vinculis
2112 1817 2262 1859 peccati,
2289 1824 2322 1850 et

1341 1868 1528 1913 tyrannide
1562 1868 1705 1902 diaboli.
1771 1867 1852 1900 Ideo
1880 1867 2025 1899 dicitur:
2067 1865 2193 1899 Portae
2217 1866 2321 1899 inferi

1340 1930 1412 1951 non
1435 1919 1686 1962 praevalebunt
1706 1919 1871 1951 adversus
1887 1929 1972 1950 eam.
2011 1915 2083 1949 Nec
2098 1915 2236 1949 Turcae
2259 1917 2321 1949 de-
2366 1915 2370 1921 '

1340 1969 1464 2002 lebunt
1480 1969 1640 2002 funditus
1655 1967 1887 2011 Evangelium
1905 1974 1937 2000 et
1955 1965 2145 2000 Ecclesiam
2157 1994 2166 2007 ‚
2193 1974 2225 2000 et
2239 1967 2319 2000 ubi-

1340 2031 1478 2064 cunque
1498 2026 1548 2052 est
1564 2018 1815 2062 Evangelium,
1849 2019 1897 2052 ibi
1923 2017 1989 2050 erit
2016 2017 2135 2050 efficax
2155 2019 2321 2050 adversus

1340 2070 1542 2111 diabolum,
1569 2077 1601 2103 et
1618 2071 1796 2104 credentes
1821 2069 2067 2102 liberabuntur
2089 2079 2106 2100 a
2125 2075 2264 2110 peccato
2286 2073 2319 2101 et

1340 2128 1470 2160 morte,
1503 2128 1535 2154 et
1559 2129 1661 2155 erunt
1678 2120 1842 2155 haeredes
1865 2120 1956 2154 vitae
1977 2126 2148 2153 aeternae.
2200 2117 2333 2160 Quare'

1340 2171 1474 2205 etiamsi
1505 2172 1622 2217 aliqua
1647 2173 1801 2206 membra
1832 2168 2009 2203 Ecclesiae
2047 2168 2269 2202 trucidantur
2299 2180 2318 2201 a

1339 2218 1561 2256 Diocletiano
1589 2230 1622 2255 et
1643 2224 1719 2256 aliis
1747 2221 1922 2269 tyrannis,
1948 2227 2010 2254 eta
2029 2218 2173 2259 Tureis,
2199 2225 2315 2252 tamen

1339 2273 1566 2312 reviviscent,
1594 2280 1627 2307 et
1651 2274 1953 2317 glorificabuntur.
2003 2269 2076 2303 Nec
2101 2275 2214 2303 totum
2238 2281 2316 2302 cor-

1340 2336 1404 2367 pus
1422 2321 1594 2357 Ecclesiae
1612 2324 1648 2357 in
1667 2323 1730 2358 hac
1747 2325 1817 2359 vita
1835 2322 1945 2356 deleri
1964 2326 2084 2365 potest.
2137 2318 2238 2352 Hanc
2252 2320 2316 2353 do-

1339 2374 1486 2407 ctrinam
1515 2386 1692 2408 sumamus
1718 2387 1757 2408 ex
1785 2373 1955 2408 vocabulo
1976 2370 2069 2404 Petri
2091 2381 2148 2403 seu
2167 2367 2316 2413 Cephae,

1339 2426 1433 2468 quod
1452 2436 1572 2469 rupem
1590 2426 1770 2468 significat.
1823 2424 1917 2458 Haec
1935 2421 2108 2455 enarratio
2126 2420 2248 2454 utilior
2264 2427 2316 2454 est

1340 2475 1425 2517 piis,
1474 2487 1578 2520 quam
1612 2477 1802 2520 disputatio
1837 2477 1880 2509 de
1905 2472 2074 2515 dignitate
2103 2478 2137 2504 et
2163 2470 2316 2513 primatu

1337 2523 1491 2559 Romani
1512 2526 1709 2567 Pontificis,
1736 2538 1841 2571 quam
1866 2523 1923 2558 hic
1945 2528 2110 2559 assuunt,
2137 2532 2216 2554 cum
2240 2521 2314 2564 pri-

1338 2583 1451 2608 matus
1469 2577 1528 2609 ille
1543 2578 1723 2611 manifeste
1742 2574 1940 2620 prohibitus
1955 2573 2018 2611 sit,
2045 2568 2256 2610 Matheo„
2282 2578 2315 2604 et

1337 2637 1431 2658 nnnc
1448 2633 1582 2661 tantum
1607 2629 1651 2662 sit
1668 2628 1847 2662 barbarica
1864 2624 2040 2671 tyrannis,
2076 2622 2260 2655 idolatriae
2281 2627 2313 2654 et

1336 2676 1498 2710 saevitiae
1521 2679 1643 2722 plena:
1686 2680 1745 2712 sed
1769 2676 1958 2722 disputatio
1981 2676 2023 2707 de
2047 2673 2198 2718 primatu
2227 2671 2313 2706 alias
