2415 2942
254 112 350 152 1035

854 100 981 139 PHIL.
1007 100 1124 139 ΗΕΒ.
1151 98 1362 137 SCRIPTA
1388 98 1690 140 EXEGETICAa

2178 99 2280 139 1096

252 202 319 247 ipsi
335 202 448 234 aerem
463 195 659 229 verberare.
705 189 810 226 Utin
826 189 966 235 publica
983 187 1240 234 gubernatione
1295 187 1399 222 facile
1421 188 1664 231 obtemperent
1694 199 1755 222 cor
1780 189 1895 231 oculi,
1939 188 2060 233 lingua
2084 194 2119 223 et
2148 194 2284 222 caetera

253 261 366 288 aerem
385 248 571 281 verberant
589 245 769 283 doctores,
796 242 858 287 qui
874 242 917 275 de
935 253 1009 274 non
1033 239 1241 274 necessariis

255 311 287 337 et
303 299 446 334 incertis
469 296 658 333 dimicant,
686 305 766 327 cum
790 293 925 326 interea
948 292 1154 337 relinquant
1182 302 1245 324 ne-

255 351 424 390 cessaria,
449 355 489 382 ut
506 347 566 392 qui
585 346 724 389 litigant
740 345 783 377 de
806 345 920 378 forma
944 344 1049 377 vestis
1068 343 1106 376 in
1123 341 1247 376 Litur-

256 404 333 448 gia:
383 408 443 434 aut
478 399 516 431 in
550 397 686 442 privata
725 396 796 428 vita
830 393 995 428 monachi
1030 393 1247 439 quaerebant

258 454 388 487 multos
405 449 547 484 inutiles
568 448 666 481 ritus.
714 444 763 480 Ut
786 446 998 479 abstinentia
1024 441 1247 478 carthusiana

257 517 278 538 a
295 515 418 543 carne,
448 511 591 545 prorsus
609 505 659 531 est
676 498 793 531 ae'rem
815 498 1010 532 verberare.

359 561 499 597 Rursus
525 559 641 591 laxare
665 557 804 590 frenum
831 555 1038 594 ambitioni,
1066 561 1126 589 aut
1141 553 1250 587 male-

261 613 452 652 volentiae,
476 617 510 643 et
528 616 646 643 tamen
664 620 745 652 prae
763 619 798 640 se
815 607 905 640 serre
921 607 1080 641 studium
1105 605 1249 648 religio-

261 666 335 704 nis,
364 664 468 697 etiam
488 668 538 694 est
555 660 673 693 ae'rem
696 659 893 693 verberare.

362 722 438 756 Hae
458 720 628 763 imagines
654 729 794 757 cursus,
821 724 854 750 et
877 716 1037 760 pugilum
1062 720 1251 753 certamen,

261 776 411 821 pingunt
430 771 649 813 diligentiam
667 767 936 812 prospicientem
953 767 1059 799 finem
1077 772 1110 798 et
1125 764 1251 803 media,

261 827 344 871 quia
364 834 540 858 cursorem
558 826 695 865 oportet
711 818 842 852 intueri
858 824 1007 860 metam,
1028 815 1135 860 Pugil
1150 814 1252 848 feriat

261 875 529 920 antagonistam.

361 933 408 968 Et
429 940 576 977 uterque
600 929 719 964 videat
742 927 876 970 media,
903 938 967 962 suo
985 924 1171 961 certamini
1189 936 1252 958 ne-

261 999 419 1022 cessaria.

364 1044 437 1078 lam
462 1041 568 1084 igitur
593 1041 636 1073 de
661 1038 789 1071 mediis
806 1036 983 1082 loquitur,
1011 1036 1097 1070 dicit
1119 1046 1154 1069 se
1182 1034 1251 1068 fre-

262 1109 346 1132 nare
364 1095 507 1128 vitiosas
531 1091 759 1136 cupiditates,
788 1088 1039 1129 ambitionem,
1074 1086 1251 1130 cupidita-

263 1158 333 1183 tem
360 1145 553 1183 vindictae,
592 1141 802 1181 avariciam,
843 1138 1009 1172 incendia
1044 1137 1250 1172 libidinum.

264 1199 356 1234 Usus
379 1204 426 1230 est
447 1202 562 1228 autem
580 1192 778 1234 insignibus
794 1190 927 1223 verbis:
956 1188 1073 1222 Multo
1098 1189 1177 1232 plus
1201 1194 1251 1220 est

263 1244 510 1289 ὑπωπιάζειν,
538 1256 641 1289 quam
662 1243 810 1275 frenare.
854 1240 942 1274 Nam
967 1236 1117 1274 ὑπώπια
1140 1238 1249 1279 signi-

264 1303 343 1334 ficat
361 1308 515 1333 tumores
533 1302 628 1329 ortos
644 1306 683 1326 ex
701 1293 821 1336 plagis.
864 1290 951 1324 Inde
968 1297 1018 1324 est
1034 1287 1249 1330 ὑπωπιάζω,

264 1353 350 1385 adeo
375 1349 511 1382 duriter
537 1346 647 1379 tundo
680 1353 825 1385 corpus,
858 1348 898 1375 ut
924 1348 1038 1384 partes
1069 1348 1250 1384 quassatae

264 1406 478 1438 tumescant,
505 1404 537 1430 et
555 1397 640 1429 fiant
660 1394 807 1431 lividae,
835 1403 986 1437 quorum
1003 1397 1193 1434 utrumque
1209 1401 1249 1422 eo

265 1455 320 1493 fit,
350 1451 432 1496 quia
450 1446 674 1494 percussione
693 1443 834 1486 sanguis
851 1454 892 1475 ex
910 1441 1062 1485 propriis
1080 1441 1171 1473 vasis
1191 1452 1250 1472 ex-

268 1504 419 1539 cutitur,
447 1506 479 1532 et
504 1499 593 1531 circa
611 1497 726 1529 locum
746 1494 853 1527 ictum
873 1492 1069 1531 concurrit,
1101 1490 1164 1524 ubi
1190 1492 1250 1523 de-

265 1555 409 1589 stitutus
425 1562 487 1583 suo
508 1549 621 1582 calore
639 1547 675 1578 fit
700 1556 775 1588 pus.
827 1543 903 1578 Etsi
924 1542 1114 1575 discrimen
1142 1541 1252 1574 tradi-

265 1612 324 1640 tur
341 1605 433 1637 inter
451 1598 555 1642 haec,
580 1593 751 1632 ’ὑπώπιον
773 1594 927 1633 macula,
953 1589 1125 1627 ὑπόπυον
1143 1603 1251 1635 puru-

267 1657 425 1694 lentum,
467 1658 500 1684 et
538 1644 751 1692 πελιώματα
790 1645 938 1684 livores,
978 1651 1096 1678 tamen
1138 1642 1253 1676 vicina

268 1713 372 1746 sunt,
400 1705 486 1738 situt
503 1701 644 1734 effectus
660 1696 838 1731 coniuncti
854 1703 956 1736 sunt,
985 1694 1117 1727 scilicet
1134 1702 1252 1737 putre-

267 1758 391 1796 factio,
420 1762 453 1788 et
474 1752 562 1786 cutis
578 1750 692 1794 pallor
710 1760 770 1781 seu
787 1747 888 1782 livor.
940 1745 1121 1788 Significat
1146 1744 1253 1787 igitur

268 1808 400 1842 Paulus
426 1806 530 1838 duras
555 1800 790 1844 repressiones
817 1798 1025 1836 affectuum,
1060 1807 1148 1841 quae
1173 1807 1252 1828 cum

269 1860 389 1903 aliquo
419 1856 540 1889 dolore
565 1853 664 1885 fiunt.
724 1848 772 1884 Ut
800 1847 987 1882 tolerantia
1016 1847 1053 1879 in
1088 1846 1254 1879 dissimu-

269 1911 374 1944 landa
394 1903 665 1942 obtrectatione,
693 1908 724 1934 et
749 1900 785 1932 in
811 1898 965 1932 ferendis
981 1897 1139 1937 iniuriis,
1166 1908 1254 1942 quae

270 1960 429 2004 reprimit
454 1956 584 1999 gloriae
609 1960 668 1986 aut
690 1951 866 1984 vindictae
895 1949 1146 1992 cupiditatem,
1180 1959 1253 1980 non

269 2019 382 2055 potest
400 2006 565 2053 praestari
583 2005 657 2038 sine
675 2003 745 2036 acri
769 2013 872 2035 sensu
895 2000 1049 2041 doloris,
1076 2005 1115 2033 ut
1137 1998 1256 2044 inquit

268 2061 462 2097 luvenalis:

354 2120 392 2148 At
415 2116 545 2147 vindicta
567 2115 676 2143 boumn
701 2116 764 2147 ost,
787 2109 849 2139 vita
871 2108 1028 2138 iucundius
1051 2106 1129 2145 ipsa.

272 2178 518 2225 Ptepreliendit
543 2175 669 2219 aliquis
695 2173 814 2204 valens
840 2170 1025 2203 autoritate
1048 2166 1254 2201 sententiam

272 2246 289 2266 a
307 2241 339 2266 te
355 2238 445 2264 recte
465 2228 641 2265 traditam,
661 2231 693 2257 et
710 2223 849 2256 videtur
866 2221 999 2265 aliquid
1016 2221 1060 2252 de
1078 2225 1136 2251 tua
1155 2225 1254 2251 auto-

273 2285 375 2316 ritate
390 2277 586 2314 detrahere,
615 2274 705 2308 hane
722 2274 887 2306 iniuriam
906 2282 1006 2314 saepe
1022 2271 1163 2314 prodest
1181 2269 1253 2301 dis-

273 2334 457 2370 simulare,
484 2330 543 2363 sed
561 2328 635 2361 sine
654 2326 775 2358 dolore
791 2324 824 2356 id
845 2322 917 2355 fieri
937 2334 1008 2354 non
1029 2327 1150 2364 potest.
1203 2319 1254 2352 Ita

272 2384 397 2418 caeteri
418 2382 561 2415 affectus
578 2377 793 2410 ardentiores
817 2386 889 2406 non
907 2374 982 2405 sine
1000 2372 1121 2404 dolore
1140 2371 1253 2413 repri-

270 2442 434 2472 muntur,
463 2432 535 2470 Ira,
562 2430 684 2462 Amor.
727 2426 764 2460 Si
780 2437 815 2458 es
831 2425 992 2458 incensus
1007 2423 1137 2454 iniusto
1155 2433 1252 2454 amo-

272 2498 328 2524 re,
355 2483 497 2516 vitanda
515 2488 564 2514 est
588 2478 821 2516 consuetudo,
849 2475 942 2508 oculi
965 2473 1126 2516 regendi,
1151 2483 1252 2505 aver-

271 2537 375 2571 tenda
402 2545 498 2565 mens
529 2538 578 2564 est
603 2530 721 2563 labore
750 2528 868 2571 aliquo
899 2537 958 2558 seu
985 2524 1120 2562 studio,
1155 2523 1252 2567 quod

271 2586 507 2621 assiduitatem
532 2589 590 2614 aut
615 2580 846 2613 intentionem
870 2576 1012 2618 flagitat.
1065 2573 1158 2606 Haec
1175 2585 1250 2606 om—

270 2640 328 2671 nia
351 2642 448 2668 vocat
475 2633 609 2666 duriter
633 2632 778 2663 tundere
804 2640 950 2672 corpus.
980 2633 1011 2658 et
1038 2626 1075 2657 in
1101 2626 1250 2656 servitu-

267 2698 335 2723 tem
360 2687 514 2729 redigere
527 2710 535 2723 ,

1298 239 1466 274 membra.
1518 237 1615 273 Haec
1629 249 1664 274 se
1684 239 1793 273 faeere
1811 239 1944 284 inquit,
1971 252 2016 273 ne
2037 239 2173 274 amittat
2198 235 2282 272 hae-

1298 290 1482 325 reditatem
1509 290 1602 324 vitae
1625 296 1798 327 aeternae.
1855 289 1924 323 Hic
1953 302 2076 324 rursus
2100 292 2284 330 admonet,

1299 353 1428 374 novam
1459 340 1698 375 obedientiam
1724 342 1953 375 necessariam
1979 352 2072 383 esse,
2111 352 2175 375 nec
2208 350 2282 374 esse

1300 392 1470 438 quiddam
1498 388 1720 438 ἀδιάφορον.

1398 442 1488 477 Cum
1512 449 1628 477 autem
1645 442 1812 476 nonnulli
1830 440 1924 476 hunc
1943 442 2062 476 locum
2080 440 2222 475 citarint
2237 441 2283 474 ad

1302 493 1541 527 confirmanda
1565 491 1820 527 monachorum
1843 493 2024 532 exercitia,
2052 503 2161 537 pauca
2177 491 2282 525 etiam

1303 545 1346 578 de
1365 556 1403 577 ea
1420 544 1742 578 accommodatione
1758 544 1904 578 dicenda
1920 550 2014 579 sunt.

1404 594 1536 628 Paulus
1560 595 1597 628 in
1630 606 1755 638 genere
1786 595 1946 640 loquitur
1968 595 2011 627 de
2036 593 2227 627 necessaria
2251 600 2286 626 et

1304 645 1393 679 seria
1418 646 1649 690 cupiditatum
1675 647 1914 693 repressione,
1950 657 2023 678 non
2052 645 2209 690 loquitur
2239 645 2285 677 (le

1303 695 1523 730 Ceremoniis
1538 704 1570 731 et
1586 696 1832 732 Simulatione.
1874 695 1922 730 Ut
1939 709 2010 729 non
2028 696 2106 729 ideo
2125 695 2287 739 reprimit

1304 747 1532 780 ambitionem
1550 746 1731 789 Tecelius,
1759 748 1841 792 quia
1864 748 2043 780 sordidam
2063 753 2191 779 vestem
2209 757 2287 779 mo—

1305 795 1499 831 nachorum
1520 798 1619 840 gerit.
1672 798 1730 832 Sic
1749 811 1820 831 non
1845 798 1923 830 ideo
1948 797 2109 840 reprimit
2128 797 2287 829 flammas

1305 848 1454 889 amoris,
1476 849 1558 892 quia
1575 860 1649 881 non
1664 850 1818 882 comedit
1835 860 1954 882 carnes
1972 849 2029 880 (lie
2044 854 2151 882 sexto.
2195 845 2287 879 Vera

1304 911 1344 932 ac
1367 899 1457 932 seria
1481 898 1664 941 diligentia
1694 899 1879 934 coercendi
1909 900 2050 932 vitiosas
2078 897 2286 942 cupiditates

1305 961 1442 994 semper
1464 956 1515 983 est
1539 950 1744 986 necessaria.
1811 949 1860 984 Ut
1889 949 2119 994 temperantia
2150 959 2287 992 semper

1305 1007 1356 1034 est
1380 999 1593 1040 necessaria,
1631 1000 1749 1033 inedia
1780 1008 1954 1034 certorum
1979 1000 2115 1033 dierum
2140 1010 2213 1031 non
2236 1005 2288 1031 est

1304 1050 1519 1089 necessaria,
1545 1051 1604 1083 sed
1629 1063 1692 1084 suo
1710 1051 1878 1095 cuiusque
1897 1051 2028 1084 iudicio
2053 1050 2287 1094 relinquatur.

1302 1101 1482 1147 Loquitur
1505 1107 1623 1135 autem
1648 1103 1692 1135 de
1723 1101 1914 1135 virtutibus
1939 1101 2141 1135 necessariis
2169 1106 2202 1133 et
2232 1111 2287 1133 se-

1303 1153 1366 1185 riis
1391 1164 1511 1186 earum
1536 1153 1726 1193 exercitiis,
1767 1153 1810 1186 de
1832 1152 2057 1196 reprimenda
2080 1150 2286 1192 ambitione,

1304 1200 1528 1249 φιλονεικίᾳ,
1570 1202 1775 1243 iracundia,
1824 1203 2078 1241 aemulatione,
2119 1201 2290 1241 avaricia,

1304 1256 1347 1286 de
1389 1254 1635 1298 extinguendis
1671 1254 1846 1287 incendiis
1886 1254 2097 1294 libidinum,
2140 1259 2174 1287 et
2207 1251 2288 1286 aliis

1303 1304 1417 1339 malis.

1600 1412 1739 1466 Caput
1778 1414 1984 1455 decimum.

1406 1503 1594 1550 Postquam
1620 1505 1795 1547 ingressus
1820 1512 1870 1538 est
1896 1505 1933 1538 in
1965 1502 2054 1538 hanc
2083 1516 2286 1538 commone-

1303 1555 1493 1588 factionem
1521 1556 1564 1588 de
1588 1555 1770 1597 diligentia
1795 1556 1883 1588 bene
1907 1556 2095 1598 operandi,
2143 1556 2211 1588 iarn
2234 1562 2287 1588 at-

1306 1605 1390 1638 texit
1413 1605 1554 1648 longam
1581 1606 1805 1645 concionem,
1848 1606 1885 1637 in
1911 1618 1977 1650 qua
2005 1607 2138 1639 confert
2164 1604 2288 1639 Eccle-

1305 1656 1375 1689 siae
1397 1663 1575 1699 tempora,
1609 1656 1726 1699 lapsus
1756 1663 1790 1689 et
1820 1668 1967 1699 poenas,
2000 1664 2039 1690 ut
2071 1669 2134 1689 nos
2164 1657 2288 1690 excitet

1305 1708 1349 1740 ad
1374 1707 1531 1740 studium
1556 1707 1762 1740 retinendae
1785 1706 1963 1748 iusficiae,
1997 1714 2029 1741 et
2051 1709 2092 1740 ad
2115 1709 2288 1741 cavendos

1306 1758 1434 1801 lapsus.
1484 1755 1616 1802 Estque
1640 1755 1727 1790 haec
1748 1758 1937 1791 sententia:
1966 1757 2011 1791 Ut
2035 1764 2148 1802 patres
2173 1758 2288 1802 perie-

1306 1815 1390 1841 runt
1413 1815 1553 1841 ruentes
1570 1815 1690 1841 contra
1708 1808 1975 1848 conscientiam,
2004 1810 2050 1843 ita
2074 1817 2107 1842 et
2124 1820 2186 1842 vos
2208 1821 2286 1852 per-

1308 1859 1424 1900 ibitis,
1464 1859 1493 1892 si
1516 1859 1647 1892 similes
1670 1859 1787 1902 lapsus
1810 1859 2015 1894 admittetis.
2077 1858 2187 1902 Igitur
2211 1871 2287 1892 ma-

1307 1921 1374 1953 gna
1399 1921 1481 1943 cura
1505 1916 1539 1943 et
1556 1909 1738 1953 vigilantia
1754 1909 1901 1942 retinete
1916 1910 2090 1943 iusticiam
2107 1910 2206 1944 vobis
2223 1910 2288 1944 do-

1308 1968 1439 1994 natam.
1493 1959 1587 1993 Haec
1605 1967 1655 1993 est
1671 1960 1867 2005 argumenti
1886 1972 2030 1993 summa.

1407 2010 1567 2044 Primum
1584 2011 1691 2053 igitur
1707 2012 1825 2050 docet,
1852 2011 1888 2043 in
1909 2011 2142 2044 reconciliatis
2159 2023 2288 2045 novam

1309 2062 1548 2096 obedientiam
1595 2061 1826 2095 necessariam
1879 2073 1969 2104 esse,
2015 2069 2054 2096 ut
2093 2074 2195 2108 saepe
2232 2062 2289 2096 di-

1308 2121 1402 2147 ctum
1438 2119 1500 2147 est.

1409 2163 1571 2197 Secundo
1597 2169 1736 2201 monet,
1777 2163 1944 2197 omnibus
1974 2164 2191 2209 temporibus
2216 2174 2289 2197 esse

1308 2213 1500 2248 Ecclesiam
1525 2212 1591 2247 Dei
1614 2214 1784 2253 similem,
1812 2215 1943 2248 scilicet
1965 2223 2118 2254 coetum,
2152 2216 2189 2247 in
2214 2226 2285 2259 quo

1308 2272 1408 2299 sonat
1424 2265 1657 2298 ministerium
1675 2263 1856 2306 Evangelii
1878 2266 1920 2298 de
1937 2267 2145 2304 mediatore,
2173 2272 2206 2298 et
2225 2276 2288 2307 per

1308 2318 1402 2361 quod
1422 2315 1525 2348 multi
1542 2315 1757 2349 reconciliati
1775 2316 1863 2348 fiunt
1881 2314 2044 2348 haeredes
2070 2317 2159 2349 vitae
2175 2322 2286 2349 aeter—

1307 2379 1382 2402 nae.
1435 2364 1479 2399 Et
1497 2378 1697 2411 quanquam
1716 2379 1781 2398 vox
1799 2367 1984 2399 ministerii
2002 2369 2119 2398 eznlem
2141 2374 2204 2405 ost,
2232 2374 2284 2400 ta-

1306 2430 1387 2450 men
1417 2425 1557 2450 externa
1586 2417 1682 2459 signa
1715 2417 1901 2456 differunt,
1939 2423 1977 2449 ut
1995 2416 2223 2451 Circumcisio
2252 2425 2286 2451 et

1304 2467 1517 2513 BaptismuS.
1570 2466 1758 2500 Mutantur
1777 2467 1868 2499 enim
1882 2494 1890 2507 ,
1917 2473 1954 2500 ut
1973 2469 2110 2502 novitas
2127 2469 2217 2510 signi
2238 2469 2284 2503 sit

1305 2519 1612 2559 commonefactrix
1637 2520 1679 2550 de
1697 2530 1786 2550 nova
1811 2518 2066 2551 instauratione
2090 2520 2282 2555 doctrinae.

1303 2570 1395 2604 Sunt
1411 2570 1514 2603 etiam
1532 2569 1719 2602 dissimiles
1736 2568 1876 2611 politiae
1892 2569 2040 2602 diversis
2058 2571 2284 2614 temporibus.

1303 2622 1371 2655 Sed
1399 2631 1589 2654 aerumnae
1606 2626 1686 2652 sunt
1704 2619 1834 2651 similes
1862 2626 1893 2652 et
1919 2622 2046 2660 gradus
2082 2618 2281 2658 hominum.

571 2684 605 2715 id
631 2688 698 2722 est,
735 2692 875 2722 cogere,
907 2685 945 2712 ut
970 2676 1095 2711 mentis
1117 2675 1248 2709 iudicio
1274 2672 1279 2719 ζ
1302 2673 1361 2705 alii
1378 2678 1602 2717 perseverant
1618 2670 1655 2702 in
1674 2669 1756 2711 fide,
1796 2670 1856 2703 alii
1881 2670 2070 2713 labuntur,
2109 2678 2142 2706 et
2165 2672 2203 2705 in
2226 2670 2282 2706 his
