<?xml version="1.0" encoding="UTF-8"?>
<!DOCTYPE html PUBLIC "-//W3C//DTD XHTML 1.0 Transitional//EN"
    "http://www.w3.org/TR/xhtml1/DTD/xhtml1-transitional.dtd">
<html xmlns="http://www.w3.org/1999/xhtml" xml:lang="en" lang="en">
 <head>
  <title>
</title>
<meta http-equiv="Content-Type" content="text/html;charset=utf-8" />
  <meta name='ocr-system' content='tesseract 3.04.00' />
  <meta name='ocr-capabilities' content='ocr_page ocr_carea ocr_par ocr_line ocrx_word'/>
</head>
<body>
  <div class='ocr_page' id='page_1' title='image "./operaquaesupersu15melauoft/operaquaesupersu15melauoft_0293.png"; bbox 0 0 2415 2942; ppageno 0'>
   <div class='ocr_carea' id='block_1_1' title="bbox 78 126 387 168">
    <p class='ocr_par' dir='ltr' id='par_1_1' title="bbox 78 126 387 168">
     <span class='ocr_line' id='line_1_1' title="bbox 78 126 387 168; baseline -0.016 -1"><span class='ocrx_word' id='word_1_1' title='bbox 78 130 151 168; x_wconf 86' lang='lat'>569</span> <span class='ocrx_word' id='word_1_2' title='bbox 287 126 387 164; x_wconf 86' lang='lat' dir='ltr'><strong>XIII.</strong></span> 
     </span>
    </p>
   </div>
   <div class='ocr_carea' id='block_1_2' title="bbox 63 211 1072 2748">
    <p class='ocr_par' dir='ltr' id='par_1_2' title="bbox 63 211 1072 2748">
     <span class='ocr_line' id='line_1_2' title="bbox 77 211 1066 263; baseline -0.004 -12"><span class='ocrx_word' id='word_1_3' title='bbox 77 213 270 263; x_wconf 88' lang='lat' dir='ltr'>potentiam</span> <span class='ocrx_word' id='word_1_4' title='bbox 287 240 297 255; x_wconf 88' lang='lat'>‚</span> <span class='ocrx_word' id='word_1_5' title='bbox 337 213 555 256; x_wconf 87' lang='lat' dir='ltr'>bonitatem,</span> <span class='ocrx_word' id='word_1_6' title='bbox 596 213 781 248; x_wconf 79' lang='lat' dir='ltr'>iusticiam.</span> <span class='ocrx_word' id='word_1_7' title='bbox 853 211 950 246; x_wconf 88' lang='lat' dir='ltr'>Haec</span> <span class='ocrx_word' id='word_1_8' title='bbox 985 219 1066 247; x_wconf 89' lang='lat' dir='ltr'>sunt</span> 
     </span>
     <span class='ocr_line' id='line_1_3' title="bbox 78 264 1062 312; baseline -0.007 -10"><span class='ocrx_word' id='word_1_9' title='bbox 78 278 182 312; x_wconf 88' lang='lat' dir='ltr'>opera</span> <span class='ocrx_word' id='word_1_10' title='bbox 202 264 308 310; x_wconf 90' lang='lat' dir='ltr'>primi</span> <span class='ocrx_word' id='word_1_11' title='bbox 325 271 359 300; x_wconf 90' lang='lat' dir='ltr'>et</span> <span class='ocrx_word' id='word_1_12' title='bbox 376 265 520 299; x_wconf 91' lang='lat' dir='ltr'>secundi</span> <span class='ocrx_word' id='word_1_13' title='bbox 539 265 714 310; x_wconf 78' lang='lat' dir='ltr'>praecepti</span> <span class='ocrx_word' id='word_1_14' title='bbox 729 264 940 304; x_wconf 85' lang='lat' dir='ltr'>necessaria,</span> <span class='ocrx_word' id='word_1_15' title='bbox 971 269 1003 296; x_wconf 88' lang='lat' dir='ltr'>et</span> <span class='ocrx_word' id='word_1_16' title='bbox 1020 265 1062 296; x_wconf 92' lang='lat' dir='ltr'>ad</span> 
     </span>
     <span class='ocr_line' id='line_1_4' title="bbox 77 314 1063 364; baseline -0.006 -13"><span class='ocrx_word' id='word_1_17' title='bbox 77 329 166 364; x_wconf 90' lang='lat' dir='ltr'>quae</span> <span class='ocrx_word' id='word_1_18' title='bbox 191 316 376 361; x_wconf 83' lang='lat' dir='ltr'>praecipue</span> <span class='ocrx_word' id='word_1_19' title='bbox 397 316 533 350; x_wconf 89' lang='lat' dir='ltr'>conditi</span> <span class='ocrx_word' id='word_1_20' title='bbox 560 328 691 350; x_wconf 81' lang='lat' dir='ltr'>sumus.</span> <span class='ocrx_word' id='word_1_21' title='bbox 751 314 818 349; x_wconf 88' lang='lat' dir='ltr'>Sed</span> <span class='ocrx_word' id='word_1_22' title='bbox 847 314 1001 347; x_wconf 88' lang='lat' dir='ltr'>mundus</span> <span class='ocrx_word' id='word_1_23' title='bbox 1027 326 1063 347; x_wconf 88' lang='lat' dir='ltr'>ea</span> 
     </span>
     <span class='ocr_line' id='line_1_5' title="bbox 78 365 1061 413; baseline -0.006 -11"><span class='ocrx_word' id='word_1_24' title='bbox 78 381 152 403; x_wconf 92' lang='lat' dir='ltr'>non</span> <span class='ocrx_word' id='word_1_25' title='bbox 174 374 343 413; x_wconf 78' lang='lat' dir='ltr'>praestat:</span> <span class='ocrx_word' id='word_1_26' title='bbox 378 367 459 401; x_wconf 83' lang='lat' dir='ltr'>ideo</span> <span class='ocrx_word' id='word_1_27' title='bbox 481 379 548 401; x_wconf 90' lang='lat' dir='ltr'>vox</span> <span class='ocrx_word' id='word_1_28' title='bbox 571 365 756 409; x_wconf 83' lang='lat' dir='ltr'>Evangelii</span> <span class='ocrx_word' id='word_1_29' title='bbox 783 365 949 398; x_wconf 89' lang='lat' dir='ltr'>omnibus</span> <span class='ocrx_word' id='word_1_30' title='bbox 973 371 1061 397; x_wconf 90' lang='lat' dir='ltr'>tem-</span> 
     </span>
     <span class='ocr_line' id='line_1_6' title="bbox 78 413 1065 465; baseline -0.006 -12"><span class='ocrx_word' id='word_1_31' title='bbox 78 420 227 465; x_wconf 86' lang='lat' dir='ltr'>poribus</span> <span class='ocrx_word' id='word_1_32' title='bbox 252 425 390 452; x_wconf 85' lang='lat' dir='ltr'>accusat</span> <span class='ocrx_word' id='word_1_33' title='bbox 413 418 627 462; x_wconf 82' lang='lat' dir='ltr'>impietatem</span> <span class='ocrx_word' id='word_1_34' title='bbox 653 415 786 450; x_wconf 92' lang='lat' dir='ltr'>mundi.</span> <span class='ocrx_word' id='word_1_35' title='bbox 840 415 929 449; x_wconf 87' lang='lat' dir='ltr'>Nam</span> <span class='ocrx_word' id='word_1_36' title='bbox 951 413 1065 448; x_wconf 89' lang='lat' dir='ltr'>homi-</span> 
     </span>
     <span class='ocr_line' id='line_1_7' title="bbox 78 465 1065 510; baseline -0.004 -7"><span class='ocrx_word' id='word_1_37' title='bbox 78 483 142 504; x_wconf 84' lang='lat' dir='ltr'>nes</span> <span class='ocrx_word' id='word_1_38' title='bbox 158 468 217 503; x_wconf 88' lang='lat' dir='ltr'>alii</span> <span class='ocrx_word' id='word_1_39' title='bbox 235 475 317 502; x_wconf 89' lang='lat' dir='ltr'>sunt</span> <span class='ocrx_word' id='word_1_40' title='bbox 335 467 460 510; x_wconf 77' lang='grc' dir='ltr'><em>ἄθεοι,</em></span> <span class='ocrx_word' id='word_1_41' title='bbox 482 468 542 502; x_wconf 89' lang='lat' dir='ltr'>alii</span> <span class='ocrx_word' id='word_1_42' title='bbox 557 474 638 502; x_wconf 89' lang='lat' dir='ltr'>sunt</span> <span class='ocrx_word' id='word_1_43' title='bbox 653 467 835 501; x_wconf 78' lang='lat' dir='ltr'>idolatrae.</span> <span class='ocrx_word' id='word_1_44' title='bbox 888 465 954 499; x_wconf 88' lang='lat' dir='ltr'>His</span> <span class='ocrx_word' id='word_1_45' title='bbox 977 467 1065 499; x_wconf 93' lang='lat' dir='ltr'>duo-</span> 
     </span>
     <span class='ocr_line' id='line_1_8' title="bbox 79 512 1066 564; baseline -0.005 -10"><span class='ocrx_word' id='word_1_46' title='bbox 79 522 146 555; x_wconf 87' lang='lat' dir='ltr'>bus</span> <span class='ocrx_word' id='word_1_47' title='bbox 165 512 279 554; x_wconf 45' lang='lat' dir='ltr'>m‘odis</span> <span class='ocrx_word' id='word_1_48' title='bbox 296 526 440 564; x_wconf 87' lang='lat' dir='ltr'>peccant</span> <span class='ocrx_word' id='word_1_49' title='bbox 462 517 622 552; x_wconf 89' lang='lat' dir='ltr'>homines</span> <span class='ocrx_word' id='word_1_50' title='bbox 648 525 769 551; x_wconf 88' lang='lat' dir='ltr'>contra</span> <span class='ocrx_word' id='word_1_51' title='bbox 794 518 942 561; x_wconf 80' lang='lat' dir='ltr'>primam</span> <span class='ocrx_word' id='word_1_52' title='bbox 965 518 1066 550; x_wconf 86' lang='lat' dir='ltr'>tabu-</span> 
     </span>
     <span class='ocr_line' id='line_1_9' title="bbox 82 567 1064 615; baseline -0.005 -10"><span class='ocrx_word' id='word_1_53' title='bbox 82 572 153 605; x_wconf 87' lang='lat' dir='ltr'>lam</span> <span class='ocrx_word' id='word_1_54' title='bbox 175 571 261 614; x_wconf 86' lang='lat' dir='ltr'>legis</span> <span class='ocrx_word' id='word_1_55' title='bbox 280 570 433 606; x_wconf 88' lang='lat' dir='ltr'>divinae.</span> <span class='ocrx_word' id='word_1_56' title='bbox 486 569 611 610; x_wconf 73' lang='grc' dir='ltr'><em>ἄθεοι,</em></span> <span class='ocrx_word' id='word_1_57' title='bbox 643 576 681 603; x_wconf 90' lang='lat' dir='ltr'>ut</span> <span class='ocrx_word' id='word_1_58' title='bbox 700 567 869 615; x_wconf 87' lang='lat' dir='ltr'>Cyclopes</span> <span class='ocrx_word' id='word_1_59' title='bbox 887 575 917 601; x_wconf 88' lang='lat' dir='ltr'>et</span> <span class='ocrx_word' id='word_1_60' title='bbox 933 567 1064 612; x_wconf 84' lang='lat' dir='ltr'>Epicu-</span> 
     </span>
     <span class='ocr_line' id='line_1_10' title="bbox 80 619 1066 666; baseline -0.005 -10"><span class='ocrx_word' id='word_1_61' title='bbox 80 622 152 663; x_wconf 85' lang='lat' dir='ltr'>rei,</span> <span class='ocrx_word' id='word_1_62' title='bbox 187 633 328 666; x_wconf 85' lang='lat' dir='ltr'>prorsus</span> <span class='ocrx_word' id='word_1_63' title='bbox 353 627 480 665; x_wconf 83' lang='lat' dir='ltr'>negant</span> <span class='ocrx_word' id='word_1_64' title='bbox 511 632 584 653; x_wconf 88' lang='lat' dir='ltr'>esse</span> <span class='ocrx_word' id='word_1_65' title='bbox 608 619 747 661; x_wconf 89' lang='lat' dir='ltr'>Deum,</span> <span class='ocrx_word' id='word_1_66' title='bbox 781 626 841 653; x_wconf 89' lang='lat' dir='ltr'>aut</span> <span class='ocrx_word' id='word_1_67' title='bbox 867 631 989 652; x_wconf 84' lang='lat' dir='ltr'>curare</span> <span class='ocrx_word' id='word_1_68' title='bbox 1013 631 1066 652; x_wconf 89' lang='lat' dir='ltr'>res</span> 
     </span>
     <span class='ocr_line' id='line_1_11' title="bbox 83 668 1067 714; baseline -0.004 -8"><span class='ocrx_word' id='word_1_69' title='bbox 83 671 268 708; x_wconf 79' lang='lat' dir='ltr'>humanas,</span> <span class='ocrx_word' id='word_1_70' title='bbox 301 671 376 705; x_wconf 90' lang='lat' dir='ltr'>Hos</span> <span class='ocrx_word' id='word_1_71' title='bbox 391 671 475 705; x_wconf 84' lang='lat' dir='ltr'>satis</span> <span class='ocrx_word' id='word_1_72' title='bbox 492 677 626 705; x_wconf 89' lang='lat' dir='ltr'>constat</span> <span class='ocrx_word' id='word_1_73' title='bbox 644 683 717 704; x_wconf 91' lang='lat' dir='ltr'>non</span> <span class='ocrx_word' id='word_1_74' title='bbox 734 670 929 714; x_wconf 85' lang='lat' dir='ltr'>glorificare</span> <span class='ocrx_word' id='word_1_75' title='bbox 941 668 1067 710; x_wconf 88' lang='lat' dir='ltr'>Deum,</span> 
     </span>
     <span class='ocr_line' id='line_1_12' title="bbox 80 722 1068 763; baseline -0.003 -7"><span class='ocrx_word' id='word_1_76' title='bbox 80 735 156 756; x_wconf 86' lang='lat' dir='ltr'>non</span> <span class='ocrx_word' id='word_1_77' title='bbox 173 729 350 763; x_wconf 88' lang='lat' dir='ltr'>metuunt,</span> <span class='ocrx_word' id='word_1_78' title='bbox 376 734 449 755; x_wconf 93' lang='lat' dir='ltr'>non</span> <span class='ocrx_word' id='word_1_79' title='bbox 466 723 615 756; x_wconf 90' lang='lat' dir='ltr'>credunt</span> <span class='ocrx_word' id='word_1_80' title='bbox 631 722 676 763; x_wconf 91' lang='lat' dir='ltr'>ei,</span> <span class='ocrx_word' id='word_1_81' title='bbox 703 734 776 755; x_wconf 91' lang='lat' dir='ltr'>non</span> <span class='ocrx_word' id='word_1_82' title='bbox 793 722 960 754; x_wconf 84' lang='lat' dir='ltr'>invocant</span> <span class='ocrx_word' id='word_1_83' title='bbox 977 733 1068 761; x_wconf 90' lang='lat' dir='ltr'>eum,</span> 
     </span>
     <span class='ocr_line' id='line_1_13' title="bbox 81 772 1067 815; baseline -0.002 -8"><span class='ocrx_word' id='word_1_84' title='bbox 81 774 240 807; x_wconf 89' lang='lat' dir='ltr'>iudicant</span> <span class='ocrx_word' id='word_1_85' title='bbox 265 773 369 806; x_wconf 90' lang='lat' dir='ltr'>inane</span> <span class='ocrx_word' id='word_1_86' title='bbox 397 785 526 806; x_wconf 89' lang='lat' dir='ltr'>nomen</span> <span class='ocrx_word' id='word_1_87' title='bbox 550 784 647 806; x_wconf 84' lang='lat' dir='ltr'>esse:</span> <span class='ocrx_word' id='word_1_88' title='bbox 683 773 719 806; x_wconf 92' lang='lat' dir='ltr'>id</span> <span class='ocrx_word' id='word_1_89' title='bbox 745 773 838 806; x_wconf 90' lang='lat' dir='ltr'>enim</span> <span class='ocrx_word' id='word_1_90' title='bbox 862 780 912 806; x_wconf 92' lang='lat' dir='ltr'>est</span> <span class='ocrx_word' id='word_1_91' title='bbox 938 772 968 804; x_wconf 91' lang='lat' dir='ltr'>ei</span> <span class='ocrx_word' id='word_1_92' title='bbox 993 772 1067 815; x_wconf 83' lang='lat' dir='ltr'>glo-</span> 
     </span>
     <span class='ocr_line' id='line_1_14' title="bbox 81 823 1068 869; baseline -0.003 -11"><span class='ocrx_word' id='word_1_93' title='bbox 81 825 169 858; x_wconf 82' lang='lat' dir='ltr'>riam</span> <span class='ocrx_word' id='word_1_94' title='bbox 194 824 345 869; x_wconf 86' lang='lat' dir='ltr'>aliquam</span> <span class='ocrx_word' id='word_1_95' title='bbox 375 824 531 857; x_wconf 90' lang='lat' dir='ltr'>tribuere</span> <span class='ocrx_word' id='word_1_96' title='bbox 556 824 753 867; x_wconf 88' lang='lat' dir='ltr'>potentiae,</span> <span class='ocrx_word' id='word_1_97' title='bbox 787 823 977 863; x_wconf 79' lang='lat' dir='ltr'>bonitatis,</span> <span class='ocrx_word' id='word_1_98' title='bbox 1012 823 1068 856; x_wconf 91' lang='lat' dir='ltr'>iu-</span> 
     </span>
     <span class='ocr_line' id='line_1_15' title="bbox 81 873 1067 920; baseline -0.002 -11"><span class='ocrx_word' id='word_1_99' title='bbox 81 875 218 912; x_wconf 86' lang='lat' dir='ltr'>sticiae:</span> <span class='ocrx_word' id='word_1_100' title='bbox 261 886 325 907; x_wconf 89' lang='lat' dir='ltr'>nec</span> <span class='ocrx_word' id='word_1_101' title='bbox 346 880 397 908; x_wconf 86' lang='lat' dir='ltr'>est</span> <span class='ocrx_word' id='word_1_102' title='bbox 420 874 541 918; x_wconf 84' lang='lat' dir='ltr'>exigua</span> <span class='ocrx_word' id='word_1_103' title='bbox 571 875 763 909; x_wconf 89' lang='lat' dir='ltr'>multitudo</span> <span class='ocrx_word' id='word_1_104' title='bbox 792 875 914 909; x_wconf 85' lang='lat' dir='ltr'>talium</span> <span class='ocrx_word' id='word_1_105' title='bbox 940 873 1067 920; x_wconf 85' lang='lat' dir='ltr'>Cyclo-</span> 
     </span>
     <span class='ocr_line' id='line_1_16' title="bbox 79 925 1068 970; baseline 0 -12"><span class='ocrx_word' id='word_1_106' title='bbox 79 937 183 970; x_wconf 83' lang='lat' dir='ltr'>pum,</span> <span class='ocrx_word' id='word_1_107' title='bbox 212 925 273 958; x_wconf 87' lang='lat' dir='ltr'>etsi</span> <span class='ocrx_word' id='word_1_108' title='bbox 290 925 419 958; x_wconf 87' lang='lat' dir='ltr'>mirum</span> <span class='ocrx_word' id='word_1_109' title='bbox 444 933 494 960; x_wconf 92' lang='lat' dir='ltr'>est</span> <span class='ocrx_word' id='word_1_110' title='bbox 518 937 618 970; x_wconf 91' lang='lat' dir='ltr'>posse</span> <span class='ocrx_word' id='word_1_111' title='bbox 644 927 783 959; x_wconf 88' lang='lat' dir='ltr'>innatas</span> <span class='ocrx_word' id='word_1_112' title='bbox 808 925 957 959; x_wconf 77' lang='lat' dir='ltr'>noticias</span> <span class='ocrx_word' id='word_1_113' title='bbox 982 926 1068 958; x_wconf 89' lang='lat' dir='ltr'>adeo</span> 
     </span>
     <span class='ocr_line' id='line_1_17' title="bbox 79 974 1069 1021; baseline -0.001 -12"><span class='ocrx_word' id='word_1_114' title='bbox 79 975 196 1010; x_wconf 86' lang='lat' dir='ltr'>obrui.</span> <span class='ocrx_word' id='word_1_115' title='bbox 258 975 328 1008; x_wconf 90' lang='lat' dir='ltr'>Sed</span> <span class='ocrx_word' id='word_1_116' title='bbox 354 976 516 1010; x_wconf 90' lang='lat' dir='ltr'>diabolus</span> <span class='ocrx_word' id='word_1_117' title='bbox 538 977 597 1021; x_wconf 89' lang='lat' dir='ltr'>qui</span> <span class='ocrx_word' id='word_1_118' title='bbox 626 974 729 1011; x_wconf 86' lang='lat' dir='ltr'>habet</span> <span class='ocrx_word' id='word_1_119' title='bbox 754 977 908 1021; x_wconf 89' lang='lat' dir='ltr'>captivas</span> <span class='ocrx_word' id='word_1_120' title='bbox 934 982 1069 1009; x_wconf 82' lang='lat' dir='ltr'>mentes</span> 
     </span>
     <span class='ocr_line' id='line_1_18' title="bbox 82 1024 1070 1073; baseline 0 -13"><span class='ocrx_word' id='word_1_121' title='bbox 82 1024 288 1067; x_wconf 87' lang='lat' dir='ltr'>hominum,</span> <span class='ocrx_word' id='word_1_122' title='bbox 322 1027 350 1059; x_wconf 93' lang='lat' dir='ltr'>is</span> <span class='ocrx_word' id='word_1_123' title='bbox 375 1033 520 1061; x_wconf 85' lang='lat' dir='ltr'>naturae</span> <span class='ocrx_word' id='word_1_124' title='bbox 547 1028 679 1073; x_wconf 85' lang='lat' dir='ltr'>alioqui</span> <span class='ocrx_word' id='word_1_125' title='bbox 701 1028 878 1068; x_wconf 89' lang='lat' dir='ltr'>infirmae,</span> <span class='ocrx_word' id='word_1_126' title='bbox 916 1027 1070 1060; x_wconf 86' lang='lat' dir='ltr'>offundit</span> 
     </span>
     <span class='ocr_line' id='line_1_19' title="bbox 83 1077 1069 1123; baseline 0.001 -14"><span class='ocrx_word' id='word_1_127' title='bbox 83 1077 233 1110; x_wconf 88' lang='lat' dir='ltr'>maiores</span> <span class='ocrx_word' id='word_1_128' title='bbox 254 1089 414 1111; x_wconf 90' lang='lat' dir='ltr'>errores:</span> <span class='ocrx_word' id='word_1_129' title='bbox 449 1089 488 1111; x_wconf 92' lang='lat' dir='ltr'>ac</span> <span class='ocrx_word' id='word_1_130' title='bbox 512 1090 607 1111; x_wconf 92' lang='lat' dir='ltr'>nunc</span> <span class='ocrx_word' id='word_1_131' title='bbox 634 1079 774 1123; x_wconf 85' lang='lat' dir='ltr'>quidem</span> <span class='ocrx_word' id='word_1_132' title='bbox 799 1078 963 1112; x_wconf 86' lang='lat' dir='ltr'>nonnulli</span> <span class='ocrx_word' id='word_1_133' title='bbox 991 1078 1069 1111; x_wconf 87' lang='lat' dir='ltr'>lite-</span> 
     </span>
     <span class='ocr_line' id='line_1_20' title="bbox 82 1127 1071 1173; baseline -0.002 -11"><span class='ocrx_word' id='word_1_134' title='bbox 82 1128 168 1169; x_wconf 87' lang='lat' dir='ltr'>rati,</span> <span class='ocrx_word' id='word_1_135' title='bbox 195 1127 397 1172; x_wconf 84' lang='lat' dir='ltr'>praesertim</span> <span class='ocrx_word' id='word_1_136' title='bbox 420 1127 577 1170; x_wconf 90' lang='lat' dir='ltr'>Romae,</span> <span class='ocrx_word' id='word_1_137' title='bbox 605 1130 811 1173; x_wconf 79' lang='lat' dir='ltr'>sapientiam</span> <span class='ocrx_word' id='word_1_138' title='bbox 836 1136 960 1173; x_wconf 54' lang='lat' dir='ltr'>putant</span> <span class='ocrx_word' id='word_1_139' title='bbox 988 1141 1071 1169; x_wconf 88' lang='lat' dir='ltr'>esse,</span> 
     </span>
     <span class='ocr_line' id='line_1_21' title="bbox 83 1176 1070 1224; baseline 0 -12"><span class='ocrx_word' id='word_1_140' title='bbox 83 1178 249 1212; x_wconf 83' lang='lat' dir='ltr'>delectari</span> <span class='ocrx_word' id='word_1_141' title='bbox 264 1176 318 1211; x_wconf 84' lang='lat' dir='ltr'>his</span> <span class='ocrx_word' id='word_1_142' title='bbox 333 1176 529 1224; x_wconf 89' lang='lat' dir='ltr'>Cyclopicis</span> <span class='ocrx_word' id='word_1_143' title='bbox 546 1180 788 1223; x_wconf 86' lang='lat' dir='ltr'>opinionibus.</span> <span class='ocrx_word' id='word_1_144' title='bbox 834 1180 881 1213; x_wconf 87' lang='lat' dir='ltr'>At</span> <span class='ocrx_word' id='word_1_145' title='bbox 899 1180 1070 1213; x_wconf 84' lang='lat' dir='ltr'>idolatrae</span> 
     </span>
     <span class='ocr_line' id='line_1_22' title="bbox 84 1227 1072 1270; baseline 0 -7"><span class='ocrx_word' id='word_1_146' title='bbox 84 1230 186 1263; x_wconf 85' lang='lat' dir='ltr'>aliter</span> <span class='ocrx_word' id='word_1_147' title='bbox 201 1236 338 1270; x_wconf 89' lang='lat' dir='ltr'>errant,</span> <span class='ocrx_word' id='word_1_148' title='bbox 366 1227 536 1263; x_wconf 89' lang='lat' dir='ltr'>honorem</span> <span class='ocrx_word' id='word_1_149' title='bbox 553 1230 626 1264; x_wconf 87' lang='lat' dir='ltr'>Deo</span> <span class='ocrx_word' id='word_1_150' title='bbox 651 1232 830 1270; x_wconf 88' lang='lat' dir='ltr'>debitum,</span> <span class='ocrx_word' id='word_1_151' title='bbox 858 1231 1072 1264; x_wconf 89' lang='lat' dir='ltr'>transferunt</span> 
     </span>
     <span class='ocr_line' id='line_1_23' title="bbox 82 1279 1071 1321; baseline -0.002 -6"><span class='ocrx_word' id='word_1_152' title='bbox 82 1282 121 1313; x_wconf 81' lang='lat' dir='ltr'>in</span> <span class='ocrx_word' id='word_1_153' title='bbox 140 1280 225 1313; x_wconf 77' lang='lat' dir='ltr'>alias</span> <span class='ocrx_word' id='word_1_154' title='bbox 242 1291 308 1315; x_wconf 83' lang='lat' dir='ltr'>res.</span> <span class='ocrx_word' id='word_1_155' title='bbox 361 1279 422 1313; x_wconf 88' lang='lat' dir='ltr'>Est</span> <span class='ocrx_word' id='word_1_156' title='bbox 447 1281 541 1314; x_wconf 86' lang='lat' dir='ltr'>enim</span> <span class='ocrx_word' id='word_1_157' title='bbox 561 1281 761 1315; x_wconf 85' lang='lat' dir='ltr'>idololatria</span> <span class='ocrx_word' id='word_1_158' title='bbox 780 1282 951 1321; x_wconf 90' lang='lat' dir='ltr'>tribuere,</span> <span class='ocrx_word' id='word_1_159' title='bbox 979 1281 1071 1314; x_wconf 90' lang='lat' dir='ltr'>divi-</span> 
     </span>
     <span class='ocr_line' id='line_1_24' title="bbox 84 1330 1068 1376; baseline 0 -12"><span class='ocrx_word' id='word_1_160' title='bbox 84 1331 230 1364; x_wconf 85' lang='lat' dir='ltr'>nitatem</span> <span class='ocrx_word' id='word_1_161' title='bbox 252 1330 283 1362; x_wconf 94' lang='lat' dir='ltr'>ei</span> <span class='ocrx_word' id='word_1_162' title='bbox 304 1331 396 1375; x_wconf 91' lang='lat' dir='ltr'>quod</span> <span class='ocrx_word' id='word_1_163' title='bbox 415 1342 486 1364; x_wconf 92' lang='lat' dir='ltr'>non</span> <span class='ocrx_word' id='word_1_164' title='bbox 512 1338 561 1364; x_wconf 92' lang='lat' dir='ltr'>est</span> <span class='ocrx_word' id='word_1_165' title='bbox 577 1331 690 1371; x_wconf 85' lang='lat' dir='ltr'>Deus,</span> <span class='ocrx_word' id='word_1_166' title='bbox 724 1333 890 1365; x_wconf 85' lang='lat' dir='ltr'>invocare</span> <span class='ocrx_word' id='word_1_167' title='bbox 916 1332 950 1364; x_wconf 93' lang='lat' dir='ltr'>id</span> <span class='ocrx_word' id='word_1_168' title='bbox 975 1332 1068 1376; x_wconf 90' lang='lat' dir='ltr'>quod</span> 
     </span>
     <span class='ocr_line' id='line_1_25' title="bbox 85 1379 1070 1415; baseline -0.001 -1"><span class='ocrx_word' id='word_1_169' title='bbox 85 1393 159 1414; x_wconf 89' lang='lat' dir='ltr'>non</span> <span class='ocrx_word' id='word_1_170' title='bbox 176 1388 226 1413; x_wconf 85' lang='lat' dir='ltr'>est</span> <span class='ocrx_word' id='word_1_171' title='bbox 240 1379 349 1413; x_wconf 87' lang='lat' dir='ltr'>Deus:</span> <span class='ocrx_word' id='word_1_172' title='bbox 378 1381 533 1414; x_wconf 89' lang='lat' dir='ltr'>tribuere</span> <span class='ocrx_word' id='word_1_173' title='bbox 558 1382 657 1415; x_wconf 89' lang='lat' dir='ltr'>alteri</span> <span class='ocrx_word' id='word_1_174' title='bbox 684 1379 856 1415; x_wconf 86' lang='lat' dir='ltr'>honorem</span> <span class='ocrx_word' id='word_1_175' title='bbox 881 1382 1070 1415; x_wconf 88' lang='lat' dir='ltr'>redemtio-</span> 
     </span>
     <span class='ocr_line' id='line_1_26' title="bbox 84 1428 1071 1476; baseline 0 -12"><span class='ocrx_word' id='word_1_176' title='bbox 84 1432 158 1471; x_wconf 84' lang='lat' dir='ltr'>nis,</span> <span class='ocrx_word' id='word_1_177' title='bbox 199 1442 303 1475; x_wconf 87' lang='lat' dir='ltr'>quam</span> <span class='ocrx_word' id='word_1_178' title='bbox 334 1428 490 1464; x_wconf 87' lang='lat' dir='ltr'>Christo:</span> <span class='ocrx_word' id='word_1_179' title='bbox 527 1432 682 1465; x_wconf 87' lang='lat' dir='ltr'>tribuere</span> <span class='ocrx_word' id='word_1_180' title='bbox 710 1433 873 1466; x_wconf 87' lang='lat' dir='ltr'>fiduciam</span> <span class='ocrx_word' id='word_1_181' title='bbox 905 1433 1071 1476; x_wconf 90' lang='lat' dir='ltr'>operibus</span> 
     </span>
     <span class='ocr_line' id='line_1_27' title="bbox 84 1480 1069 1527; baseline 0.001 -13"><span class='ocrx_word' id='word_1_182' title='bbox 84 1481 234 1521; x_wconf 85' lang='lat' dir='ltr'>nostris,</span> <span class='ocrx_word' id='word_1_183' title='bbox 266 1492 354 1525; x_wconf 84' lang='lat' dir='ltr'>quae</span> <span class='ocrx_word' id='word_1_184' title='bbox 377 1480 451 1514; x_wconf 93' lang='lat' dir='ltr'>Deo</span> <span class='ocrx_word' id='word_1_185' title='bbox 482 1482 691 1516; x_wconf 82' lang='lat' dir='ltr'>debebatur:</span> <span class='ocrx_word' id='word_1_186' title='bbox 728 1484 871 1527; x_wconf 85' lang='lat' dir='ltr'>alligare</span> <span class='ocrx_word' id='word_1_187' title='bbox 888 1482 1002 1516; x_wconf 91' lang='lat' dir='ltr'>Deum</span> <span class='ocrx_word' id='word_1_188' title='bbox 1027 1484 1069 1516; x_wconf 90' lang='lat' dir='ltr'>ad</span> 
     </span>
     <span class='ocr_line' id='line_1_28' title="bbox 85 1531 1069 1574; baseline 0.001 -8"><span class='ocrx_word' id='word_1_189' title='bbox 85 1539 196 1566; x_wconf 89' lang='lat' dir='ltr'>certos</span> <span class='ocrx_word' id='word_1_190' title='bbox 217 1531 330 1565; x_wconf 90' lang='lat' dir='ltr'>cultus</span> <span class='ocrx_word' id='word_1_191' title='bbox 348 1538 380 1565; x_wconf 88' lang='lat' dir='ltr'>et</span> <span class='ocrx_word' id='word_1_192' title='bbox 397 1538 544 1574; x_wconf 84' lang='lat' dir='ltr'>statuas,</span> <span class='ocrx_word' id='word_1_193' title='bbox 572 1540 692 1567; x_wconf 89' lang='lat' dir='ltr'>contra</span> <span class='ocrx_word' id='word_1_194' title='bbox 717 1546 819 1568; x_wconf 89' lang='lat' dir='ltr'>suum</span> <span class='ocrx_word' id='word_1_195' title='bbox 846 1535 1069 1567; x_wconf 90' lang='lat' dir='ltr'>mandatum:</span> 
     </span>
     <span class='ocr_line' id='line_1_29' title="bbox 85 1583 1071 1630; baseline 0.003 -15"><span class='ocrx_word' id='word_1_196' title='bbox 85 1583 165 1627; x_wconf 88' lang='lat' dir='ltr'>plus</span> <span class='ocrx_word' id='word_1_197' title='bbox 182 1583 303 1615; x_wconf 90' lang='lat' dir='ltr'>timere</span> <span class='ocrx_word' id='word_1_198' title='bbox 319 1589 380 1616; x_wconf 90' lang='lat' dir='ltr'>aut</span> <span class='ocrx_word' id='word_1_199' title='bbox 396 1583 541 1626; x_wconf 84' lang='lat' dir='ltr'>diligere</span> <span class='ocrx_word' id='word_1_200' title='bbox 559 1585 654 1617; x_wconf 86' lang='lat' dir='ltr'>aliud</span> <span class='ocrx_word' id='word_1_201' title='bbox 673 1598 777 1630; x_wconf 90' lang='lat' dir='ltr'>quam</span> <span class='ocrx_word' id='word_1_202' title='bbox 795 1585 922 1621; x_wconf 87' lang='lat' dir='ltr'>Deum.</span> <span class='ocrx_word' id='word_1_203' title='bbox 975 1584 1071 1618; x_wconf 89' lang='lat' dir='ltr'>Haec</span> 
     </span>
     <span class='ocr_line' id='line_1_30' title="bbox 87 1633 1072 1678; baseline 0.004 -13"><span class='ocrx_word' id='word_1_204' title='bbox 87 1633 228 1678; x_wconf 85' lang='lat' dir='ltr'>proprie</span> <span class='ocrx_word' id='word_1_205' title='bbox 246 1634 512 1677; x_wconf 86' lang='lat' dir='ltr'>complectitur,</span> <span class='ocrx_word' id='word_1_206' title='bbox 541 1642 572 1668; x_wconf 89' lang='lat' dir='ltr'>et</span> <span class='ocrx_word' id='word_1_207' title='bbox 589 1636 760 1678; x_wconf 87' lang='lat' dir='ltr'>significat</span> <span class='ocrx_word' id='word_1_208' title='bbox 777 1636 982 1670; x_wconf 86' lang='lat' dir='ltr'>Idololatria</span> <span class='ocrx_word' id='word_1_209' title='bbox 997 1662 1006 1676; x_wconf 96' lang='lat'>,</span> <span class='ocrx_word' id='word_1_210' title='bbox 1033 1642 1072 1669; x_wconf 88' lang='lat' dir='ltr'>ut</span> 
     </span>
     <span class='ocr_line' id='line_1_31' title="bbox 86 1683 1070 1731; baseline 0.004 -16"><span class='ocrx_word' id='word_1_211' title='bbox 86 1685 192 1727; x_wconf 83' lang='lat' dir='ltr'>vulgo</span> <span class='ocrx_word' id='word_1_212' title='bbox 218 1692 355 1718; x_wconf 89' lang='lat' dir='ltr'>vocant.</span> <span class='ocrx_word' id='word_1_213' title='bbox 408 1683 503 1717; x_wconf 88' lang='lat' dir='ltr'>Hinc</span> <span class='ocrx_word' id='word_1_214' title='bbox 527 1686 627 1718; x_wconf 90' lang='lat' dir='ltr'>facile</span> <span class='ocrx_word' id='word_1_215' title='bbox 653 1686 802 1730; x_wconf 81' lang='lat' dir='ltr'>intelligi</span> <span class='ocrx_word' id='word_1_216' title='bbox 826 1693 940 1731; x_wconf 84' lang='lat' dir='ltr'>potest</span> <span class='ocrx_word' id='word_1_217' title='bbox 965 1698 1070 1719; x_wconf 89' lang='lat' dir='ltr'>mun-</span> 
     </span>
     <span class='ocr_line' id='line_1_32' title="bbox 86 1734 1069 1778; baseline 0.001 -10"><span class='ocrx_word' id='word_1_218' title='bbox 86 1738 172 1768; x_wconf 84' lang='lat' dir='ltr'>(lum</span> <span class='ocrx_word' id='word_1_219' title='bbox 191 1734 335 1778; x_wconf 86' lang='lat' dir='ltr'>plenum</span> <span class='ocrx_word' id='word_1_220' title='bbox 352 1746 424 1767; x_wconf 90' lang='lat' dir='ltr'>esse</span> <span class='ocrx_word' id='word_1_221' title='bbox 444 1734 673 1770; x_wconf 80' lang='lat' dir='ltr'>idolomania.</span> <span class='ocrx_word' id='word_1_222' title='bbox 726 1736 779 1770; x_wconf 91' lang='lat' dir='ltr'>De</span> <span class='ocrx_word' id='word_1_223' title='bbox 804 1735 870 1771; x_wconf 86' lang='lat' dir='ltr'>hoc</span> <span class='ocrx_word' id='word_1_224' title='bbox 894 1738 991 1771; x_wconf 91' lang='lat' dir='ltr'>cultu</span> <span class='ocrx_word' id='word_1_225' title='bbox 1008 1749 1069 1769; x_wconf 86' lang='lat' dir='ltr'>ve-</span> 
     </span>
     <span class='ocr_line' id='line_1_33' title="bbox 85 1784 1069 1829; baseline 0.002 -11"><span class='ocrx_word' id='word_1_226' title='bbox 85 1798 165 1819; x_wconf 89' lang='lat' dir='ltr'>rum</span> <span class='ocrx_word' id='word_1_227' title='bbox 183 1786 383 1829; x_wconf 28' lang='lat' dir='ltr'>est-dictum</span> <span class='ocrx_word' id='word_1_228' title='bbox 402 1784 545 1820; x_wconf 66' lang='lat' dir='ltr'>Poetae:</span> <span class='ocrx_word' id='word_1_229' title='bbox 568 1786 708 1821; x_wconf 87' lang='lat' dir='ltr'>Primus</span> <span class='ocrx_word' id='word_1_230' title='bbox 726 1788 761 1820; x_wconf 88' lang='lat' dir='ltr'>in</span> <span class='ocrx_word' id='word_1_231' title='bbox 782 1789 867 1821; x_wconf 88' lang='lat' dir='ltr'>orbe</span> <span class='ocrx_word' id='word_1_232' title='bbox 882 1787 975 1822; x_wconf 90' lang='lat' dir='ltr'>Deos</span> <span class='ocrx_word' id='word_1_233' title='bbox 990 1788 1069 1820; x_wconf 85' lang='lat' dir='ltr'>fecit</span> 
     </span>
     <span class='ocr_line' id='line_1_34' title="bbox 85 1835 1070 1884; baseline 0.001 -14"><span class='ocrx_word' id='word_1_234' title='bbox 85 1837 204 1871; x_wconf 90' lang='lat' dir='ltr'>timor.</span> <span class='ocrx_word' id='word_1_235' title='bbox 271 1835 392 1869; x_wconf 88' lang='lat' dir='ltr'>Securi</span> <span class='ocrx_word' id='word_1_236' title='bbox 417 1844 499 1870; x_wconf 89' lang='lat' dir='ltr'>sunt</span> <span class='ocrx_word' id='word_1_237' title='bbox 525 1838 720 1883; x_wconf 87' lang='lat' dir='ltr'>plerunque</span> <span class='ocrx_word' id='word_1_238' title='bbox 747 1839 930 1884; x_wconf 87' lang='lat' dir='ltr'>Cyclopes.</span> <span class='ocrx_word' id='word_1_239' title='bbox 998 1837 1070 1872; x_wconf 88' lang='lat' dir='ltr'>Alii</span> 
     </span>
     <span class='ocr_line' id='line_1_35' title="bbox 83 1886 1071 1932; baseline 0.002 -12"><span class='ocrx_word' id='word_1_240' title='bbox 83 1888 121 1920; x_wconf 88' lang='lat' dir='ltr'>in</span> <span class='ocrx_word' id='word_1_241' title='bbox 139 1887 304 1932; x_wconf 91' lang='lat' dir='ltr'>periculis</span> <span class='ocrx_word' id='word_1_242' title='bbox 321 1894 527 1932; x_wconf 85' lang='lat' dir='ltr'>quaerentes</span> <span class='ocrx_word' id='word_1_243' title='bbox 543 1886 611 1922; x_wconf 85' lang='lat' dir='ltr'>De</span> <span class='ocrx_word' id='word_1_244' title='bbox 623 1901 644 1922; x_wconf 73' lang='grc' dir='ltr'>ιι</span> <span class='ocrx_word' id='word_1_245' title='bbox 656 1901 690 1922; x_wconf 88' lang='lat' dir='ltr'>m</span> <span class='ocrx_word' id='word_1_246' title='bbox 703 1915 713 1930; x_wconf 90' lang='lat'><em>‚</em></span> <span class='ocrx_word' id='word_1_247' title='bbox 736 1897 774 1923; x_wconf 90' lang='lat' dir='ltr'>ut</span> <span class='ocrx_word' id='word_1_248' title='bbox 791 1890 879 1923; x_wconf 85' lang='lat' dir='ltr'>ratio</span> <span class='ocrx_word' id='word_1_249' title='bbox 896 1896 1071 1925; x_wconf 80' lang='lat' dir='ltr'>monstrat</span> 
     </span>
     <span class='ocr_line' id='line_1_36' title="bbox 82 1937 1069 1986; baseline 0.002 -14"><span class='ocrx_word' id='word_1_250' title='bbox 82 1937 197 1972; x_wconf 89' lang='lat' dir='ltr'>Deum</span> <span class='ocrx_word' id='word_1_251' title='bbox 224 1949 296 1971; x_wconf 88' lang='lat' dir='ltr'>esse</span> <span class='ocrx_word' id='word_1_252' title='bbox 322 1938 593 1986; x_wconf 82' lang='lat' dir='ltr'>opitulatorem,</span> <span class='ocrx_word' id='word_1_253' title='bbox 628 1941 721 1973; x_wconf 77' lang='lat' dir='ltr'>anxii</span> <span class='ocrx_word' id='word_1_254' title='bbox 751 1953 824 1974; x_wconf 93' lang='lat' dir='ltr'>non</span> <span class='ocrx_word' id='word_1_255' title='bbox 848 1948 940 1974; x_wconf 83' lang='lat' dir='ltr'>recte</span> <span class='ocrx_word' id='word_1_256' title='bbox 961 1953 1069 1986; x_wconf 88' lang='lat' dir='ltr'>quae-</span> 
     </span>
     <span class='ocr_line' id='line_1_37' title="bbox 63 1987 1070 2036; baseline 0.001 -13"><span class='ocrx_word' id='word_1_257' title='bbox 63 1994 167 2023; x_wconf 86' lang='lat' dir='ltr'>&#39;runt</span> <span class='ocrx_word' id='word_1_258' title='bbox 180 1987 306 2021; x_wconf 89' lang='lat' dir='ltr'>Deum.</span> <span class='ocrx_word' id='word_1_259' title='bbox 359 1988 448 2022; x_wconf 90' lang='lat' dir='ltr'>Cum</span> <span class='ocrx_word' id='word_1_260' title='bbox 472 1990 565 2022; x_wconf 90' lang='lat' dir='ltr'>enim</span> <span class='ocrx_word' id='word_1_261' title='bbox 593 1988 745 2026; x_wconf 89' lang='lat' dir='ltr'>habeant</span> <span class='ocrx_word' id='word_1_262' title='bbox 769 1992 955 2036; x_wconf 89' lang='lat' dir='ltr'>opiniones</span> <span class='ocrx_word' id='word_1_263' title='bbox 971 1992 1070 2034; x_wconf 86' lang='lat' dir='ltr'>legis,</span> 
     </span>
     <span class='ocr_line' id='line_1_38' title="bbox 87 2037 1067 2083; baseline 0.002 -10"><span class='ocrx_word' id='word_1_264' title='bbox 87 2047 121 2073; x_wconf 90' lang='lat' dir='ltr'>et</span> <span class='ocrx_word' id='word_1_265' title='bbox 138 2039 305 2082; x_wconf 84' lang='lat' dir='ltr'>cogitent,</span> <span class='ocrx_word' id='word_1_266' title='bbox 332 2037 445 2073; x_wconf 83' lang='lat' dir='ltr'>Deum</span> <span class='ocrx_word' id='word_1_267' title='bbox 468 2042 777 2081; x_wconf 84' lang='lat' dir='ltr'>exaudireiustos,</span> <span class='ocrx_word' id='word_1_268' title='bbox 806 2043 957 2077; x_wconf 86' lang='lat' dir='ltr'>cultores</span> <span class='ocrx_word' id='word_1_269' title='bbox 974 2054 1067 2083; x_wconf 91' lang='lat' dir='ltr'>suos,</span> 
     </span>
     <span class='ocr_line' id='line_1_39' title="bbox 88 2090 1068 2138; baseline 0.003 -15"><span class='ocrx_word' id='word_1_270' title='bbox 88 2091 178 2123; x_wconf 89' lang='lat' dir='ltr'>bene</span> <span class='ocrx_word' id='word_1_271' title='bbox 204 2090 366 2129; x_wconf 86' lang='lat' dir='ltr'>meritos,</span> <span class='ocrx_word' id='word_1_272' title='bbox 406 2091 572 2125; x_wconf 87' lang='lat' dir='ltr'>invocant</span> <span class='ocrx_word' id='word_1_273' title='bbox 593 2093 756 2137; x_wconf 91' lang='lat' dir='ltr'>quidem,</span> <span class='ocrx_word' id='word_1_274' title='bbox 799 2095 856 2126; x_wconf 90' lang='lat' dir='ltr'>sed</span> <span class='ocrx_word' id='word_1_275' title='bbox 886 2095 959 2127; x_wconf 89' lang='lat' dir='ltr'>sine</span> <span class='ocrx_word' id='word_1_276' title='bbox 986 2106 1068 2138; x_wconf 89' lang='lat' dir='ltr'>pro-</span> 
     </span>
     <span class='ocr_line' id='line_1_40' title="bbox 90 2139 1068 2184; baseline 0.006 -12"><span class='ocrx_word' id='word_1_277' title='bbox 90 2139 256 2173; x_wconf 86' lang='lat' dir='ltr'>missione</span> <span class='ocrx_word' id='word_1_278' title='bbox 286 2139 435 2182; x_wconf 86' lang='lat' dir='ltr'>gratiae,</span> <span class='ocrx_word' id='word_1_279' title='bbox 477 2141 552 2174; x_wconf 86' lang='lat' dir='ltr'>sine</span> <span class='ocrx_word' id='word_1_280' title='bbox 575 2144 703 2177; x_wconf 85' lang='lat' dir='ltr'>noticia</span> <span class='ocrx_word' id='word_1_281' title='bbox 729 2145 949 2184; x_wconf 89' lang='lat' dir='ltr'>mediatoris,</span> <span class='ocrx_word' id='word_1_282' title='bbox 990 2146 1068 2178; x_wconf 87' lang='lat' dir='ltr'>ideo</span> 
     </span>
     <span class='ocr_line' id='line_1_41' title="bbox 88 2190 1069 2239; baseline 0.005 -15"><span class='ocrx_word' id='word_1_283' title='bbox 88 2198 148 2224; x_wconf 85' lang='lat' dir='ltr'>aut</span> <span class='ocrx_word' id='word_1_284' title='bbox 170 2190 337 2224; x_wconf 86' lang='lat' dir='ltr'>dubitant</span> <span class='ocrx_word' id='word_1_285' title='bbox 358 2202 392 2223; x_wconf 91' lang='lat' dir='ltr'>se</span> <span class='ocrx_word' id='word_1_286' title='bbox 417 2192 573 2225; x_wconf 86' lang='lat' dir='ltr'>exaudiri</span> <span class='ocrx_word' id='word_1_287' title='bbox 599 2205 635 2227; x_wconf 85' lang='lat' dir='ltr'>ac</span> <span class='ocrx_word' id='word_1_288' title='bbox 660 2196 802 2239; x_wconf 86' lang='lat' dir='ltr'>respici,</span> <span class='ocrx_word' id='word_1_289' title='bbox 831 2203 890 2229; x_wconf 91' lang='lat' dir='ltr'>aut</span> <span class='ocrx_word' id='word_1_290' title='bbox 916 2196 1069 2229; x_wconf 88' lang='lat' dir='ltr'>induunt</span> 
     </span>
     <span class='ocr_line' id='line_1_42' title="bbox 86 2241 1067 2291; baseline 0.006 -17"><span class='ocrx_word' id='word_1_291' title='bbox 86 2242 227 2274; x_wconf 91' lang='lat' dir='ltr'>inanem</span> <span class='ocrx_word' id='word_1_292' title='bbox 259 2241 420 2274; x_wconf 86' lang='lat' dir='ltr'>fiduciam</span> <span class='ocrx_word' id='word_1_293' title='bbox 453 2253 596 2275; x_wconf 87' lang='lat' dir='ltr'>suorum</span> <span class='ocrx_word' id='word_1_294' title='bbox 629 2245 786 2279; x_wconf 91' lang='lat' dir='ltr'>cultuum</span> <span class='ocrx_word' id='word_1_295' title='bbox 809 2272 817 2287; x_wconf 91' lang='lat'>,</span> <span class='ocrx_word' id='word_1_296' title='bbox 858 2247 946 2280; x_wconf 90' lang='lat' dir='ltr'>sicut</span> <span class='ocrx_word' id='word_1_297' title='bbox 975 2248 1067 2291; x_wconf 89' lang='lat' dir='ltr'>apud</span> 
     </span>
     <span class='ocr_line' id='line_1_43' title="bbox 86 2291 1069 2340; baseline 0.005 -15"><span class='ocrx_word' id='word_1_298' title='bbox 86 2291 281 2325; x_wconf 89' lang='lat' dir='ltr'>Homerum</span> <span class='ocrx_word' id='word_1_299' title='bbox 309 2292 423 2336; x_wconf 91' lang='lat' dir='ltr'>inquit</span> <span class='ocrx_word' id='word_1_300' title='bbox 456 2294 684 2328; x_wconf 83' lang='lat' dir='ltr'>sacrificulus:</span> <span class='ocrx_word' id='word_1_301' title='bbox 726 2295 764 2330; x_wconf 88' lang='lat' dir='ltr'>Si</span> <span class='ocrx_word' id='word_1_302' title='bbox 793 2304 906 2340; x_wconf 86' lang='lat' dir='ltr'>gratas</span> <span class='ocrx_word' id='word_1_303' title='bbox 938 2296 1069 2331; x_wconf 85' lang='lat' dir='ltr'>hostias</span> 
     </span>
     <span class='ocr_line' id='line_1_44' title="bbox 87 2340 1068 2385; baseline 0.006 -10"><span class='ocrx_word' id='word_1_304' title='bbox 87 2343 152 2376; x_wconf 89' lang='lat' dir='ltr'>tibi</span> <span class='ocrx_word' id='word_1_305' title='bbox 180 2343 328 2376; x_wconf 82' lang='lat' dir='ltr'>mactavi</span> <span class='ocrx_word' id='word_1_306' title='bbox 349 2340 510 2385; x_wconf 88' lang='lat' dir='ltr'>Phoebe,</span> <span class='ocrx_word' id='word_1_307' title='bbox 551 2346 716 2379; x_wconf 86' lang='lat' dir='ltr'>exaudias</span> <span class='ocrx_word' id='word_1_308' title='bbox 742 2359 806 2382; x_wconf 89' lang='lat' dir='ltr'>me.</span> <span class='ocrx_word' id='word_1_309' title='bbox 874 2347 992 2381; x_wconf 88' lang='lat' dir='ltr'>Prima</span> <span class='ocrx_word' id='word_1_310' title='bbox 1020 2356 1068 2381; x_wconf 87' lang='lat' dir='ltr'>est</span> 
     </span>
     <span class='ocr_line' id='line_1_45' title="bbox 88 2393 1067 2439; baseline 0.007 -14"><span class='ocrx_word' id='word_1_311' title='bbox 88 2393 194 2436; x_wconf 83' lang='lat' dir='ltr'>igitur</span> <span class='ocrx_word' id='word_1_312' title='bbox 216 2394 395 2438; x_wconf 85' lang='lat' dir='ltr'>impietas,</span> <span class='ocrx_word' id='word_1_313' title='bbox 422 2396 517 2439; x_wconf 91' lang='lat' dir='ltr'>quod</span> <span class='ocrx_word' id='word_1_314' title='bbox 544 2403 603 2429; x_wconf 91' lang='lat' dir='ltr'>aut</span> <span class='ocrx_word' id='word_1_315' title='bbox 630 2397 795 2431; x_wconf 87' lang='lat' dir='ltr'>dubitant</span> <span class='ocrx_word' id='word_1_316' title='bbox 817 2409 851 2430; x_wconf 88' lang='lat' dir='ltr'>se</span> <span class='ocrx_word' id='word_1_317' title='bbox 876 2399 1032 2432; x_wconf 89' lang='lat' dir='ltr'>exaudiri</span> <span class='ocrx_word' id='word_1_318' title='bbox 1050 2412 1067 2431; x_wconf 89' lang='lat' dir='ltr'>a</span> 
     </span>
     <span class='ocr_line' id='line_1_46' title="bbox 89 2445 1067 2492; baseline 0.006 -16"><span class='ocrx_word' id='word_1_319' title='bbox 89 2446 186 2485; x_wconf 89' lang='lat' dir='ltr'>Deo,</span> <span class='ocrx_word' id='word_1_320' title='bbox 229 2451 288 2478; x_wconf 87' lang='lat' dir='ltr'>aut</span> <span class='ocrx_word' id='word_1_321' title='bbox 319 2445 475 2479; x_wconf 87' lang='lat' dir='ltr'>induunt</span> <span class='ocrx_word' id='word_1_322' title='bbox 506 2446 669 2480; x_wconf 86' lang='lat' dir='ltr'>fiduciam</span> <span class='ocrx_word' id='word_1_323' title='bbox 702 2449 864 2492; x_wconf 88' lang='lat' dir='ltr'>propriae</span> <span class='ocrx_word' id='word_1_324' title='bbox 898 2449 1067 2489; x_wconf 83' lang='lat' dir='ltr'>iusticiae‚</span> 
     </span>
     <span class='ocr_line' id='line_1_47' title="bbox 90 2496 1067 2533; baseline 0.006 -6"><span class='ocrx_word' id='word_1_325' title='bbox 90 2507 153 2527; x_wconf 88' lang='lat' dir='ltr'>nec</span> <span class='ocrx_word' id='word_1_326' title='bbox 176 2503 307 2529; x_wconf 88' lang='lat' dir='ltr'>norunt</span> <span class='ocrx_word' id='word_1_327' title='bbox 323 2496 564 2531; x_wconf 81' lang='lat' dir='ltr'>mediatorem.</span> <span class='ocrx_word' id='word_1_328' title='bbox 619 2497 696 2532; x_wconf 86' lang='lat' dir='ltr'>Hoc</span> <span class='ocrx_word' id='word_1_329' title='bbox 712 2511 829 2532; x_wconf 85' lang='lat' dir='ltr'>errore</span> <span class='ocrx_word' id='word_1_330' title='bbox 845 2501 996 2533; x_wconf 85' lang='lat' dir='ltr'>admisso</span> <span class='ocrx_word' id='word_1_331' title='bbox 1012 2513 1067 2533; x_wconf 91' lang='lat' dir='ltr'>ac-</span> 
     </span>
     <span class='ocr_line' id='line_1_48' title="bbox 88 2547 1066 2594; baseline 0.005 -15"><span class='ocrx_word' id='word_1_332' title='bbox 88 2547 216 2579; x_wconf 88' lang='lat' dir='ltr'>cedunt</span> <span class='ocrx_word' id='word_1_333' title='bbox 241 2547 348 2579; x_wconf 88' lang='lat' dir='ltr'>multa</span> <span class='ocrx_word' id='word_1_334' title='bbox 373 2548 512 2583; x_wconf 86' lang='lat' dir='ltr'>scelera.</span> <span class='ocrx_word' id='word_1_335' title='bbox 572 2548 716 2583; x_wconf 87' lang='lat' dir='ltr'>Fiducia</span> <span class='ocrx_word' id='word_1_336' title='bbox 744 2551 966 2594; x_wconf 86' lang='lat' dir='ltr'>propriorum</span> <span class='ocrx_word' id='word_1_337' title='bbox 992 2551 1066 2584; x_wconf 89' lang='lat' dir='ltr'>cul-</span> 
     </span>
     <span class='ocr_line' id='line_1_49' title="bbox 87 2596 1066 2644; baseline 0.007 -16"><span class='ocrx_word' id='word_1_338' title='bbox 87 2605 187 2629; x_wconf 89' lang='lat' dir='ltr'>tuum</span> <span class='ocrx_word' id='word_1_339' title='bbox 213 2605 398 2631; x_wconf 88' lang='lat' dir='ltr'>moventur</span> <span class='ocrx_word' id='word_1_340' title='bbox 418 2596 600 2644; x_wconf 80' lang='lat' dir='ltr'>homines,</span> <span class='ocrx_word' id='word_1_341' title='bbox 635 2608 672 2634; x_wconf 93' lang='lat' dir='ltr'>ut</span> <span class='ocrx_word' id='word_1_342' title='bbox 703 2602 885 2635; x_wconf 82' lang='lat' dir='ltr'>cumulent</span> <span class='ocrx_word' id='word_1_343' title='bbox 915 2614 1066 2635; x_wconf 86' lang='lat' dir='ltr'>ceremo-</span> 
     </span>
     <span class='ocr_line' id='line_1_50' title="bbox 86 2648 1065 2690; baseline 0.006 -11"><span class='ocrx_word' id='word_1_344' title='bbox 86 2648 184 2687; x_wconf 87' lang='lat' dir='ltr'>nias,</span> <span class='ocrx_word' id='word_1_345' title='bbox 211 2654 244 2680; x_wconf 87' lang='lat' dir='ltr'>et</span> <span class='ocrx_word' id='word_1_346' title='bbox 263 2649 453 2690; x_wconf 86' lang='lat' dir='ltr'>excogitent</span> <span class='ocrx_word' id='word_1_347' title='bbox 471 2661 581 2684; x_wconf 89' lang='lat' dir='ltr'>novos</span> <span class='ocrx_word' id='word_1_348' title='bbox 603 2652 718 2685; x_wconf 85' lang='lat' dir='ltr'>cultus</span> <span class='ocrx_word' id='word_1_349' title='bbox 741 2659 774 2686; x_wconf 92' lang='lat' dir='ltr'>et</span> <span class='ocrx_word' id='word_1_350' title='bbox 791 2651 901 2685; x_wconf 86' lang='lat' dir='ltr'>Deos:</span> <span class='ocrx_word' id='word_1_351' title='bbox 926 2660 964 2686; x_wconf 90' lang='lat' dir='ltr'>ut</span> <span class='ocrx_word' id='word_1_352' title='bbox 989 2665 1065 2686; x_wconf 89' lang='lat' dir='ltr'>cum</span> 
     </span>
     <span class='ocr_line' id='line_1_51' title="bbox 86 2698 1064 2748; baseline 0.007 -18"><span class='ocrx_word' id='word_1_353' title='bbox 86 2698 207 2731; x_wconf 85' lang='lat' dir='ltr'>rustici</span> <span class='ocrx_word' id='word_1_354' title='bbox 224 2705 386 2742; x_wconf 88' lang='lat' dir='ltr'>putarent</span> <span class='ocrx_word' id='word_1_355' title='bbox 406 2700 515 2734; x_wconf 86' lang='lat' dir='ltr'>bonas</span> <span class='ocrx_word' id='word_1_356' title='bbox 531 2709 751 2747; x_wconf 87' lang='lat' dir='ltr'>tempestates</span> <span class='ocrx_word' id='word_1_357' title='bbox 768 2702 951 2748; x_wconf 87' lang='lat' dir='ltr'>impetrari</span> <span class='ocrx_word' id='word_1_358' title='bbox 973 2716 1064 2737; x_wconf 85' lang='lat' dir='ltr'>cere-</span> 
     </span>
    </p>
   </div>
   <div class='ocr_carea' id='block_1_3' title="bbox 437 120 1898 166">
    <p class='ocr_par' dir='ltr' id='par_1_3' title="bbox 437 120 1898 166">
     <span class='ocr_line' id='line_1_52' title="bbox 437 120 1898 166; baseline 0.003 -5"><span class='ocrx_word' id='word_1_359' title='bbox 437 127 471 161; x_wconf 80' lang='lat'>2.</span> <span class='ocrx_word' id='word_1_360' title='bbox 504 123 869 163; x_wconf 85' lang='lat' dir='ltr'><strong>COMMENTARII</strong></span> <span class='ocrx_word' id='word_1_361' title='bbox 899 123 947 160; x_wconf 88' lang='lat' dir='ltr'>IN</span> <span class='ocrx_word' id='word_1_362' title='bbox 974 122 1128 161; x_wconf 82' lang='lat' dir='ltr'><strong>EPIST.</strong></span> <span class='ocrx_word' id='word_1_363' title='bbox 1156 120 1302 159; x_wconf 87' lang='lat' dir='ltr'><strong>PAULI</strong></span> <span class='ocrx_word' id='word_1_364' title='bbox 1328 122 1395 160; x_wconf 87' lang='lat' dir='ltr'>AD</span> <span class='ocrx_word' id='word_1_365' title='bbox 1422 122 1686 165; x_wconf 87' lang='lat' dir='ltr'><strong>ROMANOS.</strong></span> <span class='ocrx_word' id='word_1_366' title='bbox 1737 127 1844 165; x_wconf 88' lang='lat' dir='ltr'><strong>CAP.</strong></span> <span class='ocrx_word' id='word_1_367' title='bbox 1872 128 1898 166; x_wconf 86' lang='lat'>1.</span> 
     </span>
    </p>
   </div>
   <div class='ocr_carea' id='block_1_4' title="bbox 2033 128 2109 165">
    <p class='ocr_par' dir='ltr' id='par_1_4' title="bbox 2033 128 2109 165">
     <span class='ocr_line' id='line_1_53' title="bbox 2033 128 2109 165; baseline -0.013 -1"><span class='ocrx_word' id='word_1_368' title='bbox 2033 128 2109 165; x_wconf 87' lang='grc'>570</span> 
     </span>
    </p>
   </div>
   <div class='ocr_carea' id='block_1_5' title="bbox 1119 211 2113 2750">
    <p class='ocr_par' dir='ltr' id='par_1_5' title="bbox 1119 211 2113 1731">
     <span class='ocr_line' id='line_1_54' title="bbox 1120 211 2108 254; baseline 0.003 -9"><span class='ocrx_word' id='word_1_369' title='bbox 1120 211 1269 253; x_wconf 87' lang='lat' dir='ltr'>moniis,</span> <span class='ocrx_word' id='word_1_370' title='bbox 1296 211 1528 247; x_wconf 84' lang='lat' dir='ltr'>instituerunt</span> <span class='ocrx_word' id='word_1_371' title='bbox 1552 213 1708 254; x_wconf 89' lang='lat' dir='ltr'>cultum,</span> <span class='ocrx_word' id='word_1_372' title='bbox 1735 221 1776 249; x_wconf 88' lang='lat' dir='ltr'>ut</span> <span class='ocrx_word' id='word_1_373' title='bbox 1797 216 1839 249; x_wconf 86' lang='lat' dir='ltr'>ad</span> <span class='ocrx_word' id='word_1_374' title='bbox 1864 214 1957 251; x_wconf 91' lang='lat' dir='ltr'>Iovis</span> <span class='ocrx_word' id='word_1_375' title='bbox 1980 221 2108 249; x_wconf 89' lang='lat' dir='ltr'>tonan-</span> 
     </span>
     <span class='ocr_line' id='line_1_55' title="bbox 1119 263 2109 308; baseline 0.003 -12"><span class='ocrx_word' id='word_1_376' title='bbox 1119 263 1162 296; x_wconf 88' lang='lat' dir='ltr'>tis</span> <span class='ocrx_word' id='word_1_377' title='bbox 1187 270 1337 296; x_wconf 88' lang='lat' dir='ltr'>statuam</span> <span class='ocrx_word' id='word_1_378' title='bbox 1363 265 1534 308; x_wconf 89' lang='lat' dir='ltr'>quaedam</span> <span class='ocrx_word' id='word_1_379' title='bbox 1554 265 1720 299; x_wconf 89' lang='lat' dir='ltr'>sacrificia</span> <span class='ocrx_word' id='word_1_380' title='bbox 1740 266 1906 302; x_wconf 87' lang='lat' dir='ltr'>facerent.</span> <span class='ocrx_word' id='word_1_381' title='bbox 1960 265 2109 307; x_wconf 88' lang='lat' dir='ltr'>Milites,</span> 
     </span>
     <span class='ocr_line' id='line_1_56' title="bbox 1119 315 2109 362; baseline 0.005 -17"><span class='ocrx_word' id='word_1_382' title='bbox 1119 325 1198 346; x_wconf 93' lang='lat' dir='ltr'>cum</span> <span class='ocrx_word' id='word_1_383' title='bbox 1233 321 1395 357; x_wconf 83' lang='lat' dir='ltr'>putarent</span> <span class='ocrx_word' id='word_1_384' title='bbox 1428 315 1637 348; x_wconf 86' lang='lat' dir='ltr'>ceremoniis</span> <span class='ocrx_word' id='word_1_385' title='bbox 1673 317 1854 362; x_wconf 89' lang='lat' dir='ltr'>impetrari</span> <span class='ocrx_word' id='word_1_386' title='bbox 1893 317 2058 351; x_wconf 91' lang='lat' dir='ltr'>victorias</span> <span class='ocrx_word' id='word_1_387' title='bbox 2089 329 2109 350; x_wconf 87' lang='lat' dir='ltr'>a</span> 
     </span>
     <span class='ocr_line' id='line_1_57' title="bbox 1120 363 2109 407; baseline 0.004 -11"><span class='ocrx_word' id='word_1_388' title='bbox 1120 363 1213 402; x_wconf 91' lang='lat' dir='ltr'>Deo,</span> <span class='ocrx_word' id='word_1_389' title='bbox 1241 364 1472 398; x_wconf 89' lang='lat' dir='ltr'>instituerunt</span> <span class='ocrx_word' id='word_1_390' title='bbox 1499 366 1657 407; x_wconf 87' lang='lat' dir='ltr'>cultum,</span> <span class='ocrx_word' id='word_1_391' title='bbox 1684 375 1723 402; x_wconf 89' lang='lat' dir='ltr'>ut</span> <span class='ocrx_word' id='word_1_392' title='bbox 1747 369 1788 402; x_wconf 88' lang='lat' dir='ltr'>ad</span> <span class='ocrx_word' id='word_1_393' title='bbox 1816 375 1965 402; x_wconf 87' lang='lat' dir='ltr'>statuam</span> <span class='ocrx_word' id='word_1_394' title='bbox 1980 367 2109 401; x_wconf 86' lang='lat' dir='ltr'>Martis</span> 
     </span>
     <span class='ocr_line' id='line_1_58' title="bbox 1119 415 2109 459; baseline 0.005 -13"><span class='ocrx_word' id='word_1_395' title='bbox 1119 415 1291 459; x_wconf 85' lang='lat' dir='ltr'>quaedam</span> <span class='ocrx_word' id='word_1_396' title='bbox 1318 415 1483 448; x_wconf 87' lang='lat' dir='ltr'>sacrificia</span> <span class='ocrx_word' id='word_1_397' title='bbox 1511 417 1676 451; x_wconf 89' lang='lat' dir='ltr'>facerent.</span> <span class='ocrx_word' id='word_1_398' title='bbox 1744 418 1794 452; x_wconf 89' lang='lat' dir='ltr'>Ita</span> <span class='ocrx_word' id='word_1_399' title='bbox 1818 417 1972 453; x_wconf 86' lang='lat' dir='ltr'>humana</span> <span class='ocrx_word' id='word_1_400' title='bbox 1999 420 2109 452; x_wconf 90' lang='lat' dir='ltr'>auda-</span> 
     </span>
     <span class='ocr_line' id='line_1_59' title="bbox 1121 464 2109 514; baseline 0.003 -16"><span class='ocrx_word' id='word_1_401' title='bbox 1121 465 1172 498; x_wconf 88' lang='lat' dir='ltr'>cia</span> <span class='ocrx_word' id='word_1_402' title='bbox 1191 464 1399 508; x_wconf 84' lang='lat' dir='ltr'>excogitavit</span> <span class='ocrx_word' id='word_1_403' title='bbox 1417 478 1529 498; x_wconf 90' lang='lat' dir='ltr'>novos</span> <span class='ocrx_word' id='word_1_404' title='bbox 1546 467 1677 508; x_wconf 91' lang='lat' dir='ltr'>cultus,</span> <span class='ocrx_word' id='word_1_405' title='bbox 1704 469 1829 502; x_wconf 89' lang='lat' dir='ltr'>fiducia</span> <span class='ocrx_word' id='word_1_406' title='bbox 1844 482 2004 514; x_wconf 87' lang='lat' dir='ltr'>operum,</span> <span class='ocrx_word' id='word_1_407' title='bbox 2033 470 2109 502; x_wconf 89' lang='lat' dir='ltr'>sine</span> 
     </span>
     <span class='ocr_line' id='line_1_60' title="bbox 1121 514 2110 557; baseline 0.004 -8"><span class='ocrx_word' id='word_1_408' title='bbox 1121 516 1286 549; x_wconf 88' lang='lat' dir='ltr'>mandato</span> <span class='ocrx_word' id='word_1_409' title='bbox 1311 514 1396 557; x_wconf 86' lang='lat' dir='ltr'>Dei,</span> <span class='ocrx_word' id='word_1_410' title='bbox 1431 524 1463 551; x_wconf 89' lang='lat' dir='ltr'>et</span> <span class='ocrx_word' id='word_1_411' title='bbox 1489 525 1609 550; x_wconf 89' lang='lat' dir='ltr'>contra</span> <span class='ocrx_word' id='word_1_412' title='bbox 1637 523 1842 553; x_wconf 88' lang='lat' dir='ltr'>mandatum</span> <span class='ocrx_word' id='word_1_413' title='bbox 1869 519 1947 554; x_wconf 90' lang='lat' dir='ltr'>Dei.</span> <span class='ocrx_word' id='word_1_414' title='bbox 2014 519 2110 553; x_wconf 89' lang='lat' dir='ltr'>Hinc</span> 
     </span>
     <span class='ocr_line' id='line_1_61' title="bbox 1120 566 2110 616; baseline 0.006 -17"><span class='ocrx_word' id='word_1_415' title='bbox 1120 566 1261 610; x_wconf 83' lang='lat' dir='ltr'>longius</span> <span class='ocrx_word' id='word_1_416' title='bbox 1286 567 1491 600; x_wconf 88' lang='lat' dir='ltr'>aberrantes</span> <span class='ocrx_word' id='word_1_417' title='bbox 1524 568 1657 610; x_wconf 89' lang='lat' dir='ltr'>animi,</span> <span class='ocrx_word' id='word_1_418' title='bbox 1700 570 1804 603; x_wconf 91' lang='lat' dir='ltr'>etiam</span> <span class='ocrx_word' id='word_1_419' title='bbox 1837 583 1970 604; x_wconf 90' lang='lat' dir='ltr'>numen</span> <span class='ocrx_word' id='word_1_420' title='bbox 1995 572 2110 616; x_wconf 90' lang='lat' dir='ltr'>quod-</span> 
     </span>
     <span class='ocr_line' id='line_1_62' title="bbox 1121 618 2110 664; baseline 0.004 -14"><span class='ocrx_word' id='word_1_421' title='bbox 1121 619 1200 650; x_wconf 90' lang='lat' dir='ltr'>dam</span> <span class='ocrx_word' id='word_1_422' title='bbox 1226 618 1427 652; x_wconf 86' lang='lat' dir='ltr'>tribuerunt</span> <span class='ocrx_word' id='word_1_423' title='bbox 1452 619 1592 659; x_wconf 80' lang='lat' dir='ltr'>statuis,</span> <span class='ocrx_word' id='word_1_424' title='bbox 1620 632 1659 653; x_wconf 93' lang='lat' dir='ltr'>ac</span> <span class='ocrx_word' id='word_1_425' title='bbox 1684 621 1849 664; x_wconf 89' lang='lat' dir='ltr'>deinceps</span> <span class='ocrx_word' id='word_1_426' title='bbox 1874 622 1935 654; x_wconf 88' lang='lat' dir='ltr'>alii</span> <span class='ocrx_word' id='word_1_427' title='bbox 1958 621 2036 654; x_wconf 90' lang='lat' dir='ltr'>aliis</span> <span class='ocrx_word' id='word_1_428' title='bbox 2054 633 2110 654; x_wconf 88' lang='lat' dir='ltr'>re-</span> 
     </span>
     <span class='ocr_line' id='line_1_63' title="bbox 1120 669 2111 716; baseline 0.004 -15"><span class='ocrx_word' id='word_1_429' title='bbox 1120 669 1204 708; x_wconf 88' lang='lat' dir='ltr'>bus,</span> <span class='ocrx_word' id='word_1_430' title='bbox 1240 681 1310 714; x_wconf 92' lang='lat' dir='ltr'>quo</span> <span class='ocrx_word' id='word_1_431' title='bbox 1332 669 1535 713; x_wconf 87' lang='lat' dir='ltr'>impellebat</span> <span class='ocrx_word' id='word_1_432' title='bbox 1558 670 1742 712; x_wconf 90' lang='lat' dir='ltr'>diabolus,</span> <span class='ocrx_word' id='word_1_433' title='bbox 1788 679 1847 706; x_wconf 90' lang='lat' dir='ltr'>aut</span> <span class='ocrx_word' id='word_1_434' title='bbox 1871 684 1941 716; x_wconf 90' lang='lat' dir='ltr'>quo</span> <span class='ocrx_word' id='word_1_435' title='bbox 1967 672 2111 705; x_wconf 81' lang='lat' dir='ltr'>affectus</span> 
     </span>
     <span class='ocr_line' id='line_1_64' title="bbox 1121 719 2112 764; baseline 0.003 -12"><span class='ocrx_word' id='word_1_436' title='bbox 1121 719 1249 764; x_wconf 90' lang='lat' dir='ltr'>aliquis</span> <span class='ocrx_word' id='word_1_437' title='bbox 1284 726 1455 759; x_wconf 88' lang='lat' dir='ltr'>traxerat,</span> <span class='ocrx_word' id='word_1_438' title='bbox 1499 720 1722 755; x_wconf 87' lang='lat' dir='ltr'>tribuebatur</span> <span class='ocrx_word' id='word_1_439' title='bbox 1765 722 1939 756; x_wconf 88' lang='lat' dir='ltr'>divinitus</span> <span class='ocrx_word' id='word_1_440' title='bbox 1978 722 2112 763; x_wconf 83' lang='lat' dir='ltr'>statuis,</span> 
     </span>
     <span class='ocr_line' id='line_1_65' title="bbox 1122 770 2112 817; baseline 0.002 -13"><span class='ocrx_word' id='word_1_441' title='bbox 1122 771 1327 815; x_wconf 84' lang='lat' dir='ltr'>pecudibus.</span> <span class='ocrx_word' id='word_1_442' title='bbox 1381 770 1453 805; x_wconf 89' lang='lat' dir='ltr'>Nec</span> <span class='ocrx_word' id='word_1_443' title='bbox 1471 778 1606 805; x_wconf 85' lang='lat' dir='ltr'>tantum</span> <span class='ocrx_word' id='word_1_444' title='bbox 1625 773 1670 806; x_wconf 89' lang='lat' dir='ltr'>ab</span> <span class='ocrx_word' id='word_1_445' title='bbox 1687 770 1852 807; x_wconf 90' lang='lat' dir='ltr'>Ethnicis</span> <span class='ocrx_word' id='word_1_446' title='bbox 1872 779 2037 817; x_wconf 90' lang='lat' dir='ltr'>petantur</span> <span class='ocrx_word' id='word_1_447' title='bbox 2053 784 2112 806; x_wconf 87' lang='lat' dir='ltr'>ex-</span> 
     </span>
     <span class='ocr_line' id='line_1_66' title="bbox 1122 820 2113 866; baseline 0.002 -12"><span class='ocrx_word' id='word_1_448' title='bbox 1122 822 1249 866; x_wconf 86' lang='lat' dir='ltr'>empla.</span> <span class='ocrx_word' id='word_1_449' title='bbox 1303 820 1399 864; x_wconf 86' lang='lat' dir='ltr'>Quid</span> <span class='ocrx_word' id='word_1_450' title='bbox 1417 835 1513 856; x_wconf 90' lang='lat' dir='ltr'>nunc</span> <span class='ocrx_word' id='word_1_451' title='bbox 1530 823 1594 856; x_wconf 83' lang='lat' dir='ltr'>fit?</span> <span class='ocrx_word' id='word_1_452' title='bbox 1625 822 1798 858; x_wconf 89' lang='lat' dir='ltr'>Homines</span> <span class='ocrx_word' id='word_1_453' title='bbox 1816 825 1983 857; x_wconf 89' lang='lat' dir='ltr'>invocant</span> <span class='ocrx_word' id='word_1_454' title='bbox 2000 824 2113 864; x_wconf 87' lang='lat' dir='ltr'>divos,</span> 
     </span>
     <span class='ocr_line' id='line_1_67' title="bbox 1123 872 2112 918; baseline 0.002 -13"><span class='ocrx_word' id='word_1_455' title='bbox 1123 884 1265 918; x_wconf 89' lang='lat' dir='ltr'>prorsus</span> <span class='ocrx_word' id='word_1_456' title='bbox 1287 879 1325 905; x_wconf 88' lang='lat' dir='ltr'>ut</span> <span class='ocrx_word' id='word_1_457' title='bbox 1350 873 1435 906; x_wconf 91' lang='lat' dir='ltr'>olim</span> <span class='ocrx_word' id='word_1_458' title='bbox 1460 872 1669 915; x_wconf 88' lang='lat' dir='ltr'>Herculem,</span> <span class='ocrx_word' id='word_1_459' title='bbox 1704 883 1764 910; x_wconf 87' lang='lat' dir='ltr'>aut</span> <span class='ocrx_word' id='word_1_460' title='bbox 1788 874 1984 910; x_wconf 86' lang='lat' dir='ltr'>Romulum</span> <span class='ocrx_word' id='word_1_461' title='bbox 2009 875 2112 907; x_wconf 88' lang='lat' dir='ltr'>invo-</span> 
     </span>
     <span class='ocr_line' id='line_1_68' title="bbox 1123 920 2112 963; baseline 0 -5"><span class='ocrx_word' id='word_1_462' title='bbox 1123 924 1249 958; x_wconf 89' lang='lat' dir='ltr'>cabant</span> <span class='ocrx_word' id='word_1_463' title='bbox 1274 920 1433 959; x_wconf 85' lang='lat' dir='ltr'>Ethnici.</span> <span class='ocrx_word' id='word_1_464' title='bbox 1487 922 1534 958; x_wconf 85' lang='lat' dir='ltr'>Et</span> <span class='ocrx_word' id='word_1_465' title='bbox 1561 925 1629 958; x_wconf 91' lang='lat' dir='ltr'>alia</span> <span class='ocrx_word' id='word_1_466' title='bbox 1663 933 1745 960; x_wconf 90' lang='lat' dir='ltr'>sunt</span> <span class='ocrx_word' id='word_1_467' title='bbox 1770 926 1922 960; x_wconf 90' lang='lat' dir='ltr'>aliorum</span> <span class='ocrx_word' id='word_1_468' title='bbox 1952 926 2112 963; x_wconf 82' lang='lat' dir='ltr'>numina,</span> 
     </span>
     <span class='ocr_line' id='line_1_69' title="bbox 1124 974 2113 1019; baseline 0 -11"><span class='ocrx_word' id='word_1_469' title='bbox 1124 975 1251 1008; x_wconf 86' lang='lat' dir='ltr'>milites</span> <span class='ocrx_word' id='word_1_470' title='bbox 1285 976 1452 1009; x_wconf 82' lang='lat' dir='ltr'>invocant</span> <span class='ocrx_word' id='word_1_471' title='bbox 1486 974 1707 1019; x_wconf 87' lang='lat' dir='ltr'>Georgium,</span> <span class='ocrx_word' id='word_1_472' title='bbox 1753 984 1881 1011; x_wconf 88' lang='lat' dir='ltr'>nautae</span> <span class='ocrx_word' id='word_1_473' title='bbox 1915 976 2113 1017; x_wconf 88' lang='lat' dir='ltr'>Nicolaum,</span> 
     </span>
     <span class='ocr_line' id='line_1_70' title="bbox 1124 1025 2112 1071; baseline 0.002 -13"><span class='ocrx_word' id='word_1_474' title='bbox 1124 1025 1219 1058; x_wconf 93' lang='lat' dir='ltr'>avari</span> <span class='ocrx_word' id='word_1_475' title='bbox 1235 1026 1390 1060; x_wconf 86' lang='lat' dir='ltr'>Annam.</span> <span class='ocrx_word' id='word_1_476' title='bbox 1439 1025 1604 1060; x_wconf 88' lang='lat' dir='ltr'>Curritur</span> <span class='ocrx_word' id='word_1_477' title='bbox 1620 1028 1662 1060; x_wconf 91' lang='lat' dir='ltr'>ad</span> <span class='ocrx_word' id='word_1_478' title='bbox 1680 1034 1811 1062; x_wconf 87' lang='lat' dir='ltr'>statuas</span> <span class='ocrx_word' id='word_1_479' title='bbox 1827 1039 1926 1062; x_wconf 85' lang='lat' dir='ltr'>more</span> <span class='ocrx_word' id='word_1_480' title='bbox 1942 1027 2112 1071; x_wconf 85' lang='lat' dir='ltr'>gentium,</span> 
     </span>
     <span class='ocr_line' id='line_1_71' title="bbox 1127 1077 2113 1121; baseline 0.001 -12"><span class='ocrx_word' id='word_1_481' title='bbox 1127 1084 1158 1110; x_wconf 85' lang='lat' dir='ltr'>et</span> <span class='ocrx_word' id='word_1_482' title='bbox 1178 1083 1236 1110; x_wconf 91' lang='lat' dir='ltr'>aut</span> <span class='ocrx_word' id='word_1_483' title='bbox 1261 1077 1345 1121; x_wconf 86' lang='lat' dir='ltr'>ipsis</span> <span class='ocrx_word' id='word_1_484' title='bbox 1370 1078 1494 1111; x_wconf 87' lang='lat' dir='ltr'>statuis</span> <span class='ocrx_word' id='word_1_485' title='bbox 1510 1089 1641 1111; x_wconf 91' lang='lat' dir='ltr'>numen</span> <span class='ocrx_word' id='word_1_486' title='bbox 1660 1078 1848 1120; x_wconf 86' lang='lat' dir='ltr'>tribuitur,</span> <span class='ocrx_word' id='word_1_487' title='bbox 1873 1085 1933 1112; x_wconf 91' lang='lat' dir='ltr'>aut</span> <span class='ocrx_word' id='word_1_488' title='bbox 1947 1078 2113 1121; x_wconf 86' lang='lat' dir='ltr'>alligatur</span> 
     </span>
     <span class='ocr_line' id='line_1_72' title="bbox 1125 1126 2113 1174; baseline 0 -13"><span class='ocrx_word' id='word_1_489' title='bbox 1125 1127 1220 1161; x_wconf 90' lang='lat' dir='ltr'>Deus</span> <span class='ocrx_word' id='word_1_490' title='bbox 1244 1129 1286 1160; x_wconf 88' lang='lat' dir='ltr'>ad</span> <span class='ocrx_word' id='word_1_491' title='bbox 1312 1134 1463 1169; x_wconf 89' lang='lat' dir='ltr'>statuas,</span> <span class='ocrx_word' id='word_1_492' title='bbox 1502 1126 1567 1161; x_wconf 91' lang='lat' dir='ltr'>hac</span> <span class='ocrx_word' id='word_1_493' title='bbox 1591 1129 1778 1172; x_wconf 90' lang='lat' dir='ltr'>opinione,</span> <span class='ocrx_word' id='word_1_494' title='bbox 1819 1130 1913 1174; x_wconf 90' lang='lat' dir='ltr'>quod</span> <span class='ocrx_word' id='word_1_495' title='bbox 1942 1129 2113 1173; x_wconf 91' lang='lat' dir='ltr'>placatior</span> 
     </span>
     <span class='ocr_line' id='line_1_73' title="bbox 1124 1176 2111 1223; baseline 0 -12"><span class='ocrx_word' id='word_1_496' title='bbox 1124 1179 1169 1212; x_wconf 86' lang='lat' dir='ltr'>sit</span> <span class='ocrx_word' id='word_1_497' title='bbox 1185 1179 1227 1211; x_wconf 91' lang='lat' dir='ltr'>ad</span> <span class='ocrx_word' id='word_1_498' title='bbox 1253 1176 1342 1211; x_wconf 86' lang='lat' dir='ltr'>hanc</span> <span class='ocrx_word' id='word_1_499' title='bbox 1365 1185 1531 1212; x_wconf 89' lang='lat' dir='ltr'>statuam:</span> <span class='ocrx_word' id='word_1_500' title='bbox 1560 1191 1638 1212; x_wconf 89' lang='lat' dir='ltr'>cum</span> <span class='ocrx_word' id='word_1_501' title='bbox 1656 1179 1752 1213; x_wconf 91' lang='lat' dir='ltr'>Deus</span> <span class='ocrx_word' id='word_1_502' title='bbox 1771 1181 1861 1213; x_wconf 91' lang='lat' dir='ltr'>nolit</span> <span class='ocrx_word' id='word_1_503' title='bbox 1886 1180 2023 1223; x_wconf 84' lang='lat' dir='ltr'>alligari</span> <span class='ocrx_word' id='word_1_504' title='bbox 2046 1179 2111 1213; x_wconf 90' lang='lat' dir='ltr'>ulli</span> 
     </span>
     <span class='ocr_line' id='line_1_74' title="bbox 1125 1229 2112 1274; baseline 0.001 -13"><span class='ocrx_word' id='word_1_505' title='bbox 1125 1229 1192 1270; x_wconf 89' lang='lat' dir='ltr'>rei,</span> <span class='ocrx_word' id='word_1_506' title='bbox 1218 1230 1261 1262; x_wconf 88' lang='lat' dir='ltr'>ad</span> <span class='ocrx_word' id='word_1_507' title='bbox 1286 1241 1390 1274; x_wconf 84' lang='lat' dir='ltr'>quam</span> <span class='ocrx_word' id='word_1_508' title='bbox 1415 1241 1449 1262; x_wconf 89' lang='lat' dir='ltr'>se</span> <span class='ocrx_word' id='word_1_509' title='bbox 1472 1241 1545 1262; x_wconf 91' lang='lat' dir='ltr'>non</span> <span class='ocrx_word' id='word_1_510' title='bbox 1571 1241 1732 1272; x_wconf 88' lang='lat' dir='ltr'>expresso</span> <span class='ocrx_word' id='word_1_511' title='bbox 1756 1232 1923 1265; x_wconf 82' lang='lat' dir='ltr'>mandato</span> <span class='ocrx_word' id='word_1_512' title='bbox 1940 1231 2038 1264; x_wconf 90' lang='lat' dir='ltr'>iubet</span> <span class='ocrx_word' id='word_1_513' title='bbox 2056 1230 2112 1262; x_wconf 86' lang='lat' dir='ltr'>in-</span> 
     </span>
     <span class='ocr_line' id='line_1_75' title="bbox 1125 1277 2111 1323; baseline 0.002 -11"><span class='ocrx_word' id='word_1_514' title='bbox 1125 1280 1253 1314; x_wconf 88' lang='lat' dir='ltr'>vocari.</span> <span class='ocrx_word' id='word_1_515' title='bbox 1308 1277 1371 1314; x_wconf 88' lang='lat' dir='ltr'>Est</span> <span class='ocrx_word' id='word_1_516' title='bbox 1389 1279 1496 1323; x_wconf 83' lang='lat' dir='ltr'>igitur</span> <span class='ocrx_word' id='word_1_517' title='bbox 1513 1280 1695 1314; x_wconf 88' lang='lat' dir='ltr'>manifesta</span> <span class='ocrx_word' id='word_1_518' title='bbox 1717 1282 1753 1314; x_wconf 94' lang='lat' dir='ltr'>in</span> <span class='ocrx_word' id='word_1_519' title='bbox 1779 1283 1912 1315; x_wconf 89' lang='lat' dir='ltr'>mundo</span> <span class='ocrx_word' id='word_1_520' title='bbox 1933 1281 2111 1322; x_wconf 87' lang='lat' dir='ltr'>idolatria,</span> 
     </span>
     <span class='ocr_line' id='line_1_76' title="bbox 1125 1328 2107 1375; baseline 0.004 -13"><span class='ocrx_word' id='word_1_521' title='bbox 1125 1337 1157 1363; x_wconf 89' lang='lat' dir='ltr'>et</span> <span class='ocrx_word' id='word_1_522' title='bbox 1174 1328 1265 1363; x_wconf 78' lang='lat' dir='ltr'>hanc</span> <span class='ocrx_word' id='word_1_523' title='bbox 1282 1331 1433 1373; x_wconf 87' lang='lat' dir='ltr'>probant</span> <span class='ocrx_word' id='word_1_524' title='bbox 1451 1342 1489 1363; x_wconf 90' lang='lat' dir='ltr'>ac</span> <span class='ocrx_word' id='word_1_525' title='bbox 1508 1331 1704 1365; x_wconf 83' lang='lat' dir='ltr'>defendunt</span> <span class='ocrx_word' id='word_1_526' title='bbox 1723 1331 1914 1366; x_wconf 84' lang='lat' dir='ltr'>Pontifices</span> <span class='ocrx_word' id='word_1_527' title='bbox 1933 1339 1965 1366; x_wconf 87' lang='lat' dir='ltr'>et</span> <span class='ocrx_word' id='word_1_528' title='bbox 1981 1331 2107 1375; x_wconf 81' lang='lat' dir='ltr'>Reges.</span> 
     </span>
     <span class='ocr_line' id='line_1_77' title="bbox 1126 1380 2112 1426; baseline 0.004 -14"><span class='ocrx_word' id='word_1_529' title='bbox 1126 1380 1288 1413; x_wconf 89' lang='lat' dir='ltr'>Lutetiae</span> <span class='ocrx_word' id='word_1_530' title='bbox 1304 1381 1448 1425; x_wconf 90' lang='lat' dir='ltr'>quidam</span> <span class='ocrx_word' id='word_1_531' title='bbox 1466 1382 1680 1416; x_wconf 83' lang='lat' dir='ltr'>sustulerant</span> <span class='ocrx_word' id='word_1_532' title='bbox 1696 1383 1847 1426; x_wconf 80' lang='lat' dir='ltr'>ligneam</span> <span class='ocrx_word' id='word_1_533' title='bbox 1863 1390 2013 1417; x_wconf 87' lang='lat' dir='ltr'>statuam</span> <span class='ocrx_word' id='word_1_534' title='bbox 2031 1382 2112 1416; x_wconf 87' lang='lat' dir='ltr'>Ma-</span> 
     </span>
     <span class='ocr_line' id='line_1_78' title="bbox 1125 1431 2112 1478; baseline 0.003 -14"><span class='ocrx_word' id='word_1_535' title='bbox 1125 1431 1220 1472; x_wconf 86' lang='lat' dir='ltr'>riae,</span> <span class='ocrx_word' id='word_1_536' title='bbox 1247 1431 1406 1465; x_wconf 83' lang='lat' dir='ltr'>fortassis</span> <span class='ocrx_word' id='word_1_537' title='bbox 1425 1439 1463 1466; x_wconf 89' lang='lat' dir='ltr'>ut</span> <span class='ocrx_word' id='word_1_538' title='bbox 1487 1433 1772 1475; x_wconf 84' lang='lat' dir='ltr'>superstitionem</span> <span class='ocrx_word' id='word_1_539' title='bbox 1796 1435 1918 1478; x_wconf 90' lang='lat' dir='ltr'>populi</span> <span class='ocrx_word' id='word_1_540' title='bbox 1943 1431 2112 1478; x_wconf 89' lang='lat' dir='ltr'>prohibe-</span> 
     </span>
     <span class='ocr_line' id='line_1_79' title="bbox 1131 1482 2112 1527; baseline 0.004 -13"><span class='ocrx_word' id='word_1_541' title='bbox 1131 1488 1226 1522; x_wconf 88' lang='lat' dir='ltr'>rent,</span> <span class='ocrx_word' id='word_1_542' title='bbox 1252 1482 1409 1516; x_wconf 88' lang='lat' dir='ltr'>restituta</span> <span class='ocrx_word' id='word_1_543' title='bbox 1429 1490 1478 1516; x_wconf 85' lang='lat' dir='ltr'>est</span> <span class='ocrx_word' id='word_1_544' title='bbox 1495 1484 1561 1516; x_wconf 87' lang='lat' dir='ltr'>alia</span> <span class='ocrx_word' id='word_1_545' title='bbox 1579 1492 1761 1527; x_wconf 77' lang='lat' dir='ltr'>argentea,</span> <span class='ocrx_word' id='word_1_546' title='bbox 1789 1492 1827 1519; x_wconf 91' lang='lat' dir='ltr'>ut</span> <span class='ocrx_word' id='word_1_547' title='bbox 1843 1486 2112 1519; x_wconf 89' lang='lat' dir='ltr'>confirmaretur</span> 
     </span>
     <span class='ocr_line' id='line_1_80' title="bbox 1124 1532 2110 1578; baseline 0.003 -12"><span class='ocrx_word' id='word_1_548' title='bbox 1124 1532 1353 1568; x_wconf 86' lang='lat' dir='ltr'>idolomania.</span> <span class='ocrx_word' id='word_1_549' title='bbox 1427 1532 1565 1567; x_wconf 88' lang='lat' dir='ltr'>Deinde</span> <span class='ocrx_word' id='word_1_550' title='bbox 1588 1536 1770 1578; x_wconf 85' lang='lat' dir='ltr'>multiplex</span> <span class='ocrx_word' id='word_1_551' title='bbox 1796 1543 1848 1570; x_wconf 91' lang='lat' dir='ltr'>est</span> <span class='ocrx_word' id='word_1_552' title='bbox 1878 1536 2041 1570; x_wconf 90' lang='lat' dir='ltr'>idolatria</span> <span class='ocrx_word' id='word_1_553' title='bbox 2073 1536 2110 1569; x_wconf 91' lang='lat' dir='ltr'>in</span> 
     </span>
     <span class='ocr_line' id='line_1_81' title="bbox 1124 1583 2109 1620; baseline 0.002 -3"><span class='ocrx_word' id='word_1_554' title='bbox 1124 1584 1202 1617; x_wconf 89' lang='lat' dir='ltr'>aliis</span> <span class='ocrx_word' id='word_1_555' title='bbox 1218 1584 1384 1618; x_wconf 81' lang='lat' dir='ltr'>cultibus.</span> <span class='ocrx_word' id='word_1_556' title='bbox 1438 1583 1619 1618; x_wconf 87' lang='lat' dir='ltr'>Tribuunt</span> <span class='ocrx_word' id='word_1_557' title='bbox 1637 1586 1761 1619; x_wconf 89' lang='lat' dir='ltr'>missae</span> <span class='ocrx_word' id='word_1_558' title='bbox 1778 1593 1810 1620; x_wconf 90' lang='lat' dir='ltr'>et</span> <span class='ocrx_word' id='word_1_559' title='bbox 1828 1587 1919 1620; x_wconf 84' lang='lat' dir='ltr'>votis</span> <span class='ocrx_word' id='word_1_560' title='bbox 1936 1585 2109 1620; x_wconf 90' lang='lat' dir='ltr'>honorem</span> 
     </span>
     <span class='ocr_line' id='line_1_82' title="bbox 1124 1632 2111 1681; baseline 0.003 -14"><span class='ocrx_word' id='word_1_561' title='bbox 1124 1634 1283 1667; x_wconf 88' lang='lat' dir='ltr'>debitum</span> <span class='ocrx_word' id='word_1_562' title='bbox 1314 1632 1474 1675; x_wconf 86' lang='lat' dir='ltr'>Christo,</span> <span class='ocrx_word' id='word_1_563' title='bbox 1502 1636 1596 1679; x_wconf 89' lang='lat' dir='ltr'>quod</span> <span class='ocrx_word' id='word_1_564' title='bbox 1624 1637 1838 1670; x_wconf 84' lang='lat' dir='ltr'>satisfaciant</span> <span class='ocrx_word' id='word_1_565' title='bbox 1860 1649 1924 1681; x_wconf 89' lang='lat' dir='ltr'>pro</span> <span class='ocrx_word' id='word_1_566' title='bbox 1948 1637 2111 1681; x_wconf 81' lang='lat' dir='ltr'>peccatis,</span> 
     </span>
     <span class='ocr_line' id='line_1_83' title="bbox 1125 1686 1948 1731; baseline 0.006 -14"><span class='ocrx_word' id='word_1_567' title='bbox 1125 1686 1219 1730; x_wconf 88' lang='lat' dir='ltr'>quod</span> <span class='ocrx_word' id='word_1_568' title='bbox 1237 1692 1438 1718; x_wconf 85' lang='lat' dir='ltr'>mereantur</span> <span class='ocrx_word' id='word_1_569' title='bbox 1455 1686 1695 1720; x_wconf 87' lang='lat' dir='ltr'>remissionem</span> <span class='ocrx_word' id='word_1_570' title='bbox 1715 1694 1948 1731; x_wconf 90' lang='lat' dir='ltr'>peccatorum.</span> 
     </span>
    </p>

    <p class='ocr_par' dir='ltr' id='par_1_6' title="bbox 1121 1734 2112 2750">
     <span class='ocr_line' id='line_1_84' title="bbox 1225 1734 2111 1782; baseline 0.003 -13"><span class='ocrx_word' id='word_1_571' title='bbox 1225 1734 1313 1769; x_wconf 89' lang='lat' dir='ltr'>Cum</span> <span class='ocrx_word' id='word_1_572' title='bbox 1342 1737 1449 1779; x_wconf 85' lang='lat' dir='ltr'>igitur</span> <span class='ocrx_word' id='word_1_573' title='bbox 1473 1744 1612 1771; x_wconf 84' lang='lat' dir='ltr'>maneat</span> <span class='ocrx_word' id='word_1_574' title='bbox 1633 1738 1812 1782; x_wconf 84' lang='lat' dir='ltr'>impietas,</span> <span class='ocrx_word' id='word_1_575' title='bbox 1841 1738 2002 1772; x_wconf 78' lang='lat' dir='ltr'>videlicet</span> <span class='ocrx_word' id='word_1_576' title='bbox 2022 1737 2111 1782; x_wconf 87' lang='lat' dir='ltr'>Epi-</span> 
     </span>
     <span class='ocr_line' id='line_1_85' title="bbox 1125 1788 2112 1834; baseline 0.004 -15"><span class='ocrx_word' id='word_1_577' title='bbox 1125 1798 1227 1820; x_wconf 89' lang='lat' dir='ltr'>curea</span> <span class='ocrx_word' id='word_1_578' title='bbox 1251 1788 1435 1828; x_wconf 80' lang='lat' dir='ltr'>securitas,</span> <span class='ocrx_word' id='word_1_579' title='bbox 1463 1794 1496 1821; x_wconf 89' lang='lat' dir='ltr'>et</span> <span class='ocrx_word' id='word_1_580' title='bbox 1521 1789 1722 1833; x_wconf 91' lang='lat' dir='ltr'>superstitio</span> <span class='ocrx_word' id='word_1_581' title='bbox 1746 1790 1986 1834; x_wconf 89' lang='lat' dir='ltr'>cuiuscunque</span> <span class='ocrx_word' id='word_1_582' title='bbox 2002 1790 2112 1831; x_wconf 85' lang='lat' dir='ltr'>modi,</span> 
     </span>
     <span class='ocr_line' id='line_1_86' title="bbox 1125 1838 2110 1884; baseline 0.003 -13"><span class='ocrx_word' id='word_1_583' title='bbox 1125 1849 1267 1881; x_wconf 81' lang='lat' dir='ltr'>agamus</span> <span class='ocrx_word' id='word_1_584' title='bbox 1298 1838 1571 1882; x_wconf 88' lang='lat' dir='ltr'>poenitentiam,</span> <span class='ocrx_word' id='word_1_585' title='bbox 1615 1852 1825 1884; x_wconf 88' lang='lat' dir='ltr'>quaeramus</span> <span class='ocrx_word' id='word_1_586' title='bbox 1854 1841 1999 1874; x_wconf 85' lang='lat' dir='ltr'>verbum</span> <span class='ocrx_word' id='word_1_587' title='bbox 2029 1839 2110 1879; x_wconf 79' lang='lat' dir='ltr'>Dei,</span> 
     </span>
     <span class='ocr_line' id='line_1_87' title="bbox 1124 1888 2109 1925; baseline 0.003 -3"><span class='ocrx_word' id='word_1_588' title='bbox 1124 1896 1155 1922; x_wconf 87' lang='lat' dir='ltr'>et</span> <span class='ocrx_word' id='word_1_589' title='bbox 1173 1888 1285 1922; x_wconf 88' lang='lat' dir='ltr'>Deum</span> <span class='ocrx_word' id='word_1_590' title='bbox 1310 1896 1401 1922; x_wconf 91' lang='lat' dir='ltr'>recte</span> <span class='ocrx_word' id='word_1_591' title='bbox 1426 1890 1539 1923; x_wconf 88' lang='lat' dir='ltr'>colere</span> <span class='ocrx_word' id='word_1_592' title='bbox 1564 1897 1598 1924; x_wconf 90' lang='lat' dir='ltr'>et</span> <span class='ocrx_word' id='word_1_593' title='bbox 1623 1892 1788 1924; x_wconf 90' lang='lat' dir='ltr'>invocare</span> <span class='ocrx_word' id='word_1_594' title='bbox 1812 1904 1892 1925; x_wconf 90' lang='lat' dir='ltr'>vera</span> <span class='ocrx_word' id='word_1_595' title='bbox 1911 1892 1979 1925; x_wconf 85' lang='lat' dir='ltr'>fide</span> <span class='ocrx_word' id='word_1_596' title='bbox 1995 1892 2109 1925; x_wconf 89' lang='lat' dir='ltr'>disca-</span> 
     </span>
     <span class='ocr_line' id='line_1_88' title="bbox 1124 1940 2108 1986; baseline 0.004 -13"><span class='ocrx_word' id='word_1_597' title='bbox 1124 1951 1199 1973; x_wconf 88' lang='lat' dir='ltr'>mus</span> <span class='ocrx_word' id='word_1_598' title='bbox 1217 1964 1225 1978; x_wconf 90' lang='lat'>,</span> <span class='ocrx_word' id='word_1_599' title='bbox 1268 1947 1436 1983; x_wconf 87' lang='lat' dir='ltr'>regantur</span> <span class='ocrx_word' id='word_1_600' title='bbox 1470 1941 1576 1974; x_wconf 86' lang='lat' dir='ltr'>verbo</span> <span class='ocrx_word' id='word_1_601' title='bbox 1600 1940 1665 1975; x_wconf 91' lang='lat' dir='ltr'>Dei</span> <span class='ocrx_word' id='word_1_602' title='bbox 1691 1942 1775 1976; x_wconf 87' lang='lat' dir='ltr'>fides</span> <span class='ocrx_word' id='word_1_603' title='bbox 1799 1950 1832 1977; x_wconf 85' lang='lat' dir='ltr'>et</span> <span class='ocrx_word' id='word_1_604' title='bbox 1855 1955 1980 1986; x_wconf 85' lang='lat' dir='ltr'>opera,</span> <span class='ocrx_word' id='word_1_605' title='bbox 2011 1942 2108 1977; x_wconf 73' lang='lat' dir='ltr'>iuxta</span> 
     </span>
     <span class='ocr_line' id='line_1_89' title="bbox 1124 1989 2108 2035; baseline 0.003 -12"><span class='ocrx_word' id='word_1_606' title='bbox 1124 1991 1228 2023; x_wconf 90' lang='lat' dir='ltr'>illud:</span> <span class='ocrx_word' id='word_1_607' title='bbox 1251 1989 1411 2024; x_wconf 88' lang='lat' dir='ltr'>Lucerna</span> <span class='ocrx_word' id='word_1_608' title='bbox 1428 1992 1575 2035; x_wconf 80' lang='lat' dir='ltr'>pedihus</span> <span class='ocrx_word' id='word_1_609' title='bbox 1591 1993 1678 2026; x_wconf 90' lang='lat' dir='ltr'>meis</span> <span class='ocrx_word' id='word_1_610' title='bbox 1696 1994 1841 2027; x_wconf 87' lang='lat' dir='ltr'>verbum</span> <span class='ocrx_word' id='word_1_611' title='bbox 1859 2001 1969 2028; x_wconf 90' lang='lat' dir='ltr'>tuum.</span> <span class='ocrx_word' id='word_1_612' title='bbox 2017 1992 2108 2026; x_wconf 87' lang='lat' dir='ltr'>Nam</span> 
     </span>
     <span class='ocr_line' id='line_1_90' title="bbox 1124 2039 2108 2085; baseline 0.002 -10"><span class='ocrx_word' id='word_1_613' title='bbox 1124 2054 1201 2075; x_wconf 92' lang='lat' dir='ltr'>cum</span> <span class='ocrx_word' id='word_1_614' title='bbox 1223 2042 1266 2074; x_wconf 89' lang='lat' dir='ltr'>ab</span> <span class='ocrx_word' id='word_1_615' title='bbox 1285 2039 1348 2075; x_wconf 88' lang='lat' dir='ltr'>hac</span> <span class='ocrx_word' id='word_1_616' title='bbox 1365 2042 1505 2076; x_wconf 85' lang='lat' dir='ltr'>lucerna</span> <span class='ocrx_word' id='word_1_617' title='bbox 1524 2043 1734 2085; x_wconf 88' lang='lat' dir='ltr'>disceditur,</span> <span class='ocrx_word' id='word_1_618' title='bbox 1761 2045 1877 2079; x_wconf 88' lang='lat' dir='ltr'>statim</span> <span class='ocrx_word' id='word_1_619' title='bbox 1903 2044 2034 2078; x_wconf 86' lang='lat' dir='ltr'>infiniti</span> <span class='ocrx_word' id='word_1_620' title='bbox 2051 2056 2108 2077; x_wconf 85' lang='lat' dir='ltr'>er—</span> 
     </span>
     <span class='ocr_line' id='line_1_91' title="bbox 1122 2093 2105 2139; baseline 0.002 -14"><span class='ocrx_word' id='word_1_621' title='bbox 1122 2104 1219 2126; x_wconf 89' lang='lat' dir='ltr'>rores</span> <span class='ocrx_word' id='word_1_622' title='bbox 1253 2093 1441 2136; x_wconf 90' lang='lat' dir='ltr'>obrepunt.</span> <span class='ocrx_word' id='word_1_623' title='bbox 1510 2093 1780 2139; x_wconf 90' lang='lat' dir='ltr'>Amplectamur</span> <span class='ocrx_word' id='word_1_624' title='bbox 1818 2096 1927 2139; x_wconf 84' lang='lat' dir='ltr'>igitur</span> <span class='ocrx_word' id='word_1_625' title='bbox 1960 2095 2105 2128; x_wconf 84' lang='lat' dir='ltr'>verbum</span> 
     </span>
     <span class='ocr_line' id='line_1_92' title="bbox 1123 2142 2107 2190; baseline 0.002 -14"><span class='ocrx_word' id='word_1_626' title='bbox 1123 2142 1207 2184; x_wconf 89' lang='lat' dir='ltr'>Dei,</span> <span class='ocrx_word' id='word_1_627' title='bbox 1236 2150 1268 2177; x_wconf 89' lang='lat' dir='ltr'>et</span> <span class='ocrx_word' id='word_1_628' title='bbox 1291 2156 1432 2177; x_wconf 90' lang='lat' dir='ltr'>oremus</span> <span class='ocrx_word' id='word_1_629' title='bbox 1458 2144 1590 2186; x_wconf 90' lang='lat' dir='ltr'>Deum,</span> <span class='ocrx_word' id='word_1_630' title='bbox 1617 2153 1655 2180; x_wconf 92' lang='lat' dir='ltr'>ut</span> <span class='ocrx_word' id='word_1_631' title='bbox 1678 2158 1741 2190; x_wconf 92' lang='lat' dir='ltr'>per</span> <span class='ocrx_word' id='word_1_632' title='bbox 1764 2147 1874 2180; x_wconf 88' lang='lat' dir='ltr'>filium</span> <span class='ocrx_word' id='word_1_633' title='bbox 1895 2158 1995 2179; x_wconf 87' lang='lat' dir='ltr'>suum</span> <span class='ocrx_word' id='word_1_634' title='bbox 2014 2146 2107 2179; x_wconf 85' lang='lat' dir='ltr'>libe—</span> 
     </span>
     <span class='ocr_line' id='line_1_93' title="bbox 1122 2195 2105 2242; baseline 0.002 -15"><span class='ocrx_word' id='word_1_635' title='bbox 1122 2202 1173 2228; x_wconf 88' lang='lat' dir='ltr'>ret</span> <span class='ocrx_word' id='word_1_636' title='bbox 1198 2205 1262 2227; x_wconf 90' lang='lat' dir='ltr'>nos</span> <span class='ocrx_word' id='word_1_637' title='bbox 1286 2195 1330 2228; x_wconf 87' lang='lat' dir='ltr'>ab</span> <span class='ocrx_word' id='word_1_638' title='bbox 1355 2196 1519 2229; x_wconf 86' lang='lat' dir='ltr'>omnibus</span> <span class='ocrx_word' id='word_1_639' title='bbox 1543 2197 1723 2231; x_wconf 87' lang='lat' dir='ltr'>erroribus</span> <span class='ocrx_word' id='word_1_640' title='bbox 1743 2204 1776 2230; x_wconf 90' lang='lat' dir='ltr'>et</span> <span class='ocrx_word' id='word_1_641' title='bbox 1799 2197 1997 2242; x_wconf 88' lang='lat' dir='ltr'>impietate,</span> <span class='ocrx_word' id='word_1_642' title='bbox 2025 2209 2105 2230; x_wconf 91' lang='lat' dir='ltr'>cum</span> 
     </span>
     <span class='ocr_line' id='line_1_94' title="bbox 1123 2244 2105 2292; baseline 0.002 -14"><span class='ocrx_word' id='word_1_643' title='bbox 1123 2246 1234 2279; x_wconf 86' lang='lat' dir='ltr'>filium</span> <span class='ocrx_word' id='word_1_644' title='bbox 1258 2245 1338 2278; x_wconf 89' lang='lat' dir='ltr'>ideo</span> <span class='ocrx_word' id='word_1_645' title='bbox 1364 2247 1468 2279; x_wconf 89' lang='lat' dir='ltr'>nobis</span> <span class='ocrx_word' id='word_1_646' title='bbox 1492 2244 1716 2288; x_wconf 75' lang='lat' dir='ltr'>exhibuerit,</span> <span class='ocrx_word' id='word_1_647' title='bbox 1759 2255 1797 2281; x_wconf 90' lang='lat' dir='ltr'>ut</span> <span class='ocrx_word' id='word_1_648' title='bbox 1821 2249 1975 2281; x_wconf 86' lang='lat' dir='ltr'>destruat</span> <span class='ocrx_word' id='word_1_649' title='bbox 1999 2259 2105 2292; x_wconf 84' lang='lat' dir='ltr'>opera</span> 
     </span>
     <span class='ocr_line' id='line_1_95' title="bbox 1122 2295 2106 2342; baseline 0.002 -13"><span class='ocrx_word' id='word_1_650' title='bbox 1122 2297 1267 2330; x_wconf 85' lang='lat' dir='ltr'>diaboli.</span> <span class='ocrx_word' id='word_1_651' title='bbox 1322 2295 1495 2331; x_wconf 88' lang='lat' dir='ltr'>Hortetur</span> <span class='ocrx_word' id='word_1_652' title='bbox 1510 2299 1551 2330; x_wconf 88' lang='lat' dir='ltr'>ad</span> <span class='ocrx_word' id='word_1_653' title='bbox 1569 2299 1819 2342; x_wconf 86' lang='lat' dir='ltr'>poenitentiam</span> <span class='ocrx_word' id='word_1_654' title='bbox 1837 2311 1902 2332; x_wconf 90' lang='lat' dir='ltr'>nos</span> <span class='ocrx_word' id='word_1_655' title='bbox 1920 2305 1952 2331; x_wconf 88' lang='lat' dir='ltr'>et</span> <span class='ocrx_word' id='word_1_656' title='bbox 1968 2299 2106 2341; x_wconf 79' lang='lat' dir='ltr'>magni—</span> 
     </span>
     <span class='ocr_line' id='line_1_96' title="bbox 1123 2348 2104 2394; baseline 0.001 -14"><span class='ocrx_word' id='word_1_657' title='bbox 1123 2349 1208 2380; x_wconf 90' lang='lat' dir='ltr'>tudo</span> <span class='ocrx_word' id='word_1_658' title='bbox 1240 2359 1461 2391; x_wconf 86' lang='lat' dir='ltr'>poenarum:</span> <span class='ocrx_word' id='word_1_659' title='bbox 1504 2348 1710 2383; x_wconf 88' lang='lat' dir='ltr'>Contemtus</span> <span class='ocrx_word' id='word_1_660' title='bbox 1740 2348 1808 2383; x_wconf 90' lang='lat' dir='ltr'>Dei</span> <span class='ocrx_word' id='word_1_661' title='bbox 1840 2356 1874 2383; x_wconf 84' lang='lat' dir='ltr'>et</span> <span class='ocrx_word' id='word_1_662' title='bbox 1901 2349 2104 2394; x_wconf 88' lang='lat' dir='ltr'>superstitio</span> 
     </span>
     <span class='ocr_line' id='line_1_97' title="bbox 1123 2397 2105 2441; baseline 0.003 -11"><span class='ocrx_word' id='word_1_663' title='bbox 1123 2398 1333 2432; x_wconf 90' lang='lat' dir='ltr'>muniuntur</span> <span class='ocrx_word' id='word_1_664' title='bbox 1357 2399 1461 2432; x_wconf 86' lang='lat' dir='ltr'>etiam</span> <span class='ocrx_word' id='word_1_665' title='bbox 1485 2399 1520 2432; x_wconf 85' lang='lat' dir='ltr'>in</span> <span class='ocrx_word' id='word_1_666' title='bbox 1547 2397 1611 2432; x_wconf 86' lang='lat' dir='ltr'>hac</span> <span class='ocrx_word' id='word_1_667' title='bbox 1631 2400 1700 2433; x_wconf 92' lang='lat' dir='ltr'>vita</span> <span class='ocrx_word' id='word_1_668' title='bbox 1719 2426 1728 2441; x_wconf 92' lang='lat'>,</span> <span class='ocrx_word' id='word_1_669' title='bbox 1756 2401 1919 2435; x_wconf 88' lang='lat' dir='ltr'>caecitate</span> <span class='ocrx_word' id='word_1_670' title='bbox 1934 2407 1967 2434; x_wconf 88' lang='lat' dir='ltr'>et</span> <span class='ocrx_word' id='word_1_671' title='bbox 1983 2412 2105 2433; x_wconf 87' lang='lat' dir='ltr'>amen-</span> 
     </span>
     <span class='ocr_line' id='line_1_98' title="bbox 1123 2448 2104 2495; baseline 0.002 -13"><span class='ocrx_word' id='word_1_672' title='bbox 1123 2450 1180 2484; x_wconf 88' lang='lat' dir='ltr'>tia.</span> <span class='ocrx_word' id='word_1_673' title='bbox 1235 2448 1407 2482; x_wconf 87' lang='lat' dir='ltr'>Homines</span> <span class='ocrx_word' id='word_1_674' title='bbox 1424 2450 1550 2484; x_wconf 87' lang='lat' dir='ltr'>deserti</span> <span class='ocrx_word' id='word_1_675' title='bbox 1568 2462 1586 2483; x_wconf 89' lang='lat' dir='ltr'>a</span> <span class='ocrx_word' id='word_1_676' title='bbox 1603 2450 1678 2484; x_wconf 84' lang='lat' dir='ltr'>Deo</span> <span class='ocrx_word' id='word_1_677' title='bbox 1694 2459 1803 2485; x_wconf 85' lang='lat' dir='ltr'>ruunt</span> <span class='ocrx_word' id='word_1_678' title='bbox 1819 2452 1856 2484; x_wconf 90' lang='lat' dir='ltr'>in</span> <span class='ocrx_word' id='word_1_679' title='bbox 1873 2463 1978 2485; x_wconf 91' lang='lat' dir='ltr'>omne</span> <span class='ocrx_word' id='word_1_680' title='bbox 1995 2463 2104 2495; x_wconf 83' lang='lat' dir='ltr'>genus</span> 
     </span>
     <span class='ocr_line' id='line_1_99' title="bbox 1121 2500 2104 2548; baseline 0.004 -16"><span class='ocrx_word' id='word_1_681' title='bbox 1121 2500 1254 2543; x_wconf 81' lang='lat' dir='ltr'>flagitii,</span> <span class='ocrx_word' id='word_1_682' title='bbox 1273 2501 1466 2533; x_wconf 80' lang='lat' dir='ltr'>etaccensis</span> <span class='ocrx_word' id='word_1_683' title='bbox 1483 2501 1610 2534; x_wconf 90' lang='lat' dir='ltr'>animis</span> <span class='ocrx_word' id='word_1_684' title='bbox 1624 2501 1742 2546; x_wconf 88' lang='lat' dir='ltr'>aliqua</span> <span class='ocrx_word' id='word_1_685' title='bbox 1757 2502 1958 2548; x_wconf 89' lang='lat' dir='ltr'>cupiditate,</span> <span class='ocrx_word' id='word_1_686' title='bbox 1974 2514 2104 2540; x_wconf 86' lang='lat' dir='ltr'>amore,</span> 
     </span>
     <span class='ocr_line' id='line_1_100' title="bbox 1121 2551 2101 2597; baseline 0.002 -14"><span class='ocrx_word' id='word_1_687' title='bbox 1121 2552 1222 2592; x_wconf 88' lang='lat' dir='ltr'>odio,</span> <span class='ocrx_word' id='word_1_688' title='bbox 1262 2551 1426 2584; x_wconf 84' lang='lat' dir='ltr'>diabolus</span> <span class='ocrx_word' id='word_1_689' title='bbox 1451 2551 1554 2585; x_wconf 86' lang='lat' dir='ltr'>offert</span> <span class='ocrx_word' id='word_1_690' title='bbox 1580 2553 1789 2587; x_wconf 88' lang='lat' dir='ltr'>occasiones.</span> <span class='ocrx_word' id='word_1_691' title='bbox 1861 2552 1977 2597; x_wconf 84' lang='lat' dir='ltr'>Quam</span> <span class='ocrx_word' id='word_1_692' title='bbox 2000 2553 2101 2586; x_wconf 89' lang='lat' dir='ltr'>foeda</span> 
     </span>
     <span class='ocr_line' id='line_1_101' title="bbox 1125 2599 2103 2648; baseline 0.004 -14"><span class='ocrx_word' id='word_1_693' title='bbox 1125 2603 1290 2645; x_wconf 86' lang='lat' dir='ltr'>leguntur</span> <span class='ocrx_word' id='word_1_694' title='bbox 1325 2602 1362 2634; x_wconf 90' lang='lat' dir='ltr'>in</span> <span class='ocrx_word' id='word_1_695' title='bbox 1398 2599 1575 2643; x_wconf 81' lang='lat' dir='ltr'>historiis,</span> <span class='ocrx_word' id='word_1_696' title='bbox 1607 2615 1697 2648; x_wconf 86' lang='lat' dir='ltr'>quae</span> <span class='ocrx_word' id='word_1_697' title='bbox 1730 2604 1877 2638; x_wconf 86' lang='lat' dir='ltr'>recitare</span> <span class='ocrx_word' id='word_1_698' title='bbox 1908 2616 1981 2637; x_wconf 88' lang='lat' dir='ltr'>non</span> <span class='ocrx_word' id='word_1_699' title='bbox 2009 2604 2103 2638; x_wconf 84' lang='lat' dir='ltr'>volo.</span> 
     </span>
     <span class='ocr_line' id='line_1_102' title="bbox 1122 2652 2100 2699; baseline 0.003 -15"><span class='ocrx_word' id='word_1_700' title='bbox 1122 2652 1238 2695; x_wconf 85' lang='lat' dir='ltr'>Quam</span> <span class='ocrx_word' id='word_1_701' title='bbox 1256 2653 1378 2685; x_wconf 86' lang='lat' dir='ltr'>foedus</span> <span class='ocrx_word' id='word_1_702' title='bbox 1395 2652 1615 2694; x_wconf 79' lang='lat' dir='ltr'>Alexander,</span> <span class='ocrx_word' id='word_1_703' title='bbox 1642 2655 1703 2699; x_wconf 90' lang='lat' dir='ltr'>qui</span> <span class='ocrx_word' id='word_1_704' title='bbox 1718 2655 1859 2690; x_wconf 83' lang='lat' dir='ltr'>videbat</span> <span class='ocrx_word' id='word_1_705' title='bbox 1874 2667 1910 2689; x_wconf 86' lang='lat' dir='ltr'>se</span> <span class='ocrx_word' id='word_1_706' title='bbox 1930 2657 2100 2688; x_wconf 86' lang='lat' dir='ltr'>donatum</span> 
     </span>
     <span class='ocr_line' id='line_1_103' title="bbox 1121 2706 2103 2750; baseline 0.003 -14"><span class='ocrx_word' id='word_1_707' title='bbox 1121 2715 1194 2737; x_wconf 88' lang='lat' dir='ltr'>esse</span> <span class='ocrx_word' id='word_1_708' title='bbox 1216 2710 1313 2737; x_wconf 85' lang='lat' dir='ltr'>tanto</span> <span class='ocrx_word' id='word_1_709' title='bbox 1333 2714 1461 2746; x_wconf 82' lang='lat' dir='ltr'>regno,</span> <span class='ocrx_word' id='word_1_710' title='bbox 1486 2711 1519 2739; x_wconf 85' lang='lat' dir='ltr'>et</span> <span class='ocrx_word' id='word_1_711' title='bbox 1542 2706 1636 2750; x_wconf 84' lang='lat' dir='ltr'>quod</span> <span class='ocrx_word' id='word_1_712' title='bbox 1660 2713 1734 2740; x_wconf 88' lang='lat' dir='ltr'>erat</span> <span class='ocrx_word' id='word_1_713' title='bbox 1756 2706 1963 2750; x_wconf 88' lang='lat' dir='ltr'>gloriosius,</span> <span class='ocrx_word' id='word_1_714' title='bbox 1995 2716 2103 2740; x_wconf 84' lang='lat' dir='ltr'>orna-</span> 
     </span>
    </p>
   </div>
  </div>
 </body>
</html>
