<?xml version="1.0" encoding="UTF-8"?>
<!DOCTYPE html PUBLIC "-//W3C//DTD XHTML 1.0 Transitional//EN"
    "http://www.w3.org/TR/xhtml1/DTD/xhtml1-transitional.dtd">
<html xmlns="http://www.w3.org/1999/xhtml" xml:lang="en" lang="en">
 <head>
  <title>
</title>
<meta http-equiv="Content-Type" content="text/html;charset=utf-8" />
  <meta name='ocr-system' content='tesseract 3.04.00' />
  <meta name='ocr-capabilities' content='ocr_page ocr_carea ocr_par ocr_line ocrx_word'/>
</head>
<body>
  <div class='ocr_page' id='page_1' title='image "./operaquaesupersu15melauoft/operaquaesupersu15melauoft_0561.png"; bbox 0 0 2415 2942; ppageno 0'>
   <div class='ocr_carea' id='block_1_1' title="bbox 102 80 199 118">
    <p class='ocr_par' dir='ltr' id='par_1_1' title="bbox 102 80 199 118">
     <span class='ocr_line' id='line_1_1' title="bbox 102 80 199 118; baseline -0.021 0"><span class='ocrx_word' id='word_1_1' title='bbox 102 80 199 118; x_wconf 88' lang='grc'><strong>1105</strong></span> 
     </span>
    </p>
   </div>
   <div class='ocr_carea' id='block_1_2' title="bbox 87 165 1087 1319">
    <p class='ocr_par' dir='ltr' id='par_1_2' title="bbox 100 165 1087 262">
     <span class='ocr_line' id='line_1_2' title="bbox 100 165 1087 210; baseline -0.002 -8"><span class='ocrx_word' id='word_1_2' title='bbox 100 166 168 202; x_wconf 90' lang='lat' dir='ltr'>Dei</span> <span class='ocrx_word' id='word_1_3' title='bbox 190 165 341 210; x_wconf 87' lang='lat' dir='ltr'>depellat</span> <span class='ocrx_word' id='word_1_4' title='bbox 360 166 541 207; x_wconf 78' lang='lat' dir='ltr'>diabolos,</span> <span class='ocrx_word' id='word_1_5' title='bbox 569 166 663 202; x_wconf 86' lang='lat' dir='ltr'>iuxta</span> <span class='ocrx_word' id='word_1_6' title='bbox 683 167 773 201; x_wconf 89' lang='lat' dir='ltr'>illud</span> <span class='ocrx_word' id='word_1_7' title='bbox 790 167 940 201; x_wconf 89' lang='lat' dir='ltr'>dictum:</span> <span class='ocrx_word' id='word_1_8' title='bbox 975 166 1087 201; x_wconf 84' lang='lat' dir='ltr'>Nemo</span> 
     </span>
     <span class='ocr_line' id='line_1_3' title="bbox 101 217 780 262; baseline -0.001 -11"><span class='ocrx_word' id='word_1_9' title='bbox 101 217 210 262; x_wconf 88' lang='lat' dir='ltr'>rapiet</span> <span class='ocrx_word' id='word_1_10' title='bbox 229 228 311 250; x_wconf 88' lang='lat' dir='ltr'>oves</span> <span class='ocrx_word' id='word_1_11' title='bbox 330 229 350 249; x_wconf 90' lang='lat' dir='ltr'>n</span> <span class='ocrx_word' id='word_1_12' title='bbox 365 228 422 250; x_wconf 84' lang='lat' dir='ltr'>eas</span> <span class='ocrx_word' id='word_1_13' title='bbox 440 229 479 250; x_wconf 87' lang='lat' dir='ltr'>ex</span> <span class='ocrx_word' id='word_1_14' title='bbox 496 218 662 252; x_wconf 90' lang='lat' dir='ltr'>manibus</span> <span class='ocrx_word' id='word_1_15' title='bbox 681 218 780 254; x_wconf 89' lang='lat' dir='ltr'>meis.</span> 
     </span>
    </p>

    <p class='ocr_par' dir='ltr' id='par_1_3' title="bbox 94 266 1087 663">
     <span class='ocr_line' id='line_1_4' title="bbox 201 266 1087 307; baseline 0.002 -7"><span class='ocrx_word' id='word_1_16' title='bbox 201 266 367 302; x_wconf 85' lang='lat' dir='ltr'>Tentatio</span> <span class='ocrx_word' id='word_1_17' title='bbox 392 266 546 301; x_wconf 87' lang='lat' dir='ltr'>humana</span> <span class='ocrx_word' id='word_1_18' title='bbox 577 275 628 302; x_wconf 84' lang='lat' dir='ltr'>est</span> <span class='ocrx_word' id='word_1_19' title='bbox 657 268 852 307; x_wconf 79' lang='lat' dir='ltr'>dubitatio,</span> <span class='ocrx_word' id='word_1_20' title='bbox 896 268 952 301; x_wconf 84' lang='lat' dir='ltr'>vel</span> <span class='ocrx_word' id='word_1_21' title='bbox 987 280 1087 302; x_wconf 91' lang='lat' dir='ltr'>error</span> 
     </span>
     <span class='ocr_line' id='line_1_5' title="bbox 98 315 1084 360; baseline 0.001 -10"><span class='ocrx_word' id='word_1_22' title='bbox 98 318 153 351; x_wconf 89' lang='lat' dir='ltr'>vel</span> <span class='ocrx_word' id='word_1_23' title='bbox 172 318 288 360; x_wconf 85' lang='lat' dir='ltr'>lapsus</span> <span class='ocrx_word' id='word_1_24' title='bbox 310 318 355 351; x_wconf 89' lang='lat' dir='ltr'>ab</span> <span class='ocrx_word' id='word_1_25' title='bbox 379 315 533 352; x_wconf 88' lang='lat' dir='ltr'>bumana</span> <span class='ocrx_word' id='word_1_26' title='bbox 558 318 762 352; x_wconf 87' lang='lat' dir='ltr'>infirmitate</span> <span class='ocrx_word' id='word_1_27' title='bbox 779 325 896 359; x_wconf 92' lang='lat' dir='ltr'>ortus,</span> <span class='ocrx_word' id='word_1_28' title='bbox 923 320 1084 353; x_wconf 90' lang='lat' dir='ltr'>nondum</span> 
     </span>
     <span class='ocr_line' id='line_1_6' title="bbox 98 367 1084 413; baseline 0.002 -12"><span class='ocrx_word' id='word_1_29' title='bbox 98 369 143 402; x_wconf 88' lang='lat' dir='ltr'>ita</span> <span class='ocrx_word' id='word_1_30' title='bbox 168 368 376 402; x_wconf 81' lang='lat' dir='ltr'>confirmato</span> <span class='ocrx_word' id='word_1_31' title='bbox 399 369 540 407; x_wconf 85' lang='lat' dir='ltr'>furore,</span> <span class='ocrx_word' id='word_1_32' title='bbox 567 375 606 403; x_wconf 89' lang='lat' dir='ltr'>ut</span> <span class='ocrx_word' id='word_1_33' title='bbox 627 380 726 401; x_wconf 91' lang='lat' dir='ltr'>mens</span> <span class='ocrx_word' id='word_1_34' title='bbox 748 369 792 402; x_wconf 89' lang='lat' dir='ltr'>sit</span> <span class='ocrx_word' id='word_1_35' title='bbox 815 367 1010 413; x_wconf 83' lang='lat' dir='ltr'>Epicurea,</span> <span class='ocrx_word' id='word_1_36' title='bbox 1044 376 1084 403; x_wconf 86' lang='lat' dir='ltr'>ut</span> 
     </span>
     <span class='ocr_line' id='line_1_7' title="bbox 97 418 1082 463; baseline 0.003 -11"><span class='ocrx_word' id='word_1_37' title='bbox 97 420 235 452; x_wconf 85' lang='lat' dir='ltr'>accedat</span> <span class='ocrx_word' id='word_1_38' title='bbox 253 419 448 462; x_wconf 79' lang='lat' dir='ltr'>persecutio</span> <span class='ocrx_word' id='word_1_39' title='bbox 466 419 603 463; x_wconf 80' lang='lat' dir='ltr'>agnitae</span> <span class='ocrx_word' id='word_1_40' title='bbox 620 419 774 452; x_wconf 85' lang='lat' dir='ltr'>veritatis</span> <span class='ocrx_word' id='word_1_41' title='bbox 791 426 851 453; x_wconf 89' lang='lat' dir='ltr'>aut</span> <span class='ocrx_word' id='word_1_42' title='bbox 866 420 986 453; x_wconf 89' lang='lat' dir='ltr'>odium</span> <span class='ocrx_word' id='word_1_43' title='bbox 1003 418 1082 455; x_wconf 91' lang='lat' dir='ltr'>Dei.</span> 
     </span>
     <span class='ocr_line' id='line_1_8' title="bbox 97 468 1082 513; baseline 0.001 -12"><span class='ocrx_word' id='word_1_44' title='bbox 97 468 210 502; x_wconf 86' lang='lat' dir='ltr'>Valde</span> <span class='ocrx_word' id='word_1_45' title='bbox 242 469 350 502; x_wconf 87' lang='lat' dir='ltr'>tristis</span> <span class='ocrx_word' id='word_1_46' title='bbox 374 469 491 513; x_wconf 90' lang='lat' dir='ltr'>lapsus</span> <span class='ocrx_word' id='word_1_47' title='bbox 515 470 582 503; x_wconf 84' lang='lat' dir='ltr'>suit</span> <span class='ocrx_word' id='word_1_48' title='bbox 606 468 770 510; x_wconf 87' lang='lat' dir='ltr'>Davidis,</span> <span class='ocrx_word' id='word_1_49' title='bbox 804 476 837 504; x_wconf 85' lang='lat' dir='ltr'>et</span> <span class='ocrx_word' id='word_1_50' title='bbox 861 470 1025 504; x_wconf 88' lang='lat' dir='ltr'>diabolus</span> <span class='ocrx_word' id='word_1_51' title='bbox 1051 469 1082 503; x_wconf 90' lang='lat' dir='ltr'>ei</span> 
     </span>
     <span class='ocr_line' id='line_1_9' title="bbox 96 519 1080 564; baseline 0.001 -13"><span class='ocrx_word' id='word_1_52' title='bbox 96 532 168 552; x_wconf 89' lang='lat' dir='ltr'>non</span> <span class='ocrx_word' id='word_1_53' title='bbox 195 519 318 552; x_wconf 87' lang='lat' dir='ltr'>leviter</span> <span class='ocrx_word' id='word_1_54' title='bbox 348 519 535 554; x_wconf 80' lang='lat' dir='ltr'>insidiatus</span> <span class='ocrx_word' id='word_1_55' title='bbox 562 526 630 561; x_wconf 88' lang='lat' dir='ltr'>est,</span> <span class='ocrx_word' id='word_1_56' title='bbox 656 520 715 553; x_wconf 88' lang='lat' dir='ltr'>sed</span> <span class='ocrx_word' id='word_1_57' title='bbox 741 526 856 554; x_wconf 89' lang='lat' dir='ltr'>tamen</span> <span class='ocrx_word' id='word_1_58' title='bbox 874 532 946 554; x_wconf 87' lang='lat' dir='ltr'>non</span> <span class='ocrx_word' id='word_1_59' title='bbox 965 520 1080 564; x_wconf 91' lang='lat' dir='ltr'>potuit</span> 
     </span>
     <span class='ocr_line' id='line_1_10' title="bbox 94 568 1079 614; baseline 0.001 -12"><span class='ocrx_word' id='word_1_60' title='bbox 94 582 174 604; x_wconf 87' lang='lat' dir='ltr'>eum</span> <span class='ocrx_word' id='word_1_61' title='bbox 219 569 399 613; x_wconf 83' lang='lat' dir='ltr'><strong>impellere</strong></span> <span class='ocrx_word' id='word_1_62' title='bbox 438 571 481 603; x_wconf 89' lang='lat' dir='ltr'>ad</span> <span class='ocrx_word' id='word_1_63' title='bbox 514 568 730 614; x_wconf 88' lang='lat' dir='ltr'>Epicureum</span> <span class='ocrx_word' id='word_1_64' title='bbox 771 577 988 605; x_wconf 83' lang='lat' dir='ltr'><strong>contemtum</strong></span> <span class='ocrx_word' id='word_1_65' title='bbox 1024 571 1079 604; x_wconf 83' lang='lat' dir='ltr'>vel</span> 
     </span>
     <span class='ocr_line' id='line_1_11' title="bbox 95 619 722 663; baseline 0 -9"><span class='ocrx_word' id='word_1_66' title='bbox 95 620 215 654; x_wconf 84' lang='lat' dir='ltr'>odium</span> <span class='ocrx_word' id='word_1_67' title='bbox 233 619 322 661; x_wconf 88' lang='lat' dir='ltr'>Dei,</span> <span class='ocrx_word' id='word_1_68' title='bbox 350 627 388 653; x_wconf 92' lang='lat' dir='ltr'>ut</span> <span class='ocrx_word' id='word_1_69' title='bbox 408 619 548 654; x_wconf 85' lang='lat' dir='ltr'>Saulem</span> <span class='ocrx_word' id='word_1_70' title='bbox 568 620 722 663; x_wconf 81' lang='lat' dir='ltr'>impulit.</span> 
     </span>
    </p>

    <p class='ocr_par' dir='ltr' id='par_1_4' title="bbox 87 668 1078 957">
     <span class='ocr_line' id='line_1_12' title="bbox 194 668 1077 714; baseline 0.001 -11"><span class='ocrx_word' id='word_1_71' title='bbox 194 670 364 704; x_wconf 79' lang='lat' dir='ltr'>Fortassis</span> <span class='ocrx_word' id='word_1_72' title='bbox 379 671 536 704; x_wconf 90' lang='lat' dir='ltr'>intuetur</span> <span class='ocrx_word' id='word_1_73' title='bbox 553 670 684 704; x_wconf 89' lang='lat' dir='ltr'>Paulus</span> <span class='ocrx_word' id='word_1_74' title='bbox 702 671 738 703; x_wconf 91' lang='lat' dir='ltr'>in</span> <span class='ocrx_word' id='word_1_75' title='bbox 759 668 823 703; x_wconf 87' lang='lat' dir='ltr'>hac</span> <span class='ocrx_word' id='word_1_76' title='bbox 849 671 922 714; x_wconf 89' lang='lat' dir='ltr'>ipsa</span> <span class='ocrx_word' id='word_1_77' title='bbox 946 672 1077 704; x_wconf 83' lang='lat' dir='ltr'>descri-</span> 
     </span>
     <span class='ocr_line' id='line_1_13' title="bbox 93 720 1078 766; baseline 0 -12"><span class='ocrx_word' id='word_1_78' title='bbox 93 721 214 764; x_wconf 88' lang='lat' dir='ltr'>ptione</span> <span class='ocrx_word' id='word_1_79' title='bbox 231 721 419 754; x_wconf 77' lang='lat' dir='ltr'>discrimen</span> <span class='ocrx_word' id='word_1_80' title='bbox 440 720 544 765; x_wconf 89' lang='lat' dir='ltr'>primi</span> <span class='ocrx_word' id='word_1_81' title='bbox 569 721 709 754; x_wconf 90' lang='lat' dir='ltr'>sceleris</span> <span class='ocrx_word' id='word_1_82' title='bbox 736 721 890 762; x_wconf 86' lang='lat' dir='ltr'>diaboli,</span> <span class='ocrx_word' id='word_1_83' title='bbox 916 729 949 755; x_wconf 93' lang='lat' dir='ltr'>et</span> <span class='ocrx_word' id='word_1_84' title='bbox 972 723 1078 766; x_wconf 90' lang='lat' dir='ltr'>primi</span> 
     </span>
     <span class='ocr_line' id='line_1_14' title="bbox 92 769 1078 816; baseline -0.001 -11"><span class='ocrx_word' id='word_1_85' title='bbox 92 773 210 813; x_wconf 80' lang='lat' dir='ltr'>lapsus</span> <span class='ocrx_word' id='word_1_86' title='bbox 230 769 427 806; x_wconf 85' lang='lat' dir='ltr'>hominum.</span> <span class='ocrx_word' id='word_1_87' title='bbox 471 770 592 805; x_wconf 87' lang='lat' dir='ltr'>Scelus</span> <span class='ocrx_word' id='word_1_88' title='bbox 610 772 742 805; x_wconf 90' lang='lat' dir='ltr'>diaboli</span> <span class='ocrx_word' id='word_1_89' title='bbox 761 772 828 805; x_wconf 85' lang='lat' dir='ltr'>suit</span> <span class='ocrx_word' id='word_1_90' title='bbox 849 770 1078 816; x_wconf 90' lang='lat' dir='ltr'>blasphemia,</span> 
     </span>
     <span class='ocr_line' id='line_1_15' title="bbox 89 820 1076 867; baseline 0.002 -14"><span class='ocrx_word' id='word_1_91' title='bbox 89 823 169 867; x_wconf 85' lang='lat' dir='ltr'>quia</span> <span class='ocrx_word' id='word_1_92' title='bbox 194 834 271 854; x_wconf 91' lang='lat' dir='ltr'>cum</span> <span class='ocrx_word' id='word_1_93' title='bbox 299 822 441 865; x_wconf 82' lang='lat' dir='ltr'>propius</span> <span class='ocrx_word' id='word_1_94' title='bbox 466 828 579 854; x_wconf 90' lang='lat' dir='ltr'>nosset</span> <span class='ocrx_word' id='word_1_95' title='bbox 607 820 741 862; x_wconf 90' lang='lat' dir='ltr'>Deum,</span> <span class='ocrx_word' id='word_1_96' title='bbox 776 829 809 855; x_wconf 90' lang='lat' dir='ltr'>et</span> <span class='ocrx_word' id='word_1_97' title='bbox 835 834 907 856; x_wconf 91' lang='lat' dir='ltr'>non</span> <span class='ocrx_word' id='word_1_98' title='bbox 932 823 1076 856; x_wconf 86' lang='lat' dir='ltr'>aliunde</span> 
     </span>
     <span class='ocr_line' id='line_1_16' title="bbox 89 872 1076 918; baseline 0.002 -14"><span class='ocrx_word' id='word_1_99' title='bbox 89 873 340 915; x_wconf 80' lang='lat' dir='ltr'>impelleretur,</span> <span class='ocrx_word' id='word_1_100' title='bbox 366 883 428 904; x_wconf 89' lang='lat' dir='ltr'>suo</span> <span class='ocrx_word' id='word_1_101' title='bbox 446 872 594 904; x_wconf 88' lang='lat' dir='ltr'>consilio</span> <span class='ocrx_word' id='word_1_102' title='bbox 613 879 645 906; x_wconf 89' lang='lat' dir='ltr'>et</span> <span class='ocrx_word' id='word_1_103' title='bbox 662 872 808 906; x_wconf 85' lang='lat' dir='ltr'>arbitrio</span> <span class='ocrx_word' id='word_1_104' title='bbox 827 874 975 918; x_wconf 85' lang='lat' dir='ltr'>superbe</span> <span class='ocrx_word' id='word_1_105' title='bbox 991 885 1076 906; x_wconf 87' lang='lat' dir='ltr'>con-</span> 
     </span>
     <span class='ocr_line' id='line_1_17' title="bbox 87 921 608 957; baseline 0 -1"><span class='ocrx_word' id='word_1_106' title='bbox 87 923 201 956; x_wconf 84' lang='lat' dir='ltr'>temsit</span> <span class='ocrx_word' id='word_1_107' title='bbox 221 921 331 954; x_wconf 81' lang='lat' dir='ltr'>Deum</span> <span class='ocrx_word' id='word_1_108' title='bbox 353 929 385 955; x_wconf 91' lang='lat' dir='ltr'>et</span> <span class='ocrx_word' id='word_1_109' title='bbox 402 922 512 955; x_wconf 88' lang='lat' dir='ltr'>filium</span> <span class='ocrx_word' id='word_1_110' title='bbox 534 922 608 957; x_wconf 87' lang='lat' dir='ltr'>Dei.</span> 
     </span>
    </p>

    <p class='ocr_par' dir='ltr' id='par_1_5' title="bbox 88 971 1073 1057">
     <span class='ocr_line' id='line_1_18' title="bbox 189 971 1073 1019; baseline 0.002 -14"><span class='ocrx_word' id='word_1_111' title='bbox 189 971 258 1006; x_wconf 85' lang='lat' dir='ltr'>Sed</span> <span class='ocrx_word' id='word_1_112' title='bbox 298 973 402 1016; x_wconf 92' lang='lat' dir='ltr'>primi</span> <span class='ocrx_word' id='word_1_113' title='bbox 439 980 599 1017; x_wconf 87' lang='lat' dir='ltr'>parentes</span> <span class='ocrx_word' id='word_1_114' title='bbox 633 973 776 1007; x_wconf 77' lang='lat' dir='ltr'>aliunde</span> <span class='ocrx_word' id='word_1_115' title='bbox 811 974 955 1019; x_wconf 85' lang='lat' dir='ltr'>impulsi</span> <span class='ocrx_word' id='word_1_116' title='bbox 984 975 1073 1007; x_wconf 89' lang='lat' dir='ltr'>ceci-</span> 
     </span>
     <span class='ocr_line' id='line_1_19' title="bbox 88 1024 228 1057; baseline 0 0"><span class='ocrx_word' id='word_1_117' title='bbox 88 1024 228 1057; x_wconf 87' lang='lat' dir='ltr'>derunt.</span> 
     </span>
    </p>

    <p class='ocr_par' dir='ltr' id='par_1_6' title="bbox 87 1071 1076 1319">
     <span class='ocr_line' id='line_1_20' title="bbox 190 1071 1075 1109; baseline 0.002 -3"><span class='ocrx_word' id='word_1_118' title='bbox 190 1073 265 1107; x_wconf 86' lang='lat' dir='ltr'>Etsi</span> <span class='ocrx_word' id='word_1_119' title='bbox 289 1079 403 1106; x_wconf 89' lang='lat' dir='ltr'>autem</span> <span class='ocrx_word' id='word_1_120' title='bbox 428 1071 634 1107; x_wconf 84' lang='lat' dir='ltr'>hominibus</span> <span class='ocrx_word' id='word_1_121' title='bbox 657 1074 759 1107; x_wconf 91' lang='lat' dir='ltr'>valde</span> <span class='ocrx_word' id='word_1_122' title='bbox 785 1074 926 1108; x_wconf 84' lang='lat' dir='ltr'>difficile</span> <span class='ocrx_word' id='word_1_123' title='bbox 943 1082 991 1109; x_wconf 91' lang='lat' dir='ltr'>est</span> <span class='ocrx_word' id='word_1_124' title='bbox 1011 1075 1075 1108; x_wconf 89' lang='lat' dir='ltr'>ista</span> 
     </span>
     <span class='ocr_line' id='line_1_21' title="bbox 89 1124 1074 1169; baseline 0.001 -12"><span class='ocrx_word' id='word_1_125' title='bbox 89 1124 302 1161; x_wconf 86' lang='lat' dir='ltr'>diiudicare,</span> <span class='ocrx_word' id='word_1_126' title='bbox 343 1132 457 1158; x_wconf 83' lang='lat' dir='ltr'>tamen</span> <span class='ocrx_word' id='word_1_127' title='bbox 485 1132 665 1169; x_wconf 89' lang='lat' dir='ltr'>utcunque</span> <span class='ocrx_word' id='word_1_128' title='bbox 692 1125 881 1158; x_wconf 87' lang='lat' dir='ltr'>discrimen</span> <span class='ocrx_word' id='word_1_129' title='bbox 913 1126 1074 1159; x_wconf 88' lang='lat' dir='ltr'>conside-</span> 
     </span>
     <span class='ocr_line' id='line_1_22' title="bbox 87 1174 1075 1220; baseline 0.001 -12"><span class='ocrx_word' id='word_1_130' title='bbox 87 1175 238 1208; x_wconf 88' lang='lat' dir='ltr'>randum</span> <span class='ocrx_word' id='word_1_131' title='bbox 259 1181 327 1215; x_wconf 85' lang='lat' dir='ltr'>est,</span> <span class='ocrx_word' id='word_1_132' title='bbox 357 1182 389 1208; x_wconf 91' lang='lat' dir='ltr'>et</span> <span class='ocrx_word' id='word_1_133' title='bbox 413 1175 654 1218; x_wconf 84' lang='lat' dir='ltr'>cogitandum,</span> <span class='ocrx_word' id='word_1_134' title='bbox 683 1188 787 1220; x_wconf 88' lang='lat' dir='ltr'>quam</span> <span class='ocrx_word' id='word_1_135' title='bbox 815 1176 904 1208; x_wconf 91' lang='lat' dir='ltr'>varii</span> <span class='ocrx_word' id='word_1_136' title='bbox 932 1183 963 1209; x_wconf 89' lang='lat' dir='ltr'>et</span> <span class='ocrx_word' id='word_1_137' title='bbox 991 1174 1075 1209; x_wconf 88' lang='lat' dir='ltr'>hor-</span> 
     </span>
     <span class='ocr_line' id='line_1_23' title="bbox 95 1225 1076 1268; baseline 0.001 -10"><span class='ocrx_word' id='word_1_138' title='bbox 95 1225 196 1258; x_wconf 88' lang='lat' dir='ltr'>rendi</span> <span class='ocrx_word' id='word_1_139' title='bbox 216 1225 331 1268; x_wconf 85' lang='lat' dir='ltr'>lapsus</span> <span class='ocrx_word' id='word_1_140' title='bbox 349 1226 418 1257; x_wconf 88' lang='lat' dir='ltr'>sint</span> <span class='ocrx_word' id='word_1_141' title='bbox 443 1226 616 1258; x_wconf 70' lang='lat' dir='ltr'>sanabiles</span> <span class='ocrx_word' id='word_1_142' title='bbox 641 1232 673 1258; x_wconf 92' lang='lat' dir='ltr'>et</span> <span class='ocrx_word' id='word_1_143' title='bbox 701 1226 931 1266; x_wconf 69' lang='lat' dir='ltr'>insanabiles,</span> <span class='ocrx_word' id='word_1_144' title='bbox 964 1233 996 1260; x_wconf 87' lang='lat' dir='ltr'>et</span> <span class='ocrx_word' id='word_1_145' title='bbox 1019 1239 1076 1259; x_wconf 88' lang='lat' dir='ltr'>ex-</span> 
     </span>
     <span class='ocr_line' id='line_1_24' title="bbox 89 1275 1075 1319; baseline 0 -10"><span class='ocrx_word' id='word_1_146' title='bbox 89 1275 248 1309; x_wconf 86' lang='lat' dir='ltr'>citandae</span> <span class='ocrx_word' id='word_1_147' title='bbox 274 1282 406 1308; x_wconf 81' lang='lat' dir='ltr'>mentes</span> <span class='ocrx_word' id='word_1_148' title='bbox 432 1282 513 1309; x_wconf 88' lang='lat' dir='ltr'>sunt</span> <span class='ocrx_word' id='word_1_149' title='bbox 536 1277 579 1307; x_wconf 88' lang='lat' dir='ltr'>ad</span> <span class='ocrx_word' id='word_1_150' title='bbox 599 1276 759 1308; x_wconf 89' lang='lat' dir='ltr'>timorem</span> <span class='ocrx_word' id='word_1_151' title='bbox 779 1276 864 1319; x_wconf 83' lang='lat' dir='ltr'>Dei,</span> <span class='ocrx_word' id='word_1_152' title='bbox 893 1283 925 1309; x_wconf 87' lang='lat' dir='ltr'>et</span> <span class='ocrx_word' id='word_1_153' title='bbox 950 1278 992 1309; x_wconf 89' lang='lat' dir='ltr'>ad</span> <span class='ocrx_word' id='word_1_154' title='bbox 1020 1277 1075 1310; x_wconf 88' lang='lat' dir='ltr'>in-</span> 
     </span>
    </p>
   </div>
   <div class='ocr_carea' id='block_1_3' title="bbox 91 1325 1102 1369">
    <p class='ocr_par' dir='ltr' id='par_1_7' title="bbox 91 1325 1102 1369">
     <span class='ocr_line' id='line_1_25' title="bbox 91 1325 1102 1369; baseline 0.002 -12"><span class='ocrx_word' id='word_1_155' title='bbox 91 1325 328 1368; x_wconf 77' lang='lat' dir='ltr'>vocationem,</span> <span class='ocrx_word' id='word_1_156' title='bbox 358 1326 444 1358; x_wconf 89' lang='lat' dir='ltr'>sicut</span> <span class='ocrx_word' id='word_1_157' title='bbox 465 1326 632 1369; x_wconf 78' lang='lat' dir='ltr'>praecipit</span> <span class='ocrx_word' id='word_1_158' title='bbox 647 1325 785 1359; x_wconf 89' lang='lat' dir='ltr'>Petrus:</span> <span class='ocrx_word' id='word_1_159' title='bbox 816 1325 935 1359; x_wconf 85' lang='lat' dir='ltr'>Sobrii</span> <span class='ocrx_word' id='word_1_160' title='bbox 955 1333 1075 1367; x_wconf 83' lang='lat' dir='ltr'>estote,</span> <span class='ocrx_word' id='word_1_161' title='bbox 1100 1349 1102 1359; x_wconf 80' lang='grc'><em>,</em></span> 
     </span>
    </p>
   </div>
   <div class='ocr_carea' id='block_1_4' title="bbox 86 1376 1074 1517">
    <p class='ocr_par' dir='ltr' id='par_1_8' title="bbox 86 1376 1074 1517">
     <span class='ocr_line' id='line_1_26' title="bbox 87 1376 1071 1419; baseline 0.001 -11"><span class='ocrx_word' id='word_1_162' title='bbox 87 1383 119 1409; x_wconf 88' lang='lat' dir='ltr'>et</span> <span class='ocrx_word' id='word_1_163' title='bbox 137 1376 276 1418; x_wconf 82' lang='lat' dir='ltr'>vigilate</span> <span class='ocrx_word' id='word_1_164' title='bbox 293 1376 372 1419; x_wconf 87' lang='lat' dir='ltr'>quia</span> <span class='ocrx_word' id='word_1_165' title='bbox 389 1376 609 1408; x_wconf 88' lang='lat' dir='ltr'>adversarius</span> <span class='ocrx_word' id='word_1_166' title='bbox 628 1383 756 1417; x_wconf 85' lang='lat' dir='ltr'>vester,</span> <span class='ocrx_word' id='word_1_167' title='bbox 780 1377 964 1417; x_wconf 89' lang='lat' dir='ltr'>diabolus,</span> <span class='ocrx_word' id='word_1_168' title='bbox 992 1383 1071 1410; x_wconf 88' lang='lat' dir='ltr'>tan-</span> 
     </span>
     <span class='ocr_line' id='line_1_27' title="bbox 89 1426 1074 1472; baseline 0.002 -14"><span class='ocrx_word' id='word_1_169' title='bbox 89 1437 192 1470; x_wconf 88' lang='lat' dir='ltr'>quam</span> <span class='ocrx_word' id='word_1_170' title='bbox 213 1426 266 1458; x_wconf 88' lang='lat' dir='ltr'>leo</span> <span class='ocrx_word' id='word_1_171' title='bbox 284 1427 423 1467; x_wconf 82' lang='lat' dir='ltr'>rugiens</span> <span class='ocrx_word' id='word_1_172' title='bbox 442 1426 621 1466; x_wconf 83' lang='lat' dir='ltr'>circumit,</span> <span class='ocrx_word' id='word_1_173' title='bbox 649 1438 818 1470; x_wconf 88' lang='lat' dir='ltr'>quaerens</span> <span class='ocrx_word' id='word_1_174' title='bbox 837 1439 938 1472; x_wconf 88' lang='lat' dir='ltr'>quem</span> <span class='ocrx_word' id='word_1_175' title='bbox 966 1428 1074 1460; x_wconf 83' lang='lat' dir='ltr'>devo-</span> 
     </span>
     <span class='ocr_line' id='line_1_28' title="bbox 86 1476 709 1517; baseline 0.002 -8"><span class='ocrx_word' id='word_1_176' title='bbox 86 1483 160 1517; x_wconf 88' lang='lat' dir='ltr'>ret,</span> <span class='ocrx_word' id='word_1_177' title='bbox 195 1476 250 1509; x_wconf 89' lang='lat' dir='ltr'>cui</span> <span class='ocrx_word' id='word_1_178' title='bbox 278 1476 426 1510; x_wconf 78' lang='lat' dir='ltr'>resistite</span> <span class='ocrx_word' id='word_1_179' title='bbox 443 1477 548 1509; x_wconf 89' lang='lat' dir='ltr'>fortes</span> <span class='ocrx_word' id='word_1_180' title='bbox 571 1477 607 1509; x_wconf 91' lang='lat' dir='ltr'>in</span> <span class='ocrx_word' id='word_1_181' title='bbox 632 1477 709 1510; x_wconf 84' lang='lat' dir='ltr'>fide.</span> 
     </span>
    </p>
   </div>
   <div class='ocr_carea' id='block_1_5' title="bbox 78 1558 1070 2724">
    <p class='ocr_par' dir='ltr' id='par_1_9' title="bbox 84 1558 880 1657">
     <span class='ocr_line' id='line_1_29' title="bbox 84 1558 731 1599; baseline 0 -4"><span class='ocrx_word' id='word_1_182' title='bbox 84 1558 225 1599; x_wconf 76' lang='grc' dir='ltr'><strong><em>ΙΪιστὸς</em></strong></span> <span class='ocrx_word' id='word_1_183' title='bbox 248 1558 285 1594; x_wconf 69' lang='grc' dir='ltr'>δ’</span> <span class='ocrx_word' id='word_1_184' title='bbox 312 1558 331 1594; x_wconf 85' lang='grc' dir='ltr'>ὁ</span> <span class='ocrx_word' id='word_1_185' title='bbox 357 1558 444 1598; x_wconf 72' lang='grc' dir='ltr'>θεὸς</span> <span class='ocrx_word' id='word_1_186' title='bbox 471 1559 510 1599; x_wconf 80' lang='grc' dir='ltr'>ὃς</span> <span class='ocrx_word' id='word_1_187' title='bbox 536 1559 604 1595; x_wconf 73' lang='grc' dir='ltr'>οὐκ</span> <span class='ocrx_word' id='word_1_188' title='bbox 624 1558 731 1596; x_wconf 75' lang='grc' dir='ltr'><em>ἐάσει.</em></span> 
     </span>
     <span class='ocr_line' id='line_1_30' title="bbox 266 1608 880 1657; baseline 0.002 -14"><span class='ocrx_word' id='word_1_189' title='bbox 266 1608 371 1643; x_wconf 75' lang='lat' dir='ltr'>Deus</span> <span class='ocrx_word' id='word_1_190' title='bbox 397 1614 467 1649; x_wconf 79' lang='lat' dir='ltr'>est,</span> <span class='ocrx_word' id='word_1_191' title='bbox 495 1611 560 1657; x_wconf 80' lang='lat' dir='ltr'>qui</span> <span class='ocrx_word' id='word_1_192' title='bbox 583 1623 656 1644; x_wconf 87' lang='lat' dir='ltr'>non</span> <span class='ocrx_word' id='word_1_193' title='bbox 682 1611 794 1653; x_wconf 80' lang='lat' dir='ltr'>sinet,</span> <span class='ocrx_word' id='word_1_194' title='bbox 820 1615 880 1648; x_wconf 76' lang='lat' dir='ltr'>etc.</span> 
     </span>
    </p>

    <p class='ocr_par' dir='ltr' id='par_1_10' title="bbox 81 1676 1070 2226">
     <span class='ocr_line' id='line_1_31' title="bbox 181 1676 1070 1719; baseline -0.001 -8"><span class='ocrx_word' id='word_1_195' title='bbox 181 1678 295 1711; x_wconf 85' lang='lat' dir='ltr'>Antea</span> <span class='ocrx_word' id='word_1_196' title='bbox 322 1676 467 1710; x_wconf 85' lang='lat' dir='ltr'>tradidit</span> <span class='ocrx_word' id='word_1_197' title='bbox 494 1677 750 1710; x_wconf 84' lang='lat' dir='ltr'>severissimam</span> <span class='ocrx_word' id='word_1_198' title='bbox 779 1678 1070 1719; x_wconf 87' lang='lat' dir='ltr'>admonitionem,</span> 
     </span>
     <span class='ocr_line' id='line_1_32' title="bbox 84 1727 1069 1772; baseline -0.002 -9"><span class='ocrx_word' id='word_1_199' title='bbox 84 1736 120 1763; x_wconf 92' lang='lat' dir='ltr'>ut</span> <span class='ocrx_word' id='word_1_200' title='bbox 146 1728 255 1761; x_wconf 89' lang='lat' dir='ltr'>simus</span> <span class='ocrx_word' id='word_1_201' title='bbox 281 1728 485 1770; x_wconf 77' lang='lat' dir='ltr'>vigilantes,</span> <span class='ocrx_word' id='word_1_202' title='bbox 513 1734 541 1760; x_wconf 85' lang='lat' dir='ltr'>et</span> <span class='ocrx_word' id='word_1_203' title='bbox 571 1727 744 1760; x_wconf 88' lang='lat' dir='ltr'>illecebris</span> <span class='ocrx_word' id='word_1_204' title='bbox 770 1728 1001 1772; x_wconf 73' lang='lat' dir='ltr'>cupiditatum</span> <span class='ocrx_word' id='word_1_205' title='bbox 1030 1741 1069 1762; x_wconf 90' lang='lat' dir='ltr'>ac</span> 
     </span>
     <span class='ocr_line' id='line_1_33' title="bbox 83 1777 1068 1822; baseline -0.001 -9"><span class='ocrx_word' id='word_1_206' title='bbox 83 1779 224 1813; x_wconf 85' lang='lat' dir='ltr'>diabolo</span> <span class='ocrx_word' id='word_1_207' title='bbox 258 1789 502 1822; x_wconf 80' lang='lat' dir='ltr'>repugnemus.</span> <span class='ocrx_word' id='word_1_208' title='bbox 569 1777 672 1811; x_wconf 86' lang='lat' dir='ltr'>Nunc</span> <span class='ocrx_word' id='word_1_209' title='bbox 704 1779 1000 1812; x_wconf 86' lang='lat' dir='ltr'>consolationeem</span> <span class='ocrx_word' id='word_1_210' title='bbox 1025 1781 1068 1812; x_wconf 88' lang='lat' dir='ltr'>de</span> 
     </span>
     <span class='ocr_line' id='line_1_34' title="bbox 82 1828 1067 1875; baseline -0.001 -12"><span class='ocrx_word' id='word_1_211' title='bbox 82 1829 300 1875; x_wconf 87' lang='lat' dir='ltr'>protectione</span> <span class='ocrx_word' id='word_1_212' title='bbox 327 1829 464 1866; x_wconf 72' lang='lat' dir='ltr'>divina,</span> <span class='ocrx_word' id='word_1_213' title='bbox 493 1835 525 1862; x_wconf 81' lang='lat' dir='ltr'>et</span> <span class='ocrx_word' id='word_1_214' title='bbox 552 1829 682 1861; x_wconf 75' lang='lat' dir='ltr'>auxilio</span> <span class='ocrx_word' id='word_1_215' title='bbox 700 1828 763 1861; x_wconf 89' lang='lat' dir='ltr'>Dei</span> <span class='ocrx_word' id='word_1_216' title='bbox 786 1829 894 1862; x_wconf 83' lang='lat' dir='ltr'>addit.</span> <span class='ocrx_word' id='word_1_217' title='bbox 946 1828 992 1862; x_wconf 87' lang='lat' dir='ltr'>Et</span> <span class='ocrx_word' id='word_1_218' title='bbox 1018 1837 1067 1863; x_wconf 89' lang='lat' dir='ltr'>est</span> 
     </span>
     <span class='ocr_line' id='line_1_35' title="bbox 81 1879 1065 1924; baseline -0.001 -10"><span class='ocrx_word' id='word_1_219' title='bbox 81 1887 327 1924; x_wconf 82' lang='lat' dir='ltr'>argumentum</span> <span class='ocrx_word' id='word_1_220' title='bbox 346 1891 363 1911; x_wconf 87' lang='lat' dir='ltr'>a</span> <span class='ocrx_word' id='word_1_221' title='bbox 382 1879 558 1922; x_wconf 80' lang='lat' dir='ltr'>possibili:</span> <span class='ocrx_word' id='word_1_222' title='bbox 587 1879 675 1912; x_wconf 91' lang='lat' dir='ltr'>Cum</span> <span class='ocrx_word' id='word_1_223' title='bbox 693 1885 724 1912; x_wconf 90' lang='lat' dir='ltr'>et</span> <span class='ocrx_word' id='word_1_224' title='bbox 748 1880 901 1912; x_wconf 82' lang='lat' dir='ltr'>debeatis</span> <span class='ocrx_word' id='word_1_225' title='bbox 927 1887 959 1913; x_wconf 80' lang='lat' dir='ltr'>et</span> <span class='ocrx_word' id='word_1_226' title='bbox 986 1892 1065 1924; x_wconf 91' lang='lat' dir='ltr'>pos-</span> 
     </span>
     <span class='ocr_line' id='line_1_36' title="bbox 82 1929 1064 1974; baseline -0.001 -10"><span class='ocrx_word' id='word_1_227' title='bbox 82 1932 155 1965; x_wconf 86' lang='lat' dir='ltr'>sitis</span> <span class='ocrx_word' id='word_1_228' title='bbox 171 1942 365 1974; x_wconf 86' lang='lat' dir='ltr'>repugnare</span> <span class='ocrx_word' id='word_1_229' title='bbox 383 1930 497 1973; x_wconf 86' lang='lat' dir='ltr'>pravis</span> <span class='ocrx_word' id='word_1_230' title='bbox 518 1929 708 1969; x_wconf 80' lang='lat' dir='ltr'>illecebris,</span> <span class='ocrx_word' id='word_1_231' title='bbox 737 1942 809 1963; x_wconf 91' lang='lat' dir='ltr'>non</span> <span class='ocrx_word' id='word_1_232' title='bbox 835 1930 909 1964; x_wconf 89' lang='lat' dir='ltr'>sitis</span> <span class='ocrx_word' id='word_1_233' title='bbox 935 1930 1064 1973; x_wconf 82' lang='lat' dir='ltr'>ignavi.</span> 
     </span>
     <span class='ocr_line' id='line_1_37' title="bbox 81 1980 1062 2025; baseline -0.001 -10"><span class='ocrx_word' id='word_1_234' title='bbox 81 1981 230 2015; x_wconf 85' lang='lat' dir='ltr'>Potestis</span> <span class='ocrx_word' id='word_1_235' title='bbox 266 1988 380 2014; x_wconf 90' lang='lat' dir='ltr'>autem</span> <span class='ocrx_word' id='word_1_236' title='bbox 417 1980 575 2021; x_wconf 78' lang='lat' dir='ltr'>vincere,</span> <span class='ocrx_word' id='word_1_237' title='bbox 612 1981 691 2025; x_wconf 88' lang='lat' dir='ltr'>quia</span> <span class='ocrx_word' id='word_1_238' title='bbox 721 1980 816 2013; x_wconf 90' lang='lat' dir='ltr'>Deus</span> <span class='ocrx_word' id='word_1_239' title='bbox 844 1988 876 2014; x_wconf 89' lang='lat' dir='ltr'>et</span> <span class='ocrx_word' id='word_1_240' title='bbox 910 1981 1062 2024; x_wconf 82' lang='lat' dir='ltr'>pericula</span> 
     </span>
     <span class='ocr_line' id='line_1_38' title="bbox 83 2031 1063 2069; baseline -0.001 -4"><span class='ocrx_word' id='word_1_241' title='bbox 83 2033 216 2065; x_wconf 86' lang='lat' dir='ltr'>maiora</span> <span class='ocrx_word' id='word_1_242' title='bbox 250 2039 358 2069; x_wconf 83' lang='lat' dir='ltr'>arcet,</span> <span class='ocrx_word' id='word_1_243' title='bbox 403 2038 433 2064; x_wconf 91' lang='lat' dir='ltr'>et</span> <span class='ocrx_word' id='word_1_244' title='bbox 459 2032 558 2064; x_wconf 91' lang='lat' dir='ltr'>vobis</span> <span class='ocrx_word' id='word_1_245' title='bbox 589 2031 626 2063; x_wconf 92' lang='lat' dir='ltr'>in</span> <span class='ocrx_word' id='word_1_246' title='bbox 658 2032 781 2064; x_wconf 74' lang='lat' dir='ltr'>vestris</span> <span class='ocrx_word' id='word_1_247' title='bbox 811 2031 1063 2065; x_wconf 85' lang='lat' dir='ltr'>certaminibus</span> 
     </span>
     <span class='ocr_line' id='line_1_39' title="bbox 84 2080 1061 2126; baseline 0 -11"><span class='ocrx_word' id='word_1_248' title='bbox 84 2082 290 2126; x_wconf 84' lang='lat' dir='ltr'>opitulatur.</span> <span class='ocrx_word' id='word_1_249' title='bbox 351 2080 432 2114; x_wconf 84' lang='lat' dir='ltr'>Ideo</span> <span class='ocrx_word' id='word_1_250' title='bbox 458 2082 592 2126; x_wconf 86' lang='lat' dir='ltr'>inquit:</span> <span class='ocrx_word' id='word_1_251' title='bbox 621 2081 753 2114; x_wconf 87' lang='lat' dir='ltr'>Fidelis</span> <span class='ocrx_word' id='word_1_252' title='bbox 771 2081 883 2120; x_wconf 85' lang='lat' dir='ltr'>Dens,</span> <span class='ocrx_word' id='word_1_253' title='bbox 905 2082 964 2126; x_wconf 86' lang='lat' dir='ltr'>qni</span> <span class='ocrx_word' id='word_1_254' title='bbox 990 2094 1061 2115; x_wconf 91' lang='lat' dir='ltr'>non</span> 
     </span>
     <span class='ocr_line' id='line_1_40' title="bbox 84 2132 1062 2176; baseline 0.001 -11"><span class='ocrx_word' id='word_1_255' title='bbox 84 2133 173 2165; x_wconf 87' lang='lat' dir='ltr'>sinet</span> <span class='ocrx_word' id='word_1_256' title='bbox 192 2144 251 2164; x_wconf 91' lang='lat' dir='ltr'>vos</span> <span class='ocrx_word' id='word_1_257' title='bbox 271 2132 408 2171; x_wconf 89' lang='lat' dir='ltr'>tentari,</span> <span class='ocrx_word' id='word_1_258' title='bbox 429 2143 530 2174; x_wconf 90' lang='lat' dir='ltr'>supra</span> <span class='ocrx_word' id='word_1_259' title='bbox 549 2143 652 2176; x_wconf 89' lang='lat' dir='ltr'>quam</span> <span class='ocrx_word' id='word_1_260' title='bbox 670 2133 759 2165; x_wconf 81' lang='lat' dir='ltr'>ferre</span> <span class='ocrx_word' id='word_1_261' title='bbox 775 2133 927 2176; x_wconf 83' lang='lat' dir='ltr'>potestis,</span> <span class='ocrx_word' id='word_1_262' title='bbox 944 2133 1012 2165; x_wconf 89' lang='lat' dir='ltr'>imo</span> <span class='ocrx_word' id='word_1_263' title='bbox 1030 2141 1062 2166; x_wconf 87' lang='lat' dir='ltr'>et</span> 
     </span>
     <span class='ocr_line' id='line_1_41' title="bbox 82 2183 1049 2226; baseline 0 -9"><span class='ocrx_word' id='word_1_264' title='bbox 82 2195 160 2217; x_wconf 91' lang='lat' dir='ltr'>cum</span> <span class='ocrx_word' id='word_1_265' title='bbox 179 2183 371 2216; x_wconf 75' lang='lat' dir='ltr'>tentatione</span> <span class='ocrx_word' id='word_1_266' title='bbox 388 2183 484 2214; x_wconf 81' lang='lat' dir='ltr'>dabit</span> <span class='ocrx_word' id='word_1_267' title='bbox 506 2189 679 2223; x_wconf 84' lang='lat' dir='ltr'>eventum,</span> <span class='ocrx_word' id='word_1_268' title='bbox 696 2190 733 2216; x_wconf 88' lang='lat' dir='ltr'>ut</span> <span class='ocrx_word' id='word_1_269' title='bbox 749 2184 888 2216; x_wconf 86' lang='lat' dir='ltr'>vincere</span> <span class='ocrx_word' id='word_1_270' title='bbox 902 2183 1049 2226; x_wconf 82' lang='lat' dir='ltr'>possitis,</span> 
     </span>
    </p>

    <p class='ocr_par' dir='ltr' id='par_1_11' title="bbox 78 2233 1061 2683">
     <span class='ocr_line' id='line_1_42' title="bbox 185 2233 1061 2268; baseline 0.001 -2"><span class='ocrx_word' id='word_1_271' title='bbox 185 2233 317 2266; x_wconf 84' lang='lat' dir='ltr'>Fidelis</span> <span class='ocrx_word' id='word_1_272' title='bbox 353 2239 403 2266; x_wconf 87' lang='lat' dir='ltr'>est</span> <span class='ocrx_word' id='word_1_273' title='bbox 432 2233 604 2266; x_wconf 88' lang='lat' dir='ltr'>beneficus</span> <span class='ocrx_word' id='word_1_274' title='bbox 632 2239 666 2266; x_wconf 87' lang='lat' dir='ltr'>et</span> <span class='ocrx_word' id='word_1_275' title='bbox 694 2245 807 2266; x_wconf 88' lang='lat' dir='ltr'>verax.</span> <span class='ocrx_word' id='word_1_276' title='bbox 871 2233 1061 2268; x_wconf 85' lang='lat' dir='ltr'>Miseretur</span> 
     </span>
     <span class='ocr_line' id='line_1_43' title="bbox 81 2283 1060 2327; baseline 0.001 -10"><span class='ocrx_word' id='word_1_277' title='bbox 81 2284 293 2318; x_wconf 85' lang='lat' dir='ltr'>infirmitatis</span> <span class='ocrx_word' id='word_1_278' title='bbox 317 2291 475 2323; x_wconf 81' lang='lat' dir='ltr'>nostrae,</span> <span class='ocrx_word' id='word_1_279' title='bbox 510 2290 543 2317; x_wconf 90' lang='lat' dir='ltr'>et</span> <span class='ocrx_word' id='word_1_280' title='bbox 559 2283 720 2327; x_wconf 87' lang='lat' dir='ltr'>promisit</span> <span class='ocrx_word' id='word_1_281' title='bbox 743 2284 923 2318; x_wconf 84' lang='lat' dir='ltr'>auxilium.</span> <span class='ocrx_word' id='word_1_282' title='bbox 979 2284 1060 2318; x_wconf 85' lang='lat' dir='ltr'>ldeo</span> 
     </span>
     <span class='ocr_line' id='line_1_44' title="bbox 82 2334 1059 2378; baseline 0 -10"><span class='ocrx_word' id='word_1_283' title='bbox 82 2348 162 2368; x_wconf 84' lang='lat' dir='ltr'>vere</span> <span class='ocrx_word' id='word_1_284' title='bbox 185 2336 287 2368; x_wconf 86' lang='lat' dir='ltr'>nobis</span> <span class='ocrx_word' id='word_1_285' title='bbox 309 2337 422 2374; x_wconf 78' lang='lat' dir='ltr'>adest,</span> <span class='ocrx_word' id='word_1_286' title='bbox 450 2335 538 2367; x_wconf 87' lang='lat' dir='ltr'>sicut</span> <span class='ocrx_word' id='word_1_287' title='bbox 564 2334 714 2378; x_wconf 82' lang='lat' dir='ltr'>protexit</span> <span class='ocrx_word' id='word_1_288' title='bbox 738 2341 770 2367; x_wconf 91' lang='lat' dir='ltr'>et</span> <span class='ocrx_word' id='word_1_289' title='bbox 793 2335 927 2368; x_wconf 88' lang='lat' dir='ltr'>adiuvit</span> <span class='ocrx_word' id='word_1_290' title='bbox 945 2335 1059 2368; x_wconf 86' lang='lat' dir='ltr'>Abra-</span> 
     </span>
     <span class='ocr_line' id='line_1_45' title="bbox 81 2383 1060 2432; baseline 0 -13"><span class='ocrx_word' id='word_1_291' title='bbox 81 2383 161 2419; x_wconf 87' lang='lat' dir='ltr'>ham</span> <span class='ocrx_word' id='word_1_292' title='bbox 186 2386 221 2418; x_wconf 89' lang='lat' dir='ltr'>in</span> <span class='ocrx_word' id='word_1_293' title='bbox 246 2386 410 2432; x_wconf 83' lang='lat' dir='ltr'>periculis</span> <span class='ocrx_word' id='word_1_294' title='bbox 435 2385 570 2425; x_wconf 82' lang='lat' dir='ltr'>uxoris,</span> <span class='ocrx_word' id='word_1_295' title='bbox 611 2391 644 2418; x_wconf 91' lang='lat' dir='ltr'>et</span> <span class='ocrx_word' id='word_1_296' title='bbox 670 2383 795 2428; x_wconf 86' lang='lat' dir='ltr'>Ioseph</span> <span class='ocrx_word' id='word_1_297' title='bbox 819 2392 987 2419; x_wconf 85' lang='lat' dir='ltr'>tentatum</span> <span class='ocrx_word' id='word_1_298' title='bbox 1015 2387 1060 2419; x_wconf 89' lang='lat' dir='ltr'>ab</span> 
     </span>
     <span class='ocr_line' id='line_1_46' title="bbox 81 2436 1060 2480; baseline 0.002 -12"><span class='ocrx_word' id='word_1_299' title='bbox 81 2437 260 2479; x_wconf 87' lang='lat' dir='ltr'>adultera,</span> <span class='ocrx_word' id='word_1_300' title='bbox 295 2443 325 2469; x_wconf 89' lang='lat' dir='ltr'>et</span> <span class='ocrx_word' id='word_1_301' title='bbox 349 2443 466 2480; x_wconf 87' lang='lat' dir='ltr'>postea</span> <span class='ocrx_word' id='word_1_302' title='bbox 499 2436 694 2469; x_wconf 87' lang='lat' dir='ltr'>coniectum</span> <span class='ocrx_word' id='word_1_303' title='bbox 726 2436 763 2468; x_wconf 92' lang='lat' dir='ltr'>in</span> <span class='ocrx_word' id='word_1_304' title='bbox 799 2447 992 2477; x_wconf 88' lang='lat' dir='ltr'>carcerem,</span> <span class='ocrx_word' id='word_1_305' title='bbox 1028 2444 1060 2471; x_wconf 91' lang='lat' dir='ltr'>et</span> 
     </span>
     <span class='ocr_line' id='line_1_47' title="bbox 82 2484 1058 2531; baseline 0.001 -12"><span class='ocrx_word' id='word_1_306' title='bbox 82 2485 231 2531; x_wconf 83' lang='lat' dir='ltr'>Moysen</span> <span class='ocrx_word' id='word_1_307' title='bbox 249 2488 285 2519; x_wconf 89' lang='lat' dir='ltr'>in</span> <span class='ocrx_word' id='word_1_308' title='bbox 301 2493 370 2520; x_wconf 85' lang='lat' dir='ltr'>tota</span> <span class='ocrx_word' id='word_1_309' title='bbox 387 2486 639 2530; x_wconf 83' lang='lat' dir='ltr'>gubernatione</span> <span class='ocrx_word' id='word_1_310' title='bbox 655 2487 822 2520; x_wconf 88' lang='lat' dir='ltr'>adversus</span> <span class='ocrx_word' id='word_1_311' title='bbox 838 2484 1058 2520; x_wconf 82' lang='lat' dir='ltr'>Pharaonem</span> 
     </span>
     <span class='ocr_line' id='line_1_48' title="bbox 80 2534 1060 2581; baseline 0.001 -12"><span class='ocrx_word' id='word_1_312' title='bbox 80 2544 113 2570; x_wconf 88' lang='lat' dir='ltr'>et</span> <span class='ocrx_word' id='word_1_313' title='bbox 133 2537 324 2578; x_wconf 85' lang='lat' dir='ltr'>seditiosos,</span> <span class='ocrx_word' id='word_1_314' title='bbox 351 2549 394 2570; x_wconf 91' lang='lat' dir='ltr'>ne</span> <span class='ocrx_word' id='word_1_315' title='bbox 411 2537 465 2570; x_wconf 88' lang='lat' dir='ltr'>vel</span> <span class='ocrx_word' id='word_1_316' title='bbox 481 2537 738 2581; x_wconf 88' lang='lat' dir='ltr'>opprimeretur</span> <span class='ocrx_word' id='word_1_317' title='bbox 754 2538 798 2571; x_wconf 91' lang='lat' dir='ltr'>ab</span> <span class='ocrx_word' id='word_1_318' title='bbox 815 2534 985 2579; x_wconf 84' lang='lat' dir='ltr'>hostibus,</span> <span class='ocrx_word' id='word_1_319' title='bbox 1004 2538 1060 2570; x_wconf 90' lang='lat' dir='ltr'>vel</span> 
     </span>
     <span class='ocr_line' id='line_1_49' title="bbox 80 2587 1060 2632; baseline 0.002 -13"><span class='ocrx_word' id='word_1_320' title='bbox 80 2587 210 2620; x_wconf 86' lang='lat' dir='ltr'>fractus</span> <span class='ocrx_word' id='word_1_321' title='bbox 240 2588 480 2631; x_wconf 89' lang='lat' dir='ltr'>desperatione</span> <span class='ocrx_word' id='word_1_322' title='bbox 506 2600 524 2620; x_wconf 88' lang='lat' dir='ltr'>a</span> <span class='ocrx_word' id='word_1_323' title='bbox 547 2587 622 2622; x_wconf 90' lang='lat' dir='ltr'>Deo</span> <span class='ocrx_word' id='word_1_324' title='bbox 652 2588 821 2623; x_wconf 83' lang='lat' dir='ltr'>deficeret.</span> <span class='ocrx_word' id='word_1_325' title='bbox 888 2587 932 2621; x_wconf 88' lang='lat' dir='ltr'>Et</span> <span class='ocrx_word' id='word_1_326' title='bbox 957 2600 1060 2632; x_wconf 88' lang='lat' dir='ltr'>expe-</span> 
     </span>
     <span class='ocr_line' id='line_1_50' title="bbox 78 2636 1060 2683; baseline 0.002 -13"><span class='ocrx_word' id='word_1_327' title='bbox 78 2637 220 2671; x_wconf 87' lang='lat' dir='ltr'>riuntur</span> <span class='ocrx_word' id='word_1_328' title='bbox 238 2650 359 2672; x_wconf 87' lang='lat' dir='ltr'>omnes</span> <span class='ocrx_word' id='word_1_329' title='bbox 380 2639 427 2682; x_wconf 90' lang='lat' dir='ltr'>pii</span> <span class='ocrx_word' id='word_1_330' title='bbox 444 2637 535 2672; x_wconf 90' lang='lat' dir='ltr'>hanc</span> <span class='ocrx_word' id='word_1_331' title='bbox 552 2639 785 2683; x_wconf 85' lang='lat' dir='ltr'>praesentiam</span> <span class='ocrx_word' id='word_1_332' title='bbox 803 2636 881 2672; x_wconf 80' lang='lat' dir='ltr'>Dei</span> <span class='ocrx_word' id='word_1_333' title='bbox 894 2639 1060 2673; x_wconf 91' lang='lat' dir='ltr'>omnibus</span> 
     </span>
    </p>

    <p class='ocr_par' dir='ltr' id='par_1_12' title="bbox 131 2690 646 2724">
     <span class='ocr_line' id='line_1_51' title="bbox 131 2690 646 2724; baseline 0.008 -4"><span class='ocrx_word' id='word_1_334' title='bbox 131 2690 305 2721; x_wconf 60' lang='lat' dir='ltr'>mnam-n.</span> <span class='ocrx_word' id='word_1_335' title='bbox 336 2691 437 2723; x_wconf 62' lang='lat' dir='ltr'>Omen.</span> <span class='ocrx_word' id='word_1_336' title='bbox 467 2692 548 2722; x_wconf 80' lang='lat' dir='ltr'>Vor..</span> <span class='ocrx_word' id='word_1_337' title='bbox 569 2692 646 2724; x_wconf 88' lang='lat' dir='ltr'>XV.</span> 
     </span>
    </p>
   </div>
   <div class='ocr_carea' id='block_1_6' title="bbox 302 71 1942 118">
    <p class='ocr_par' dir='ltr' id='par_1_13' title="bbox 302 71 1942 118">
     <span class='ocr_line' id='line_1_52' title="bbox 302 71 1942 118; baseline 0.002 -3"><span class='ocrx_word' id='word_1_338' title='bbox 302 80 402 116; x_wconf 87' lang='lat' dir='ltr'>XIII.</span> <span class='ocrx_word' id='word_1_339' title='bbox 436 80 474 116; x_wconf 85' lang='lat'>4.</span> <span class='ocrx_word' id='word_1_340' title='bbox 509 78 846 117; x_wconf 84' lang='lat' dir='ltr'><strong>COMMENTAR.</strong></span> <span class='ocrx_word' id='word_1_341' title='bbox 874 80 926 117; x_wconf 93' lang='lat' dir='ltr'>IN</span> <span class='ocrx_word' id='word_1_342' title='bbox 951 79 1107 118; x_wconf 85' lang='lat' dir='ltr'>EPIST.</span> <span class='ocrx_word' id='word_1_343' title='bbox 1133 74 1279 113; x_wconf 85' lang='lat' dir='ltr'><strong>PAULI</strong></span> <span class='ocrx_word' id='word_1_344' title='bbox 1307 71 1374 110; x_wconf 92' lang='lat' dir='ltr'>AD</span> <span class='ocrx_word' id='word_1_345' title='bbox 1398 71 1718 113; x_wconf 84' lang='lat' dir='ltr'><strong>CORINTHIOS.</strong></span> <span class='ocrx_word' id='word_1_346' title='bbox 1769 77 1870 118; x_wconf 88' lang='lat' dir='ltr'><strong>CAP.</strong></span> <span class='ocrx_word' id='word_1_347' title='bbox 1899 82 1942 118; x_wconf 89' lang='lat' dir='ltr'>X.</span> 
     </span>
    </p>
   </div>
   <div class='ocr_carea' id='block_1_7' title="bbox 786 1558 1100 1595">
    <p class='ocr_par' dir='ltr' id='par_1_14' title="bbox 786 1558 1100 1595">
     <span class='ocr_line' id='line_1_53' title="bbox 786 1558 1100 1595; baseline 0.006 -2"><span class='ocrx_word' id='word_1_348' title='bbox 786 1558 934 1594; x_wconf 76' lang='lat' dir='ltr'>Fidelis</span> <span class='ocrx_word' id='word_1_349' title='bbox 952 1566 1070 1595; x_wconf 82' lang='lat' dir='ltr'>aulem</span> <span class='ocrx_word' id='word_1_350' title='bbox 1098 1579 1100 1583; x_wconf 54' lang='grc'>’</span> 
     </span>
    </p>
   </div>
   <div class='ocr_carea' id='block_1_8' title="bbox 1094 1178 1104 1865">
    <p class='ocr_par' dir='ltr' id='par_1_15' title="bbox 1094 1178 1104 1865">
     <span class='ocr_line' id='line_1_54' title="bbox 1094 1178 1104 1865; baseline 0 0"><span class='ocrx_word' id='word_1_351' title='bbox 1094 1178 1104 1865; x_wconf 95' lang='lat' dir='ltr'> </span> 
     </span>
    </p>
   </div>
   <div class='ocr_carea' id='block_1_9' title="bbox 1083 1995 1093 2581">
    <p class='ocr_par' dir='ltr' id='par_1_16' title="bbox 1083 1995 1093 2581">
     <span class='ocr_line' id='line_1_55' title="bbox 1083 1995 1093 2581; baseline 0 0"><span class='ocrx_word' id='word_1_352' title='bbox 1083 1995 1093 2581; x_wconf 95' lang='lat' dir='ltr'> </span> 
     </span>
    </p>
   </div>
   <div class='ocr_carea' id='block_1_10' title="bbox 2035 87 2131 124">
    <p class='ocr_par' dir='ltr' id='par_1_17' title="bbox 2035 87 2131 124">
     <span class='ocr_line' id='line_1_56' title="bbox 2035 87 2131 124; baseline 0.021 -3"><span class='ocrx_word' id='word_1_353' title='bbox 2035 87 2131 124; x_wconf 89' lang='grc'>1106</span> 
     </span>
    </p>
   </div>
   <div class='ocr_carea' id='block_1_11' title="bbox 1119 159 2125 1774">
    <p class='ocr_par' dir='ltr' id='par_1_18' title="bbox 1134 159 2125 460">
     <span class='ocr_line' id='line_1_57' title="bbox 1137 159 2125 207; baseline 0.014 -14"><span class='ocrx_word' id='word_1_354' title='bbox 1137 161 1375 207; x_wconf 80' lang='lat' dir='ltr'>temporibus,</span> <span class='ocrx_word' id='word_1_355' title='bbox 1409 159 1498 195; x_wconf 87' lang='lat' dir='ltr'>sicut</span> <span class='ocrx_word' id='word_1_356' title='bbox 1516 159 1640 195; x_wconf 89' lang='lat' dir='ltr'>clamat</span> <span class='ocrx_word' id='word_1_357' title='bbox 1657 159 1770 196; x_wconf 86' lang='lat' dir='ltr'>David</span> <span class='ocrx_word' id='word_1_358' title='bbox 1797 164 1933 202; x_wconf 77' lang='lat' dir='ltr'>Psalmo</span> <span class='ocrx_word' id='word_1_359' title='bbox 1951 169 2025 204; x_wconf 73' lang='lat'>27.:</span> <span class='ocrx_word' id='word_1_360' title='bbox 2052 170 2125 206; x_wconf 85' lang='lat' dir='ltr'>Do-</span> 
     </span>
     <span class='ocr_line' id='line_1_58' title="bbox 1136 212 2123 264; baseline 0.01 -18"><span class='ocrx_word' id='word_1_361' title='bbox 1136 214 1256 247; x_wconf 87' lang='lat' dir='ltr'>minus</span> <span class='ocrx_word' id='word_1_362' title='bbox 1285 212 1425 246; x_wconf 88' lang='lat' dir='ltr'>adiutor</span> <span class='ocrx_word' id='word_1_363' title='bbox 1451 222 1549 244; x_wconf 88' lang='lat' dir='ltr'>meus</span> <span class='ocrx_word' id='word_1_364' title='bbox 1573 217 1605 245; x_wconf 85' lang='lat' dir='ltr'>et</span> <span class='ocrx_word' id='word_1_365' title='bbox 1632 221 1807 256; x_wconf 71' lang='lat' dir='ltr'>protector</span> <span class='ocrx_word' id='word_1_366' title='bbox 1835 230 1949 260; x_wconf 84' lang='lat' dir='ltr'>meus,</span> <span class='ocrx_word' id='word_1_367' title='bbox 1984 222 2019 254; x_wconf 83' lang='lat' dir='ltr'>in</span> <span class='ocrx_word' id='word_1_368' title='bbox 2049 223 2123 264; x_wconf 81' lang='lat' dir='ltr'>ipso</span> 
     </span>
     <span class='ocr_line' id='line_1_59' title="bbox 1135 263 2122 309; baseline 0.01 -13"><span class='ocrx_word' id='word_1_369' title='bbox 1135 263 1288 308; x_wconf 87' lang='lat' dir='ltr'>speravit</span> <span class='ocrx_word' id='word_1_370' title='bbox 1306 273 1366 296; x_wconf 90' lang='lat' dir='ltr'>cor</span> <span class='ocrx_word' id='word_1_371' title='bbox 1382 273 1511 303; x_wconf 89' lang='lat' dir='ltr'>meum,</span> <span class='ocrx_word' id='word_1_372' title='bbox 1526 268 1560 295; x_wconf 90' lang='lat' dir='ltr'>et</span> <span class='ocrx_word' id='word_1_373' title='bbox 1577 263 1718 296; x_wconf 85' lang='lat' dir='ltr'>adiutus</span> <span class='ocrx_word' id='word_1_374' title='bbox 1730 276 1818 302; x_wconf 84' lang='lat' dir='ltr'>sum.</span> <span class='ocrx_word' id='word_1_375' title='bbox 1848 267 1891 302; x_wconf 86' lang='lat' dir='ltr'>Et</span> <span class='ocrx_word' id='word_1_376' title='bbox 1907 269 2034 305; x_wconf 82' lang='lat' dir='ltr'>Psalm.</span> <span class='ocrx_word' id='word_1_377' title='bbox 2047 273 2122 309; x_wconf 74' lang='lat'>90.2</span> 
     </span>
     <span class='ocr_line' id='line_1_60' title="bbox 1135 311 2122 362; baseline 0.013 -18"><span class='ocrx_word' id='word_1_378' title='bbox 1135 314 1225 349; x_wconf 86' lang='lat' dir='ltr'>Cum</span> <span class='ocrx_word' id='word_1_379' title='bbox 1251 314 1326 357; x_wconf 90' lang='lat' dir='ltr'>ipso</span> <span class='ocrx_word' id='word_1_380' title='bbox 1352 323 1429 345; x_wconf 91' lang='lat' dir='ltr'>sum</span> <span class='ocrx_word' id='word_1_381' title='bbox 1455 311 1492 344; x_wconf 92' lang='lat' dir='ltr'>in</span> <span class='ocrx_word' id='word_1_382' title='bbox 1523 313 1768 354; x_wconf 74' lang='lat' dir='ltr'>tribulatione,</span> <span class='ocrx_word' id='word_1_383' title='bbox 1811 319 1958 362; x_wconf 81' lang='lat' dir='ltr'>eripiam</span> <span class='ocrx_word' id='word_1_384' title='bbox 1987 335 2064 355; x_wconf 79' lang='lat' dir='ltr'>euin</span> <span class='ocrx_word' id='word_1_385' title='bbox 2089 334 2122 359; x_wconf 84' lang='lat' dir='ltr'>et</span> 
     </span>
     <span class='ocr_line' id='line_1_61' title="bbox 1135 361 2121 409; baseline 0.01 -11"><span class='ocrx_word' id='word_1_386' title='bbox 1135 364 1337 409; x_wconf 84' lang='lat' dir='ltr'>glorificabo</span> <span class='ocrx_word' id='word_1_387' title='bbox 1355 374 1445 396; x_wconf 82' lang='lat' dir='ltr'>eum.</span> <span class='ocrx_word' id='word_1_388' title='bbox 1492 361 1536 395; x_wconf 84' lang='lat' dir='ltr'>Et</span> <span class='ocrx_word' id='word_1_389' title='bbox 1551 362 1690 397; x_wconf 83' lang='lat' dir='ltr'>Psalmo</span> <span class='ocrx_word' id='word_1_390' title='bbox 1711 365 1808 399; x_wconf 64' lang='lat'>144:</span> <span class='ocrx_word' id='word_1_391' title='bbox 1837 368 1976 406; x_wconf 88' lang='lat' dir='ltr'>Allevat</span> <span class='ocrx_word' id='word_1_392' title='bbox 1997 374 2121 408; x_wconf 86' lang='lat' dir='ltr'>Domi-</span> 
     </span>
     <span class='ocr_line' id='line_1_62' title="bbox 1134 412 2093 460; baseline 0.015 -16"><span class='ocrx_word' id='word_1_393' title='bbox 1134 428 1200 450; x_wconf 82' lang='lat' dir='ltr'>nus</span> <span class='ocrx_word' id='word_1_394' title='bbox 1219 425 1362 453; x_wconf 86' lang='lat' dir='ltr'>omnes,</span> <span class='ocrx_word' id='word_1_395' title='bbox 1390 412 1449 456; x_wconf 91' lang='lat' dir='ltr'>qui</span> <span class='ocrx_word' id='word_1_396' title='bbox 1467 420 1649 454; x_wconf 77' lang='lat' dir='ltr'>corruunt,</span> <span class='ocrx_word' id='word_1_397' title='bbox 1678 421 1709 447; x_wconf 87' lang='lat' dir='ltr'>et</span> <span class='ocrx_word' id='word_1_398' title='bbox 1727 417 1826 460; x_wconf 81' lang='lat' dir='ltr'>erigit</span> <span class='ocrx_word' id='word_1_399' title='bbox 1845 431 1965 455; x_wconf 89' lang='lat' dir='ltr'>omnes</span> <span class='ocrx_word' id='word_1_400' title='bbox 1982 425 2093 460; x_wconf 88' lang='lat' dir='ltr'>elisos.</span> 
     </span>
    </p>

    <p class='ocr_par' dir='ltr' id='par_1_19' title="bbox 1133 462 2119 550">
     <span class='ocr_line' id='line_1_63' title="bbox 1235 462 2119 517; baseline 0.011 -19"><span class='ocrx_word' id='word_1_401' title='bbox 1235 464 1331 498; x_wconf 88' lang='lat' dir='ltr'>Haec</span> <span class='ocrx_word' id='word_1_402' title='bbox 1349 468 1383 495; x_wconf 92' lang='lat' dir='ltr'>et</span> <span class='ocrx_word' id='word_1_403' title='bbox 1399 462 1529 495; x_wconf 86' lang='lat' dir='ltr'>similia</span> <span class='ocrx_word' id='word_1_404' title='bbox 1547 463 1638 496; x_wconf 88' lang='lat' dir='ltr'>dicta</span> <span class='ocrx_word' id='word_1_405' title='bbox 1658 468 1899 510; x_wconf 84' lang='lat' dir='ltr'>propriissime</span> <span class='ocrx_word' id='word_1_406' title='bbox 1921 483 2119 517; x_wconf 84' lang='lat' dir='ltr'>congruunt</span> 
     </span>
     <span class='ocr_line' id='line_1_64' title="bbox 1133 510 1691 550; baseline 0.007 -4"><span class='ocrx_word' id='word_1_407' title='bbox 1133 528 1210 550; x_wconf 85' lang='lat' dir='ltr'>cum</span> <span class='ocrx_word' id='word_1_408' title='bbox 1231 515 1324 549; x_wconf 89' lang='lat' dir='ltr'>dicto</span> <span class='ocrx_word' id='word_1_409' title='bbox 1342 512 1444 546; x_wconf 86' lang='lat' dir='ltr'>Pauli</span> <span class='ocrx_word' id='word_1_410' title='bbox 1465 512 1502 544; x_wconf 92' lang='lat' dir='ltr'>in</span> <span class='ocrx_word' id='word_1_411' title='bbox 1521 510 1586 546; x_wconf 91' lang='lat' dir='ltr'>hoc</span> <span class='ocrx_word' id='word_1_412' title='bbox 1603 514 1691 550; x_wconf 79' lang='lat' dir='ltr'>loco·</span> 
     </span>
    </p>

    <p class='ocr_par' dir='ltr' id='par_1_20' title="bbox 1129 564 2119 863">
     <span class='ocr_line' id='line_1_65' title="bbox 1233 564 2116 610; baseline 0.015 -13"><span class='ocrx_word' id='word_1_413' title='bbox 1233 566 1301 600; x_wconf 89' lang='lat' dir='ltr'>Sed</span> <span class='ocrx_word' id='word_1_414' title='bbox 1327 574 1406 597; x_wconf 89' lang='lat' dir='ltr'>cum</span> <span class='ocrx_word' id='word_1_415' title='bbox 1435 569 1505 596; x_wconf 88' lang='lat' dir='ltr'>tam</span> <span class='ocrx_word' id='word_1_416' title='bbox 1538 564 1640 597; x_wconf 87' lang='lat' dir='ltr'>multi</span> <span class='ocrx_word' id='word_1_417' title='bbox 1674 569 1827 609; x_wconf 88' lang='lat' dir='ltr'>superati</span> <span class='ocrx_word' id='word_1_418' title='bbox 1855 582 1872 603; x_wconf 91' lang='lat' dir='ltr'>a</span> <span class='ocrx_word' id='word_1_419' title='bbox 1908 572 2051 608; x_wconf 88' lang='lat' dir='ltr'>diabolo</span> <span class='ocrx_word' id='word_1_420' title='bbox 2085 583 2116 610; x_wconf 82' lang='lat' dir='ltr'>et</span> 
     </span>
     <span class='ocr_line' id='line_1_66' title="bbox 1132 614 2119 668; baseline 0.01 -18"><span class='ocrx_word' id='word_1_421' title='bbox 1132 628 1192 650; x_wconf 89' lang='lat' dir='ltr'>sua</span> <span class='ocrx_word' id='word_1_422' title='bbox 1209 615 1430 653; x_wconf 82' lang='lat' dir='ltr'>infirmitate,</span> <span class='ocrx_word' id='word_1_423' title='bbox 1457 620 1563 647; x_wconf 84' lang='lat' dir='ltr'>ruant</span> <span class='ocrx_word' id='word_1_424' title='bbox 1582 614 1618 646; x_wconf 94' lang='lat' dir='ltr'>in</span> <span class='ocrx_word' id='word_1_425' title='bbox 1638 616 1795 659; x_wconf 87' lang='lat' dir='ltr'>exitium,</span> <span class='ocrx_word' id='word_1_426' title='bbox 1820 627 1857 653; x_wconf 89' lang='lat' dir='ltr'>ut</span> <span class='ocrx_word' id='word_1_427' title='bbox 1872 624 2022 657; x_wconf 88' lang='lat' dir='ltr'>maxima</span> <span class='ocrx_word' id='word_1_428' title='bbox 2040 638 2119 668; x_wconf 88' lang='lat' dir='ltr'>pars</span> 
     </span>
     <span class='ocr_line' id='line_1_67' title="bbox 1131 665 2116 711; baseline 0.011 -12"><span class='ocrx_word' id='word_1_429' title='bbox 1131 668 1253 711; x_wconf 89' lang='lat' dir='ltr'>populi</span> <span class='ocrx_word' id='word_1_430' title='bbox 1267 667 1302 699; x_wconf 86' lang='lat' dir='ltr'>in</span> <span class='ocrx_word' id='word_1_431' title='bbox 1319 666 1467 702; x_wconf 81' lang='lat' dir='ltr'>desert0‚</span> <span class='ocrx_word' id='word_1_432' title='bbox 1486 670 1519 697; x_wconf 80' lang='lat' dir='ltr'>et</span> <span class='ocrx_word' id='word_1_433' title='bbox 1535 665 1698 707; x_wconf 90' lang='lat' dir='ltr'>parabola</span> <span class='ocrx_word' id='word_1_434' title='bbox 1717 668 1759 700; x_wconf 90' lang='lat' dir='ltr'>de</span> <span class='ocrx_word' id='word_1_435' title='bbox 1775 671 1907 704; x_wconf 79' lang='lat' dir='ltr'>semine</span> <span class='ocrx_word' id='word_1_436' title='bbox 1921 672 2048 709; x_wconf 86' lang='lat' dir='ltr'>Matth.</span> <span class='ocrx_word' id='word_1_437' title='bbox 2062 678 2116 710; x_wconf 80' lang='lat'>13.</span> 
     </span>
     <span class='ocr_line' id='line_1_68' title="bbox 1131 715 2115 763; baseline 0.01 -13"><span class='ocrx_word' id='word_1_438' title='bbox 1131 718 1299 761; x_wconf 84' lang='lat' dir='ltr'>significat</span> <span class='ocrx_word' id='word_1_439' title='bbox 1317 715 1489 760; x_wconf 88' lang='lat' dir='ltr'>plurimos</span> <span class='ocrx_word' id='word_1_440' title='bbox 1504 715 1650 748; x_wconf 86' lang='lat' dir='ltr'>deficere</span> <span class='ocrx_word' id='word_1_441' title='bbox 1667 729 1684 749; x_wconf 91' lang='lat' dir='ltr'>a</span> <span class='ocrx_word' id='word_1_442' title='bbox 1704 715 1795 752; x_wconf 88' lang='lat' dir='ltr'>Deo:</span> <span class='ocrx_word' id='word_1_443' title='bbox 1825 719 2015 763; x_wconf 85' lang='lat' dir='ltr'>Quomodo</span> <span class='ocrx_word' id='word_1_444' title='bbox 2033 739 2115 759; x_wconf 88' lang='lat' dir='ltr'>con-</span> 
     </span>
     <span class='ocr_line' id='line_1_69' title="bbox 1130 764 2115 811; baseline 0.009 -10"><span class='ocrx_word' id='word_1_445' title='bbox 1130 769 1223 811; x_wconf 84' lang='lat' dir='ltr'>gruit</span> <span class='ocrx_word' id='word_1_446' title='bbox 1249 769 1291 801; x_wconf 88' lang='lat' dir='ltr'>ad</span> <span class='ocrx_word' id='word_1_447' title='bbox 1321 764 1404 799; x_wconf 78' lang='lat' dir='ltr'>haec</span> <span class='ocrx_word' id='word_1_448' title='bbox 1433 765 1545 806; x_wconf 84' lang='lat' dir='ltr'>dicta,</span> <span class='ocrx_word' id='word_1_449' title='bbox 1586 768 1679 811; x_wconf 90' lang='lat' dir='ltr'>quod</span> <span class='ocrx_word' id='word_1_450' title='bbox 1706 774 1799 803; x_wconf 85' lang='lat' dir='ltr'>tanta</span> <span class='ocrx_word' id='word_1_451' title='bbox 1829 772 2017 807; x_wconf 85' lang='lat' dir='ltr'>multitudo</span> <span class='ocrx_word' id='word_1_452' title='bbox 2045 789 2115 810; x_wconf 87' lang='lat' dir='ltr'>non</span> 
     </span>
     <span class='ocr_line' id='line_1_70' title="bbox 1129 817 1347 863; baseline -0.014 -11"><span class='ocrx_word' id='word_1_453' title='bbox 1129 817 1347 863; x_wconf 79' lang='lat' dir='ltr'>protegitur?</span> 
     </span>
    </p>

    <p class='ocr_par' dir='ltr' id='par_1_21' title="bbox 1124 864 2112 1416">
     <span class='ocr_line' id='line_1_71' title="bbox 1229 864 2111 911; baseline 0.008 -8"><span class='ocrx_word' id='word_1_454' title='bbox 1229 867 1462 911; x_wconf 80' lang='lat' dir='ltr'>Respondeo:</span> <span class='ocrx_word' id='word_1_455' title='bbox 1499 864 1645 910; x_wconf 89' lang='lat' dir='ltr'>Semper</span> <span class='ocrx_word' id='word_1_456' title='bbox 1671 868 1706 901; x_wconf 91' lang='lat' dir='ltr'>in</span> <span class='ocrx_word' id='word_1_457' title='bbox 1732 868 1887 904; x_wconf 81' lang='lat' dir='ltr'>Ecclesia</span> <span class='ocrx_word' id='word_1_458' title='bbox 1915 874 2005 907; x_wconf 88' lang='lat' dir='ltr'>duae</span> <span class='ocrx_word' id='word_1_459' title='bbox 2033 884 2111 910; x_wconf 88' lang='lat' dir='ltr'>sunt</span> 
     </span>
     <span class='ocr_line' id='line_1_72' title="bbox 1129 913 2112 971; baseline 0.007 -18"><span class='ocrx_word' id='word_1_460' title='bbox 1129 926 1252 964; x_wconf 88' lang='lat' dir='ltr'>partes.</span> <span class='ocrx_word' id='word_1_461' title='bbox 1305 918 1384 953; x_wconf 85' lang='lat' dir='ltr'>Una</span> <span class='ocrx_word' id='word_1_462' title='bbox 1415 913 1547 949; x_wconf 71' lang='lat' dir='ltr'>habens</span> <span class='ocrx_word' id='word_1_463' title='bbox 1573 918 1672 951; x_wconf 87' lang='lat' dir='ltr'>initia</span> <span class='ocrx_word' id='word_1_464' title='bbox 1697 920 1832 954; x_wconf 80' lang='lat' dir='ltr'>timoris</span> <span class='ocrx_word' id='word_1_465' title='bbox 1850 929 1881 956; x_wconf 87' lang='lat' dir='ltr'>et</span> <span class='ocrx_word' id='word_1_466' title='bbox 1901 924 1997 965; x_wconf 84' lang='lat' dir='ltr'>fidei,</span> <span class='ocrx_word' id='word_1_467' title='bbox 2025 940 2112 971; x_wconf 82' lang='lat' dir='ltr'>quae</span> 
     </span>
     <span class='ocr_line' id='line_1_73' title="bbox 1128 967 2112 1015; baseline 0.007 -12"><span class='ocrx_word' id='word_1_468' title='bbox 1128 982 1328 1015; x_wconf 79' lang='lat' dir='ltr'>quanquam</span> <span class='ocrx_word' id='word_1_469' title='bbox 1346 967 1484 1001; x_wconf 82' lang='lat' dir='ltr'>infirma</span> <span class='ocrx_word' id='word_1_470' title='bbox 1503 974 1563 1005; x_wconf 82' lang='lat' dir='ltr'>est,</span> <span class='ocrx_word' id='word_1_471' title='bbox 1592 975 1706 1002; x_wconf 85' lang='lat' dir='ltr'>tamen</span> <span class='ocrx_word' id='word_1_472' title='bbox 1727 968 1828 1005; x_wconf 82' lang='lat' dir='ltr'>babet</span> <span class='ocrx_word' id='word_1_473' title='bbox 1845 975 2005 1009; x_wconf 86' lang='lat' dir='ltr'>exercitia</span> <span class='ocrx_word' id='word_1_474' title='bbox 2024 977 2112 1010; x_wconf 85' lang='lat' dir='ltr'>Poe-</span> 
     </span>
     <span class='ocr_line' id='line_1_74' title="bbox 1129 1018 2111 1061; baseline 0.01 -10"><span class='ocrx_word' id='word_1_475' title='bbox 1129 1021 1299 1054; x_wconf 81' lang='lat' dir='ltr'>nitentiae</span> <span class='ocrx_word' id='word_1_476' title='bbox 1317 1027 1349 1054; x_wconf 83' lang='lat' dir='ltr'>et</span> <span class='ocrx_word' id='word_1_477' title='bbox 1373 1018 1629 1059; x_wconf 79' lang='lat' dir='ltr'>Invocationis,</span> <span class='ocrx_word' id='word_1_478' title='bbox 1659 1026 1691 1052; x_wconf 78' lang='lat' dir='ltr'>et</span> <span class='ocrx_word' id='word_1_479' title='bbox 1717 1022 1841 1056; x_wconf 88' lang='lat' dir='ltr'>retinet</span> <span class='ocrx_word' id='word_1_480' title='bbox 1866 1024 2027 1059; x_wconf 84' lang='lat' dir='ltr'>timorem</span> <span class='ocrx_word' id='word_1_481' title='bbox 2047 1026 2111 1061; x_wconf 64' lang='lat' dir='ltr'>D2=i</span> 
     </span>
     <span class='ocr_line' id='line_1_75' title="bbox 1128 1070 2112 1113; baseline 0.006 -8"><span class='ocrx_word' id='word_1_482' title='bbox 1128 1078 1161 1105; x_wconf 81' lang='lat' dir='ltr'>et</span> <span class='ocrx_word' id='word_1_483' title='bbox 1177 1072 1299 1112; x_wconf 86' lang='lat' dir='ltr'>fidem,</span> <span class='ocrx_word' id='word_1_484' title='bbox 1327 1071 1370 1103; x_wconf 85' lang='lat' dir='ltr'>de</span> <span class='ocrx_word' id='word_1_485' title='bbox 1395 1079 1461 1113; x_wconf 72' lang='lat' dir='ltr'>qua</span> <span class='ocrx_word' id='word_1_486' title='bbox 1486 1076 1584 1112; x_wconf 82' lang='lat' dir='ltr'>parte</span> <span class='ocrx_word' id='word_1_487' title='bbox 1608 1070 1753 1104; x_wconf 89' lang='lat' dir='ltr'>dicitnr:</span> <span class='ocrx_word' id='word_1_488' title='bbox 1782 1072 1935 1108; x_wconf 84' lang='lat' dir='ltr'>Habenti</span> <span class='ocrx_word' id='word_1_489' title='bbox 1960 1077 2112 1111; x_wconf 88' lang='lat' dir='ltr'>dabitur.</span> 
     </span>
     <span class='ocr_line' id='line_1_76' title="bbox 1127 1117 2112 1162; baseline 0.007 -7"><span class='ocrx_word' id='word_1_490' title='bbox 1127 1124 1212 1155; x_wconf 84' lang='lat' dir='ltr'>Item</span> <span class='ocrx_word' id='word_1_491' title='bbox 1238 1121 1376 1154; x_wconf 84' lang='lat' dir='ltr'>Psalmo</span> <span class='ocrx_word' id='word_1_492' title='bbox 1397 1117 1495 1153; x_wconf 61' lang='lat'>144:</span> <span class='ocrx_word' id='word_1_493' title='bbox 1531 1118 1645 1162; x_wconf 85' lang='lat' dir='ltr'>Prope</span> <span class='ocrx_word' id='word_1_494' title='bbox 1669 1130 1717 1155; x_wconf 89' lang='lat' dir='ltr'>est</span> <span class='ocrx_word' id='word_1_495' title='bbox 1746 1123 1925 1158; x_wconf 82' lang='lat' dir='ltr'>Dominus</span> <span class='ocrx_word' id='word_1_496' title='bbox 1947 1129 2112 1162; x_wconf 87' lang='lat' dir='ltr'>omnibns</span> 
     </span>
     <span class='ocr_line' id='line_1_77' title="bbox 1128 1171 2110 1212; baseline 0.007 -7"><span class='ocrx_word' id='word_1_497' title='bbox 1128 1172 1375 1205; x_wconf 76' lang='lat' dir='ltr'>invocantibus</span> <span class='ocrx_word' id='word_1_498' title='bbox 1393 1181 1492 1209; x_wconf 87' lang='lat' dir='ltr'>enm,</span> <span class='ocrx_word' id='word_1_499' title='bbox 1521 1171 1685 1204; x_wconf 85' lang='lat' dir='ltr'>omnibus</span> <span class='ocrx_word' id='word_1_500' title='bbox 1702 1172 1948 1208; x_wconf 80' lang='lat' dir='ltr'>invocantibus</span> <span class='ocrx_word' id='word_1_501' title='bbox 1972 1190 2049 1211; x_wconf 88' lang='lat' dir='ltr'>eum</span> <span class='ocrx_word' id='word_1_502' title='bbox 2075 1181 2110 1212; x_wconf 88' lang='lat' dir='ltr'>in</span> 
     </span>
     <span class='ocr_line' id='line_1_78' title="bbox 1127 1219 2109 1268; baseline 0.007 -13"><span class='ocrx_word' id='word_1_503' title='bbox 1127 1223 1283 1256; x_wconf 86' lang='lat' dir='ltr'>veritate.</span> <span class='ocrx_word' id='word_1_504' title='bbox 1336 1223 1441 1256; x_wconf 88' lang='lat' dir='ltr'>Item:</span> <span class='ocrx_word' id='word_1_505' title='bbox 1471 1219 1612 1262; x_wconf 84' lang='lat' dir='ltr'>Quanto</span> <span class='ocrx_word' id='word_1_506' title='bbox 1639 1224 1747 1266; x_wconf 84' lang='lat' dir='ltr'>magis</span> <span class='ocrx_word' id='word_1_507' title='bbox 1774 1232 1872 1268; x_wconf 81' lang='lat' dir='ltr'>pater</span> <span class='ocrx_word' id='word_1_508' title='bbox 1896 1235 2006 1261; x_wconf 80' lang='lat' dir='ltr'>vester</span> <span class='ocrx_word' id='word_1_509' title='bbox 2032 1242 2109 1262; x_wconf 86' lang='lat' dir='ltr'>coe-</span> 
     </span>
     <span class='ocr_line' id='line_1_79' title="bbox 1125 1270 2110 1319; baseline 0.007 -13"><span class='ocrx_word' id='word_1_510' title='bbox 1125 1274 1220 1307; x_wconf 86' lang='lat' dir='ltr'>lestis</span> <span class='ocrx_word' id='word_1_511' title='bbox 1244 1272 1342 1305; x_wconf 83' lang='lat' dir='ltr'>dabit</span> <span class='ocrx_word' id='word_1_512' title='bbox 1365 1270 1537 1313; x_wconf 90' lang='lat' dir='ltr'>Spiritum</span> <span class='ocrx_word' id='word_1_513' title='bbox 1563 1278 1719 1305; x_wconf 86' lang='lat' dir='ltr'>sanctum</span> <span class='ocrx_word' id='word_1_514' title='bbox 1748 1277 1970 1318; x_wconf 83' lang='lat' dir='ltr'>petentibus?</span> <span class='ocrx_word' id='word_1_515' title='bbox 2012 1278 2110 1319; x_wconf 83' lang='lat' dir='ltr'>Item,</span> 
     </span>
     <span class='ocr_line' id='line_1_80' title="bbox 1126 1321 2109 1365; baseline 0.021 -22"><span class='ocrx_word' id='word_1_516' title='bbox 1126 1322 1249 1357; x_wconf 58' lang='lat' dir='ltr'>Esaiae</span> <span class='ocrx_word' id='word_1_517' title='bbox 1268 1322 1344 1356; x_wconf 86' lang='lat'><strong>66.:</strong></span> <span class='ocrx_word' id='word_1_518' title='bbox 1372 1321 1428 1355; x_wconf 90' lang='lat' dir='ltr'>Ad</span> <span class='ocrx_word' id='word_1_519' title='bbox 1457 1332 1560 1365; x_wconf 90' lang='lat' dir='ltr'>quem</span> <span class='ocrx_word' id='word_1_520' title='bbox 1585 1323 1791 1365; x_wconf 79' lang='lat' dir='ltr'>respiciam,</span> <span class='ocrx_word' id='word_1_521' title='bbox 1820 1327 1888 1358; x_wconf 86' lang='lat' dir='ltr'>nisi</span> <span class='ocrx_word' id='word_1_522' title='bbox 1914 1329 1957 1360; x_wconf 89' lang='lat' dir='ltr'>ad</span> <span class='ocrx_word' id='word_1_523' title='bbox 1975 1332 2109 1364; x_wconf 88' lang='lat' dir='ltr'>contri—</span> 
     </span>
     <span class='ocr_line' id='line_1_81' title="bbox 1124 1373 1935 1416; baseline 0.005 -9"><span class='ocrx_word' id='word_1_524' title='bbox 1124 1381 1197 1407; x_wconf 88' lang='lat' dir='ltr'>tum</span> <span class='ocrx_word' id='word_1_525' title='bbox 1218 1373 1342 1416; x_wconf 88' lang='lat' dir='ltr'>spiritu</span> <span class='ocrx_word' id='word_1_526' title='bbox 1360 1380 1392 1406; x_wconf 92' lang='lat' dir='ltr'>et</span> <span class='ocrx_word' id='word_1_527' title='bbox 1410 1377 1615 1404; x_wconf 85' lang='lat' dir='ltr'>trementem</span> <span class='ocrx_word' id='word_1_528' title='bbox 1632 1384 1809 1408; x_wconf 84' lang='lat' dir='ltr'>sermones</span> <span class='ocrx_word' id='word_1_529' title='bbox 1830 1389 1935 1412; x_wconf 89' lang='lat' dir='ltr'>meos.</span> 
     </span>
    </p>

    <p class='ocr_par' dir='ltr' id='par_1_22' title="bbox 1119 1423 2107 1774">
     <span class='ocr_line' id='line_1_82' title="bbox 1224 1423 2107 1473; baseline 0.009 -16"><span class='ocrx_word' id='word_1_530' title='bbox 1224 1423 1345 1457; x_wconf 88' lang='lat' dir='ltr'>Altera</span> <span class='ocrx_word' id='word_1_531' title='bbox 1369 1432 1449 1467; x_wconf 82' lang='lat' dir='ltr'>pars</span> <span class='ocrx_word' id='word_1_532' title='bbox 1473 1428 1524 1455; x_wconf 85' lang='lat' dir='ltr'>est</span> <span class='ocrx_word' id='word_1_533' title='bbox 1549 1433 1668 1456; x_wconf 82' lang='lat' dir='ltr'>secura</span> <span class='ocrx_word' id='word_1_534' title='bbox 1695 1425 1769 1457; x_wconf 89' lang='lat' dir='ltr'>sine</span> <span class='ocrx_word' id='word_1_535' title='bbox 1794 1429 1965 1461; x_wconf 84' lang='lat' dir='ltr'>exercitiis</span> <span class='ocrx_word' id='word_1_536' title='bbox 1984 1432 2107 1473; x_wconf 85' lang='lat' dir='ltr'>poeni-</span> 
     </span>
     <span class='ocr_line' id='line_1_83' title="bbox 1123 1471 2107 1521; baseline 0.007 -13"><span class='ocrx_word' id='word_1_537' title='bbox 1123 1475 1252 1509; x_wconf 85' lang='lat' dir='ltr'>tentiae</span> <span class='ocrx_word' id='word_1_538' title='bbox 1277 1481 1311 1508; x_wconf 91' lang='lat' dir='ltr'>et</span> <span class='ocrx_word' id='word_1_539' title='bbox 1333 1471 1585 1513; x_wconf 80' lang='lat' dir='ltr'>invocationis,</span> <span class='ocrx_word' id='word_1_540' title='bbox 1630 1474 1725 1507; x_wconf 81' lang='lat' dir='ltr'>ebria</span> <span class='ocrx_word' id='word_1_541' title='bbox 1756 1478 2015 1521; x_wconf 82' lang='lat' dir='ltr'>voluptatibus,</span> <span class='ocrx_word' id='word_1_542' title='bbox 2049 1491 2107 1516; x_wconf 87' lang='lat' dir='ltr'>aut</span> 
     </span>
     <span class='ocr_line' id='line_1_84' title="bbox 1122 1523 2105 1570; baseline 0.007 -12"><span class='ocrx_word' id='word_1_543' title='bbox 1122 1525 1354 1558; x_wconf 82' lang='lat' dir='ltr'>admiratione</span> <span class='ocrx_word' id='word_1_544' title='bbox 1385 1531 1418 1556; x_wconf 88' lang='lat' dir='ltr'>et</span> <span class='ocrx_word' id='word_1_545' title='bbox 1450 1523 1576 1555; x_wconf 88' lang='lat' dir='ltr'>fiducia</span> <span class='ocrx_word' id='word_1_546' title='bbox 1606 1535 1688 1556; x_wconf 86' lang='lat' dir='ltr'>suae</span> <span class='ocrx_word' id='word_1_547' title='bbox 1717 1527 1909 1570; x_wconf 85' lang='lat' dir='ltr'>sapientiae</span> <span class='ocrx_word' id='word_1_548' title='bbox 1941 1537 1972 1563; x_wconf 89' lang='lat' dir='ltr'>et</span> <span class='ocrx_word' id='word_1_549' title='bbox 2007 1532 2105 1565; x_wconf 88' lang='lat' dir='ltr'>iusti-</span> 
     </span>
     <span class='ocr_line' id='line_1_85' title="bbox 1123 1570 2104 1619; baseline 0.014 -17"><span class='ocrx_word' id='word_1_550' title='bbox 1123 1577 1215 1616; x_wconf 68' lang='lat' dir='ltr'>ciae‚</span> <span class='ocrx_word' id='word_1_551' title='bbox 1243 1582 1281 1608; x_wconf 81' lang='lat' dir='ltr'>ut</span> <span class='ocrx_word' id='word_1_552' title='bbox 1306 1574 1411 1615; x_wconf 85' lang='lat' dir='ltr'>Saul,</span> <span class='ocrx_word' id='word_1_553' title='bbox 1440 1570 1672 1617; x_wconf 81' lang='lat' dir='ltr'>Achitophel,</span> <span class='ocrx_word' id='word_1_554' title='bbox 1701 1575 1878 1619; x_wconf 81' lang='lat' dir='ltr'>Absolon,</span> <span class='ocrx_word' id='word_1_555' title='bbox 1910 1587 1939 1613; x_wconf 91' lang='lat' dir='ltr'>et</span> <span class='ocrx_word' id='word_1_556' title='bbox 1964 1581 2021 1614; x_wconf 86' lang='lat' dir='ltr'>alii</span> <span class='ocrx_word' id='word_1_557' title='bbox 2049 1584 2104 1615; x_wconf 93' lang='lat' dir='ltr'>in-</span> 
     </span>
     <span class='ocr_line' id='line_1_86' title="bbox 1122 1621 2103 1678; baseline 0.017 -28"><span class='ocrx_word' id='word_1_558' title='bbox 1122 1625 1368 1660; x_wconf 66' lang='lat' dir='ltr'>numerabiles,</span> <span class='ocrx_word' id='word_1_559' title='bbox 1442 1621 1490 1655; x_wconf 91' lang='lat' dir='ltr'>Hi</span> <span class='ocrx_word' id='word_1_560' title='bbox 1521 1632 1733 1667; x_wconf 85' lang='lat' dir='ltr'>superantur</span> <span class='ocrx_word' id='word_1_561' title='bbox 1765 1640 1783 1660; x_wconf 86' lang='lat' dir='ltr'>a</span> <span class='ocrx_word' id='word_1_562' title='bbox 1818 1630 1978 1672; x_wconf 82' lang='lat' dir='ltr'>diabolo,</span> <span class='ocrx_word' id='word_1_563' title='bbox 2024 1634 2103 1678; x_wconf 87' lang='lat' dir='ltr'>quia</span> 
     </span>
     <span class='ocr_line' id='line_1_87' title="bbox 1121 1672 2101 1720; baseline 0.007 -11"><span class='ocrx_word' id='word_1_564' title='bbox 1121 1683 1202 1710; x_wconf 91' lang='lat' dir='ltr'>sunt</span> <span class='ocrx_word' id='word_1_565' title='bbox 1234 1677 1307 1710; x_wconf 88' lang='lat' dir='ltr'>sine</span> <span class='ocrx_word' id='word_1_566' title='bbox 1338 1676 1465 1709; x_wconf 88' lang='lat' dir='ltr'>timore</span> <span class='ocrx_word' id='word_1_567' title='bbox 1493 1672 1586 1715; x_wconf 85' lang='lat' dir='ltr'>Dei,</span> <span class='ocrx_word' id='word_1_568' title='bbox 1627 1678 1702 1709; x_wconf 86' lang='lat' dir='ltr'>sine</span> <span class='ocrx_word' id='word_1_569' title='bbox 1731 1680 1920 1720; x_wconf 79' lang='lat' dir='ltr'>agitatione</span> <span class='ocrx_word' id='word_1_570' title='bbox 1955 1682 2101 1716; x_wconf 83' lang='lat' dir='ltr'>infirmi-</span> 
     </span>
     <span class='ocr_line' id='line_1_88' title="bbox 1119 1725 2102 1774; baseline 0.009 -15"><span class='ocrx_word' id='word_1_571' title='bbox 1119 1727 1198 1760; x_wconf 87' lang='lat' dir='ltr'>tatis</span> <span class='ocrx_word' id='word_1_572' title='bbox 1221 1739 1320 1767; x_wconf 88' lang='lat' dir='ltr'>suae,</span> <span class='ocrx_word' id='word_1_573' title='bbox 1356 1727 1431 1759; x_wconf 85' lang='lat' dir='ltr'>sine</span> <span class='ocrx_word' id='word_1_574' title='bbox 1463 1725 1603 1763; x_wconf 89' lang='lat' dir='ltr'>dolore,</span> <span class='ocrx_word' id='word_1_575' title='bbox 1645 1739 1708 1760; x_wconf 91' lang='lat' dir='ltr'>nec</span> <span class='ocrx_word' id='word_1_576' title='bbox 1740 1737 1905 1774; x_wconf 76' lang='lat' dir='ltr'>expetunt</span> <span class='ocrx_word' id='word_1_577' title='bbox 1933 1734 2102 1767; x_wconf 89' lang='lat' dir='ltr'>auxilinm</span> 
     </span>
    </p>
   </div>
   <div class='ocr_carea' id='block_1_12' title="bbox 1094 1777 2101 1829">
    <p class='ocr_par' dir='ltr' id='par_1_23' title="bbox 1094 1777 2101 1829">
     <span class='ocr_line' id='line_1_89' title="bbox 1094 1777 2101 1829; baseline 0.002 -19"><span class='ocrx_word' id='word_1_578' title='bbox 1094 1795 1095 1800; x_wconf 67' lang='lat'>=</span> <span class='ocrx_word' id='word_1_579' title='bbox 1119 1777 1196 1813; x_wconf 83' lang='lat' dir='ltr'>Dei,</span> <span class='ocrx_word' id='word_1_580' title='bbox 1247 1777 1327 1810; x_wconf 87' lang='lat' dir='ltr'>Non</span> <span class='ocrx_word' id='word_1_581' title='bbox 1344 1777 1452 1819; x_wconf 85' lang='lat' dir='ltr'>igitur</span> <span class='ocrx_word' id='word_1_582' title='bbox 1470 1783 1631 1810; x_wconf 86' lang='lat' dir='ltr'>accusent</span> <span class='ocrx_word' id='word_1_583' title='bbox 1652 1778 1780 1819; x_wconf 84' lang='lat' dir='ltr'>Deum,</span> <span class='ocrx_word' id='word_1_584' title='bbox 1808 1784 1901 1824; x_wconf 83' lang='lat' dir='ltr'>quod</span> <span class='ocrx_word' id='word_1_585' title='bbox 1925 1794 1995 1816; x_wconf 90' lang='lat' dir='ltr'>non</span> <span class='ocrx_word' id='word_1_586' title='bbox 2021 1798 2101 1829; x_wconf 71' lang='lat' dir='ltr'>pro,</span> 
     </span>
    </p>
   </div>
   <div class='ocr_carea' id='block_1_13' title="bbox 1113 1828 2100 2125">
    <p class='ocr_par' dir='ltr' id='par_1_24' title="bbox 1113 1828 2100 2125">
     <span class='ocr_line' id='line_1_90' title="bbox 1118 1828 2100 1872; baseline 0.008 -11"><span class='ocrx_word' id='word_1_587' title='bbox 1118 1835 1301 1870; x_wconf 85' lang='lat' dir='ltr'>teguntur,</span> <span class='ocrx_word' id='word_1_588' title='bbox 1328 1829 1387 1861; x_wconf 91' lang='lat' dir='ltr'>sed</span> <span class='ocrx_word' id='word_1_589' title='bbox 1405 1828 1552 1870; x_wconf 81' lang='lat' dir='ltr'>seipsos,</span> <span class='ocrx_word' id='word_1_590' title='bbox 1582 1828 1662 1872; x_wconf 87' lang='lat' dir='ltr'>quia</span> <span class='ocrx_word' id='word_1_591' title='bbox 1680 1829 1746 1872; x_wconf 91' lang='lat' dir='ltr'>ipsi</span> <span class='ocrx_word' id='word_1_592' title='bbox 1765 1842 1826 1863; x_wconf 88' lang='lat' dir='ltr'>sno</span> <span class='ocrx_word' id='word_1_593' title='bbox 1846 1832 1963 1866; x_wconf 87' lang='lat' dir='ltr'>furore</span> <span class='ocrx_word' id='word_1_594' title='bbox 1982 1844 2100 1869; x_wconf 88' lang='lat' dir='ltr'>arcent</span> 
     </span>
     <span class='ocr_line' id='line_1_91' title="bbox 1117 1877 2097 1919; baseline 0.006 -6"><span class='ocrx_word' id='word_1_595' title='bbox 1117 1879 1249 1919; x_wconf 90' lang='lat' dir='ltr'>Deum,</span> <span class='ocrx_word' id='word_1_596' title='bbox 1276 1879 1370 1912; x_wconf 86' lang='lat' dir='ltr'>iuxta</span> <span class='ocrx_word' id='word_1_597' title='bbox 1393 1879 1452 1912; x_wconf 86' lang='lat' dir='ltr'>illa</span> <span class='ocrx_word' id='word_1_598' title='bbox 1477 1877 1585 1911; x_wconf 84' lang='lat' dir='ltr'>dicta:</span> <span class='ocrx_word' id='word_1_599' title='bbox 1615 1878 1645 1911; x_wconf 91' lang='lat' dir='ltr'><strong>A</strong></span> <span class='ocrx_word' id='word_1_600' title='bbox 1665 1891 1736 1912; x_wconf 91' lang='lat' dir='ltr'>non</span> <span class='ocrx_word' id='word_1_601' title='bbox 1757 1878 1907 1916; x_wconf 81' lang='lat' dir='ltr'>habente</span> <span class='ocrx_word' id='word_1_602' title='bbox 1932 1886 2034 1917; x_wconf 86' lang='lat' dir='ltr'>etiam</span> <span class='ocrx_word' id='word_1_603' title='bbox 2063 1887 2097 1919; x_wconf 85' lang='lat' dir='ltr'>id</span> 
     </span>
     <span class='ocr_line' id='line_1_92' title="bbox 1115 1927 2098 1973; baseline 0.007 -11"><span class='ocrx_word' id='word_1_604' title='bbox 1115 1931 1207 1973; x_wconf 89' lang='lat' dir='ltr'>quod</span> <span class='ocrx_word' id='word_1_605' title='bbox 1227 1927 1341 1970; x_wconf 86' lang='lat' dir='ltr'>habet,</span> <span class='ocrx_word' id='word_1_606' title='bbox 1357 1930 1546 1962; x_wconf 86' lang='lat' dir='ltr'>auferetur.</span> <span class='ocrx_word' id='word_1_607' title='bbox 1601 1928 1686 1963; x_wconf 84' lang='lat' dir='ltr'>Item</span> <span class='ocrx_word' id='word_1_608' title='bbox 1701 1958 1708 1971; x_wconf 87' lang='lat'><strong><em>,</em></strong></span> <span class='ocrx_word' id='word_1_609' title='bbox 1738 1930 1864 1965; x_wconf 74' lang='lat' dir='ltr'>Manli.</span> <span class='ocrx_word' id='word_1_610' title='bbox 1881 1935 1955 1969; x_wconf 70' lang='lat'>12:</span> <span class='ocrx_word' id='word_1_611' title='bbox 1982 1934 2025 1969; x_wconf 89' lang='lat' dir='ltr'>Et</span> <span class='ocrx_word' id='word_1_612' title='bbox 2043 1949 2098 1969; x_wconf 83' lang='lat' dir='ltr'>ve-</span> 
     </span>
     <span class='ocr_line' id='line_1_93' title="bbox 1114 1980 2097 2021; baseline 0.008 -8"><span class='ocrx_word' id='word_1_613' title='bbox 1114 1981 1234 2021; x_wconf 85' lang='lat' dir='ltr'>niens,</span> <span class='ocrx_word' id='word_1_614' title='bbox 1273 1980 1409 2013; x_wconf 89' lang='lat' dir='ltr'>invenit</span> <span class='ocrx_word' id='word_1_615' title='bbox 1451 1981 1594 2013; x_wconf 88' lang='lat' dir='ltr'>domum</span> <span class='ocrx_word' id='word_1_616' title='bbox 1641 1981 1799 2016; x_wconf 86' lang='lat' dir='ltr'>otiosam.</span> <span class='ocrx_word' id='word_1_617' title='bbox 1866 1984 1969 2018; x_wconf 88' lang='lat' dir='ltr'>Tunc</span> <span class='ocrx_word' id='word_1_618' title='bbox 2011 1987 2097 2021; x_wconf 88' lang='lat' dir='ltr'>alios</span> 
     </span>
     <span class='ocr_line' id='line_1_94' title="bbox 1113 2031 2098 2076; baseline 0.007 -13"><span class='ocrx_word' id='word_1_619' title='bbox 1113 2038 1243 2074; x_wconf 89' lang='lat' dir='ltr'>septem</span> <span class='ocrx_word' id='word_1_620' title='bbox 1262 2031 1404 2075; x_wconf 88' lang='lat' dir='ltr'>spiritus</span> <span class='ocrx_word' id='word_1_621' title='bbox 1422 2031 1566 2063; x_wconf 88' lang='lat' dir='ltr'>assumit</span> <span class='ocrx_word' id='word_1_622' title='bbox 1585 2032 1773 2076; x_wconf 87' lang='lat' dir='ltr'>nequiores</span> <span class='ocrx_word' id='word_1_623' title='bbox 1792 2045 1845 2074; x_wconf 81' lang='lat' dir='ltr'>se,</span> <span class='ocrx_word' id='word_1_624' title='bbox 1876 2043 1907 2069; x_wconf 87' lang='lat' dir='ltr'>et</span> <span class='ocrx_word' id='word_1_625' title='bbox 1923 2035 2011 2070; x_wconf 82' lang='lat' dir='ltr'>finnt</span> <span class='ocrx_word' id='word_1_626' title='bbox 2032 2050 2098 2070; x_wconf 77' lang='lat' dir='ltr'>no-</span> 
     </span>
     <span class='ocr_line' id='line_1_95' title="bbox 1113 2080 2094 2125; baseline 0.006 -11"><span class='ocrx_word' id='word_1_627' title='bbox 1113 2082 1251 2114; x_wconf 87' lang='lat' dir='ltr'>vissima</span> <span class='ocrx_word' id='word_1_628' title='bbox 1275 2082 1391 2125; x_wconf 90' lang='lat' dir='ltr'>peiora</span> <span class='ocrx_word' id='word_1_629' title='bbox 1417 2080 1606 2125; x_wconf 88' lang='lat' dir='ltr'>prioribus.</span> <span class='ocrx_word' id='word_1_630' title='bbox 1663 2080 1709 2116; x_wconf 88' lang='lat' dir='ltr'>Et</span> <span class='ocrx_word' id='word_1_631' title='bbox 1732 2086 1766 2118; x_wconf 73' lang='lat'>2.</span> <span class='ocrx_word' id='word_1_632' title='bbox 1786 2083 1855 2118; x_wconf 77' lang='lat' dir='ltr'>Pet.</span> <span class='ocrx_word' id='word_1_633' title='bbox 1873 2088 1926 2119; x_wconf 69' lang='lat'>2:</span> <span class='ocrx_word' id='word_1_634' title='bbox 1962 2087 1999 2120; x_wconf 90' lang='lat' dir='ltr'>Si</span> <span class='ocrx_word' id='word_1_635' title='bbox 2018 2101 2094 2121; x_wconf 87' lang='lat' dir='ltr'>cum</span> 
     </span>
    </p>
   </div>
   <div class='ocr_carea' id='block_1_14' title="bbox 1087 2132 2095 2176">
    <p class='ocr_par' dir='ltr' id='par_1_25' title="bbox 1087 2132 2095 2176">
     <span class='ocr_line' id='line_1_96' title="bbox 1087 2132 2095 2176; baseline 0.007 -12"><span class='ocrx_word' id='word_1_636' title='bbox 1087 2143 1088 2147; x_wconf 58' lang='lat'>¹</span> <span class='ocrx_word' id='word_1_637' title='bbox 1112 2132 1301 2176; x_wconf 83' lang='lat' dir='ltr'>effugeritis</span> <span class='ocrx_word' id='word_1_638' title='bbox 1319 2132 1637 2165; x_wconf 86' lang='lat' dir='ltr'>contaminationes</span> <span class='ocrx_word' id='word_1_639' title='bbox 1655 2135 1797 2174; x_wconf 83' lang='lat' dir='ltr'>mundi,</span> <span class='ocrx_word' id='word_1_640' title='bbox 1823 2148 1942 2169; x_wconf 89' lang='lat' dir='ltr'>rursus</span> <span class='ocrx_word' id='word_1_641' title='bbox 1964 2138 2010 2170; x_wconf 91' lang='lat' dir='ltr'>eis</span> <span class='ocrx_word' id='word_1_642' title='bbox 2030 2139 2095 2171; x_wconf 83' lang='lat' dir='ltr'>im-</span> 
     </span>
    </p>
   </div>
   <div class='ocr_carea' id='block_1_15' title="bbox 1109 2183 2093 2721">
    <p class='ocr_par' dir='ltr' id='par_1_26' title="bbox 1109 2183 2093 2721">
     <span class='ocr_line' id='line_1_97' title="bbox 1110 2183 2070 2230; baseline 0.006 -14"><span class='ocrx_word' id='word_1_643' title='bbox 1110 2183 1348 2227; x_wconf 82' lang='lat' dir='ltr'>plicabimini‚</span> <span class='ocrx_word' id='word_1_644' title='bbox 1374 2183 1463 2216; x_wconf 88' lang='lat' dir='ltr'>fiunt</span> <span class='ocrx_word' id='word_1_645' title='bbox 1481 2184 1672 2226; x_wconf 86' lang='lat' dir='ltr'>posteriora</span> <span class='ocrx_word' id='word_1_646' title='bbox 1692 2185 1862 2218; x_wconf 85' lang='lat' dir='ltr'>deteriora</span> <span class='ocrx_word' id='word_1_647' title='bbox 1882 2187 2070 2230; x_wconf 65' lang='lat' dir='ltr'>priorilnffi.</span> 
     </span>
     <span class='ocr_line' id='line_1_98' title="bbox 1213 2232 2092 2273; baseline 0.007 -6"><span class='ocrx_word' id='word_1_648' title='bbox 1213 2232 1267 2267; x_wconf 82' lang='lat' dir='ltr'>Ex</span> <span class='ocrx_word' id='word_1_649' title='bbox 1292 2232 1346 2267; x_wconf 92' lang='lat' dir='ltr'>his</span> <span class='ocrx_word' id='word_1_650' title='bbox 1372 2240 1404 2267; x_wconf 90' lang='lat' dir='ltr'>et</span> <span class='ocrx_word' id='word_1_651' title='bbox 1431 2233 1607 2266; x_wconf 85' lang='lat' dir='ltr'>similibus</span> <span class='ocrx_word' id='word_1_652' title='bbox 1635 2236 1846 2269; x_wconf 86' lang='lat' dir='ltr'>testimoniis</span> <span class='ocrx_word' id='word_1_653' title='bbox 1869 2239 2092 2273; x_wconf 85' lang='lat' dir='ltr'>manifestum</span> 
     </span>
     <span class='ocr_line' id='line_1_99' title="bbox 1111 2283 2093 2331; baseline 0.005 -13"><span class='ocrx_word' id='word_1_654' title='bbox 1111 2291 1177 2324; x_wconf 85' lang='lat' dir='ltr'>est,</span> <span class='ocrx_word' id='word_1_655' title='bbox 1206 2285 1338 2318; x_wconf 89' lang='lat' dir='ltr'>dictum</span> <span class='ocrx_word' id='word_1_656' title='bbox 1362 2285 1398 2317; x_wconf 91' lang='lat' dir='ltr'>in</span> <span class='ocrx_word' id='word_1_657' title='bbox 1425 2283 1535 2317; x_wconf 89' lang='lat' dir='ltr'>Paulo</span> <span class='ocrx_word' id='word_1_658' title='bbox 1567 2283 1835 2327; x_wconf 82' lang='lat' dir='ltr'>intelligendum</span> <span class='ocrx_word' id='word_1_659' title='bbox 1859 2299 1931 2321; x_wconf 91' lang='lat' dir='ltr'>esse</span> <span class='ocrx_word' id='word_1_660' title='bbox 1955 2290 1998 2322; x_wconf 88' lang='lat' dir='ltr'>de</span> <span class='ocrx_word' id='word_1_661' title='bbox 2029 2288 2093 2331; x_wconf 81' lang='lat' dir='ltr'>his,</span> 
     </span>
     <span class='ocr_line' id='line_1_100' title="bbox 1111 2333 2090 2380; baseline 0.007 -13"><span class='ocrx_word' id='word_1_662' title='bbox 1111 2336 1170 2380; x_wconf 91' lang='lat' dir='ltr'>qui</span> <span class='ocrx_word' id='word_1_663' title='bbox 1190 2333 1317 2368; x_wconf 87' lang='lat' dir='ltr'>habent</span> <span class='ocrx_word' id='word_1_664' title='bbox 1335 2334 1496 2368; x_wconf 81' lang='lat' dir='ltr'>exercitia</span> <span class='ocrx_word' id='word_1_665' title='bbox 1514 2335 1748 2377; x_wconf 82' lang='lat' dir='ltr'>poenitentiae</span> <span class='ocrx_word' id='word_1_666' title='bbox 1766 2343 1797 2370; x_wconf 91' lang='lat' dir='ltr'>et</span> <span class='ocrx_word' id='word_1_667' title='bbox 1815 2337 2090 2373; x_wconf 86' lang='lat' dir='ltr'>invocationem:</span> 
     </span>
     <span class='ocr_line' id='line_1_101' title="bbox 1109 2384 2087 2435; baseline 0.006 -17"><span class='ocrx_word' id='word_1_668' title='bbox 1109 2385 1242 2419; x_wconf 89' lang='lat' dir='ltr'>Fidelis</span> <span class='ocrx_word' id='word_1_669' title='bbox 1260 2393 1308 2419; x_wconf 89' lang='lat' dir='ltr'>est</span> <span class='ocrx_word' id='word_1_670' title='bbox 1324 2384 1428 2424; x_wconf 78' lang='lat' dir='ltr'>Deus,</span> <span class='ocrx_word' id='word_1_671' title='bbox 1445 2397 1507 2418; x_wconf 91' lang='lat' dir='ltr'>nec</span> <span class='ocrx_word' id='word_1_672' title='bbox 1524 2384 1612 2417; x_wconf 90' lang='lat' dir='ltr'>sinet</span> <span class='ocrx_word' id='word_1_673' title='bbox 1630 2397 1694 2418; x_wconf 89' lang='lat' dir='ltr'>nos</span> <span class='ocrx_word' id='word_1_674' title='bbox 1711 2388 1847 2428; x_wconf 86' lang='lat' dir='ltr'>tentari,</span> <span class='ocrx_word' id='word_1_675' title='bbox 1865 2400 1967 2433; x_wconf 86' lang='lat' dir='ltr'>supra</span> <span class='ocrx_word' id='word_1_676' title='bbox 1984 2404 2087 2435; x_wconf 84' lang='lat' dir='ltr'>quam</span> 
     </span>
     <span class='ocr_line' id='line_1_102' title="bbox 1110 2435 2088 2480; baseline 0.006 -11"><span class='ocrx_word' id='word_1_677' title='bbox 1110 2437 1200 2470; x_wconf 86' lang='lat' dir='ltr'>serre</span> <span class='ocrx_word' id='word_1_678' title='bbox 1217 2437 1370 2480; x_wconf 83' lang='lat' dir='ltr'>potestis.</span> <span class='ocrx_word' id='word_1_679' title='bbox 1415 2435 1486 2468; x_wconf 89' lang='lat' dir='ltr'>Vos</span> <span class='ocrx_word' id='word_1_680' title='bbox 1505 2435 1678 2474; x_wconf 86' lang='lat' dir='ltr'>videlicet,</span> <span class='ocrx_word' id='word_1_681' title='bbox 1696 2449 1767 2470; x_wconf 92' lang='lat' dir='ltr'>non</span> <span class='ocrx_word' id='word_1_682' title='bbox 1787 2439 1942 2473; x_wconf 83' lang='lat' dir='ltr'>furentes</span> <span class='ocrx_word' id='word_1_683' title='bbox 1960 2443 2088 2475; x_wconf 87' lang='lat' dir='ltr'>securi-</span> 
     </span>
     <span class='ocr_line' id='line_1_103' title="bbox 1110 2486 2088 2529; baseline 0.004 -8"><span class='ocrx_word' id='word_1_684' title='bbox 1110 2494 1192 2528; x_wconf 85' lang='lat' dir='ltr'>tate,</span> <span class='ocrx_word' id='word_1_685' title='bbox 1208 2489 1265 2520; x_wconf 91' lang='lat' dir='ltr'>sed</span> <span class='ocrx_word' id='word_1_686' title='bbox 1285 2486 1451 2520; x_wconf 89' lang='lat' dir='ltr'>habentes</span> <span class='ocrx_word' id='word_1_687' title='bbox 1468 2486 1628 2518; x_wconf 87' lang='lat' dir='ltr'>exercitia</span> <span class='ocrx_word' id='word_1_688' title='bbox 1649 2489 1884 2529; x_wconf 87' lang='lat' dir='ltr'>poenitentiae</span> <span class='ocrx_word' id='word_1_689' title='bbox 1899 2498 1930 2524; x_wconf 90' lang='lat' dir='ltr'>et</span> <span class='ocrx_word' id='word_1_690' title='bbox 1949 2492 2088 2525; x_wconf 87' lang='lat' dir='ltr'>invoca-</span> 
     </span>
     <span class='ocr_line' id='line_1_104' title="bbox 1110 2536 2088 2585; baseline 0.004 -14"><span class='ocrx_word' id='word_1_691' title='bbox 1110 2538 1227 2577; x_wconf 89' lang='lat' dir='ltr'>tionis,</span> <span class='ocrx_word' id='word_1_692' title='bbox 1245 2539 1333 2571; x_wconf 65' lang='lat' dir='ltr'>sicut,</span> <span class='ocrx_word' id='word_1_693' title='bbox 1349 2545 1381 2571; x_wconf 84' lang='lat' dir='ltr'>et</span> <span class='ocrx_word' id='word_1_694' title='bbox 1391 2537 1560 2571; x_wconf 88' lang='lat' dir='ltr'>Salomon</span> <span class='ocrx_word' id='word_1_695' title='bbox 1578 2536 1710 2581; x_wconf 85' lang='lat' dir='ltr'>inquit:</span> <span class='ocrx_word' id='word_1_696' title='bbox 1734 2537 1861 2573; x_wconf 88' lang='lat' dir='ltr'>Beatus</span> <span class='ocrx_word' id='word_1_697' title='bbox 1876 2543 1935 2585; x_wconf 89' lang='lat' dir='ltr'>qui</span> <span class='ocrx_word' id='word_1_698' title='bbox 1954 2554 2088 2585; x_wconf 86' lang='lat' dir='ltr'>semper</span> 
     </span>
     <span class='ocr_line' id='line_1_105' title="bbox 1111 2584 2084 2633; baseline 0.003 -11"><span class='ocrx_word' id='word_1_699' title='bbox 1111 2596 1162 2623; x_wconf 88' lang='lat' dir='ltr'>est</span> <span class='ocrx_word' id='word_1_700' title='bbox 1172 2589 1331 2633; x_wconf 85' lang='lat' dir='ltr'>pavidus.</span> <span class='ocrx_word' id='word_1_701' title='bbox 1358 2584 1558 2622; x_wconf 87' lang='lat' dir='ltr'>EtZachar.</span> <span class='ocrx_word' id='word_1_702' title='bbox 1571 2587 1602 2622; x_wconf 84' lang='lat'>1.</span> <span class='ocrx_word' id='word_1_703' title='bbox 1614 2587 1758 2622; x_wconf 90' lang='lat' dir='ltr'>dicitur:</span> <span class='ocrx_word' id='word_1_704' title='bbox 1775 2589 2032 2624; x_wconf 83' lang='lat' dir='ltr'>Convertimini</span> <span class='ocrx_word' id='word_1_705' title='bbox 2044 2595 2084 2625; x_wconf 90' lang='lat' dir='ltr'>ad</span> 
     </span>
     <span class='ocr_line' id='line_1_106' title="bbox 1110 2637 2085 2683; baseline 0.004 -11"><span class='ocrx_word' id='word_1_706' title='bbox 1110 2653 1182 2681; x_wconf 86' lang='lat' dir='ltr'>me,</span> <span class='ocrx_word' id='word_1_707' title='bbox 1207 2646 1240 2674; x_wconf 90' lang='lat' dir='ltr'>et</span> <span class='ocrx_word' id='word_1_708' title='bbox 1255 2650 1316 2683; x_wconf 85' lang='lat' dir='ltr'>ego</span> <span class='ocrx_word' id='word_1_709' title='bbox 1333 2645 1518 2672; x_wconf 87' lang='lat' dir='ltr'>convertar</span> <span class='ocrx_word' id='word_1_710' title='bbox 1534 2638 1575 2670; x_wconf 88' lang='lat' dir='ltr'>ad</span> <span class='ocrx_word' id='word_1_711' title='bbox 1593 2650 1664 2672; x_wconf 83' lang='lat' dir='ltr'>vos.</span> <span class='ocrx_word' id='word_1_712' title='bbox 1699 2637 1745 2673; x_wconf 88' lang='lat' dir='ltr'>Et</span> <span class='ocrx_word' id='word_1_713' title='bbox 1761 2638 1885 2674; x_wconf 88' lang='lat' dir='ltr'>Esaiae</span> <span class='ocrx_word' id='word_1_714' title='bbox 1906 2643 1956 2675; x_wconf 81' lang='lat'>1.:</span> <span class='ocrx_word' id='word_1_715' title='bbox 1984 2641 2085 2675; x_wconf 88' lang='lat' dir='ltr'>Desi-</span> 
     </span>
     <span class='ocr_line' id='line_1_107' title="bbox 1321 2688 1368 2721; baseline 0.021 -1"><span class='ocrx_word' id='word_1_716' title='bbox 1321 2688 1368 2721; x_wconf 84' lang='lat'>70</span> 
     </span>
    </p>
   </div>
  </div>
 </body>
</html>
