2415 2942
302 96 373 130 767
882 87 1006 123 PHlL.
1043 87 1157 122 MEL.

300 180 439 221 ligiouis
463 186 607 209 summa.
663 173 808 208 Interim
833 174 875 206 de
891 170 1028 206 Christi
1052 173 1286 213 invocatione,

302 233 345 262 de
364 231 428 261 fide
448 236 519 260 erat
538 228 662 269 ingens
680 225 875 260 silentium.

401 287 579 331 Principia
603 286 712 329 igitur
737 286 890 318 cavenda
916 284 1061 317 fuerunt
1081 290 1198 317 tantae
1219 283 1285 315 im-

299 339 491 385 pietatatis,
526 349 616 382 quae
641 337 782 381 quidem
810 334 1004 378 Gregorius
1029 335 1131 367 valde
1157 335 1286 367 confir·

298 391 425 425 mavit,
454 389 513 434 qui
533 388 713 432 publicum
732 387 839 420 ritum
859 386 1094 419 invocationis
1113 384 1285 418 Divornm

299 441 473 482 instituit,
502 439 561 484 qui
589 439 726 472 ossibus
741 444 774 471 et
791 437 997 482 pulveribus
1019 448 1140 471 eorum
1156 437 1285 480 templa

299 492 453 525 dedicari
471 491 581 522 iussit.

397 549 501 582 Tunc
531 549 634 582 etiam
670 548 811 592 irrepsit
843 547 985 592 opinio,
1029 548 1072 580 de
1106 546 1286 580 oblatione

300 601 458 645 corporis
473 607 503 633 et
522 600 703 643 sanguinis
719 597 853 633 Christi
870 599 1029 632 facienda
1048 610 1109 642 pro
1127 597 1285 630 mortuis.

300 652 394 685 Haec
421 651 542 694 opinio
570 651 703 696 peperit
729 648 937 684 horribilem
967 648 1284 693 prophanationem

300 709 523 736 sacramenti.

402 759 475 794 Etsi
511 760 618 803 igitur
652 764 728 802 post
758 755 921 799 Gregorii
959 762 1104 790 aetatem
1136 756 1286 788 maiores

255 807 261 809 ’
302 813 463 847 tenebrae
487 817 623 843 secutae
639 815 738 847 sunt,
763 814 880 841 tamen
899 804 937 839 hi
953 818 1088 839 errores
1104 814 1187 840 tunc
1203 803 1286 839 hae-

299 870 417 897 serunt
437 862 471 893 in
491 859 668 900 Ecclesia,
697 859 782 891 salsa
802 858 980 902 persuasio
998 859 1040 890 de
1059 855 1286 896 monachatu,

300 917 342 948 de
369 913 534 957 operibns
557 913 632 944 sine
661 910 826 942 mamiato
847 907 912 941 Dei
937 909 1154 951 excogitatis,
1184 909 1286 941 invo-

301 965 388 998 catio
415 969 638 1004 sanctorum,
676 967 709 994 et
726 959 861 993 oblatio
885 960 1043 1003 corporis
1061 958 1195 992 Christi
1223 971 1284 1003 pro

301 1014 464 1048 mortuis:
495 1011 532 1045 hi
557 1024 691 1045 errores
719 1022 880 1054 magnam
900 1011 1028 1043 deinde
1052 1010 1190 1043 ruinam
1209 1016 1285 1043 tra—

299 1073 436 1099 xerunt.
500 1063 618 1108 ltaque
644 1061 809 1105 Gregorii
844 1068 936 1095 aetas
973 1073 1045 1094 non
1077 1068 1190 1106 potest
1213 1073 1286 1094 esse

301 1129 424 1150 norma
452 1115 692 1147 emendandae
726 1112 919 1151 Ecclesiae,
957 1113 1052 1157 quod
1081 1113 1160 1157 qno'
1176 1112 1285 1154 magis

302 1166 447 1211 perspici
469 1166 594 1209 possit,
618 1164 858 1197 manifestiora
875 1170 985 1196 errata
1005 1163 1169 1206 Gregorii
1189 1164 1286 1206 prins

302 1218 477 1256 recitabo,
506 1216 633 1248 deiude
657 1226 766 1262 panca
793 1215 835 1246 de
860 1226 966 1247 coena
994 1214 1138 1248 Domini
1165 1215 1285 1258 dispu-
1309 1227 1312 1285 ἱ

300 1270 393 1303 tabo.
450 1266 643 1309 Gregorius
659 1266 716 1299 lib.
734 1265 768 1298 8.
788 1263 1043 1308 Epistolarnm,
1071 1265 1107 1297 in
1128 1262 1285 1307 Epistola

301 1321 342 1352 ad
361 1319 591 1353 Catanensein
617 1315 831 1359 Episcopum
856 1316 893 1348 in
920 1314 1060 1355 Sicilia,
1100 1316 1284 1360 praecipit:

302 1370 353 1404 Ne
377 1368 585 1403 subdiaconi
613 1374 671 1399 aut
698 1366 836 1398 diaconi
870 1367 1127 1399 consuetudine
1161 1366 1284 1398 coniu-

301 1433 383 1464 gum
409 1425 571 1458 utantur,
607 1429 692 1462 quas
719 1425 797 1449 ante
824 1416 1084 1449 ordinationem
1102 1418 1284 1453 duxerant,

302 1483 380 1505 cum
397 1471 538 1516 quidem
556 1475 656 1502 antea
673 1467 783 1501 Siculi
803 1475 998 1501 servassent
1016 1466 1192 1500 Graecum
1210 1479 1285 1499 mo·
1309 1473 1312 1522 ff

301 1534 392 1561 rem,
431 1532 494 1553 nec
526 1519 662 1552 maritis
688 1517 949 1551 interdixissent
979 1518 1167 1560 coniugum
1201 1530 1285 1550 con-

300 1572 533 1605 suetudinem.
601 1568 670 1602 Hic
710 1568 827 1611 lapsus
867 1569 948 1601 satis
987 1569 1192 1601 manifestus
1226 1575 1284 1601 est.

300 1623 409 1657 Nemo
436 1622 530 1655 enim
564 1620 642 1664 pius
666 1619 930 1653 distractionem
957 1619 1105 1662 legitimi
1131 1619 1286 1662 coniugii

300 1674 495 1718 approbare
512 1678 636 1715 potest.

402 1730 530 1763 Narrat
546 1729 651 1762 fuisse
669 1729 844 1773 quendam
863 1728 1067 1773 Speciosum
1081 1752 1089 1767 ,
1126 1728 1186 1773 qui
1214 1740 1285 1760 ma-

301 1782 405 1815 luerit
437 1781 635 1825 relinquere
666 1780 884 1812 sunctionem
920 1779 1146 1820 subdiaconi,
1181 1791 1285 1824 quam

299 1844 416 1865 carere
439 1831 597 1873 coniugis
622 1831 887 1864 consuetudine.
947 1829 1015 1862 Hic
1032 1830 1189 1875 quisquis
1207 1830 1284 1870 fuit,

299 1884 435 1916 saniore
455 1882 587 1914 iudicio
608 1882 788 1925 praeditus
811 1881 898 1922 fuit,
925 1892 1029 1926 quam
1055 1881 1128 1921 illi,
1155 1881 1216 1926 qui
1235 1887 1284 1914 ta-

300 1934 345 1966 lia
365 1933 527 1975 coniugia
544 1930 799 1966 distrahebant.

1309 1290 1312 1316 l

402 2000 515 2042 Auget
541 2006 719 2043 peccatum
743 1999 930 2042 Gregorii,
965 1999 1059 2043 quod
1084 1995 1178 2031 hunc
1207 2010 1283 2031 mo-

301 2065 373 2086 rem
392 2053 430 2084 in
449 2051 578 2085 Siculis
598 2048 762 2083 Ecclesiis
779 2050 886 2093 recipi
906 2049 1038 2087 voluit,
1064 2060 1153 2093 quae
1177 2050 1220 2082 ad
1249 2049 1282 2081 id

298 2112 435 2147 tempus
461 2103 556 2135 iuxta
583 2102 798 2146 synodorum
824 2107 979 2132 veterum
1010 2101 1165 2139 decreta,
1201 2100 1284 2132 reti-

298 2161 450 2187 nuerant
476 2152 639 2194 coniugia
670 2152 707 2183 in
741 2151 907 2184 omnibus
931 2150 1096 2192 gradibus
1121 2150 1283 2182 ecclesia-

299 2205 411 2244 sticis,
445 2215 508 2236 nec
538 2203 733 2236 onerabant
765 2202 855 2234 votis
887 2201 1054 2233 diaconos
1086 2206 1146 2233 aut
1183 2201 1282 2235 alios.

298 2254 372 2288 Cur
392 2255 498 2287 sumit
513 2254 577 2286 sibi
600 2253 786 2296 imperinm
799 2251 993 2293 Gregorius
1011 2251 1045 2283 in
1064 2250 1194 2283 alienas
1216 2248 1282 2283 Ec-

300 2306 438 2343 clesias,
467 2316 545 2337 cum
563 2304 705 2348 quidem
725 2309 793 2336 tam
812 2302 941 2345 tragice
958 2302 1154 2334 declamitet
1168 2313 1204 2334 se
1220 2302 1282 2334 ab·

300 2354 440 2388 horrere
481 2356 524 2388 ab
572 2354 782 2387 universalis
816 2351 985 2396 Episcopi
1024 2352 1283 2395 appellatione?

297 2404 435 2438 Deinde
452 2417 513 2438 cur
530 2406 579 2438 ibi
596 2402 760 2439 distrahit
777 2403 939 2446 coniugia
951 2430 959 2443 ,
974 2403 1035 2436 ubi
1052 2403 1191 2435 diaconi
1209 2415 1281 2436 non

298 2457 436 2489 fuerant
458 2456 593 2489 onerati
615 2456 724 2495 votis,
749 2467 810 2488 cur
836 2452 894 2487 hic
918 2465 990 2487 non
1015 2461 1155 2486 veretur
1178 2465 1281 2496 supe-

297 2507 432 2539 riorum
453 2507 667 2550 synodorum
684 2504 931 2538 autoritatem?
983 2503 1050 2536 Hic
1068 2504 1184 2548 lapsus
1202 2516 1279 2536 cum

297 2557 514 2589 manifestam
543 2556 756 2598 impietatem
785 2563 817 2589 et
843 2555 1066 2600 tyrannidem
1090 2554 1279 2593 contineat,

296 2607 376 2639 satis
397 2612 540 2649 apparet
557 2612 702 2639 aetatem
719 2604 885 2648 Gregorii
899 2617 970 2640 non
988 2605 1094 2639 fuisse
1113 2605 1189 2638 sine
1207 2617 1277 2638 ma-

295 2659 369 2699 gnis
398 2657 586 2689 erroribus.

1196 86 1405 122 StJRlPTA
1441 85 1739 122 EXEGETtCA.

2247 91 2319 127 768

1441 171 1526 205 Item
1547 183 1651 215 quam
1672 171 1824 205 iniustus
1840 179 1889 206 est
1907 174 2074 208 adversus
2092 186 2168 216 eos,
2191 175 2250 220 qui
2267 175 2323 208 in-

1339 222 1453 255 fantes
1473 222 1510 254 in
1529 223 1752 255 monasteriis
1769 223 1906 256 educati
1925 225 2064 260 fuerant
2081 227 2175 259 iussu
2193 238 2321 270 paren-

1337 280 1431 311 tum,
1457 280 1491 306 et
1521 280 1638 317 postea
1666 274 1746 307 facti
1770 273 1938 317 puberes,
1973 276 2068 309 aliud
2094 278 2184 310 vitae
2209 288 2320 320 genus

1337 325 1556 367 expetebant.
1610 323 1662 357 De
1688 321 1742 357 his
1769 326 1974 368 respondet,
2013 328 2108 360 nefas
2139 339 2212 361 esse
2233 327 2320 361 tales

1337 376 1494 407 deserere
1519 375 1626 408 vitam
1653 375 1892 408 monasticam.
1951 374 2046 409 Haec
2072 379 2219 411 durities
2246 390 2318 411 non

1337 437 1377 457 eo
1407 433 1542 458 tantum
1570 422 1859 468 reprehendenda
1892 432 1959 467 est,
2000 427 2082 471 quia
2105 430 2207 462 aetati
2230 430 2319 463 sacta

1338 483 1386 509 est
1403 476 1554 514 iniuria,
1581 477 1641 509 sed
1661 477 1763 509 etiam
1791 476 1872 521 quia
1899 477 2000 511 valde
2019 478 2239 513 confirmavit
2259 490 2319 513 su-

1338 527 1550 570 perstitiosas
1569 527 1756 570 opiniones
1775 528 1817 559 de
1834 528 2035 562 monasticis
2053 529 2219 565 cultibus.

1437 577 1579 610 Addam
1620 578 1762 611 tertium
1805 586 1959 612 erratum
2003 591 2074 612 non
2115 581 2319 614 obscurum.

1337 627 1504 662 Movetur
1525 629 1688 671 spectris,
1723 636 1761 662 ut
1783 631 1987 671 comprobet
2015 630 2230 664 oblationem
2256 630 2321 665 Sa—

1337 680 1512 722 cramenti·
1537 691 1600 723 pro
1627 681 1785 713 mortuis.
1848 681 1978 714 Narrat
2012 683 2116 722 duos,
2150 682 2212 726 qui
2243 688 2320 726 post

1337 737 1485 763 mortem
1512 731 1549 762 in
1573 730 1707 763 balneis
1730 730 1946 771 servierunt,
1975 743 2126 776 quorum
2149 733 2236 766 alter
2260 744 2320 777 pe-

1337 779 1434 819 tivit,
1470 787 1508 814 nt
1532 793 1593 824 pro
1616 793 1652 814 se
1678 782 1773 815 fieret
1796 782 1929 815 oblatio
1954 783 2179 824 sacramenti,
2213 791 2252 816 ut
2275 784 2320 816 ab

1338 831 1408 863 illis
1434 832 1556 874 poenis
1583 832 1801 866 liberaretur.
1876 832 1931 866 Ab
1966 831 2020 865 his
2044 834 2189 877 spectris
2214 835 2320 867 sumit

1337 883 1498 923 dogmata
1531 883 1567 914 in
1592 881 1747 915 Ecclesia
1775 889 1895 916 contra
1924 884 2149 918 manifestum
2173 885 2320 918 manda-

1337 939 1410 965 tum
1426 932 1500 967 Dei.
1555 931 1657 966 Dent.
1677 933 1748 968 18.:
1768 933 1849 966 Non
1868 946 2013 978 quaeras
2029 947 2046 967 a
2064 935 2212 968 mortuis
2227 935 2319 968 veri-

1337 989 1453 1017 tatem.
1508 981 1555 1015 Et
1574 981 1697 1017 Esaiae
1712 984 1760 1016 8.:
1781 982 1905 1017 Utrum
1924 985 2074 1028 populus
2089 997 2107 1018 a
2122 985 2196 1019 Deo
2213 997 2320 1030 quae—

1338 1034 1382 1066 rit
1412 1033 1595 1066 veritatem
1623 1046 1686 1078 pro
1719 1034 1828 1074 vivis,
1863 1046 1907 1067 an
1945 1048 1963 1068 a
1994 1035 2167 1069 mortuis?
2225 1034 2319 1079 Ergo

1337 1084 1592 1129 qualiscunque
1618 1092 1668 1118 est
1694 1085 1892 1117 animarum
1915 1092 2024 1119 status
2049 1093 2127 1129 post
2148 1084 2239 1120 hanc
2265 1087 2319 1119 vi-

1337 1143 1408 1168 tam
1421 1162 1429 1175 ‚
1445 1142 1561 1168 tamen
1580 1147 1598 1168 a
1615 1136 1762 1179 spectris
1780 1147 1852 1168 non
1871 1143 1952 1169 sunt
1963 1138 2132 1170 sumenda
2149 1138 2319 1180 dogmata.

1336 1185 1474 1219 Deinde
1498 1187 1576 1230 quis
1595 1198 1666 1219 non
1686 1187 1780 1220 videt
1805 1187 1980 1229 poeticum
2004 1198 2096 1227 esse,
2124 1189 2218 1233 quod
2235 1188 2320 1221 dicit

1338 1238 1413 1281 pios
1433 1243 1509 1279 post
1526 1244 1674 1270 mortem
1700 1237 1808 1271 factos
1833 1249 1905 1271 esse
1930 1238 2158 1271 balneatores.
2212 1237 2319 1271 Simi-

1336 1289 1379 1320 lis
1397 1288 1522 1328 ‚fabula
1546 1295 1595 1321 est
1619 1295 1817 1321 commento
1841 1288 1883 1321 de
1908 1289 2048 1323 filiabus
2063 1287 2194 1330 Danai,
2229 1301 2319 1334 quae

1337 1337 1507 1371 hauriunt
1522 1350 1648 1383 aquam
1671 1339 1808 1372 cribris.

1437 1388 1516 1421 Non
1542 1388 1760 1421 instituimus
1784 1386 1877 1421 hunc
1895 1385 2120 1430 Catalogum,
2156 1395 2194 1422 ut
2221 1401 2317 1422 erro-

1337 1450 1414 1472 rum
1438 1439 1696 1472 confutationes
1723 1440 1948 1478 adderemus,
1984 1451 2072 1483 quae
2096 1446 2213 1472 extant
2234 1440 2318 1473 alibi

1337 1490 1418 1522 satis
1445 1490 1592 1529 multae,
1628 1496 1765 1522 tantum
1791 1499 1971 1522 recensere
1994 1496 2107 1522 errata
2135 1491 2252 1528 volui,
2280 1497 2319 1524 ut

1337 1547 1499 1583 appareat
1518 1540 1592 1572 falli
1611 1551 1684 1579 eos,
1713 1540 1772 1584 qui
1790 1540 1840 1572 sic
1853 1539 2074 1572 admirantur
2091 1547 2214 1583 patres,
2243 1547 2320 1573 tan-

1337 1602 1442 1634 quam
1467 1591 1598 1622 fuerint
1622 1586 1894 1635 ἃναμάρτητοι,
1929 1595 1961 1622 et
1987 1600 2161 1633 nusquam
2185 1591 2320 1624 dissen-

1337 1641 1426 1674 tiant
1442 1653 1459 1672 a
1477 1640 1614 1684 scriptis
1633 1640 1764 1673 divinis
1786 1638 1992 1675 manifestis.
2035 1638 2111 1673 Etsi
2131 1640 2239 1684 igitur
2253 1642 2320 1675 ali-

1337 1692 1419 1736 quid
1438 1698 1583 1724 monent
1604 1691 1783 1724 interdum
1808 1690 2018 1724 eruditiores
2040 1698 2173 1734 patres,
2201 1698 2318 1726 tamen

1338 1746 1381 1775 de
1401 1742 1449 1775 eis
1467 1742 1695 1774 iudicandum
1714 1748 1764 1775 est
1783 1753 1823 1775 ex
1842 1741 1948 1774 verbo
1966 1740 2043 1774 Dei.

1441 1791 1593 1826 Omissis
1614 1793 1720 1836 igitur
1737 1793 1815 1826 aliis
1837 1792 2160 1834 confutationibus,
2196 1794 2319 1827 brevi-

1339 1852 1389 1878 ter
1413 1845 1582 1889 quaedam
1610 1845 1651 1876 de
1678 1843 1738 1876 illa
1763 1843 1942 1876 oblatione
1968 1855 2032 1887 pro
2056 1845 2205 1878 mortuis
2227 1846 2319 1879 adii-

1338 1896 1443 1928 ciam:
1477 1893 1557 1927 Non
1579 1906 1667 1938 opus
1688 1900 1737 1927 est
1763 1894 1900 1939 quaeri,
1936 1905 1982 1926 an
2004 1894 2048 1927 sit
2065 1895 2318 1937 purgatorium,

1336 1944 1429 1978 nihil
1443 1943 1524 1977 haec
1535 1945 1691 1989 quaestio
1701 1945 1967 1977 adohlationem
1979 1945 2140 1987 pertinet.
2169 1944 2318 1980 Etiamsi

1337 2003 1424 2030 esset
1443 1995 1705 2039 purgatorium,
1737 2003 1852 2027 tamen
1873 1994 2020 2038 impium
2038 2003 2088 2029 est
2110 1995 2237 2029 offerre
2252 1995 2317 2030 Sa-

1336 2054 1554 2080 cramentum
1582 2058 1644 2089 pro
1670 2046 1827 2078 mortuis.
1881 2045 2052 2079 Rationes
2081 2047 2212 2080 multae
2236 2054 2318 2082 sunt

1335 2097 1564 2131 firmissimae,
1635 2095 1768 2129 Prima:
1818 2095 1982 2139 Impietas
2018 2104 2087 2135 est,
2133 2097 2316 2132 instituere

1337 2149 1470 2181 cultum
1496 2147 1533 2179 in
1556 2145 1734 2187 Ecclesia,
1774 2147 1850 2179 sine
1877 2147 2042 2180 mandato
2066 2146 2149 2180 Dei:
2185 2149 2315 2192 Adpli-

1335 2199 1423 2232 catio
1447 2209 1574 2230 coenae
1597 2197 1745 2230 Domini
1766 2210 1829 2241 pro
1851 2197 1927 2230 aliis
1954 2197 1991 2230 fit
2015 2198 2090 2231 sine
2113 2198 2188 2233 ullo
2214 2211 2315 2232 man-

1335 2250 1415 2282 dato
1433 2256 1465 2282 et
1483 2248 1684 2282 testimonio
1703 2248 1845 2285 divino,
1873 2246 1966 2291 Ergo
1989 2248 2064 2281 sine
2085 2249 2157 2282 ulla
2174 2250 2316 2284 dubita·

1336 2300 1431 2333 tione
1449 2297 1533 2332 haec
1549 2299 1738 2343 adplicatio
1755 2306 1805 2332 est
1826 2299 1945 2343 impia.

1438 2349 1612 2382 Maiorem
1651 2351 1861 2383 confirmant
1899 2348 2072 2392 plurimae
2099 2351 2311 2385 sententiae:

1336 2400 1414 2434 Non
1430 2398 1576 2434 habebis
1593 2399 1685 2433 Deos
1705 2401 1849 2434 alienos.
1886 2399 1927 2433 ln
1946 2398 2012 2433 hoc
2030 2402 2194 2435 mandato
2209 2402 2312 2435 etiam

1334 2452 1447 2485 cultus
1473 2452 1578 2484 alieni
1604 2448 1850 2494 prohibentur.
1916 2449 1963 2483 Et
1989 2447 2057 2483 buc
2081 2452 2232 2495 pertinet
2255 2453 2312 2485 di-

1333 2509 1444 2537 ctum:
1489 2501 1632 2535 Frustra
1665 2502 1787 2535 colunt
1816 2513 1870 2534 me
1910 2501 2084 2534 mandatis
2114 2500 2311 2539 hominum,

1334 2552 1437 2586 Item:
1473 2552 1659 2596 Quidquid
1690 2564 1762 2585 non
1795 2559 1843 2585 est
1866 2563 1905 2584 ex
1932 2551 2016 2592 fide,
2051 2560 2229 2596 peccatum
2252 2561 2311 2587 est.

1331 2602 1462 2643 Porro,
1493 2603 1606 2636 cultus
1625 2602 1699 2635 sine
1723 2603 1888 2636 mandato
1914 2601 1976 2635 Dei
2005 2614 2079 2635 non
2105 2611 2247 2646 possunt
2272 2617 2312 2637 ex

1304 2674 1306 2689 :
1332 2655 1397 2686 fide
1423 2654 1514 2687 fieri.
1551 2654 1608 2686 sed
1640 2655 1793 2686 mundus
1823 2664 1895 2686 non
1926 2653 2108 2697 intelligit,
2141 2663 2310 2699 quantum
