2415 2942
252 120 323 155 333
843 115 961 149 rlttt„
992 114 1103 149 MEL.
1133 115 1341 150 SCRtPTA
1369 114 1666 152 EXEGETICA.
2193 118 2267 155 584

252 207 339 241 tium
361 201 561 249 prophetica
593 201 738 244 scripta,
778 208 879 234 erunt
911 199 1019 245 aliqui
1044 200 1232 234 retinentes

253 259 363 289 lucem
381 255 558 287 doctrinae
578 262 608 285 et
630 254 781 284 nativam
799 252 1025 291 sententiani,
1055 264 1124 283 non
1144 251 1233 283 inter

252 308 473 340 Sadducaeos
497 310 554 334 ant
580 302 684 338 alios,
714 302 772 345 qni
799 314 860 334 nec
879 302 994 343 legunt
1014 314 1074 334 nec
1093 302 1231 334 discunt

252 354 454 398 Prophetas.
516 354 633 394 Quare
660 363 816 384 :nnemns
840 353 1016 391 studium,
1050 353 1233 384 audiamus

252 408 324 449 pios
345 413 374 436 et
395 404 522 447 peritos
543 404 768 445 interpretes,
797 403 1016 435 conferamus
1035 403 1231 436 testimonia

249 456 448 491 doctrinae,
490 462 645 496 petamus
684 460 815 485 mentes
843 461 976 486 nostras
1011 453 1080 494 regi
1111 461 1142 486 et
1176 465 1233 485 ac-

249 507 349 539 cendi
375 517 392 537 a
413 504 547 548 Spiritu
572 510 701 537 sancto.
756 502 849 536 Ilaec
872 511 953 536 sunt
978 504 1230 547 ‹liscipnlortnn

249 557 361 589 ot‘ticia
374 583 381 593 ,
409 563 440 588 et
459 553 523 587 lioc
541 555 694 588 studium
712 561 759 586 est
777 554 857 586 felix
870 581 877 591 ,
907 561 936 586 et
954 561 1121 587 monstrat
1143 554 1232 586 veri-

249 615 373 642 tatem.
399 606 484 638 sicut
511 605 678 647 scriptum
698 611 745 637 est
767 603 930 636 proverb.
948 605 999 638 2:

249 659 300 690 bis
317 669 375 689 cor
394 663 493 689 tunm
512 657 552 687 ad
572 656 794 698 sapientiam,
821 655 977 687 invenies
992 667 1077 687 eam.
1132 655 1230 687 tNonc,

249 708 353 740 verba
386 707 594 750 precationis
619 704 749 738 (Ito-isti
778 706 962 747 diligenter
988 707 1161 745 expende,
1198 712 1229 737 et

248 758 406 802 quotidie
439 764 470 789 te
502 758 542 788 ad
572 755 664 788 ltunc
690 763 847 788 nostruin
874 757 1085 788 sacerdotem
1113 767 1233 797 aggre-

248 818 342 850 gato,
370 815 401 840 et
425 807 546 839 iisdem
572 807 687 839 verliis
711 814 783 839 toto
802 807 905 838 corde
921 806 1040 848 petito,
1094 805 1232 838 Sancti-

248 861 308 891 fica
335 869 392 890 eos
418 858 453 889 in
474 858 616 889 veritate
635 864 710 896 tua,
737 857 771 887 id
789 864 857 893 est,
887 868 981 888 serva
1000 854 1231 897 Evangelinm

248 918 279 942 et
304 920 418 941 veram
445 908 652 940 sententiam
680 907 714 938 in
735 907 908 938 mentibus
927 906 1167 939 invocantium
1190 912 1232 943 te,

247 969 276 992 et
303 961 375 1002 ipsa
401 958 577 1000 agnitione
602 955 780 998 Evangelii
804 957 976 989 sanctifica
1002 968 1082 995 nos,
1113 957 1146 988 id
1173 963 1232 995 est,

247 1009 326 1043 Non
358 1009 451 1041 sinas
485 1019 555 1041 esse
589 1008 735 1040 otiosam
770 1007 959 1046 noticiam,
992 1008 1049 1038 sed
1082 1008 1231 1039 accende

247 1067 381 1093 mentes
405 1066 435 1092 et
466 1059 590 1093 corda,
619 1065 655 1091 nt
678 1069 758 1089 vere
782 1059 926 1090 ardeant
951 1057 986 1089 in
1006 1058 1107 1089 nobis
1127 1058 1232 1091 timor

245 1109 330 1149 Dei,
357 1110 460 1149 fides,
489 1109 649 1148 dilectio,
675 1115 706 1141 et
724 1120 802 1141 vere
819 1108 944 1146 simus,
974 1120 1045 1140 non
1062 1107 1232 1147 sineDeo,

248 1162 336 1194 sicut
347 1158 506 1193 littmici.
537 1166 566 1191 et
585 1170 705 1192 omnes
723 1159 782 1191 alii
802 1159 917 1201 impii,
947 1159 1004 1191 sed
1024 1171 1040 1191 a
1059 1165 1090 1191 te
1106 1160 1230 1201 guber-

246 1223 392 1252 nemur,
434 1211 498 1243 tibi
532 1211 741 1249 serviamus,
783 1216 813 1242 et
847 1209 1035 1242 invitemus
1068 1210 1155 1242 alios
1189 1210 1229 1241 ad

246 1274 363 1295 veram
404 1261 617 1304 agnitionem
660 1261 709 1293 tui
746 1267 776 1293 et
811 1272 927 1292 veram
962 1261 1230 1293 invocationem.

247 1313 414 1346 Sanctum
434 1312 526 1344 enim
546 1311 738 1355 opponitur
755 1311 920 1354 profano,
950 1317 981 1343 et
998 1311 1166 1352 significat
1186 1310 1231 1347 id,

247 1364 339 1408 quod
365 1369 414 1396 est
437 1363 576 1406 proprie
595 1362 748 1394 dicatum
768 1361 888 1394 usibus
907 1360 991 1400 Dei,
1018 1372 1073 1393 seu
1095 1373 1172 1393 cum
1190 1361 1232 1392 de

246 1412 390 1447 bomine
415 1414 561 1453 dicitnr,
597 1412 631 1445 in
657 1425 725 1455 qno
751 1410 883 1444 habitat
911 1411 1022 1451 Deus,
1058 1418 1089 1444 et
1118 1411 1231 1443 incoat

247 1465 354 1498 vitam
382 1471 571 1503 aeternam,
626 1462 740 1495 Simul
765 1463 869 1501 igitur
894 1462 929 1493 in
955 1459 1017 1493 bac
1036 1462 1232 1504 precatione

246 1515 396 1558 petitur,
424 1521 459 1546 ut
485 1515 593 1546 simus
620 1513 747 1555 templa
775 1511 857 1549 Dei,
885 1520 913 1544 et
930 1510 1024 1544 Deus
1048 1512 1090 1545 sit
1117 1512 1232 1544 efficax

247 1567 282 1597 in
311 1565 412 1597 nobis
438 1576 496 1607 per
526 1562 765 1606 Evangelinm.
827 1561 872 1595 Et
895 1560 961 1595 hoc
984 1563 1115 1594 dictum
1143 1562 1234 1595 inter

247 1615 445 1648 testimonia
477 1623 715 1655 recenseatur,
750 1625 837 1657 quae
869 1613 995 1646 docent
1018 1614 1059 1644 de
1084 1613 1232 1645 efficacia

246 1665 433 1698 ministerii
465 1664 666 1705 evangelici.
737 1661 780 1696 Et
818 1663 943 1696 alludit
974 1663 1079 1695 verbo
1105 1663 1233 1695 sancti-

247 1716 419 1749 ficationis
451 1716 491 1747 ad
526 1716 687 1748 usitatam
719 1714 931 1747 locutionem
966 1713 1000 1745 in
1033 1712 1150 1753 Mose,
1193 1714 1235 1746 de

248 1767 504 1799 sanctificandis
531 1764 788 1801 sacerdotibus,
819 1765 852 1796 id
877 1771 944 1804 est,
973 1764 1194 1807 segregandis
1217 1776 1234 1796 a

249 1817 404 1861 profanis
423 1824 455 1849 et
474 1816 614 1861 proprie
633 1815 792 1848 dicandis
811 1814 895 1848 Deo.

1030 605 1066 637 Si
1087 605 1232 636 inclina-

353 1918 465 1953 Addit
490 1924 603 1951 autem
623 1915 783 1950 Christus
810 1928 982 1960 expresse,
1011 1917 1093 1961 quid
1119 1916 1161 1949 sit
1178 1927 1236 1948 ve-

248 1970 358 2010 ritas:
396 1978 434 2003 ut
469 1968 610 2001 refutari
641 1969 780 2001 fanatici
813 1969 957 2011 spiritns
991 1968 1141 2011 possint,
1176 1966 1236 2010 qni

248 2021 446 2063 gloriantur
470 2031 504 2052 se
531 2031 669 2062 quoque
694 2020 849 2052 xeritatis
868 2021 1027 2051 doctores
1049 2029 1138 2055 esse,
1166 2018 1235 2049 into

249 2083 282 2104 se
313 2069 442 2103 habere
473 2070 612 2101 divinos
643 2069 800 2109 afflatus,
836 2076 874 2102 nt
900 2069 1081 2105 Marcion,
1117 2067 1236 2100 Mani-

249 2120 367 2159 chaei,
402 2117 666 2156 Enttmsiastae,
705 2117 947 2157 Halmmettis,
982 2126 1013 2151 et
1046 2118 1104 2150 alii
1134 2117 1234 2149 multi

249 2172 388 2215 gloriati
417 2177 510 2204 sunt.
580 2170 648 2202 Sed
675 2167 727 2201 his
751 2170 917 2201 omnibns
942 2175 1143 2215 opponatur
1170 2165 1234 2199 hoc

250 2223 400 2259 dictum,
429 2221 552 2254 Sermo
576 2227 655 2253 tuus
675 2227 723 2252 est
742 2220 881 2257 veritas„
908 2219 967 2251 illa
985 2219 1056 2251 sola
1076 2218 1234 2250 doctrina

253 2285 313 2315 per
338 2271 518 2305 Christum
544 2271 690 2308 tradita,
725 2278 754 2302 et
781 2270 1019 2302 commendata
1046 2268 1235 2311 Apostotis,

251 2331 299 2355 est
320 2323 445 2354 veritas
464 2323 506 2354 ‹le
522 2321 607 2353 Deo.
660 2319 766 2353 Extra
784 2318 873 2352 hanc
889 2320 1046 2352 omnium
1064 2326 1234 2352 sectarum

253 2373 432 2405 doctrinae
461 2373 503 2404 de
535 2371 629 2410 Deo,
665 2378 746 2404 sunt
777 2371 910 2404 furores
943 2370 1127 2409 diabolici,
1164 2382 1234 2401 non

252 2430 449 2455 monstrant
468 2421 580 2455 Deum
594 2447 602 2459 ‚
632 2434 702 2453 non
721 2420 936 2454 sanctificant
954 2427 1096 2454 mentes.
1156 2420 1234 2453 Me-

252 2473 420 2505 minerint
449 2473 553 2512 igitur
578 2473 721 2504 studiosi
743 2471 808 2504 lioc
826 2472 979 2513 dictum,
1007 2471 1086 2516 quia
1105 2472 1233 2503 discer-

252 2524 304 2555 nit
323 2522 512 2556 Ecclesiam
541 2524 583 2554 ab
606 2524 769 2555 omnibns
795 2523 872 2555 aliis
897 2523 1014 2558 sectis.
1043 2530 1075 2556 et
1092 2523 1232 2554 damnat

251 2585 372 2607 omnes
404 2573 588 2619 opiniones
614 2574 655 2604 de
683 2572 775 2610 Deo,
810 2574 941 2605 alienas
965 2573 1008 2605 ab
1031 2571 1233 2611 Evangelio„

253 2632 285 2657 et
309 2624 469 2666 congruit
495 2635 571 2655 cnm
599 2621 661 2654 hoc
685 2624 796 2655 dicto:
830 2622 866 2656 Si
892 2624 967 2668 quis
994 2623 1088 2656 alind
1116 2621 1231 2656 Evan-

253 2675 378 2717 gelium
400 2675 518 2714 docet,
544 2670 725 2705 anatliema
747 2674 798 2705 sit.

1474 250 1575 286 Sicut
1597 263 1651 286 me
1671 251 1808 287 misisti
1830 253 1865 286 in
1891 253 2078 290 mundum.

1386 317 1588 353 Consolatio
1607 321 1796 363 precationi
1815 321 1931 360 mixta,
1959 331 2006 356 est
2020 321 2179 355 omnium
2193 321 2267 354 effi-

1286 369 1474 404 cacissima.
1528 370 1671 404 Certum
1686 379 1734 404 est
1751 371 1860 404 filium
1873 371 1935 405 Dei
1953 385 2023 405 non
2041 373 2167 406 frustra
2183 372 2268 404 mis-

1287 432 1361 453 sum
1380 432 1473 460 esse,
1500 433 1577 454 cnm
1598 421 1690 455 Dens
1709 429 1757 455 tot
1777 423 1957 455 manifesta
1978 423 2174 456 testimonia
2192 422 2267 455 edi-

1287 471 1396 508 derit,
1424 478 1461 504 ot
1485 473 1702 511 ostenderet,
1727 469 1820 505 hunc
1845 474 2022 506 doctorem
2046 486 2062 505 a
2083 472 2158 506 Deo
2182 473 2268 506 mis-

1287 533 1361 554 sum
1388 533 1476 559 esse,
1503 533 1538 554 se
1562 523 1756 566 approbare
1781 519 1871 555 hanc
1898 523 2112 563 doctrinam,
2136 529 2169 556 et
2189 534 2269 556 vere

1287 573 1450 604 datin-nm
1467 573 1571 611 bona,
1599 586 1684 616 qnae
1700 572 2125 617 promittitEvangelinm.
2166 572 2269 607 Nunc

1287 632 1398 654 autem
1427 622 1509 656 dicit
1533 622 1712 666 Christus,
1741 636 1775 656 se
1799 626 1919 657 eodem
1947 626 2051 657 modo
2079 623 2268 667 Apostolos

1288 673 1441 712 mittere,
1467 674 1553 707 sient
1573 675 1644 716 ipse
1662 675 1787 707 missus
1806 682 1866 708 est.
1920 674 1999 707 Non
2017 675 2122 717 igitur
2139 675 2268 708 frustra

1287 724 1490 763 mittentur,
1518 737 1588 757 non
1613 732 1714 758 erunt
1739 725 1880 758 inutiles
1901 726 2167 762 vociferatores,
2196 737 2269 758 non

1286 781 1388 806 erunt
1418 775 1613 808 turbatores
1646 775 1866 819 politiarnm,
1907 776 1995 809 sicut
2025 776 2067 808 de
2098 775 2268 809 ministris

1287 821 1469 865 Evangelii
1502 823 1661 858 homines
1685 824 1777 859 atliei
1805 826 1980 865 indicant,
2015 827 2086 858 imo
2113 826 2148 858 in
2172 831 2268 859 tanta

1287 873 1489 906 infirmitate
1507 876 1706 909 docentium
1720 903 1728 917 ‚
1757 875 1793 908 in
1813 884 1906 910 tanta
1926 876 2130 910 confusione
2147 873 2269 909 Eccle-

1286 925 1365 963 siae,
1394 925 1552 957 omnium
1570 923 1756 959 hominum
1772 927 1881 959 animi
1897 931 2082 970 anguntur,
2111 933 2142 960 et
2162 939 2268 971 quae-

1286 981 1369 1007 runt
1393 987 1435 1006 an
1463 975 1571 1019 prosit
1596 976 1712 1018 generi
1738 974 1892 1009 humano
1912 990 1976 1011 vox
1996 976 2196 1020 Evangelii,
2224 989 2266 1009 an

1287 1037 1367 1058 vero
1382 1032 1517 1059 tantum
1536 1026 1577 1059 sit
1595 1027 1801 1070 impostura.
1830 1035 1946 1060 utrum
1965 1029 2042 1072 plus
2058 1027 2269 1071 prositPau-

1287 1076 1357 1113 los,
1385 1088 1427 1108 an
1452 1075 1680 1122 PhocylideS‚
1709 1084 1767 1110 ant
1791 1075 1990 1120 Theognis,
2016 1085 2074 1111 aut
2098 1077 2268 1122 AesopuS.

1286 1126 1421 1160 Deinde
1446 1127 1526 1170 quia
1552 1128 1672 1160 vident
1696 1128 1830 1160 turbari
1861 1129 2018 1171 politias,
2052 1127 2269 1160 dissensione

1285 1178 1327 1208 de
1359 1177 1545 1219 religione,
1580 1177 1682 1210 multi
1710 1178 1811 1210 etiam
1840 1179 2060 1213 deterrentur
2083 1179 2127 1211 ab
2150 1177 2270 1210 Evan-

1285 1227 1364 1270 gelii
1398 1228 1632 1270 professione,
1675 1228 1773 1273 quasi
1806 1228 1849 1262 sit
1882 1236 2018 1262 tantum
2050 1230 2105 1262 fax
2136 1229 2270 1262 discor—

1286 1278 1435 1312 diarum.

1388 1343 1566 1378 Adversus
1586 1342 1670 1378 haec
1685 1345 1767 1378 salsa
1788 1344 1915 1378 iudicia
1933 1342 2107 1378 humanae
2124 1345 2271 1379 rationis

1290 1395 1484 1436 colligenda
1510 1403 1590 1428 sunt
1617 1396 1816 1429 testimonia
1840 1397 1882 1428 de
1910 1396 2094 1428 ministerii
2120 1396 2270 1429 efficacia

1287 1453 1317 1479 et
1337 1446 1518 1488 dignitate.
1573 1445 1640 1478 Hic
1658 1453 1689 1478 et
1707 1446 1796 1478 infra
1816 1446 1906 1478 fitius
1920 1445 1984 1478 Dei
2002 1458 2158 1489 expresse
2175 1447 2270 1479 affir-

1287 1503 1375 1535 mat,
1402 1508 1436 1528 se
1453 1497 1589 1529 mittere
1601 1495 1786 1539 Apostolos
1804 1497 1924 1529 eodem
1942 1498 2064 1537 modo,
2093 1497 2270 1541 sicutipse

1286 1559 1303 1579 a
1339 1554 1435 1589 patre
1465 1547 1589 1579 missus
1620 1554 1688 1586 est,
1722 1555 1750 1579 et
1785 1558 1887 1589 snpra
1913 1547 2097 1591 aliquoties
2121 1546 2271 1580 affirmat

1289 1597 1521 1629 ministerium
1546 1609 1665 1629 eorum
1693 1597 1809 1629 eslicax
1836 1598 1927 1634 sore„
1955 1605 1992 1629 nt
2018 1609 2088 1640 cap.
2110 1597 2163 1631 14.
2181 1598 2269 1629 ‹lici-

1288 1654 1345 1680 tur
1370 1659 1446 1679 clun
1472 1648 1673 1689 gravissima
1702 1648 1972 1679 asseveratione:
2008 1648 2141 1687 Amen,
2168 1659 2269 1680 anien

1289 1698 1366 1730 dico
1391 1698 1507 1735 voltis,
1537 1698 1594 1741 qni
1621 1698 1727 1729 credit
1755 1697 1790 1728 in
1817 1710 1887 1735 me,
1916 1709 2017 1740 opera
2038 1709 2124 1740 qnae
2142 1709 2204 1740 ego
2221 1698 2270 1730 fa-

2048 1747 2087 1780 Et
2107 1760 2178 1791 cap.
2198 1748 2269 1782 15.:

1289 1797 1388 1840 Etegi
1414 1810 1474 1831 vos
1506 1807 1542 1832 ut
1574 1799 1725 1831 fructum
1759 1798 1909 1837 faciatis,
1946 1806 1977 1831 et
2003 1798 2134 1831 fructus
2160 1806 2271 1831 vester

1291 1856 1437 1883 maneat,
1490 1847 1534 1882 Et
1560 1848 1689 1881 Paulus
1713 1849 1842 1893 inquit:
1878 1846 2108 1891 Evangelium
2135 1856 2183 1882 est
2208 1861 2271 1892 po-

1290 1900 1397 1933 tentia
1416 1899 1480 1932 Dei
1507 1901 1547 1931 ad
1575 1900 1720 1933 salntem
1747 1899 1842 1931 omni
1866 1900 2033 1934 credenti.
2087 1898 2152 1932 His
2174 1907 2205 1932 et
2224 1900 2271 1932 si—

1289 1950 1434 1983 milibus
1463 1950 1672 1982 testimoniis
1698 1950 1942 1982 confirmemns
1967 1957 2099 1982 mentes
2125 1957 2271 1988 nostras,

1290 2008 1328 2034 ut
1354 2001 1549 2032 firmissime
1573 2007 1726 2033 statuant
1744 1999 1977 2032 ministerium
1997 1998 2179 2041 Evangelii
2198 2012 2270 2032 esse

1291 2051 1428 2088 efficax,
1459 2051 1596 2082 incoare
1623 2051 1728 2082 vitam
1754 2057 1929 2082 aeternam
1958 2050 1992 2081 in
2017 2051 2183 2083 omnibus
2209 2051 2270 2094 qui

1289 2108 1397 2143 agunt
1421 2101 1693 2143 poenitentiam,
1727 2107 1758 2133 et
1786 2112 1864 2132 vere
1889 2101 2037 2134 credunt
2061 2099 2268 2146 Evangelio,

1290 2159 1321 2184 et
1364 2152 1472 2183 multa
1516 2151 1669 2195 pericula
1708 2152 1798 2184 vitae
1835 2151 2027 2193 praesentis
2065 2151 2268 2194 gubernare.

1289 2201 1435 2235 Prodest
1458 2202 1563 2244 igitur
1586 2203 1728 2239 docere,
1761 2202 1899 2239 andire,
1933 2201 2082 2239 discere,
2108 2202 2269 2245 amplecti

1289 2251 1537 2295 Evangelium,
1564 2253 1697 2285 etiamsi
1717 2251 1876 2285 homiues
1892 2251 1997 2285 ἄθεοι
2014 2252 2131 2284 videre
2145 2252 2269 2284 volunt

1291 2303 1374 2347 quid
1403 2303 1529 2346 prosit,
1564 2303 1635 2336 imo
1660 2303 1817 2336 iudicant
1844 2314 1961 2335 vocem
1986 2300 2169 2344 Evangelii
2197 2313 2269 2334 esse

1287 2354 1428 2386 inanem
1454 2354 1629 2394 fabulam,
1655 2361 1713 2387 aut
1738 2354 1984 2397 imposturam,
2010 2359 2069 2386 aut
2091 2353 2198 2385 facem
2215 2363 2270 2385 se—

1289 2405 1477 2438 ditionum.

1289 1749 1341 1781 cio
1354 1774 1361 1787 ,
1386 1748 1444 1780 ille
1461 1749 1559 1780 saciet
1575 1775 1582 1785 ,
1607 1755 1638 1781 et
1657 1748 1786 1780 maiora
1804 1745 1858 1779 his
1877 1748 1990 1780 faciet.

1391 2471 1462 2505 Nec
1479 2478 1617 2506 tantum
1637 2471 1677 2504 ad
1697 2469 1885 2514 Apostolos
1903 2467 1985 2502 haec
2004 2471 2153 2514 precatio
2165 2468 2270 2505 Chri-

1288 2522 1329 2554 sti
1356 2523 1526 2566 pertinet,
1553 2523 1610 2554 sed
1639 2523 1679 2554 ad
1705 2532 1826 2554 ornnes
1848 2527 1938 2553 recte
1960 2521 2141 2562 fungentes
2164 2521 2269 2553 mini-

1288 2573 1410 2613 sterio,
1438 2574 1507 2605 imo
1537 2574 1576 2605 ad
1607 2584 1727 2604 omnes
1754 2571 2000 2614 amplectentes
2026 2570 2269 2613 Evangetium,

1288 2623 1374 2655 sicut
1398 2636 1476 2655 mox
1495 2623 1636 2656 subiicit
1652 2621 1827 2656 Christus:
1859 2619 1934 2654 Oro
1953 2634 2022 2655 non
2045 2635 2107 2666 pro
2127 2623 2173 2655 eis
2191 2630 2267 2655 tan-

1288 2681 1359 2706 tum
1372 2699 1379 2713 ,
1410 2676 1466 2707 sed
1491 2686 1554 2718 pro
1572 2673 1754 2707 credituris
1772 2684 1831 2716 per
1850 2673 1993 2706 verbum
2012 2685 2131 2706 eorum
2150 2673 2186 2705 in
2204 2683 2267 2706 me.
