<?xml version="1.0" encoding="UTF-8"?>
<!DOCTYPE html PUBLIC "-//W3C//DTD XHTML 1.0 Transitional//EN"
    "http://www.w3.org/TR/xhtml1/DTD/xhtml1-transitional.dtd">
<html xmlns="http://www.w3.org/1999/xhtml" xml:lang="en" lang="en">
 <head>
  <title>
</title>
<meta http-equiv="Content-Type" content="text/html;charset=utf-8" />
  <meta name='ocr-system' content='tesseract 3.04.00' />
  <meta name='ocr-capabilities' content='ocr_page ocr_carea ocr_par ocr_line ocrx_word'/>
</head>
<body>
  <div class='ocr_page' id='page_1' title='image "./operaquaesupersu15melauoft/operaquaesupersu15melauoft_0396.png"; bbox 0 0 2415 2942; ppageno 0'>
   <div class='ocr_carea' id='block_1_1' title="bbox 272 104 344 138">
    <p class='ocr_par' dir='ltr' id='par_1_1' title="bbox 272 104 344 138">
     <span class='ocr_line' id='line_1_1' title="bbox 272 104 344 138; baseline 0 -1"><span class='ocrx_word' id='word_1_1' title='bbox 272 104 344 138; x_wconf 62' lang='lat'>715</span> 
     </span>
    </p>
   </div>
   <div class='ocr_carea' id='block_1_2' title="bbox 277 185 1266 889">
    <p class='ocr_par' dir='ltr' id='par_1_2' title="bbox 277 185 1262 522">
     <span class='ocr_line' id='line_1_2' title="bbox 277 185 1256 231; baseline 0.005 -10"><span class='ocrx_word' id='word_1_2' title='bbox 277 190 441 231; x_wconf 65' lang='lat' dir='ltr'>gnitatem</span> <span class='ocrx_word' id='word_1_3' title='bbox 473 197 568 218; x_wconf 84' lang='lat' dir='ltr'>suam</span> <span class='ocrx_word' id='word_1_4' title='bbox 602 185 822 225; x_wconf 81' lang='lat' dir='ltr'>labefactari,</span> <span class='ocrx_word' id='word_1_5' title='bbox 866 188 1016 222; x_wconf 87' lang='lat' dir='ltr'>oderunt</span> <span class='ocrx_word' id='word_1_6' title='bbox 1047 192 1256 230; x_wconf 73' lang='lat' dir='ltr'>doctrinam,</span> 
     </span>
     <span class='ocr_line' id='line_1_3' title="bbox 277 236 1255 283; baseline 0.011 -17"><span class='ocrx_word' id='word_1_7' title='bbox 277 252 363 283; x_wconf 49' lang='lat' dir='ltr'>qnae</span> <span class='ocrx_word' id='word_1_8' title='bbox 391 238 529 268; x_wconf 61' lang='lat' dir='ltr'>videtur</span> <span class='ocrx_word' id='word_1_9' title='bbox 552 236 718 269; x_wconf 80' lang='lat' dir='ltr'>offectura</span> <span class='ocrx_word' id='word_1_10' title='bbox 744 239 936 272; x_wconf 80' lang='lat' dir='ltr'>commodis</span> <span class='ocrx_word' id='word_1_11' title='bbox 955 240 1129 283; x_wconf 80' lang='lat' dir='ltr'>ipsorum,</span> <span class='ocrx_word' id='word_1_12' title='bbox 1157 245 1255 276; x_wconf 90' lang='lat' dir='ltr'>deni-</span> 
     </span>
     <span class='ocr_line' id='line_1_4' title="bbox 277 287 1258 333; baseline 0.008 -14"><span class='ocrx_word' id='word_1_13' title='bbox 277 302 342 333; x_wconf 75' lang='lat' dir='ltr'>que</span> <span class='ocrx_word' id='word_1_14' title='bbox 369 288 459 319; x_wconf 87' lang='lat' dir='ltr'>alius</span> <span class='ocrx_word' id='word_1_15' title='bbox 485 287 588 318; x_wconf 86' lang='lat' dir='ltr'>aliam</span> <span class='ocrx_word' id='word_1_16' title='bbox 608 287 712 320; x_wconf 83' lang='lat' dir='ltr'>habet</span> <span class='ocrx_word' id='word_1_17' title='bbox 742 300 890 320; x_wconf 67' lang='lat' dir='ltr'>rausum.</span> <span class='ocrx_word' id='word_1_18' title='bbox 944 289 1080 325; x_wconf 86' lang='lat' dir='ltr'>Horum</span> <span class='ocrx_word' id='word_1_19' title='bbox 1099 295 1258 327; x_wconf 92' lang='lat' dir='ltr'>omnium</span> 
     </span>
     <span class='ocr_line' id='line_1_5' title="bbox 278 337 1259 379; baseline 0.006 -8"><span class='ocrx_word' id='word_1_20' title='bbox 278 352 345 371; x_wconf 77' lang='lat' dir='ltr'>uua</span> <span class='ocrx_word' id='word_1_21' title='bbox 364 350 427 369; x_wconf 63' lang='lat' dir='ltr'>vox</span> <span class='ocrx_word' id='word_1_22' title='bbox 450 344 497 369; x_wconf 85' lang='lat' dir='ltr'>cst</span> <span class='ocrx_word' id='word_1_23' title='bbox 524 337 558 368; x_wconf 90' lang='lat' dir='ltr'>iu</span> <span class='ocrx_word' id='word_1_24' title='bbox 585 348 704 379; x_wconf 75' lang='lat' dir='ltr'>regum</span> <span class='ocrx_word' id='word_1_25' title='bbox 721 339 896 373; x_wconf 88' lang='lat' dir='ltr'>consiliis:</span> <span class='ocrx_word' id='word_1_26' title='bbox 934 341 1074 375; x_wconf 67' lang='lat' dir='ltr'>Nullam</span> <span class='ocrx_word' id='word_1_27' title='bbox 1093 346 1259 379; x_wconf 86' lang='lat' dir='ltr'>mutatio-</span> 
     </span>
     <span class='ocr_line' id='line_1_6' title="bbox 277 388 1260 429; baseline 0.008 -8"><span class='ocrx_word' id='word_1_28' title='bbox 277 401 355 421; x_wconf 78' lang='lat' dir='ltr'>nem</span> <span class='ocrx_word' id='word_1_29' title='bbox 374 388 635 420; x_wconf 79' lang='lat' dir='ltr'>concedendam</span> <span class='ocrx_word' id='word_1_30' title='bbox 655 399 745 429; x_wconf 86' lang='lat' dir='ltr'>esse,</span> <span class='ocrx_word' id='word_1_31' title='bbox 775 390 995 423; x_wconf 77' lang='lat' dir='ltr'>retinendam</span> <span class='ocrx_word' id='word_1_32' title='bbox 1016 405 1086 426; x_wconf 89' lang='lat' dir='ltr'>esse</span> <span class='ocrx_word' id='word_1_33' title='bbox 1113 408 1260 429; x_wconf 86' lang='lat' dir='ltr'>concor-</span> 
     </span>
     <span class='ocr_line' id='line_1_7' title="bbox 279 437 1262 490; baseline 0.01 -19"><span class='ocrx_word' id='word_1_34' title='bbox 279 441 371 472; x_wconf 84' lang='lat' dir='ltr'>diam</span> <span class='ocrx_word' id='word_1_35' title='bbox 416 437 591 470; x_wconf 72' lang='lat' dir='ltr'>Ecclesiae</span> <span class='ocrx_word' id='word_1_36' title='bbox 607 465 615 478; x_wconf 89' lang='lat'>,</span> <span class='ocrx_word' id='word_1_37' title='bbox 657 440 881 473; x_wconf 75' lang='lat' dir='ltr'>autoritatem</span> <span class='ocrx_word' id='word_1_38' title='bbox 924 444 1124 479; x_wconf 72' lang='lat' dir='ltr'>ordinariae</span> <span class='ocrx_word' id='word_1_39' title='bbox 1164 454 1262 490; x_wconf 87' lang='lat' dir='ltr'>pote-</span> 
     </span>
     <span class='ocr_line' id='line_1_8' title="bbox 281 497 390 522; baseline -0.009 0"><span class='ocrx_word' id='word_1_40' title='bbox 281 497 390 522; x_wconf 80' lang='lat' dir='ltr'>statis.</span> 
     </span>
    </p>

    <p class='ocr_par' dir='ltr' id='par_1_3' title="bbox 279 537 1266 889">
     <span class='ocr_line' id='line_1_9' title="bbox 378 537 1260 590; baseline 0.01 -18"><span class='ocrx_word' id='word_1_41' title='bbox 378 539 511 572; x_wconf 83' lang='lat' dir='ltr'>Deinde</span> <span class='ocrx_word' id='word_1_42' title='bbox 530 537 660 572; x_wconf 85' lang='lat' dir='ltr'>habent</span> <span class='ocrx_word' id='word_1_43' title='bbox 676 551 757 573; x_wconf 91' lang='lat' dir='ltr'>suos</span> <span class='ocrx_word' id='word_1_44' title='bbox 784 539 961 585; x_wconf 82' lang='lat' dir='ltr'>rhetores,</span> <span class='ocrx_word' id='word_1_45' title='bbox 990 547 1048 590; x_wconf 89' lang='lat' dir='ltr'>qui</span> <span class='ocrx_word' id='word_1_46' title='bbox 1076 545 1260 580; x_wconf 69' lang='lat' dir='ltr'>veliemen-</span> 
     </span>
     <span class='ocr_line' id='line_1_10' title="bbox 279 590 1265 642; baseline 0.008 -19"><span class='ocrx_word' id='word_1_47' title='bbox 279 591 430 623; x_wconf 85' lang='lat' dir='ltr'>tissimas</span> <span class='ocrx_word' id='word_1_48' title='bbox 448 590 633 623; x_wconf 81' lang='lat' dir='ltr'>conciones</span> <span class='ocrx_word' id='word_1_49' title='bbox 649 591 685 622; x_wconf 90' lang='lat' dir='ltr'>in</span> <span class='ocrx_word' id='word_1_50' title='bbox 705 603 781 625; x_wconf 89' lang='lat' dir='ltr'>eam</span> <span class='ocrx_word' id='word_1_51' title='bbox 797 595 1003 628; x_wconf 74' lang='lat' dir='ltr'>sententiam</span> <span class='ocrx_word' id='word_1_52' title='bbox 1022 598 1148 638; x_wconf 85' lang='lat' dir='ltr'>edunt,</span> <span class='ocrx_word' id='word_1_53' title='bbox 1178 611 1265 642; x_wconf 88' lang='lat' dir='ltr'>quos</span> 
     </span>
     <span class='ocr_line' id='line_1_11' title="bbox 280 640 1263 687; baseline 0.008 -15"><span class='ocrx_word' id='word_1_54' title='bbox 280 641 458 673; x_wconf 85' lang='lat' dir='ltr'>nominari</span> <span class='ocrx_word' id='word_1_55' title='bbox 492 652 614 673; x_wconf 79' lang='lat' dir='ltr'>omnes</span> <span class='ocrx_word' id='word_1_56' title='bbox 639 640 729 674; x_wconf 81' lang='lat' dir='ltr'>nihil</span> <span class='ocrx_word' id='word_1_57' title='bbox 759 655 847 687; x_wconf 91' lang='lat' dir='ltr'>opus</span> <span class='ocrx_word' id='word_1_58' title='bbox 875 652 934 678; x_wconf 84' lang='lat' dir='ltr'>est.</span> <span class='ocrx_word' id='word_1_59' title='bbox 1009 646 1138 680; x_wconf 76' lang='lat' dir='ltr'>Extant</span> <span class='ocrx_word' id='word_1_60' title='bbox 1171 650 1263 680; x_wconf 84' lang='lat' dir='ltr'>euim</span> 
     </span>
     <span class='ocr_line' id='line_1_12' title="bbox 279 692 1266 734; baseline 0.008 -10"><span class='ocrx_word' id='word_1_61' title='bbox 279 692 470 724; x_wconf 89' lang='lat' dir='ltr'>multorum</span> <span class='ocrx_word' id='word_1_62' title='bbox 497 692 642 734; x_wconf 86' lang='lat' dir='ltr'>scripta:</span> <span class='ocrx_word' id='word_1_63' title='bbox 677 694 736 725; x_wconf 85' lang='lat' dir='ltr'>sed</span> <span class='ocrx_word' id='word_1_64' title='bbox 758 706 797 726; x_wconf 85' lang='lat' dir='ltr'>ex</span> <span class='ocrx_word' id='word_1_65' title='bbox 820 696 984 728; x_wconf 87' lang='lat' dir='ltr'>omnibus</span> <span class='ocrx_word' id='word_1_66' title='bbox 1008 696 1077 730; x_wconf 87' lang='lat' dir='ltr'>illis</span> <span class='ocrx_word' id='word_1_67' title='bbox 1101 706 1266 732; x_wconf 86' lang='lat' dir='ltr'>centones</span> 
     </span>
     <span class='ocr_line' id='line_1_13' title="bbox 280 740 1265 791; baseline 0.01 -17"><span class='ocrx_word' id='word_1_68' title='bbox 280 754 393 784; x_wconf 83' lang='lat' dir='ltr'>nuper</span> <span class='ocrx_word' id='word_1_69' title='bbox 410 742 547 774; x_wconf 86' lang='lat' dir='ltr'>consuit</span> <span class='ocrx_word' id='word_1_70' title='bbox 565 740 790 784; x_wconf 87' lang='lat' dir='ltr'>Omphalius.</span> <span class='ocrx_word' id='word_1_71' title='bbox 846 743 952 778; x_wconf 90' lang='lat' dir='ltr'>lnitio</span> <span class='ocrx_word' id='word_1_72' title='bbox 970 753 1136 791; x_wconf 75' lang='lat' dir='ltr'>tanquam</span> <span class='ocrx_word' id='word_1_73' title='bbox 1155 749 1265 783; x_wconf 85' lang='lat' dir='ltr'>Solon</span> 
     </span>
     <span class='ocr_line' id='line_1_14' title="bbox 282 791 1264 841; baseline 0.009 -17"><span class='ocrx_word' id='word_1_74' title='bbox 282 800 338 825; x_wconf 82' lang='lat' dir='ltr'>ant</span> <span class='ocrx_word' id='word_1_75' title='bbox 359 791 568 835; x_wconf 71' lang='lat' dir='ltr'>Areopagita</span> <span class='ocrx_word' id='word_1_76' title='bbox 594 792 721 836; x_wconf 87' lang='lat' dir='ltr'>aliquis</span> <span class='ocrx_word' id='word_1_77' title='bbox 746 794 977 829; x_wconf 90' lang='lat' dir='ltr'>concionatur</span> <span class='ocrx_word' id='word_1_78' title='bbox 1000 798 1042 829; x_wconf 89' lang='lat' dir='ltr'>de</span> <span class='ocrx_word' id='word_1_79' title='bbox 1071 799 1186 841; x_wconf 69' lang='lat' dir='ltr'>legum</span> <span class='ocrx_word' id='word_1_80' title='bbox 1210 802 1264 833; x_wconf 88' lang='lat' dir='ltr'>di-</span> 
     </span>
     <span class='ocr_line' id='line_1_15' title="bbox 281 842 1264 889; baseline 0.009 -14"><span class='ocrx_word' id='word_1_81' title='bbox 281 843 432 885; x_wconf 78' lang='lat' dir='ltr'>gnitate,</span> <span class='ocrx_word' id='word_1_82' title='bbox 460 842 632 885; x_wconf 89' lang='lat' dir='ltr'>vituperat</span> <span class='ocrx_word' id='word_1_83' title='bbox 651 844 839 876; x_wconf 68' lang='lat' dir='ltr'>seditiones</span> <span class='ocrx_word' id='word_1_84' title='bbox 857 852 889 877; x_wconf 89' lang='lat' dir='ltr'>et</span> <span class='ocrx_word' id='word_1_85' title='bbox 909 847 1023 889; x_wconf 86' lang='lat' dir='ltr'>legum</span> <span class='ocrx_word' id='word_1_86' title='bbox 1050 858 1264 884; x_wconf 85' lang='lat' dir='ltr'>contemtum</span> 
     </span>
    </p>
   </div>
   <div class='ocr_carea' id='block_1_3' title="bbox 282 894 1293 936">
    <p class='ocr_par' dir='ltr' id='par_1_4' title="bbox 282 894 1293 936">
     <span class='ocr_line' id='line_1_16' title="bbox 282 894 1293 936; baseline 0.01 -11"><span class='ocrx_word' id='word_1_87' title='bbox 282 898 548 931; x_wconf 70' lang='lat' dir='ltr'>commemorat,</span> <span class='ocrx_word' id='word_1_88' title='bbox 583 905 688 936; x_wconf 86' lang='lat' dir='ltr'>quam</span> <span class='ocrx_word' id='word_1_89' title='bbox 718 895 830 927; x_wconf 87' lang='lat' dir='ltr'>dulcis</span> <span class='ocrx_word' id='word_1_90' title='bbox 853 894 1034 931; x_wconf 87' lang='lat' dir='ltr'>harmonia</span> <span class='ocrx_word' id='word_1_91' title='bbox 1057 900 1100 934; x_wconf 89' lang='lat' dir='ltr'>sit</span> <span class='ocrx_word' id='word_1_92' title='bbox 1132 902 1267 934; x_wconf 88' lang='lat' dir='ltr'>ordinis</span> <span class='ocrx_word' id='word_1_93' title='bbox 1291 904 1293 906; x_wconf 70' lang='grc'><strong>’</strong></span> 
     </span>
    </p>
   </div>
   <div class='ocr_carea' id='block_1_4' title="bbox 283 940 1267 990">
    <p class='ocr_par' dir='ltr' id='par_1_5' title="bbox 283 940 1267 990">
     <span class='ocr_line' id='line_1_17' title="bbox 283 940 1267 990; baseline 0.01 -15"><span class='ocrx_word' id='word_1_94' title='bbox 283 952 314 976; x_wconf 87' lang='lat' dir='ltr'>et</span> <span class='ocrx_word' id='word_1_95' title='bbox 332 940 497 981; x_wconf 69' lang='grc' dir='ltr'>εὐταξίας</span> <span class='ocrx_word' id='word_1_96' title='bbox 512 943 547 974; x_wconf 95' lang='lat' dir='ltr'>in</span> <span class='ocrx_word' id='word_1_97' title='bbox 560 941 697 986; x_wconf 81' lang='lat' dir='ltr'>Repub.</span> <span class='ocrx_word' id='word_1_98' title='bbox 710 957 815 988; x_wconf 85' lang='lat' dir='ltr'>quam</span> <span class='ocrx_word' id='word_1_99' title='bbox 829 946 918 990; x_wconf 89' lang='lat' dir='ltr'>leges</span> <span class='ocrx_word' id='word_1_100' title='bbox 935 949 1099 986; x_wconf 84' lang='lat' dir='ltr'>efficiunt.</span> <span class='ocrx_word' id='word_1_101' title='bbox 1129 951 1267 985; x_wconf 84' lang='lat' dir='ltr'>Deinde</span> 
     </span>
    </p>
   </div>
   <div class='ocr_carea' id='block_1_5' title="bbox 283 993 1265 1042">
    <p class='ocr_par' dir='ltr' id='par_1_6' title="bbox 283 993 1265 1042">
     <span class='ocr_line' id='line_1_18' title="bbox 283 993 1265 1042; baseline 0.009 -15"><span class='ocrx_word' id='word_1_102' title='bbox 283 994 345 1027; x_wconf 81' lang='lat' dir='ltr'>etsi</span> <span class='ocrx_word' id='word_1_103' title='bbox 381 1005 453 1026; x_wconf 88' lang='lat' dir='ltr'>non</span> <span class='ocrx_word' id='word_1_104' title='bbox 479 993 637 1026; x_wconf 81' lang='lat' dir='ltr'>nominat</span> <span class='ocrx_word' id='word_1_105' title='bbox 668 1003 796 1028; x_wconf 87' lang='lat' dir='ltr'>certam</span> <span class='ocrx_word' id='word_1_106' title='bbox 831 999 1109 1042; x_wconf 76' lang='lat' dir='ltr'>professionem,</span> <span class='ocrx_word' id='word_1_107' title='bbox 1151 1010 1265 1035; x_wconf 86' lang='lat' dir='ltr'>tamen</span> 
     </span>
    </p>
   </div>
   <div class='ocr_carea' id='block_1_6' title="bbox 285 1044 1316 1091">
    <p class='ocr_par' dir='ltr' id='par_1_7' title="bbox 285 1044 1316 1091">
     <span class='ocr_line' id='line_1_19' title="bbox 285 1044 1316 1091; baseline 0.012 -15"><span class='ocrx_word' id='word_1_108' title='bbox 285 1055 372 1089; x_wconf 88' lang='lat' dir='ltr'>quos</span> <span class='ocrx_word' id='word_1_109' title='bbox 397 1044 582 1087; x_wconf 78' lang='lat' dir='ltr'>praecipue</span> <span class='ocrx_word' id='word_1_110' title='bbox 608 1052 716 1087; x_wconf 88' lang='lat' dir='ltr'>petat,</span> <span class='ocrx_word' id='word_1_111' title='bbox 749 1047 832 1079; x_wconf 86' lang='lat' dir='ltr'>satis</span> <span class='ocrx_word' id='word_1_112' title='bbox 859 1051 1031 1091; x_wconf 81' lang='lat' dir='ltr'>ostendit,</span> <span class='ocrx_word' id='word_1_113' title='bbox 1067 1054 1268 1088; x_wconf 83' lang='lat' dir='ltr'>declamitat</span> <span class='ocrx_word' id='word_1_114' title='bbox 1313 1080 1316 1081; x_wconf 20' lang='grc' dir='ltr'><em>γ</em></span> 
     </span>
    </p>
   </div>
   <div class='ocr_carea' id='block_1_7' title="bbox 284 1096 1274 1998">
    <p class='ocr_par' dir='ltr' id='par_1_8' title="bbox 284 1096 1269 1346">
     <span class='ocr_line' id='line_1_20' title="bbox 286 1096 1269 1145; baseline 0.011 -17"><span class='ocrx_word' id='word_1_115' title='bbox 286 1096 451 1128; x_wconf 78' lang='lat' dir='ltr'>adversus</span> <span class='ocrx_word' id='word_1_116' title='bbox 485 1106 567 1132; x_wconf 77' lang='lat'>1105,</span> <span class='ocrx_word' id='word_1_117' title='bbox 614 1097 673 1139; x_wconf 87' lang='lat' dir='ltr'>qui</span> <span class='ocrx_word' id='word_1_118' title='bbox 707 1100 874 1142; x_wconf 87' lang='lat' dir='ltr'>quasdam</span> <span class='ocrx_word' id='word_1_119' title='bbox 907 1104 1106 1145; x_wconf 68' lang='lat' dir='ltr'>tyrannicas</span> <span class='ocrx_word' id='word_1_120' title='bbox 1139 1111 1172 1137; x_wconf 89' lang='lat' dir='ltr'>et</span> <span class='ocrx_word' id='word_1_121' title='bbox 1204 1105 1269 1137; x_wconf 86' lang='lat' dir='ltr'>im-</span> 
     </span>
     <span class='ocr_line' id='line_1_21' title="bbox 284 1146 1268 1190; baseline 0.011 -13"><span class='ocrx_word' id='word_1_122' title='bbox 284 1146 357 1190; x_wconf 84' lang='lat' dir='ltr'>pias</span> <span class='ocrx_word' id='word_1_123' title='bbox 387 1146 477 1187; x_wconf 77' lang='lat' dir='ltr'>leges</span> <span class='ocrx_word' id='word_1_124' title='bbox 510 1147 713 1189; x_wconf 77' lang='lat' dir='ltr'>pontificum</span> <span class='ocrx_word' id='word_1_125' title='bbox 746 1151 969 1187; x_wconf 85' lang='lat' dir='ltr'>excussimus.</span> <span class='ocrx_word' id='word_1_126' title='bbox 1044 1152 1120 1188; x_wconf 81' lang='lat' dir='ltr'>Etsi</span> <span class='ocrx_word' id='word_1_127' title='bbox 1153 1163 1268 1190; x_wconf 85' lang='lat' dir='ltr'>autem</span> 
     </span>
     <span class='ocr_line' id='line_1_22' title="bbox 285 1195 1267 1243; baseline 0.013 -16"><span class='ocrx_word' id='word_1_128' title='bbox 285 1208 357 1228; x_wconf 86' lang='lat' dir='ltr'>non</span> <span class='ocrx_word' id='word_1_129' title='bbox 381 1196 507 1240; x_wconf 89' lang='lat' dir='ltr'>opinor</span> <span class='ocrx_word' id='word_1_130' title='bbox 531 1209 608 1229; x_wconf 83' lang='lat' dir='ltr'>eum</span> <span class='ocrx_word' id='word_1_131' title='bbox 632 1195 716 1230; x_wconf 83' lang='lat' dir='ltr'>haec</span> <span class='ocrx_word' id='word_1_132' title='bbox 739 1200 846 1241; x_wconf 87' lang='lat' dir='ltr'>gratis</span> <span class='ocrx_word' id='word_1_133' title='bbox 874 1202 1007 1243; x_wconf 86' lang='lat' dir='ltr'>dicere,</span> <span class='ocrx_word' id='word_1_134' title='bbox 1044 1212 1160 1238; x_wconf 87' lang='lat' dir='ltr'>tamen</span> <span class='ocrx_word' id='word_1_135' title='bbox 1189 1219 1267 1239; x_wconf 89' lang='lat' dir='ltr'>cum</span> 
     </span>
     <span class='ocr_line' id='line_1_23' title="bbox 286 1247 1269 1301; baseline 0.011 -21"><span class='ocrx_word' id='word_1_136' title='bbox 286 1248 405 1280; x_wconf 89' lang='lat' dir='ltr'>eadem</span> <span class='ocrx_word' id='word_1_137' title='bbox 430 1247 593 1280; x_wconf 89' lang='lat' dir='ltr'>dicantur</span> <span class='ocrx_word' id='word_1_138' title='bbox 617 1260 634 1279; x_wconf 94' lang='lat' dir='ltr'>a</span> <span class='ocrx_word' id='word_1_139' title='bbox 659 1249 779 1282; x_wconf 89' lang='lat' dir='ltr'>multis</span> <span class='ocrx_word' id='word_1_140' title='bbox 801 1253 945 1286; x_wconf 85' lang='lat' dir='ltr'>summis</span> <span class='ocrx_word' id='word_1_141' title='bbox 965 1261 995 1287; x_wconf 91' lang='lat' dir='ltr'>et</span> <span class='ocrx_word' id='word_1_142' title='bbox 1021 1256 1269 1301; x_wconf 78' lang='lat' dir='ltr'>eloquentibus</span> 
     </span>
     <span class='ocr_line' id='line_1_24' title="bbox 287 1298 1026 1346; baseline 0.014 -18"><span class='ocrx_word' id='word_1_143' title='bbox 287 1298 390 1334; x_wconf 70' lang='lat' dir='ltr'>viris,</span> <span class='ocrx_word' id='word_1_144' title='bbox 417 1309 487 1329; x_wconf 90' lang='lat' dir='ltr'>non</span> <span class='ocrx_word' id='word_1_145' title='bbox 511 1298 699 1341; x_wconf 79' lang='lat' dir='ltr'>disputabo</span> <span class='ocrx_word' id='word_1_146' title='bbox 719 1301 802 1342; x_wconf 76' lang='lat' dir='ltr'>quid</span> <span class='ocrx_word' id='word_1_147' title='bbox 824 1302 887 1334; x_wconf 89' lang='lat' dir='ltr'>iste</span> <span class='ocrx_word' id='word_1_148' title='bbox 905 1311 1026 1346; x_wconf 85' lang='lat' dir='ltr'>captet.</span> 
     </span>
    </p>

    <p class='ocr_par' dir='ltr' id='par_1_9' title="bbox 288 1345 1273 1891">
     <span class='ocr_line' id='line_1_25' title="bbox 392 1345 1269 1397; baseline 0.013 -17"><span class='ocrx_word' id='word_1_149' title='bbox 392 1347 522 1380; x_wconf 79' lang='lat' dir='ltr'>Totum</span> <span class='ocrx_word' id='word_1_150' title='bbox 543 1345 607 1380; x_wconf 91' lang='lat' dir='ltr'>hoc</span> <span class='ocrx_word' id='word_1_151' title='bbox 623 1360 730 1391; x_wconf 82' lang='lat' dir='ltr'>genus</span> <span class='ocrx_word' id='word_1_152' title='bbox 750 1352 959 1385; x_wconf 84' lang='lat' dir='ltr'>concionum</span> <span class='ocrx_word' id='word_1_153' title='bbox 975 1363 1104 1397; x_wconf 88' lang='lat' dir='ltr'>spectat</span> <span class='ocrx_word' id='word_1_154' title='bbox 1123 1358 1164 1389; x_wconf 87' lang='lat' dir='ltr'>ad</span> <span class='ocrx_word' id='word_1_155' title='bbox 1186 1370 1269 1390; x_wconf 87' lang='lat' dir='ltr'>con—</span> 
     </span>
     <span class='ocr_line' id='line_1_26' title="bbox 288 1399 1269 1442; baseline 0.012 -13"><span class='ocrx_word' id='word_1_156' title='bbox 288 1399 481 1430; x_wconf 82' lang='lat' dir='ltr'>firmandos</span> <span class='ocrx_word' id='word_1_157' title='bbox 499 1406 678 1440; x_wconf 90' lang='lat' dir='ltr'>potentum</span> <span class='ocrx_word' id='word_1_158' title='bbox 698 1401 851 1442; x_wconf 85' lang='lat' dir='ltr'>animos,</span> <span class='ocrx_word' id='word_1_159' title='bbox 880 1415 922 1435; x_wconf 92' lang='lat' dir='ltr'>ne</span> <span class='ocrx_word' id='word_1_160' title='bbox 940 1405 1010 1437; x_wconf 88' lang='lat' dir='ltr'>nlla</span> <span class='ocrx_word' id='word_1_161' title='bbox 1037 1408 1213 1440; x_wconf 89' lang='lat' dir='ltr'>moderata</span> <span class='ocrx_word' id='word_1_162' title='bbox 1239 1415 1269 1440; x_wconf 89' lang='lat' dir='ltr'>et</span> 
     </span>
     <span class='ocr_line' id='line_1_27' title="bbox 289 1449 1270 1491; baseline 0.011 -11"><span class='ocrx_word' id='word_1_163' title='bbox 289 1449 344 1491; x_wconf 88' lang='lat' dir='ltr'>pia</span> <span class='ocrx_word' id='word_1_164' title='bbox 375 1449 518 1480; x_wconf 84' lang='lat' dir='ltr'>consilia</span> <span class='ocrx_word' id='word_1_165' title='bbox 542 1450 748 1488; x_wconf 76' lang='lat' dir='ltr'>audiantur,</span> <span class='ocrx_word' id='word_1_166' title='bbox 777 1453 905 1485; x_wconf 88' lang='lat' dir='ltr'>deinde</span> <span class='ocrx_word' id='word_1_167' title='bbox 929 1462 965 1488; x_wconf 89' lang='lat' dir='ltr'>ut</span> <span class='ocrx_word' id='word_1_168' title='bbox 982 1457 1189 1490; x_wconf 85' lang='lat' dir='ltr'>inflammati</span> <span class='ocrx_word' id='word_1_169' title='bbox 1216 1459 1270 1490; x_wconf 91' lang='lat' dir='ltr'>in-</span> 
     </span>
     <span class='ocr_line' id='line_1_28' title="bbox 290 1499 1271 1552; baseline 0.009 -21"><span class='ocrx_word' id='word_1_170' title='bbox 290 1500 415 1532; x_wconf 86' lang='lat' dir='ltr'>iustam</span> <span class='ocrx_word' id='word_1_171' title='bbox 432 1499 610 1531; x_wconf 78' lang='lat' dir='ltr'>saevitiam</span> <span class='ocrx_word' id='word_1_172' title='bbox 631 1509 822 1534; x_wconf 82' lang='lat' dir='ltr'>exerceant.</span> <span class='ocrx_word' id='word_1_173' title='bbox 876 1503 921 1536; x_wconf 59' lang='grc' dir='ltr'>[Ῑί</span> <span class='ocrx_word' id='word_1_174' title='bbox 940 1512 1054 1538; x_wconf 89' lang='lat' dir='ltr'>autem</span> <span class='ocrx_word' id='word_1_175' title='bbox 1080 1507 1192 1540; x_wconf 74' lang='lat' dir='ltr'>David</span> <span class='ocrx_word' id='word_1_176' title='bbox 1211 1521 1271 1552; x_wconf 79' lang='lat' dir='ltr'>pe-</span> 
     </span>
     <span class='ocr_line' id='line_1_29' title="bbox 288 1549 1271 1600; baseline 0.009 -18"><span class='ocrx_word' id='word_1_177' title='bbox 288 1550 393 1588; x_wconf 84' lang='lat' dir='ltr'>tebat,</span> <span class='ocrx_word' id='word_1_178' title='bbox 412 1560 454 1581; x_wconf 90' lang='lat' dir='ltr'>ne</span> <span class='ocrx_word' id='word_1_179' title='bbox 473 1549 627 1583; x_wconf 71' lang='lat' dir='ltr'>valerent</span> <span class='ocrx_word' id='word_1_180' title='bbox 645 1552 788 1584; x_wconf 81' lang='lat' dir='ltr'>consilia</span> <span class='ocrx_word' id='word_1_181' title='bbox 805 1551 1029 1598; x_wconf 80' lang='lat' dir='ltr'>Achitophel,</span> <span class='ocrx_word' id='word_1_182' title='bbox 1048 1558 1095 1589; x_wconf 90' lang='lat' dir='ltr'>sic</span> <span class='ocrx_word' id='word_1_183' title='bbox 1115 1571 1177 1590; x_wconf 87' lang='lat' dir='ltr'>nos</span> <span class='ocrx_word' id='word_1_184' title='bbox 1196 1571 1271 1600; x_wconf 89' lang='lat' dir='ltr'>pre-</span> 
     </span>
     <span class='ocr_line' id='line_1_30' title="bbox 290 1598 1272 1653; baseline 0.01 -21"><span class='ocrx_word' id='word_1_185' title='bbox 290 1600 448 1632; x_wconf 86' lang='lat' dir='ltr'>cabimur</span> <span class='ocrx_word' id='word_1_186' title='bbox 471 1598 604 1640; x_wconf 85' lang='lat' dir='ltr'>Deum,</span> <span class='ocrx_word' id='word_1_187' title='bbox 647 1612 690 1633; x_wconf 90' lang='lat' dir='ltr'>ne</span> <span class='ocrx_word' id='word_1_188' title='bbox 714 1599 839 1635; x_wconf 85' lang='lat' dir='ltr'>horum</span> <span class='ocrx_word' id='word_1_189' title='bbox 868 1602 1046 1639; x_wconf 89' lang='lat' dir='ltr'>rhetorum</span> <span class='ocrx_word' id='word_1_190' title='bbox 1073 1609 1272 1653; x_wconf 77' lang='lat' dir='ltr'>eloquentia</span> 
     </span>
     <span class='ocr_line' id='line_1_31' title="bbox 291 1650 1271 1700; baseline 0.011 -19"><span class='ocrx_word' id='word_1_191' title='bbox 291 1650 469 1683; x_wconf 74' lang='lat' dir='ltr'>veritatem</span> <span class='ocrx_word' id='word_1_192' title='bbox 497 1657 530 1683; x_wconf 91' lang='lat' dir='ltr'>et</span> <span class='ocrx_word' id='word_1_193' title='bbox 552 1651 699 1693; x_wconf 79' lang='lat' dir='ltr'>gloriam</span> <span class='ocrx_word' id='word_1_194' title='bbox 723 1651 855 1688; x_wconf 83' lang='lat' dir='ltr'>Christi</span> <span class='ocrx_word' id='word_1_195' title='bbox 880 1657 1069 1700; x_wconf 89' lang='lat' dir='ltr'>opprimat.</span> <span class='ocrx_word' id='word_1_196' title='bbox 1123 1658 1168 1693; x_wconf 86' lang='lat' dir='ltr'>Et</span> <span class='ocrx_word' id='word_1_197' title='bbox 1193 1672 1271 1692; x_wconf 88' lang='lat' dir='ltr'>cum</span> 
     </span>
     <span class='ocr_line' id='line_1_32' title="bbox 291 1700 1272 1754; baseline 0.011 -21"><span class='ocrx_word' id='word_1_198' title='bbox 291 1701 458 1743; x_wconf 84' lang='lat' dir='ltr'>scriptum</span> <span class='ocrx_word' id='word_1_199' title='bbox 473 1701 536 1733; x_wconf 89' lang='lat' dir='ltr'>sit:</span> <span class='ocrx_word' id='word_1_200' title='bbox 566 1700 617 1734; x_wconf 77' lang='lat' dir='ltr'>Ex</span> <span class='ocrx_word' id='word_1_201' title='bbox 633 1714 693 1735; x_wconf 88' lang='lat' dir='ltr'>ore</span> <span class='ocrx_word' id='word_1_202' title='bbox 709 1702 897 1738; x_wconf 87' lang='lat' dir='ltr'>infantium</span> <span class='ocrx_word' id='word_1_203' title='bbox 915 1714 947 1740; x_wconf 88' lang='lat' dir='ltr'>et</span> <span class='ocrx_word' id='word_1_204' title='bbox 962 1709 1166 1743; x_wconf 82' lang='lat' dir='ltr'>lactentium</span> <span class='ocrx_word' id='word_1_205' title='bbox 1193 1723 1272 1754; x_wconf 89' lang='lat' dir='ltr'>per-</span> 
     </span>
     <span class='ocr_line' id='line_1_33' title="bbox 290 1752 1271 1795; baseline 0.011 -11"><span class='ocrx_word' id='word_1_206' title='bbox 290 1752 400 1784; x_wconf 84' lang='lat' dir='ltr'>fecisti</span> <span class='ocrx_word' id='word_1_207' title='bbox 424 1752 563 1785; x_wconf 72' lang='lat' dir='ltr'>laudem</span> <span class='ocrx_word' id='word_1_208' title='bbox 577 1779 585 1791; x_wconf 92' lang='lat'>‚</span> <span class='ocrx_word' id='word_1_209' title='bbox 611 1754 829 1795; x_wconf 83' lang='lat' dir='ltr'>sperabimus</span> <span class='ocrx_word' id='word_1_210' title='bbox 846 1755 960 1790; x_wconf 90' lang='lat' dir='ltr'>Deum</span> <span class='ocrx_word' id='word_1_211' title='bbox 978 1771 1048 1791; x_wconf 92' lang='lat' dir='ltr'>non</span> <span class='ocrx_word' id='word_1_212' title='bbox 1069 1762 1271 1794; x_wconf 87' lang='lat' dir='ltr'>defuturum</span> 
     </span>
     <span class='ocr_line' id='line_1_34' title="bbox 291 1802 1273 1856; baseline 0.012 -22"><span class='ocrx_word' id='word_1_213' title='bbox 291 1802 394 1834; x_wconf 88' lang='lat' dir='ltr'>nobis</span> <span class='ocrx_word' id='word_1_214' title='bbox 410 1813 481 1834; x_wconf 87' lang='lat' dir='ltr'>esse</span> <span class='ocrx_word' id='word_1_215' title='bbox 499 1802 536 1834; x_wconf 90' lang='lat' dir='ltr'>in</span> <span class='ocrx_word' id='word_1_216' title='bbox 556 1803 748 1837; x_wconf 82' lang='lat' dir='ltr'>refutandis</span> <span class='ocrx_word' id='word_1_217' title='bbox 771 1806 840 1840; x_wconf 88' lang='lat' dir='ltr'>illis</span> <span class='ocrx_word' id='word_1_218' title='bbox 858 1808 1063 1852; x_wconf 88' lang='lat' dir='ltr'>calumniis,</span> <span class='ocrx_word' id='word_1_219' title='bbox 1091 1819 1123 1846; x_wconf 86' lang='lat' dir='ltr'>et</span> <span class='ocrx_word' id='word_1_220' title='bbox 1142 1813 1177 1845; x_wconf 90' lang='lat' dir='ltr'>in</span> <span class='ocrx_word' id='word_1_221' title='bbox 1199 1813 1273 1856; x_wconf 87' lang='lat' dir='ltr'>glo-</span> 
     </span>
     <span class='ocr_line' id='line_1_35' title="bbox 291 1850 735 1891; baseline 0.007 -6"><span class='ocrx_word' id='word_1_222' title='bbox 291 1853 341 1885; x_wconf 87' lang='lat' dir='ltr'>ria</span> <span class='ocrx_word' id='word_1_223' title='bbox 363 1850 496 1886; x_wconf 86' lang='lat' dir='ltr'>Christi</span> <span class='ocrx_word' id='word_1_224' title='bbox 515 1853 735 1891; x_wconf 89' lang='lat' dir='ltr'>illustranda.</span> 
     </span>
    </p>

    <p class='ocr_par' dir='ltr' id='par_1_10' title="bbox 294 1902 1274 1998">
     <span class='ocr_line' id='line_1_36' title="bbox 393 1902 1274 1955; baseline 0.015 -21"><span class='ocrx_word' id='word_1_225' title='bbox 393 1902 473 1935; x_wconf 84' lang='lat' dir='ltr'>Scio</span> <span class='ocrx_word' id='word_1_226' title='bbox 492 1904 726 1946; x_wconf 80' lang='lat' dir='ltr'>plausibiliter</span> <span class='ocrx_word' id='word_1_227' title='bbox 744 1907 812 1940; x_wconf 90' lang='lat' dir='ltr'>dici</span> <span class='ocrx_word' id='word_1_228' title='bbox 831 1909 873 1941; x_wconf 91' lang='lat' dir='ltr'>de</span> <span class='ocrx_word' id='word_1_229' title='bbox 889 1909 1002 1953; x_wconf 86' lang='lat' dir='ltr'>legum</span> <span class='ocrx_word' id='word_1_230' title='bbox 1022 1913 1202 1955; x_wconf 81' lang='lat' dir='ltr'>dignitate,</span> <span class='ocrx_word' id='word_1_231' title='bbox 1231 1915 1274 1947; x_wconf 91' lang='lat' dir='ltr'>de</span> 
     </span>
     <span class='ocr_line' id='line_1_37' title="bbox 294 1954 1274 1998; baseline 0.013 -14"><span class='ocrx_word' id='word_1_232' title='bbox 294 1965 394 1996; x_wconf 87' lang='lat' dir='ltr'>pace,</span> <span class='ocrx_word' id='word_1_233' title='bbox 421 1954 463 1986; x_wconf 87' lang='lat' dir='ltr'>de</span> <span class='ocrx_word' id='word_1_234' title='bbox 481 1955 736 1998; x_wconf 84' lang='lat' dir='ltr'>tranquillitate</span> <span class='ocrx_word' id='word_1_235' title='bbox 754 1961 951 1993; x_wconf 87' lang='lat' dir='ltr'>communi:</span> <span class='ocrx_word' id='word_1_236' title='bbox 981 1975 1051 1995; x_wconf 92' lang='lat' dir='ltr'>non</span> <span class='ocrx_word' id='word_1_237' title='bbox 1070 1965 1155 1996; x_wconf 89' lang='lat' dir='ltr'>adeo</span> <span class='ocrx_word' id='word_1_238' title='bbox 1176 1965 1274 1997; x_wconf 89' lang='lat' dir='ltr'>rudis</span> 
     </span>
    </p>
   </div>
   <div class='ocr_carea' id='block_1_8' title="bbox 294 2003 1298 2048">
    <p class='ocr_par' dir='ltr' id='par_1_11' title="bbox 294 2003 1298 2048">
     <span class='ocr_line' id='line_1_38' title="bbox 294 2003 1298 2048; baseline 0.013 -12"><span class='ocrx_word' id='word_1_239' title='bbox 294 2015 369 2036; x_wconf 87' lang='lat' dir='ltr'>sum</span> <span class='ocrx_word' id='word_1_240' title='bbox 388 2003 586 2044; x_wconf 77' lang='lat' dir='ltr'>literarum,</span> <span class='ocrx_word' id='word_1_241' title='bbox 615 2017 677 2038; x_wconf 88' lang='lat' dir='ltr'>nec</span> <span class='ocrx_word' id='word_1_242' title='bbox 700 2009 787 2039; x_wconf 81' lang='lat' dir='ltr'>adeo</span> <span class='ocrx_word' id='word_1_243' title='bbox 810 2010 946 2043; x_wconf 83' lang='lat' dir='ltr'>alienus</span> <span class='ocrx_word' id='word_1_244' title='bbox 969 2025 985 2045; x_wconf 91' lang='lat' dir='ltr'>a</span> <span class='ocrx_word' id='word_1_245' title='bbox 1011 2014 1105 2046; x_wconf 81' lang='lat' dir='ltr'>civili</span> <span class='ocrx_word' id='word_1_246' title='bbox 1125 2027 1273 2048; x_wconf 88' lang='lat' dir='ltr'>consue-</span> <span class='ocrx_word' id='word_1_247' title='bbox 1296 2003 1298 2014; x_wconf 47' lang='grc'>’</span> 
     </span>
    </p>
   </div>
   <div class='ocr_carea' id='block_1_9' title="bbox 294 2055 1270 2107">
    <p class='ocr_par' dir='ltr' id='par_1_12' title="bbox 294 2055 1270 2107">
     <span class='ocr_line' id='line_1_39' title="bbox 294 2055 1270 2107; baseline 0.011 -20"><span class='ocrx_word' id='word_1_248' title='bbox 294 2055 417 2087; x_wconf 85' lang='lat' dir='ltr'>tudine</span> <span class='ocrx_word' id='word_1_249' title='bbox 443 2055 546 2088; x_wconf 88' lang='lat' dir='ltr'>vitae.</span> <span class='ocrx_word' id='word_1_250' title='bbox 600 2055 722 2090; x_wconf 90' lang='lat' dir='ltr'>Sentio</span> <span class='ocrx_word' id='word_1_251' title='bbox 750 2060 853 2091; x_wconf 89' lang='lat' dir='ltr'>etiam</span> <span class='ocrx_word' id='word_1_252' title='bbox 878 2061 914 2093; x_wconf 89' lang='lat' dir='ltr'>in</span> <span class='ocrx_word' id='word_1_253' title='bbox 933 2061 1072 2107; x_wconf 82' lang='lat' dir='ltr'>Repub.</span> <span class='ocrx_word' id='word_1_254' title='bbox 1091 2066 1270 2099; x_wconf 88' lang='lat' dir='ltr'>communi</span> 
     </span>
    </p>
   </div>
   <div class='ocr_carea' id='block_1_10' title="bbox 293 2105 1274 2410">
    <p class='ocr_par' dir='ltr' id='par_1_13' title="bbox 293 2105 1274 2410">
     <span class='ocr_line' id='line_1_40' title="bbox 294 2105 1274 2160; baseline 0.012 -23"><span class='ocrx_word' id='word_1_255' title='bbox 294 2105 539 2149; x_wconf 80' lang='lat' dir='ltr'>tranquillitati</span> <span class='ocrx_word' id='word_1_256' title='bbox 569 2118 607 2139; x_wconf 88' lang='lat' dir='ltr'>ea</span> <span class='ocrx_word' id='word_1_257' title='bbox 644 2119 750 2140; x_wconf 90' lang='lat' dir='ltr'>onera</span> <span class='ocrx_word' id='word_1_258' title='bbox 782 2112 1014 2146; x_wconf 84' lang='lat' dir='ltr'>condonanda</span> <span class='ocrx_word' id='word_1_259' title='bbox 1048 2127 1144 2155; x_wconf 85' lang='lat' dir='ltr'>esse,</span> <span class='ocrx_word' id='word_1_260' title='bbox 1186 2128 1274 2160; x_wconf 90' lang='lat' dir='ltr'>quae</span> 
     </span>
     <span class='ocr_line' id='line_1_41' title="bbox 293 2156 923 2203; baseline 0.014 -17"><span class='ocrx_word' id='word_1_261' title='bbox 293 2156 366 2187; x_wconf 84' lang='lat' dir='ltr'>sine</span> <span class='ocrx_word' id='word_1_262' title='bbox 394 2156 569 2198; x_wconf 78' lang='lat' dir='ltr'>impietate</span> <span class='ocrx_word' id='word_1_263' title='bbox 599 2158 739 2191; x_wconf 71' lang='lat' dir='ltr'>tolerari</span> <span class='ocrx_word' id='word_1_264' title='bbox 766 2169 923 2203; x_wconf 88' lang='lat' dir='ltr'>possunt.</span> 
     </span>
     <span class='ocr_line' id='line_1_42' title="bbox 293 2205 1273 2260; baseline 0.016 -24"><span class='ocrx_word' id='word_1_265' title='bbox 293 2217 417 2247; x_wconf 75' lang='lat' dir='ltr'>genere</span> <span class='ocrx_word' id='word_1_266' title='bbox 448 2205 531 2239; x_wconf 84' lang='lat' dir='ltr'>haec</span> <span class='ocrx_word' id='word_1_267' title='bbox 558 2210 766 2242; x_wconf 80' lang='lat' dir='ltr'>sententiae:</span> <span class='ocrx_word' id='word_1_268' title='bbox 805 2209 846 2245; x_wconf 86' lang='grc' dir='ltr'>τὸ</span> <span class='ocrx_word' id='word_1_269' title='bbox 873 2212 990 2248; x_wconf 80' lang='grc' dir='ltr'><em>κακὸν</em></span> <span class='ocrx_word' id='word_1_270' title='bbox 1022 2212 1062 2250; x_wconf 75' lang='grc' dir='ltr'>εὖ</span> <span class='ocrx_word' id='word_1_271' title='bbox 1090 2214 1273 2260; x_wconf 76' lang='grc' dir='ltr'><em>κείμενον,</em></span> 
     </span>
     <span class='ocr_line' id='line_1_43' title="bbox 293 2254 1274 2312; baseline 0.015 -24"><span class='ocrx_word' id='word_1_272' title='bbox 293 2254 342 2300; x_wconf 81' lang='grc' dir='ltr'>μὴ</span> <span class='ocrx_word' id='word_1_273' title='bbox 369 2255 546 2301; x_wconf 71' lang='grc' dir='ltr'>κινητέον.</span> <span class='ocrx_word' id='word_1_274' title='bbox 599 2257 644 2292; x_wconf 87' lang='lat' dir='ltr'>Et</span> <span class='ocrx_word' id='word_1_275' title='bbox 671 2262 763 2304; x_wconf 88' lang='lat' dir='ltr'>quod</span> <span class='ocrx_word' id='word_1_276' title='bbox 783 2260 881 2296; x_wconf 86' lang='lat' dir='ltr'>Plato</span> <span class='ocrx_word' id='word_1_277' title='bbox 907 2265 1010 2299; x_wconf 82' lang='lat' dir='ltr'>dixit:</span> <span class='ocrx_word' id='word_1_278' title='bbox 1037 2273 1076 2300; x_wconf 88' lang='lat' dir='ltr'>ut</span> <span class='ocrx_word' id='word_1_279' title='bbox 1093 2268 1195 2300; x_wconf 87' lang='lat' dir='ltr'>deliri</span> <span class='ocrx_word' id='word_1_280' title='bbox 1213 2281 1274 2312; x_wconf 91' lang='lat' dir='ltr'>pa-</span> 
     </span>
     <span class='ocr_line' id='line_1_44' title="bbox 293 2307 1272 2355; baseline 0.016 -18"><span class='ocrx_word' id='word_1_281' title='bbox 293 2307 376 2345; x_wconf 88' lang='lat' dir='ltr'>tris,</span> <span class='ocrx_word' id='word_1_282' title='bbox 404 2307 450 2340; x_wconf 89' lang='lat' dir='ltr'>ita</span> <span class='ocrx_word' id='word_1_283' title='bbox 469 2308 600 2351; x_wconf 82' lang='lat' dir='ltr'>patriae</span> <span class='ocrx_word' id='word_1_284' title='bbox 616 2311 819 2353; x_wconf 86' lang='lat' dir='ltr'>desipientis</span> <span class='ocrx_word' id='word_1_285' title='bbox 839 2326 952 2347; x_wconf 81' lang='lat' dir='ltr'>mores</span> <span class='ocrx_word' id='word_1_286' title='bbox 970 2317 1171 2351; x_wconf 89' lang='lat' dir='ltr'>tolerandos</span> <span class='ocrx_word' id='word_1_287' title='bbox 1189 2331 1272 2355; x_wconf 89' lang='lat' dir='ltr'>esse.</span> 
     </span>
     <span class='ocr_line' id='line_1_45' title="bbox 293 2355 1272 2410; baseline 0.014 -21"><span class='ocrx_word' id='word_1_288' title='bbox 293 2355 401 2390; x_wconf 79' lang='lat' dir='ltr'>Recte</span> <span class='ocrx_word' id='word_1_289' title='bbox 417 2358 481 2391; x_wconf 83' lang='lat' dir='ltr'>ista</span> <span class='ocrx_word' id='word_1_290' title='bbox 500 2360 535 2390; x_wconf 94' lang='lat' dir='ltr'>in</span> <span class='ocrx_word' id='word_1_291' title='bbox 555 2359 631 2393; x_wconf 92' lang='lat' dir='ltr'>loco</span> <span class='ocrx_word' id='word_1_292' title='bbox 654 2361 822 2395; x_wconf 90' lang='lat' dir='ltr'>dicuntur</span> <span class='ocrx_word' id='word_1_293' title='bbox 847 2365 890 2396; x_wconf 90' lang='lat' dir='ltr'>de</span> <span class='ocrx_word' id='word_1_294' title='bbox 914 2366 1078 2400; x_wconf 88' lang='lat' dir='ltr'>civilibus</span> <span class='ocrx_word' id='word_1_295' title='bbox 1093 2369 1272 2410; x_wconf 84' lang='lat' dir='ltr'>oneribus,</span> 
     </span>
    </p>
   </div>
   <div class='ocr_carea' id='block_1_11' title="bbox 292 2403 1297 2462">
    <p class='ocr_par' dir='ltr' id='par_1_14' title="bbox 292 2403 1297 2462">
     <span class='ocr_line' id='line_1_46' title="bbox 292 2403 1297 2462; baseline 0.017 -25"><span class='ocrx_word' id='word_1_296' title='bbox 292 2418 380 2450; x_wconf 90' lang='lat' dir='ltr'>quae</span> <span class='ocrx_word' id='word_1_297' title='bbox 410 2408 485 2440; x_wconf 88' lang='lat' dir='ltr'>sine</span> <span class='ocrx_word' id='word_1_298' title='bbox 510 2409 685 2453; x_wconf 84' lang='lat' dir='ltr'>impietate</span> <span class='ocrx_word' id='word_1_299' title='bbox 711 2414 923 2456; x_wconf 85' lang='lat' dir='ltr'>tolerantur,</span> <span class='ocrx_word' id='word_1_300' title='bbox 951 2418 1010 2449; x_wconf 91' lang='lat' dir='ltr'>sed</span> <span class='ocrx_word' id='word_1_301' title='bbox 1039 2416 1122 2452; x_wconf 90' lang='lat' dir='ltr'>haec</span> <span class='ocrx_word' id='word_1_302' title='bbox 1154 2417 1271 2462; x_wconf 87' lang='lat' dir='ltr'>philo·</span> <span class='ocrx_word' id='word_1_303' title='bbox 1294 2403 1297 2422; x_wconf 45' lang='grc' dir='ltr'>ί</span> 
     </span>
    </p>
   </div>
   <div class='ocr_carea' id='block_1_12' title="bbox 292 2454 1268 2566">
    <p class='ocr_par' dir='ltr' id='par_1_15' title="bbox 292 2454 1268 2566">
     <span class='ocr_line' id='line_1_47' title="bbox 292 2454 1268 2512; baseline 0.016 -24"><span class='ocrx_word' id='word_1_304' title='bbox 292 2454 415 2500; x_wconf 87' lang='lat' dir='ltr'>sophia</span> <span class='ocrx_word' id='word_1_305' title='bbox 446 2469 517 2490; x_wconf 92' lang='lat' dir='ltr'>non</span> <span class='ocrx_word' id='word_1_306' title='bbox 549 2462 779 2497; x_wconf 86' lang='lat' dir='ltr'>transferatur</span> <span class='ocrx_word' id='word_1_307' title='bbox 801 2466 844 2497; x_wconf 90' lang='lat' dir='ltr'>ad</span> <span class='ocrx_word' id='word_1_308' title='bbox 873 2467 1090 2501; x_wconf 87' lang='lat' dir='ltr'>obruendam</span> <span class='ocrx_word' id='word_1_309' title='bbox 1121 2470 1268 2512; x_wconf 87' lang='lat' dir='ltr'>gloriam</span> 
     </span>
     <span class='ocr_line' id='line_1_48' title="bbox 293 2505 1268 2566; baseline 0.017 -28"><span class='ocrx_word' id='word_1_310' title='bbox 293 2505 370 2541; x_wconf 88' lang='lat' dir='ltr'>Dei.</span> <span class='ocrx_word' id='word_1_311' title='bbox 432 2507 621 2543; x_wconf 82' lang='lat' dir='ltr'>Doctrinae</span> <span class='ocrx_word' id='word_1_312' title='bbox 645 2524 779 2547; x_wconf 90' lang='lat' dir='ltr'>errores</span> <span class='ocrx_word' id='word_1_313' title='bbox 805 2522 836 2548; x_wconf 88' lang='lat' dir='ltr'>et</span> <span class='ocrx_word' id='word_1_314' title='bbox 860 2516 1021 2551; x_wconf 87' lang='lat' dir='ltr'>idolatria</span> <span class='ocrx_word' id='word_1_315' title='bbox 1046 2531 1268 2566; x_wconf 85' lang='lat' dir='ltr'>nequaquam</span> 
     </span>
    </p>
   </div>
   <div class='ocr_carea' id='block_1_13' title="bbox 291 2558 1268 2652">
    <p class='ocr_par' dir='ltr' id='par_1_16' title="bbox 291 2558 1268 2652">
     <span class='ocr_line' id='line_1_49' title="bbox 291 2558 1268 2617; baseline 0.016 -28"><span class='ocrx_word' id='word_1_316' title='bbox 291 2558 503 2591; x_wconf 88' lang='lat' dir='ltr'>dissimulari</span> <span class='ocrx_word' id='word_1_317' title='bbox 522 2561 667 2601; x_wconf 86' lang='lat' dir='ltr'>debent,</span> <span class='ocrx_word' id='word_1_318' title='bbox 693 2565 781 2598; x_wconf 84' lang='lat' dir='ltr'>sicut</span> <span class='ocrx_word' id='word_1_319' title='bbox 795 2563 954 2601; x_wconf 86' lang='lat' dir='ltr'>Christus</span> <span class='ocrx_word' id='word_1_320' title='bbox 973 2569 1105 2614; x_wconf 85' lang='lat' dir='ltr'>inquit:</span> <span class='ocrx_word' id='word_1_321' title='bbox 1134 2570 1171 2604; x_wconf 88' lang='lat' dir='ltr'>Si</span> <span class='ocrx_word' id='word_1_322' title='bbox 1189 2572 1268 2617; x_wconf 88' lang='lat' dir='ltr'>quis</span> 
     </span>
     <span class='ocr_line' id='line_1_50' title="bbox 291 2609 920 2652; baseline 0.019 -13"><span class='ocrx_word' id='word_1_323' title='bbox 291 2609 467 2650; x_wconf 86' lang='lat' dir='ltr'>negaverit</span> <span class='ocrx_word' id='word_1_324' title='bbox 491 2621 564 2648; x_wconf 89' lang='lat' dir='ltr'>me,</span> <span class='ocrx_word' id='word_1_325' title='bbox 591 2613 804 2647; x_wconf 87' lang='lat' dir='ltr'>confundam</span> <span class='ocrx_word' id='word_1_326' title='bbox 828 2628 920 2652; x_wconf 87' lang='lat' dir='ltr'>eum.</span> 
     </span>
    </p>
   </div>
   <div class='ocr_carea' id='block_1_14' title="bbox 287 2658 1264 2715">
    <p class='ocr_par' dir='ltr' id='par_1_17' title="bbox 287 2658 1264 2715">
     <span class='ocr_line' id='line_1_51' title="bbox 287 2658 1264 2715; baseline 0.017 -25"><span class='ocrx_word' id='word_1_327' title='bbox 287 2666 440 2700; x_wconf 81' lang='lat' dir='ltr'>ceptum:</span> <span class='ocrx_word' id='word_1_328' title='bbox 476 2658 556 2694; x_wconf 85' lang='lat' dir='ltr'>Non</span> <span class='ocrx_word' id='word_1_329' title='bbox 581 2659 725 2696; x_wconf 81' lang='lat' dir='ltr'>habebis</span> <span class='ocrx_word' id='word_1_330' title='bbox 745 2663 837 2699; x_wconf 89' lang='lat' dir='ltr'>Deos</span> <span class='ocrx_word' id='word_1_331' title='bbox 860 2668 1010 2710; x_wconf 82' lang='lat' dir='ltr'>alienos,</span> <span class='ocrx_word' id='word_1_332' title='bbox 1040 2671 1140 2715; x_wconf 80' lang='lat' dir='ltr'>longe</span> <span class='ocrx_word' id='word_1_333' title='bbox 1165 2680 1264 2707; x_wconf 89' lang='lat' dir='ltr'>ante-</span> 
     </span>
    </p>
   </div>
   <div class='ocr_carea' id='block_1_15' title="bbox 858 101 1688 143">
    <p class='ocr_par' dir='ltr' id='par_1_18' title="bbox 858 101 1688 143">
     <span class='ocr_line' id='line_1_52' title="bbox 858 101 1688 143; baseline 0.008 -10"><span class='ocrx_word' id='word_1_334' title='bbox 858 101 979 137; x_wconf 81' lang='lat' dir='ltr'>PlllL.</span> <span class='ocrx_word' id='word_1_335' title='bbox 1009 103 1124 141; x_wconf 78' lang='lat' dir='ltr'>MEL.</span> <span class='ocrx_word' id='word_1_336' title='bbox 1153 106 1358 143; x_wconf 72' lang='lat' dir='ltr'>SCRlPTA</span> <span class='ocrx_word' id='word_1_337' title='bbox 1391 103 1688 141; x_wconf 76' lang='lat' dir='ltr'>EXEGETICA.</span> 
     </span>
    </p>
   </div>
   <div class='ocr_carea' id='block_1_16' title="bbox 1002 2165 1299 2200">
    <p class='ocr_par' dir='ltr' id='par_1_19' title="bbox 1002 2165 1299 2200">
     <span class='ocr_line' id='line_1_53' title="bbox 1002 2165 1299 2200; baseline 0.01 -3"><span class='ocrx_word' id='word_1_338' title='bbox 1002 2165 1148 2198; x_wconf 74' lang='lat' dir='ltr'>Valeant</span> <span class='ocrx_word' id='word_1_339' title='bbox 1172 2167 1208 2198; x_wconf 93' lang='lat' dir='ltr'>in</span> <span class='ocrx_word' id='word_1_340' title='bbox 1234 2179 1274 2200; x_wconf 89' lang='lat' dir='ltr'>eo</span> <span class='ocrx_word' id='word_1_341' title='bbox 1298 2169 1299 2176; x_wconf 58' lang='lat'>¹</span> 
     </span>
    </p>
   </div>
   <div class='ocr_carea' id='block_1_17' title="bbox 984 2619 1292 2666">
    <p class='ocr_par' dir='ltr' id='par_1_20' title="bbox 984 2619 1292 2666">
     <span class='ocr_line' id='line_1_54' title="bbox 984 2619 1292 2666; baseline 0.016 -14"><span class='ocrx_word' id='word_1_342' title='bbox 984 2619 1143 2654; x_wconf 89' lang='lat' dir='ltr'>Primum</span> <span class='ocrx_word' id='word_1_343' title='bbox 1166 2634 1266 2666; x_wconf 91' lang='lat' dir='ltr'>prae—</span> <span class='ocrx_word' id='word_1_344' title='bbox 1291 2630 1292 2636; x_wconf 62' lang='lat'>¹</span> 
     </span>
    </p>
   </div>
   <div class='ocr_carea' id='block_1_18' title="bbox 2226 109 2300 144">
    <p class='ocr_par' dir='ltr' id='par_1_21' title="bbox 2226 109 2300 144">
     <span class='ocr_line' id='line_1_55' title="bbox 2226 109 2300 144; baseline 0.027 -2"><span class='ocrx_word' id='word_1_345' title='bbox 2226 109 2300 144; x_wconf 85' lang='lat'>776</span> 
     </span>
    </p>
   </div>
   <div class='ocr_carea' id='block_1_19' title="bbox 1293 191 2306 2715">
    <p class='ocr_par' dir='ltr' id='par_1_22' title="bbox 1310 191 2298 427">
     <span class='ocr_line' id='line_1_56' title="bbox 1310 191 2295 237; baseline 0.003 -13"><span class='ocrx_word' id='word_1_346' title='bbox 1310 191 1493 224; x_wconf 67' lang='lat' dir='ltr'>serendum</span> <span class='ocrx_word' id='word_1_347' title='bbox 1522 197 1571 223; x_wconf 88' lang='lat' dir='ltr'>est</span> <span class='ocrx_word' id='word_1_348' title='bbox 1597 191 1763 225; x_wconf 86' lang='lat' dir='ltr'>omnibus</span> <span class='ocrx_word' id='word_1_349' title='bbox 1793 194 1896 227; x_wconf 81' lang='lat' dir='ltr'>rebus</span> <span class='ocrx_word' id='word_1_350' title='bbox 1928 192 2092 227; x_wconf 90' lang='lat' dir='ltr'>humanis</span> <span class='ocrx_word' id='word_1_351' title='bbox 2110 222 2119 236; x_wconf 88' lang='lat'>,</span> <span class='ocrx_word' id='word_1_352' title='bbox 2162 195 2295 237; x_wconf 71' lang='lat' dir='ltr'>legibus</span> 
     </span>
     <span class='ocr_line' id='line_1_57' title="bbox 1312 240 2297 289; baseline 0.003 -15"><span class='ocrx_word' id='word_1_353' title='bbox 1312 240 1516 281; x_wconf 89' lang='lat' dir='ltr'>homiuum,</span> <span class='ocrx_word' id='word_1_354' title='bbox 1550 242 1726 285; x_wconf 88' lang='lat' dir='ltr'>imperiis,</span> <span class='ocrx_word' id='word_1_355' title='bbox 1763 244 1964 277; x_wconf 85' lang='lat' dir='ltr'>ordinariae</span> <span class='ocrx_word' id='word_1_356' title='bbox 1993 246 2174 289; x_wconf 88' lang='lat' dir='ltr'>potestati,</span> <span class='ocrx_word' id='word_1_357' title='bbox 2211 245 2297 288; x_wconf 84' lang='lat' dir='ltr'>paci,</span> 
     </span>
     <span class='ocr_line' id='line_1_58' title="bbox 1314 293 2298 337; baseline 0.004 -13"><span class='ocrx_word' id='word_1_358' title='bbox 1314 293 1465 337; x_wconf 82' lang='lat' dir='ltr'>patriae,</span> <span class='ocrx_word' id='word_1_359' title='bbox 1499 293 1717 325; x_wconf 83' lang='lat' dir='ltr'>concordiae.</span> <span class='ocrx_word' id='word_1_360' title='bbox 1788 293 1854 327; x_wconf 84' lang='lat' dir='ltr'>His</span> <span class='ocrx_word' id='word_1_361' title='bbox 1889 295 2093 328; x_wconf 91' lang='lat' dir='ltr'>nominibus</span> <span class='ocrx_word' id='word_1_362' title='bbox 2127 294 2216 328; x_wconf 89' lang='lat' dir='ltr'>nihil</span> <span class='ocrx_word' id='word_1_363' title='bbox 2249 302 2298 329; x_wconf 87' lang='lat' dir='ltr'>est</span> 
     </span>
     <span class='ocr_line' id='line_1_59' title="bbox 1314 345 2295 385; baseline 0.003 -10"><span class='ocrx_word' id='word_1_364' title='bbox 1314 345 1516 385; x_wconf 80' lang='lat' dir='ltr'>augustius,</span> <span class='ocrx_word' id='word_1_365' title='bbox 1560 345 1618 376; x_wconf 86' lang='lat' dir='ltr'>sed</span> <span class='ocrx_word' id='word_1_366' title='bbox 1647 351 1761 376; x_wconf 87' lang='lat' dir='ltr'>tamen</span> <span class='ocrx_word' id='word_1_367' title='bbox 1795 346 2060 379; x_wconf 86' lang='lat' dir='ltr'>anteferendum</span> <span class='ocrx_word' id='word_1_368' title='bbox 2086 353 2135 379; x_wconf 87' lang='lat' dir='ltr'>est</span> <span class='ocrx_word' id='word_1_369' title='bbox 2166 359 2295 379; x_wconf 87' lang='lat' dir='ltr'>nomen</span> 
     </span>
     <span class='ocr_line' id='line_1_60' title="bbox 1315 393 1392 427; baseline 0 0"><span class='ocrx_word' id='word_1_370' title='bbox 1315 393 1392 427; x_wconf 83' lang='lat' dir='ltr'>Dei.</span> 
     </span>
    </p>

    <p class='ocr_par' dir='ltr' id='par_1_23' title="bbox 1315 441 2303 1042">
     <span class='ocr_line' id='line_1_61' title="bbox 1416 441 2299 489; baseline 0.006 -13"><span class='ocrx_word' id='word_1_371' title='bbox 1416 441 1631 487; x_wconf 86' lang='lat' dir='ltr'>Prophetae,</span> <span class='ocrx_word' id='word_1_372' title='bbox 1663 443 1821 486; x_wconf 71' lang='lat' dir='ltr'>Apostoli</span> <span class='ocrx_word' id='word_1_373' title='bbox 1849 441 1942 477; x_wconf 87' lang='lat' dir='ltr'>haud</span> <span class='ocrx_word' id='word_1_374' title='bbox 1970 446 2076 478; x_wconf 87' lang='lat' dir='ltr'>dubie</span> <span class='ocrx_word' id='word_1_375' title='bbox 2102 447 2248 489; x_wconf 82' lang='lat' dir='ltr'>patriam</span> <span class='ocrx_word' id='word_1_376' title='bbox 2266 455 2299 481; x_wconf 82' lang='lat' dir='ltr'>et</span> 
     </span>
     <span class='ocr_line' id='line_1_62' title="bbox 1318 494 2300 539; baseline 0.005 -14"><span class='ocrx_word' id='word_1_377' title='bbox 1318 494 1450 537; x_wconf 87' lang='lat' dir='ltr'>patriae</span> <span class='ocrx_word' id='word_1_378' title='bbox 1471 495 1781 539; x_wconf 79' lang='lat' dir='ltr'>tranquillitatem,</span> <span class='ocrx_word' id='word_1_379' title='bbox 1810 495 1835 527; x_wconf 86' lang='lat' dir='ltr'>si</span> <span class='ocrx_word' id='word_1_380' title='bbox 1859 495 1918 539; x_wconf 87' lang='lat' dir='ltr'>qui</span> <span class='ocrx_word' id='word_1_381' title='bbox 1939 497 2017 536; x_wconf 83' lang='lat' dir='ltr'>alii,</span> <span class='ocrx_word' id='word_1_382' title='bbox 2044 505 2207 530; x_wconf 89' lang='lat' dir='ltr'>amarunt</span> <span class='ocrx_word' id='word_1_383' title='bbox 2225 509 2300 530; x_wconf 90' lang='lat' dir='ltr'>ma-</span> 
     </span>
     <span class='ocr_line' id='line_1_63' title="bbox 1318 543 2301 591; baseline 0.005 -15"><span class='ocrx_word' id='word_1_384' title='bbox 1318 545 1422 578; x_wconf 82' lang='lat' dir='ltr'>xime.</span> <span class='ocrx_word' id='word_1_385' title='bbox 1486 543 1532 577; x_wconf 84' lang='lat' dir='ltr'>Et</span> <span class='ocrx_word' id='word_1_386' title='bbox 1556 553 1672 578; x_wconf 89' lang='lat' dir='ltr'>tamen</span> <span class='ocrx_word' id='word_1_387' title='bbox 1697 543 1954 588; x_wconf 77' lang='lat' dir='ltr'>reprehendere</span> <span class='ocrx_word' id='word_1_388' title='bbox 1979 547 2106 591; x_wconf 88' lang='lat' dir='ltr'>impios</span> <span class='ocrx_word' id='word_1_389' title='bbox 2130 548 2243 581; x_wconf 85' lang='lat' dir='ltr'>cultus</span> <span class='ocrx_word' id='word_1_390' title='bbox 2268 555 2301 582; x_wconf 89' lang='lat' dir='ltr'>et</span> 
     </span>
     <span class='ocr_line' id='line_1_64' title="bbox 1319 596 2298 643; baseline 0.004 -16"><span class='ocrx_word' id='word_1_391' title='bbox 1319 606 1441 638; x_wconf 88' lang='lat' dir='ltr'>pravas</span> <span class='ocrx_word' id='word_1_392' title='bbox 1462 596 1647 638; x_wconf 82' lang='lat' dir='ltr'>opiniones</span> <span class='ocrx_word' id='word_1_393' title='bbox 1673 597 1779 629; x_wconf 89' lang='lat' dir='ltr'>coacti</span> <span class='ocrx_word' id='word_1_394' title='bbox 1803 603 1895 629; x_wconf 89' lang='lat' dir='ltr'>sunt.</span> <span class='ocrx_word' id='word_1_395' title='bbox 1954 597 1998 632; x_wconf 83' lang='lat' dir='ltr'>Et</span> <span class='ocrx_word' id='word_1_396' title='bbox 2024 599 2166 643; x_wconf 88' lang='lat' dir='ltr'>quidem</span> <span class='ocrx_word' id='word_1_397' title='bbox 2192 596 2298 632; x_wconf 90' lang='lat' dir='ltr'>Chri-</span> 
     </span>
     <span class='ocr_line' id='line_1_65' title="bbox 1316 647 2295 690; baseline 0.005 -13"><span class='ocrx_word' id='word_1_398' title='bbox 1316 653 1388 678; x_wconf 87' lang='lat' dir='ltr'>stus</span> <span class='ocrx_word' id='word_1_399' title='bbox 1410 647 1592 690; x_wconf 85' lang='lat' dir='ltr'>profitetur</span> <span class='ocrx_word' id='word_1_400' title='bbox 1616 658 1651 679; x_wconf 88' lang='lat' dir='ltr'>se</span> <span class='ocrx_word' id='word_1_401' title='bbox 1675 647 1855 679; x_wconf 77' lang='lat' dir='ltr'>doctrinae</span> <span class='ocrx_word' id='word_1_402' title='bbox 1882 659 1990 689; x_wconf 88' lang='lat' dir='ltr'>genus</span> <span class='ocrx_word' id='word_1_403' title='bbox 2020 650 2175 690; x_wconf 87' lang='lat' dir='ltr'>adferre,</span> <span class='ocrx_word' id='word_1_404' title='bbox 2217 657 2295 682; x_wconf 85' lang='lat' dir='ltr'>tan-</span> 
     </span>
     <span class='ocr_line' id='line_1_66' title="bbox 1318 697 2301 742; baseline 0.004 -14"><span class='ocrx_word' id='word_1_405' title='bbox 1318 707 1420 740; x_wconf 84' lang='lat' dir='ltr'>quam</span> <span class='ocrx_word' id='word_1_406' title='bbox 1440 697 1572 739; x_wconf 87' lang='lat' dir='ltr'>ignem,</span> <span class='ocrx_word' id='word_1_407' title='bbox 1599 697 1660 741; x_wconf 89' lang='lat' dir='ltr'>qui</span> <span class='ocrx_word' id='word_1_408' title='bbox 1686 698 1729 731; x_wconf 90' lang='lat' dir='ltr'>sit</span> <span class='ocrx_word' id='word_1_409' title='bbox 1749 709 1956 731; x_wconf 85' lang='lat' dir='ltr'>accensurus</span> <span class='ocrx_word' id='word_1_410' title='bbox 1982 700 2141 742; x_wconf 87' lang='lat' dir='ltr'>ingentes</span> <span class='ocrx_word' id='word_1_411' title='bbox 2166 700 2301 733; x_wconf 84' lang='lat' dir='ltr'>discor-</span> 
     </span>
     <span class='ocr_line' id='line_1_67' title="bbox 1317 747 2302 784; baseline 0.005 -6"><span class='ocrx_word' id='word_1_412' title='bbox 1317 748 1404 780; x_wconf 82' lang='lat' dir='ltr'>dias,</span> <span class='ocrx_word' id='word_1_413' title='bbox 1439 747 1584 779; x_wconf 66' lang='lat' dir='ltr'>Necesse</span> <span class='ocrx_word' id='word_1_414' title='bbox 1599 756 1648 782; x_wconf 83' lang='lat' dir='ltr'>est</span> <span class='ocrx_word' id='word_1_415' title='bbox 1665 748 1758 780; x_wconf 89' lang='lat' dir='ltr'>enim</span> <span class='ocrx_word' id='word_1_416' title='bbox 1777 749 1921 781; x_wconf 78' lang='lat' dir='ltr'>existere</span> <span class='ocrx_word' id='word_1_417' title='bbox 1939 751 2131 783; x_wconf 89' lang='lat' dir='ltr'>certamina</span> <span class='ocrx_word' id='word_1_418' title='bbox 2147 751 2190 783; x_wconf 85' lang='lat' dir='ltr'>de</span> <span class='ocrx_word' id='word_1_419' title='bbox 2206 751 2302 784; x_wconf 89' lang='lat' dir='ltr'>cultu</span> 
     </span>
     <span class='ocr_line' id='line_1_68' title="bbox 1317 796 2299 842; baseline 0.007 -14"><span class='ocrx_word' id='word_1_420' title='bbox 1317 796 1401 837; x_wconf 91' lang='lat' dir='ltr'>Dei,</span> <span class='ocrx_word' id='word_1_421' title='bbox 1429 798 1511 842; x_wconf 89' lang='lat' dir='ltr'>quia</span> <span class='ocrx_word' id='word_1_422' title='bbox 1535 798 1698 832; x_wconf 87' lang='lat' dir='ltr'>diabolus</span> <span class='ocrx_word' id='word_1_423' title='bbox 1723 801 1821 833; x_wconf 87' lang='lat' dir='ltr'>ardet</span> <span class='ocrx_word' id='word_1_424' title='bbox 1850 797 2014 833; x_wconf 88' lang='lat' dir='ltr'>horribili</span> <span class='ocrx_word' id='word_1_425' title='bbox 2039 802 2121 835; x_wconf 92' lang='lat' dir='ltr'>odio</span> <span class='ocrx_word' id='word_1_426' title='bbox 2145 800 2232 842; x_wconf 88' lang='lat' dir='ltr'>Dei,</span> <span class='ocrx_word' id='word_1_427' title='bbox 2266 809 2299 835; x_wconf 86' lang='lat' dir='ltr'>et</span> 
     </span>
     <span class='ocr_line' id='line_1_69' title="bbox 1315 849 2303 895; baseline 0.007 -16"><span class='ocrx_word' id='word_1_428' title='bbox 1315 855 1487 891; x_wconf 87' lang='lat' dir='ltr'>quantum</span> <span class='ocrx_word' id='word_1_429' title='bbox 1515 855 1644 895; x_wconf 87' lang='lat' dir='ltr'>potest,</span> <span class='ocrx_word' id='word_1_430' title='bbox 1672 850 1818 883; x_wconf 84' lang='lat' dir='ltr'>verbum</span> <span class='ocrx_word' id='word_1_431' title='bbox 1846 849 1911 883; x_wconf 92' lang='lat' dir='ltr'>Dei</span> <span class='ocrx_word' id='word_1_432' title='bbox 1937 852 2054 884; x_wconf 89' lang='lat' dir='ltr'>delere</span> <span class='ocrx_word' id='word_1_433' title='bbox 2078 859 2244 893; x_wconf 87' lang='lat' dir='ltr'>conatur,</span> <span class='ocrx_word' id='word_1_434' title='bbox 2270 859 2303 886; x_wconf 84' lang='lat' dir='ltr'>et</span> 
     </span>
     <span class='ocr_line' id='line_1_70' title="bbox 1315 897 2298 944; baseline 0.006 -14"><span class='ocrx_word' id='word_1_435' title='bbox 1315 900 1480 931; x_wconf 80' lang='lat' dir='ltr'>adversus</span> <span class='ocrx_word' id='word_1_436' title='bbox 1496 897 1609 931; x_wconf 90' lang='lat' dir='ltr'>Deum</span> <span class='ocrx_word' id='word_1_437' title='bbox 1628 898 1786 933; x_wconf 87' lang='lat' dir='ltr'>homiues</span> <span class='ocrx_word' id='word_1_438' title='bbox 1806 901 1932 944; x_wconf 88' lang='lat' dir='ltr'>impios</span> <span class='ocrx_word' id='word_1_439' title='bbox 1949 902 2092 942; x_wconf 85' lang='lat' dir='ltr'>incitat,</span> <span class='ocrx_word' id='word_1_440' title='bbox 2119 915 2158 935; x_wconf 91' lang='lat' dir='ltr'>ac</span> <span class='ocrx_word' id='word_1_441' title='bbox 2181 915 2298 936; x_wconf 86' lang='lat' dir='ltr'>secum</span> 
     </span>
     <span class='ocr_line' id='line_1_71' title="bbox 1317 946 2303 994; baseline 0.004 -13"><span class='ocrx_word' id='word_1_442' title='bbox 1317 946 1425 981; x_wconf 79' lang='lat' dir='ltr'>trahit</span> <span class='ocrx_word' id='word_1_443' title='bbox 1454 949 1704 982; x_wconf 85' lang='lat' dir='ltr'>florentissima</span> <span class='ocrx_word' id='word_1_444' title='bbox 1736 951 1899 994; x_wconf 85' lang='lat' dir='ltr'>imperia:</span> <span class='ocrx_word' id='word_1_445' title='bbox 1945 964 2023 985; x_wconf 87' lang='lat' dir='ltr'>cum</span> <span class='ocrx_word' id='word_1_446' title='bbox 2055 950 2111 985; x_wconf 89' lang='lat' dir='ltr'>his</span> <span class='ocrx_word' id='word_1_447' title='bbox 2141 950 2303 988; x_wconf 87' lang='lat' dir='ltr'>hostibus</span> 
     </span>
     <span class='ocr_line' id='line_1_72' title="bbox 1316 998 1732 1042; baseline 0.005 -11"><span class='ocrx_word' id='word_1_448' title='bbox 1316 999 1544 1042; x_wconf 80' lang='lat' dir='ltr'>belligeratur</span> <span class='ocrx_word' id='word_1_449' title='bbox 1560 998 1732 1033; x_wconf 80' lang='lat' dir='ltr'>Christus.</span> 
     </span>
    </p>

    <p class='ocr_par' dir='ltr' id='par_1_24' title="bbox 1317 1050 2303 1598">
     <span class='ocr_line' id='line_1_73' title="bbox 1420 1050 2299 1097; baseline 0.005 -15"><span class='ocrx_word' id='word_1_450' title='bbox 1420 1050 1538 1092; x_wconf 81' lang='lat' dir='ltr'>Quare</span> <span class='ocrx_word' id='word_1_451' title='bbox 1562 1062 1641 1083; x_wconf 89' lang='lat' dir='ltr'>cum</span> <span class='ocrx_word' id='word_1_452' title='bbox 1666 1062 1803 1084; x_wconf 89' lang='lat' dir='ltr'>necesse</span> <span class='ocrx_word' id='word_1_453' title='bbox 1826 1052 1870 1085; x_wconf 91' lang='lat' dir='ltr'>sit</span> <span class='ocrx_word' id='word_1_454' title='bbox 1897 1052 1963 1095; x_wconf 89' lang='lat' dir='ltr'>piis</span> <span class='ocrx_word' id='word_1_455' title='bbox 1988 1050 2246 1097; x_wconf 85' lang='lat' dir='ltr'>reprehendere</span> <span class='ocrx_word' id='word_1_456' title='bbox 2266 1060 2299 1086; x_wconf 90' lang='lat' dir='ltr'>et</span> 
     </span>
     <span class='ocr_line' id='line_1_74' title="bbox 1317 1100 2300 1146; baseline 0.004 -13"><span class='ocrx_word' id='word_1_457' title='bbox 1317 1100 1457 1133; x_wconf 87' lang='lat' dir='ltr'>abolere</span> <span class='ocrx_word' id='word_1_458' title='bbox 1473 1101 1600 1144; x_wconf 81' lang='lat' dir='ltr'>impios</span> <span class='ocrx_word' id='word_1_459' title='bbox 1616 1102 1746 1141; x_wconf 81' lang='lat' dir='ltr'>cultus,</span> <span class='ocrx_word' id='word_1_460' title='bbox 1774 1114 1845 1135; x_wconf 89' lang='lat' dir='ltr'>non</span> <span class='ocrx_word' id='word_1_461' title='bbox 1865 1111 2011 1146; x_wconf 89' lang='lat' dir='ltr'>possunt</span> <span class='ocrx_word' id='word_1_462' title='bbox 2028 1116 2100 1137; x_wconf 92' lang='lat' dir='ltr'>non</span> <span class='ocrx_word' id='word_1_463' title='bbox 2123 1116 2194 1137; x_wconf 87' lang='lat' dir='ltr'>esse</span> <span class='ocrx_word' id='word_1_464' title='bbox 2219 1115 2300 1137; x_wconf 90' lang='lat' dir='ltr'>mu-</span> 
     </span>
     <span class='ocr_line' id='line_1_75' title="bbox 1318 1151 2302 1198; baseline 0.003 -14"><span class='ocrx_word' id='word_1_465' title='bbox 1318 1152 1492 1184; x_wconf 80' lang='lat' dir='ltr'>tationum</span> <span class='ocrx_word' id='word_1_466' title='bbox 1515 1158 1654 1184; x_wconf 80' lang='lat' dir='ltr'>autores</span> <span class='ocrx_word' id='word_1_467' title='bbox 1678 1151 1872 1196; x_wconf 86' lang='lat' dir='ltr'>Prophetae</span> <span class='ocrx_word' id='word_1_468' title='bbox 1897 1160 1930 1187; x_wconf 89' lang='lat' dir='ltr'>et</span> <span class='ocrx_word' id='word_1_469' title='bbox 1952 1155 2126 1198; x_wconf 87' lang='lat' dir='ltr'>Apostoli.</span> <span class='ocrx_word' id='word_1_470' title='bbox 2179 1154 2302 1197; x_wconf 86' lang='lat' dir='ltr'>Quan-</span> 
     </span>
     <span class='ocr_line' id='line_1_76' title="bbox 1319 1203 2298 1250; baseline 0.005 -17"><span class='ocrx_word' id='word_1_471' title='bbox 1319 1214 1421 1247; x_wconf 88' lang='lat' dir='ltr'>quam</span> <span class='ocrx_word' id='word_1_472' title='bbox 1450 1203 1558 1244; x_wconf 91' lang='lat' dir='ltr'>igitur</span> <span class='ocrx_word' id='word_1_473' title='bbox 1589 1203 1729 1246; x_wconf 90' lang='lat' dir='ltr'>politica</span> <span class='ocrx_word' id='word_1_474' title='bbox 1760 1205 1930 1247; x_wconf 86' lang='lat' dir='ltr'>sapientia</span> <span class='ocrx_word' id='word_1_475' title='bbox 1962 1203 2130 1239; x_wconf 88' lang='lat' dir='ltr'>abhorret</span> <span class='ocrx_word' id='word_1_476' title='bbox 2154 1207 2198 1239; x_wconf 90' lang='lat' dir='ltr'>ab</span> <span class='ocrx_word' id='word_1_477' title='bbox 2223 1206 2298 1250; x_wconf 89' lang='lat' dir='ltr'>ipso</span> 
     </span>
     <span class='ocr_line' id='line_1_77' title="bbox 1321 1253 2299 1299; baseline 0.006 -15"><span class='ocrx_word' id='word_1_478' title='bbox 1321 1253 1527 1286; x_wconf 84' lang='lat' dir='ltr'>mutationis</span> <span class='ocrx_word' id='word_1_479' title='bbox 1543 1254 1704 1294; x_wconf 82' lang='lat' dir='ltr'>nomine,</span> <span class='ocrx_word' id='word_1_480' title='bbox 1732 1260 1764 1287; x_wconf 92' lang='lat' dir='ltr'>et</span> <span class='ocrx_word' id='word_1_481' title='bbox 1789 1255 1854 1298; x_wconf 89' lang='lat' dir='ltr'>pii,</span> <span class='ocrx_word' id='word_1_482' title='bbox 1882 1255 1942 1299; x_wconf 85' lang='lat' dir='ltr'>qui</span> <span class='ocrx_word' id='word_1_483' title='bbox 1967 1263 2059 1289; x_wconf 88' lang='lat' dir='ltr'>certe</span> <span class='ocrx_word' id='word_1_484' title='bbox 2081 1268 2152 1289; x_wconf 91' lang='lat' dir='ltr'>non</span> <span class='ocrx_word' id='word_1_485' title='bbox 2177 1268 2299 1290; x_wconf 90' lang='lat' dir='ltr'>omnes</span> 
     </span>
     <span class='ocr_line' id='line_1_78' title="bbox 1319 1304 2303 1351; baseline 0.006 -16"><span class='ocrx_word' id='word_1_486' title='bbox 1319 1304 1439 1336; x_wconf 88' lang='lat' dir='ltr'>stolidi</span> <span class='ocrx_word' id='word_1_487' title='bbox 1465 1311 1525 1336; x_wconf 88' lang='lat' dir='ltr'>aut</span> <span class='ocrx_word' id='word_1_488' title='bbox 1550 1305 1634 1336; x_wconf 82' lang='lat' dir='ltr'>fatui</span> <span class='ocrx_word' id='word_1_489' title='bbox 1660 1312 1759 1345; x_wconf 87' lang='lat' dir='ltr'>sunt,</span> <span class='ocrx_word' id='word_1_490' title='bbox 1788 1306 1991 1348; x_wconf 83' lang='lat' dir='ltr'>intelligunt</span> <span class='ocrx_word' id='word_1_491' title='bbox 2017 1315 2187 1351; x_wconf 86' lang='lat' dir='ltr'>quantum</span> <span class='ocrx_word' id='word_1_492' title='bbox 2211 1308 2303 1341; x_wconf 85' lang='lat' dir='ltr'>diffi-</span> 
     </span>
     <span class='ocr_line' id='line_1_79' title="bbox 1320 1353 2302 1398; baseline 0.006 -13"><span class='ocrx_word' id='word_1_493' title='bbox 1320 1353 1489 1386; x_wconf 83' lang='lat' dir='ltr'>cultatum</span> <span class='ocrx_word' id='word_1_494' title='bbox 1509 1361 1542 1386; x_wconf 86' lang='lat' dir='ltr'>et</span> <span class='ocrx_word' id='word_1_495' title='bbox 1562 1354 1797 1396; x_wconf 88' lang='lat' dir='ltr'>periculorum</span> <span class='ocrx_word' id='word_1_496' title='bbox 1815 1357 1976 1390; x_wconf 86' lang='lat' dir='ltr'>adferant</span> <span class='ocrx_word' id='word_1_497' title='bbox 1995 1358 2222 1398; x_wconf 87' lang='lat' dir='ltr'>mutationes,</span> <span class='ocrx_word' id='word_1_498' title='bbox 2249 1365 2302 1392; x_wconf 86' lang='lat' dir='ltr'>ta-</span> 
     </span>
     <span class='ocr_line' id='line_1_80' title="bbox 1321 1402 2302 1449; baseline 0.005 -14"><span class='ocrx_word' id='word_1_499' title='bbox 1321 1415 1400 1435; x_wconf 86' lang='lat' dir='ltr'>men</span> <span class='ocrx_word' id='word_1_500' title='bbox 1422 1402 1662 1436; x_wconf 83' lang='lat' dir='ltr'>Christianum</span> <span class='ocrx_word' id='word_1_501' title='bbox 1689 1413 1806 1447; x_wconf 90' lang='lat' dir='ltr'>pectus</span> <span class='ocrx_word' id='word_1_502' title='bbox 1831 1406 1978 1440; x_wconf 83' lang='lat' dir='ltr'>antefert</span> <span class='ocrx_word' id='word_1_503' title='bbox 2002 1408 2204 1440; x_wconf 88' lang='lat' dir='ltr'>mandatum</span> <span class='ocrx_word' id='word_1_504' title='bbox 2224 1407 2302 1449; x_wconf 82' lang='lat' dir='ltr'>Dei,</span> 
     </span>
     <span class='ocr_line' id='line_1_81' title="bbox 1321 1455 2301 1499; baseline 0.005 -13"><span class='ocrx_word' id='word_1_505' title='bbox 1321 1460 1354 1486; x_wconf 85' lang='lat' dir='ltr'>et</span> <span class='ocrx_word' id='word_1_506' title='bbox 1370 1455 1502 1487; x_wconf 90' lang='lat' dir='ltr'>excelso</span> <span class='ocrx_word' id='word_1_507' title='bbox 1529 1455 1647 1487; x_wconf 90' lang='lat' dir='ltr'>animo</span> <span class='ocrx_word' id='word_1_508' title='bbox 1672 1456 1798 1499; x_wconf 80' lang='lat' dir='ltr'>excipit</span> <span class='ocrx_word' id='word_1_509' title='bbox 1823 1467 1945 1489; x_wconf 88' lang='lat' dir='ltr'>omnes</span> <span class='ocrx_word' id='word_1_510' title='bbox 1961 1457 2201 1498; x_wconf 88' lang='lat' dir='ltr'>difficultates,</span> <span class='ocrx_word' id='word_1_511' title='bbox 2228 1471 2301 1491; x_wconf 90' lang='lat' dir='ltr'>eas-</span> 
     </span>
     <span class='ocr_line' id='line_1_82' title="bbox 1321 1505 2296 1548; baseline 0.006 -12"><span class='ocrx_word' id='word_1_512' title='bbox 1321 1515 1388 1548; x_wconf 91' lang='lat' dir='ltr'>que</span> <span class='ocrx_word' id='word_1_513' title='bbox 1411 1505 1575 1546; x_wconf 81' lang='lat' dir='ltr'>intelligit</span> <span class='ocrx_word' id='word_1_514' title='bbox 1600 1505 1672 1548; x_wconf 84' lang='lat' dir='ltr'>regi</span> <span class='ocrx_word' id='word_1_515' title='bbox 1696 1517 1712 1537; x_wconf 88' lang='lat' dir='ltr'>a</span> <span class='ocrx_word' id='word_1_516' title='bbox 1730 1506 1891 1548; x_wconf 84' lang='lat' dir='ltr'>Christo,</span> <span class='ocrx_word' id='word_1_517' title='bbox 1922 1507 1978 1540; x_wconf 90' lang='lat' dir='ltr'>cui</span> <span class='ocrx_word' id='word_1_518' title='bbox 2002 1509 2120 1540; x_wconf 86' lang='lat' dir='ltr'>omnia</span> <span class='ocrx_word' id='word_1_519' title='bbox 2142 1509 2296 1542; x_wconf 87' lang='lat' dir='ltr'>subiecta</span> 
     </span>
     <span class='ocr_line' id='line_1_83' title="bbox 1322 1555 1830 1598; baseline 0.008 -12"><span class='ocrx_word' id='word_1_520' title='bbox 1322 1561 1423 1593; x_wconf 87' lang='lat' dir='ltr'>sunt,</span> <span class='ocrx_word' id='word_1_521' title='bbox 1449 1562 1489 1586; x_wconf 86' lang='lat' dir='ltr'>ut</span> <span class='ocrx_word' id='word_1_522' title='bbox 1506 1556 1622 1598; x_wconf 87' lang='lat' dir='ltr'>inquit</span> <span class='ocrx_word' id='word_1_523' title='bbox 1642 1555 1830 1598; x_wconf 86' lang='lat' dir='ltr'>Propheta.</span> 
     </span>
    </p>

    <p class='ocr_par' dir='ltr' id='par_1_25' title="bbox 1297 1604 2306 1853">
     <span class='ocr_line' id='line_1_84' title="bbox 1423 1604 2306 1653; baseline 0.006 -16"><span class='ocrx_word' id='word_1_524' title='bbox 1423 1604 1519 1637; x_wconf 87' lang='lat' dir='ltr'>Haec</span> <span class='ocrx_word' id='word_1_525' title='bbox 1535 1606 1688 1639; x_wconf 82' lang='lat' dir='ltr'>breviter</span> <span class='ocrx_word' id='word_1_526' title='bbox 1703 1607 1916 1649; x_wconf 90' lang='lat' dir='ltr'>respondeo,</span> <span class='ocrx_word' id='word_1_527' title='bbox 1943 1618 2017 1639; x_wconf 90' lang='lat' dir='ltr'>non</span> <span class='ocrx_word' id='word_1_528' title='bbox 2032 1612 2101 1640; x_wconf 88' lang='lat' dir='ltr'>tam</span> <span class='ocrx_word' id='word_1_529' title='bbox 2119 1605 2306 1653; x_wconf 89' lang='lat' dir='ltr'>Omphalii</span> 
     </span>
     <span class='ocr_line' id='line_1_85' title="bbox 1297 1655 2303 1702; baseline 0.005 -14"><span class='ocrx_word' id='word_1_530' title='bbox 1297 1655 1495 1700; x_wconf 44' lang='lat' dir='ltr'>¹orationi,</span> <span class='ocrx_word' id='word_1_531' title='bbox 1531 1668 1634 1700; x_wconf 86' lang='lat' dir='ltr'>quam</span> <span class='ocrx_word' id='word_1_532' title='bbox 1666 1656 1809 1690; x_wconf 87' lang='lat' dir='ltr'>illorum</span> <span class='ocrx_word' id='word_1_533' title='bbox 1841 1657 2038 1701; x_wconf 86' lang='lat' dir='ltr'>sapientum</span> <span class='ocrx_word' id='word_1_534' title='bbox 2076 1661 2303 1702; x_wconf 87' lang='lat' dir='ltr'>argumentis,</span> 
     </span>
     <span class='ocr_line' id='line_1_86' title="bbox 1323 1706 2301 1751; baseline 0.007 -14"><span class='ocrx_word' id='word_1_535' title='bbox 1323 1706 1384 1751; x_wconf 90' lang='lat' dir='ltr'>qui</span> <span class='ocrx_word' id='word_1_536' title='bbox 1402 1706 1438 1738; x_wconf 93' lang='lat' dir='ltr'>in</span> <span class='ocrx_word' id='word_1_537' title='bbox 1457 1707 1622 1739; x_wconf 88' lang='lat' dir='ltr'>omuibus</span> <span class='ocrx_word' id='word_1_538' title='bbox 1639 1708 1795 1740; x_wconf 89' lang='lat' dir='ltr'>consiliis</span> <span class='ocrx_word' id='word_1_539' title='bbox 1811 1708 2066 1742; x_wconf 89' lang='lat' dir='ltr'>concionantur</span> <span class='ocrx_word' id='word_1_540' title='bbox 2083 1710 2126 1743; x_wconf 93' lang='lat' dir='ltr'>de</span> <span class='ocrx_word' id='word_1_541' title='bbox 2148 1710 2301 1744; x_wconf 84' lang='lat' dir='ltr'>vitandis</span> 
     </span>
     <span class='ocr_line' id='line_1_87' title="bbox 1297 1757 2302 1795; baseline 0.005 -6"><span class='ocrx_word' id='word_1_542' title='bbox 1297 1778 1299 1784; x_wconf 45' lang='grc' dir='ltr'><em>ι</em></span> <span class='ocrx_word' id='word_1_543' title='bbox 1323 1757 1596 1795; x_wconf 85' lang='lat' dir='ltr'>mutationibus,</span> <span class='ocrx_word' id='word_1_544' title='bbox 1629 1760 1671 1790; x_wconf 84' lang='lat' dir='ltr'>de</span> <span class='ocrx_word' id='word_1_545' title='bbox 1695 1760 1896 1792; x_wconf 87' lang='lat' dir='ltr'>concordia.</span> <span class='ocrx_word' id='word_1_546' title='bbox 1948 1757 2026 1793; x_wconf 89' lang='lat' dir='ltr'>Etsi</span> <span class='ocrx_word' id='word_1_547' title='bbox 2047 1767 2163 1794; x_wconf 85' lang='lat' dir='ltr'>autem</span> <span class='ocrx_word' id='word_1_548' title='bbox 2187 1758 2302 1795; x_wconf 89' lang='lat' dir='ltr'>homi-</span> 
     </span>
     <span class='ocr_line' id='line_1_88' title="bbox 1323 1806 2304 1853; baseline 0.005 -13"><span class='ocrx_word' id='word_1_549' title='bbox 1323 1819 1384 1840; x_wconf 91' lang='lat' dir='ltr'>nes</span> <span class='ocrx_word' id='word_1_550' title='bbox 1414 1806 1507 1841; x_wconf 88' lang='lat' dir='ltr'>athei</span> <span class='ocrx_word' id='word_1_551' title='bbox 1543 1806 1633 1841; x_wconf 85' lang='lat' dir='ltr'>hanc</span> <span class='ocrx_word' id='word_1_552' title='bbox 1661 1809 1924 1853; x_wconf 89' lang='lat' dir='ltr'>responsionem</span> <span class='ocrx_word' id='word_1_553' title='bbox 1958 1810 2147 1851; x_wconf 88' lang='lat' dir='ltr'>derident,</span> <span class='ocrx_word' id='word_1_554' title='bbox 2188 1818 2304 1845; x_wconf 85' lang='lat' dir='ltr'>tamen</span> 
     </span>
    </p>

    <p class='ocr_par' dir='ltr' id='par_1_26' title="bbox 1297 1858 2305 2004">
     <span class='ocr_line' id='line_1_89' title="bbox 1324 1858 2302 1904; baseline 0.006 -14"><span class='ocrx_word' id='word_1_555' title='bbox 1324 1859 1389 1902; x_wconf 89' lang='lat' dir='ltr'>piis</span> <span class='ocrx_word' id='word_1_556' title='bbox 1411 1859 1496 1892; x_wconf 88' lang='lat' dir='ltr'>utile</span> <span class='ocrx_word' id='word_1_557' title='bbox 1515 1866 1562 1892; x_wconf 92' lang='lat' dir='ltr'>est</span> <span class='ocrx_word' id='word_1_558' title='bbox 1582 1860 1801 1893; x_wconf 88' lang='lat' dir='ltr'>considerare</span> <span class='ocrx_word' id='word_1_559' title='bbox 1823 1858 1907 1893; x_wconf 79' lang='lat' dir='ltr'>haec</span> <span class='ocrx_word' id='word_1_560' title='bbox 1925 1868 2146 1904; x_wconf 86' lang='lat' dir='ltr'>argumenta,</span> <span class='ocrx_word' id='word_1_561' title='bbox 2175 1875 2220 1895; x_wconf 88' lang='lat' dir='ltr'>ne</span> <span class='ocrx_word' id='word_1_562' title='bbox 2242 1863 2302 1896; x_wconf 83' lang='lat' dir='ltr'>illa</span> 
     </span>
     <span class='ocr_line' id='line_1_90' title="bbox 1297 1899 2305 1955; baseline 0.007 -14"><span class='ocrx_word' id='word_1_563' title='bbox 1297 1899 1300 1937; x_wconf 64' lang='lat' dir='ltr'>l</span> <span class='ocrx_word' id='word_1_564' title='bbox 1323 1910 1513 1952; x_wconf 78' lang='lat' dir='ltr'>sapientiae</span> <span class='ocrx_word' id='word_1_565' title='bbox 1537 1911 1667 1953; x_wconf 87' lang='lat' dir='ltr'>species</span> <span class='ocrx_word' id='word_1_566' title='bbox 1690 1912 1864 1945; x_wconf 87' lang='lat' dir='ltr'>deterreat</span> <span class='ocrx_word' id='word_1_567' title='bbox 1878 1911 2016 1944; x_wconf 90' lang='lat' dir='ltr'>animos</span> <span class='ocrx_word' id='word_1_568' title='bbox 2033 1923 2050 1944; x_wconf 90' lang='lat' dir='ltr'>a</span> <span class='ocrx_word' id='word_1_569' title='bbox 2068 1911 2208 1955; x_wconf 82' lang='lat' dir='ltr'>pietati,</span> <span class='ocrx_word' id='word_1_570' title='bbox 2237 1921 2268 1948; x_wconf 87' lang='lat' dir='ltr'>et</span> <span class='ocrx_word' id='word_1_571' title='bbox 2287 1926 2305 1947; x_wconf 91' lang='lat' dir='ltr'>a</span> 
     </span>
     <span class='ocr_line' id='line_1_91' title="bbox 1297 1961 1721 2004; baseline 0.007 -13"><span class='ocrx_word' id='word_1_572' title='bbox 1297 1970 1298 1990; x_wconf 73' lang='lat'>1</span> <span class='ocrx_word' id='word_1_573' title='bbox 1322 1961 1537 2004; x_wconf 81' lang='lat' dir='ltr'>professione</span> <span class='ocrx_word' id='word_1_574' title='bbox 1555 1962 1721 1996; x_wconf 82' lang='lat' dir='ltr'>veritatis,</span> 
     </span>
    </p>

    <p class='ocr_par' dir='ltr' id='par_1_27' title="bbox 1293 2009 2306 2461">
     <span class='ocr_line' id='line_1_92' title="bbox 1422 2009 2306 2046; baseline 0.003 -3"><span class='ocrx_word' id='word_1_575' title='bbox 1422 2009 1468 2044; x_wconf 90' lang='lat' dir='ltr'>Et</span> <span class='ocrx_word' id='word_1_576' title='bbox 1496 2011 1578 2044; x_wconf 86' lang='lat' dir='ltr'>haec</span> <span class='ocrx_word' id='word_1_577' title='bbox 1603 2012 1716 2045; x_wconf 88' lang='lat' dir='ltr'>scribo</span> <span class='ocrx_word' id='word_1_578' title='bbox 1739 2011 1889 2045; x_wconf 84' lang='lat' dir='ltr'>maxime</span> <span class='ocrx_word' id='word_1_579' title='bbox 1913 2012 2157 2046; x_wconf 80' lang='lat' dir='ltr'>admonendae</span> <span class='ocrx_word' id='word_1_580' title='bbox 2181 2011 2306 2046; x_wconf 87' lang='lat' dir='ltr'>iuven—</span> 
     </span>
     <span class='ocr_line' id='line_1_93' title="bbox 1323 2061 2305 2106; baseline 0.004 -12"><span class='ocrx_word' id='word_1_581' title='bbox 1323 2061 1406 2094; x_wconf 87' lang='lat' dir='ltr'>tutis</span> <span class='ocrx_word' id='word_1_582' title='bbox 1422 2073 1536 2097; x_wconf 90' lang='lat' dir='ltr'>causa.</span> <span class='ocrx_word' id='word_1_583' title='bbox 1592 2062 1695 2105; x_wconf 86' lang='lat' dir='ltr'>lmpii</span> <span class='ocrx_word' id='word_1_584' title='bbox 1712 2074 1790 2095; x_wconf 88' lang='lat' dir='ltr'>cum</span> <span class='ocrx_word' id='word_1_585' title='bbox 1808 2062 1886 2096; x_wconf 82' lang='lat' dir='ltr'>aliis</span> <span class='ocrx_word' id='word_1_586' title='bbox 1902 2063 2094 2103; x_wconf 80' lang='lat' dir='ltr'>illecebris,</span> <span class='ocrx_word' id='word_1_587' title='bbox 2122 2063 2249 2106; x_wconf 86' lang='lat' dir='ltr'>opibus</span> <span class='ocrx_word' id='word_1_588' title='bbox 2270 2071 2305 2098; x_wconf 90' lang='lat' dir='ltr'>et</span> 
     </span>
     <span class='ocr_line' id='line_1_94' title="bbox 1322 2112 2304 2158; baseline 0.005 -15"><span class='ocrx_word' id='word_1_589' title='bbox 1322 2112 1401 2144; x_wconf 87' lang='lat' dir='ltr'>aliis</span> <span class='ocrx_word' id='word_1_590' title='bbox 1431 2114 1625 2146; x_wconf 89' lang='lat' dir='ltr'>commodis</span> <span class='ocrx_word' id='word_1_591' title='bbox 1650 2113 1786 2146; x_wconf 88' lang='lat' dir='ltr'>animos</span> <span class='ocrx_word' id='word_1_592' title='bbox 1817 2114 2010 2147; x_wconf 89' lang='lat' dir='ltr'>multorum</span> <span class='ocrx_word' id='word_1_593' title='bbox 2035 2114 2195 2158; x_wconf 84' lang='lat' dir='ltr'>capiunt,</span> <span class='ocrx_word' id='word_1_594' title='bbox 2229 2121 2304 2148; x_wconf 90' lang='lat' dir='ltr'>tum</span> 
     </span>
     <span class='ocr_line' id='line_1_95' title="bbox 1323 2162 2304 2208; baseline 0.004 -14"><span class='ocrx_word' id='word_1_595' title='bbox 1323 2175 1405 2196; x_wconf 81' lang='lat' dir='ltr'>vero</span> <span class='ocrx_word' id='word_1_596' title='bbox 1438 2163 1542 2197; x_wconf 88' lang='lat' dir='ltr'>etiam</span> <span class='ocrx_word' id='word_1_597' title='bbox 1577 2164 1730 2196; x_wconf 85' lang='lat' dir='ltr'>irretitos</span> <span class='ocrx_word' id='word_1_598' title='bbox 1767 2170 1888 2197; x_wconf 87' lang='lat' dir='ltr'>tenent</span> <span class='ocrx_word' id='word_1_599' title='bbox 1919 2162 1973 2197; x_wconf 86' lang='lat' dir='ltr'>his</span> <span class='ocrx_word' id='word_1_600' title='bbox 2007 2164 2304 2208; x_wconf 87' lang='lat' dir='ltr'>persuasionibus,</span> 
     </span>
     <span class='ocr_line' id='line_1_96' title="bbox 1323 2214 2301 2260; baseline 0.002 -14"><span class='ocrx_word' id='word_1_601' title='bbox 1323 2214 1418 2257; x_wconf 90' lang='lat' dir='ltr'>quod</span> <span class='ocrx_word' id='word_1_602' title='bbox 1442 2215 1604 2246; x_wconf 86' lang='lat' dir='ltr'>vitandae</span> <span class='ocrx_word' id='word_1_603' title='bbox 1629 2215 1700 2247; x_wconf 91' lang='lat' dir='ltr'>sint</span> <span class='ocrx_word' id='word_1_604' title='bbox 1727 2215 1958 2254; x_wconf 79' lang='lat' dir='ltr'>mutationes,</span> <span class='ocrx_word' id='word_1_605' title='bbox 1986 2216 2080 2260; x_wconf 92' lang='lat' dir='ltr'>quod</span> <span class='ocrx_word' id='word_1_606' title='bbox 2106 2216 2226 2248; x_wconf 85' lang='lat' dir='ltr'>deceat</span> <span class='ocrx_word' id='word_1_607' title='bbox 2249 2216 2301 2248; x_wconf 87' lang='lat' dir='ltr'>fa-</span> 
     </span>
     <span class='ocr_line' id='line_1_97' title="bbox 1324 2265 2304 2309; baseline 0.002 -12"><span class='ocrx_word' id='word_1_608' title='bbox 1324 2276 1404 2298; x_wconf 90' lang='lat' dir='ltr'>vere</span> <span class='ocrx_word' id='word_1_609' title='bbox 1427 2265 1627 2298; x_wconf 85' lang='lat' dir='ltr'>ordinariae</span> <span class='ocrx_word' id='word_1_610' title='bbox 1659 2265 1842 2309; x_wconf 84' lang='lat' dir='ltr'>potestati,</span> <span class='ocrx_word' id='word_1_611' title='bbox 1883 2265 1972 2298; x_wconf 89' lang='lat' dir='ltr'>tueri</span> <span class='ocrx_word' id='word_1_612' title='bbox 1991 2273 2206 2309; x_wconf 88' lang='lat' dir='ltr'>praesentem</span> <span class='ocrx_word' id='word_1_613' title='bbox 2228 2266 2304 2299; x_wconf 83' lang='lat' dir='ltr'>for-</span> 
     </span>
     <span class='ocr_line' id='line_1_98' title="bbox 1323 2315 2305 2360; baseline 0.003 -14"><span class='ocrx_word' id='word_1_614' title='bbox 1323 2326 1413 2347; x_wconf 88' lang='lat' dir='ltr'>mam</span> <span class='ocrx_word' id='word_1_615' title='bbox 1434 2316 1659 2359; x_wconf 86' lang='lat' dir='ltr'>reipublicae.</span> <span class='ocrx_word' id='word_1_616' title='bbox 1711 2315 1805 2348; x_wconf 89' lang='lat' dir='ltr'>Haec</span> <span class='ocrx_word' id='word_1_617' title='bbox 1830 2322 2000 2360; x_wconf 88' lang='lat' dir='ltr'>quatenus</span> <span class='ocrx_word' id='word_1_618' title='bbox 2023 2316 2200 2349; x_wconf 86' lang='lat' dir='ltr'>laudanda</span> <span class='ocrx_word' id='word_1_619' title='bbox 2223 2317 2305 2358; x_wconf 87' lang='lat' dir='ltr'>sint,</span> 
     </span>
     <span class='ocr_line' id='line_1_99' title="bbox 1295 2364 2304 2410; baseline 0.002 -12"><span class='ocrx_word' id='word_1_620' title='bbox 1295 2394 1297 2402; x_wconf 89' lang='grc'><em>,</em></span> <span class='ocrx_word' id='word_1_621' title='bbox 1321 2364 1516 2399; x_wconf 84' lang='lat' dir='ltr'>Christiani</span> <span class='ocrx_word' id='word_1_622' title='bbox 1550 2367 1803 2410; x_wconf 84' lang='lat' dir='ltr'>praemonendi</span> <span class='ocrx_word' id='word_1_623' title='bbox 1833 2372 1933 2406; x_wconf 90' lang='lat' dir='ltr'>sunt,</span> <span class='ocrx_word' id='word_1_624' title='bbox 1975 2379 2019 2399; x_wconf 89' lang='lat' dir='ltr'>ne</span> <span class='ocrx_word' id='word_1_625' title='bbox 2047 2367 2304 2401; x_wconf 87' lang='lat' dir='ltr'>obliviscantur</span> 
     </span>
     <span class='ocr_line' id='line_1_100' title="bbox 1293 2413 2174 2461; baseline 0.001 -10"><span class='ocrx_word' id='word_1_626' title='bbox 1293 2428 1296 2451; x_wconf 51' lang='lat' dir='ltr'>A</span> <span class='ocrx_word' id='word_1_627' title='bbox 1322 2413 1425 2451; x_wconf 89' lang='lat' dir='ltr'>huius</span> <span class='ocrx_word' id='word_1_628' title='bbox 1444 2418 1636 2461; x_wconf 83' lang='lat' dir='ltr'>praecepti:</span> <span class='ocrx_word' id='word_1_629' title='bbox 1665 2417 1745 2450; x_wconf 87' lang='lat' dir='ltr'>Non</span> <span class='ocrx_word' id='word_1_630' title='bbox 1762 2415 1907 2451; x_wconf 88' lang='lat' dir='ltr'>habebis</span> <span class='ocrx_word' id='word_1_631' title='bbox 1923 2416 2014 2450; x_wconf 91' lang='lat' dir='ltr'>Deos</span> <span class='ocrx_word' id='word_1_632' title='bbox 2031 2417 2174 2452; x_wconf 91' lang='lat' dir='ltr'>alienos.</span> 
     </span>
    </p>

    <p class='ocr_par' dir='ltr' id='par_1_28' title="bbox 1316 2467 2301 2715">
     <span class='ocr_line' id='line_1_101' title="bbox 1421 2467 2298 2513; baseline -0.001 -12"><span class='ocrx_word' id='word_1_633' title='bbox 1421 2467 1533 2501; x_wconf 90' lang='lat' dir='ltr'>Doleo</span> <span class='ocrx_word' id='word_1_634' title='bbox 1555 2470 1724 2513; x_wconf 88' lang='lat' dir='ltr'>quosdam</span> <span class='ocrx_word' id='word_1_635' title='bbox 1749 2467 1998 2501; x_wconf 79' lang='lat' dir='ltr'>excellentibus</span> <span class='ocrx_word' id='word_1_636' title='bbox 2022 2468 2173 2511; x_wconf 86' lang='lat' dir='ltr'>ingeniis</span> <span class='ocrx_word' id='word_1_637' title='bbox 2197 2478 2298 2512; x_wconf 83' lang='lat' dir='ltr'>prae-</span> 
     </span>
     <span class='ocr_line' id='line_1_102' title="bbox 1320 2518 2298 2562; baseline 0 -12"><span class='ocrx_word' id='word_1_638' title='bbox 1320 2518 1412 2551; x_wconf 92' lang='lat' dir='ltr'>ditos</span> <span class='ocrx_word' id='word_1_639' title='bbox 1432 2519 1632 2562; x_wconf 86' lang='lat' dir='ltr'>conspirare</span> <span class='ocrx_word' id='word_1_640' title='bbox 1649 2519 1885 2562; x_wconf 88' lang='lat' dir='ltr'>cumimpiis,</span> <span class='ocrx_word' id='word_1_641' title='bbox 1912 2530 1950 2550; x_wconf 89' lang='lat' dir='ltr'>ac</span> <span class='ocrx_word' id='word_1_642' title='bbox 1972 2519 2063 2552; x_wconf 89' lang='lat' dir='ltr'>faces</span> <span class='ocrx_word' id='word_1_643' title='bbox 2080 2531 2151 2552; x_wconf 88' lang='lat' dir='ltr'>esse</span> <span class='ocrx_word' id='word_1_644' title='bbox 2170 2521 2212 2552; x_wconf 89' lang='lat' dir='ltr'>ad</span> <span class='ocrx_word' id='word_1_645' title='bbox 2242 2519 2298 2551; x_wconf 80' lang='lat' dir='ltr'>in-</span> 
     </span>
     <span class='ocr_line' id='line_1_103' title="bbox 1319 2562 2296 2612; baseline 0 -11"><span class='ocrx_word' id='word_1_646' title='bbox 1319 2569 1476 2602; x_wconf 88' lang='lat' dir='ltr'>citandos</span> <span class='ocrx_word' id='word_1_647' title='bbox 1502 2562 1597 2612; x_wconf 85' lang='lat' dir='ltr'>reges</span> <span class='ocrx_word' id='word_1_648' title='bbox 1627 2572 1670 2602; x_wconf 91' lang='lat' dir='ltr'>ad</span> <span class='ocrx_word' id='word_1_649' title='bbox 1696 2569 1955 2608; x_wconf 86' lang='lat' dir='ltr'>crudelitatem,</span> <span class='ocrx_word' id='word_1_650' title='bbox 1989 2576 2022 2602; x_wconf 90' lang='lat' dir='ltr'>et</span> <span class='ocrx_word' id='word_1_651' title='bbox 2045 2570 2088 2602; x_wconf 92' lang='lat' dir='ltr'>ad</span> <span class='ocrx_word' id='word_1_652' title='bbox 2113 2569 2296 2603; x_wconf 85' lang='lat' dir='ltr'>stabilien-</span> 
     </span>
     <span class='ocr_line' id='line_1_104' title="bbox 1317 2619 2297 2664; baseline 0.001 -12"><span class='ocrx_word' id='word_1_653' title='bbox 1317 2620 1397 2652; x_wconf 88' lang='lat' dir='ltr'>dam</span> <span class='ocrx_word' id='word_1_654' title='bbox 1414 2621 1639 2664; x_wconf 81' lang='lat' dir='ltr'>impietatem.</span> <span class='ocrx_word' id='word_1_655' title='bbox 1691 2619 1756 2654; x_wconf 86' lang='lat' dir='ltr'>llta</span> <span class='ocrx_word' id='word_1_656' title='bbox 1775 2626 1825 2653; x_wconf 87' lang='lat' dir='ltr'>est</span> <span class='ocrx_word' id='word_1_657' title='bbox 1844 2619 1953 2651; x_wconf 91' lang='lat' dir='ltr'>virtus</span> <span class='ocrx_word' id='word_1_658' title='bbox 1975 2620 2081 2662; x_wconf 85' lang='lat' dir='ltr'>digna</span> <span class='ocrx_word' id='word_1_659' title='bbox 2106 2620 2241 2663; x_wconf 86' lang='lat' dir='ltr'>magnis</span> <span class='ocrx_word' id='word_1_660' title='bbox 2263 2627 2297 2653; x_wconf 89' lang='lat' dir='ltr'>et</span> 
     </span>
     <span class='ocr_line' id='line_1_105' title="bbox 1316 2667 2301 2715; baseline -0.001 -12"><span class='ocrx_word' id='word_1_661' title='bbox 1316 2672 1572 2714; x_wconf 82' lang='lat' dir='ltr'>praestantibus</span> <span class='ocrx_word' id='word_1_662' title='bbox 1595 2670 1680 2704; x_wconf 81' lang='lat' dir='ltr'>viris</span> <span class='ocrx_word' id='word_1_663' title='bbox 1696 2698 1706 2712; x_wconf 95' lang='lat'>,</span> <span class='ocrx_word' id='word_1_664' title='bbox 1746 2670 1931 2715; x_wconf 87' lang='lat' dir='ltr'>praecipue</span> <span class='ocrx_word' id='word_1_665' title='bbox 1953 2671 1996 2704; x_wconf 88' lang='lat' dir='ltr'>ad</span> <span class='ocrx_word' id='word_1_666' title='bbox 2023 2669 2184 2704; x_wconf 89' lang='lat' dir='ltr'>Gloriam</span> <span class='ocrx_word' id='word_1_667' title='bbox 2209 2667 2301 2702; x_wconf 79' lang='lat' dir='ltr'>Dei</span> 
     </span>
    </p>
   </div>
   <div class='ocr_carea' id='block_1_20' title="bbox 1291 2610 1293 2626">
    <p class='ocr_par' dir='ltr' id='par_1_29' title="bbox 1291 2610 1293 2626">
     <span class='ocr_line' id='line_1_106' title="bbox 1291 2610 1293 2626; baseline 0 0"><span class='ocrx_word' id='word_1_668' title='bbox 1291 2610 1293 2626; x_wconf 72' lang='lat'>1</span> 
     </span>
    </p>
   </div>
   <div class='ocr_carea' id='block_1_21' title="bbox 1289 213 1305 2693">
    <p class='ocr_par' dir='ltr' id='par_1_30' title="bbox 1289 213 1305 2693">
     <span class='ocr_line' id='line_1_107' title="bbox 1289 213 1305 2693; baseline 0 0"><span class='ocrx_word' id='word_1_669' title='bbox 1289 213 1305 2693; x_wconf 95' lang='lat' dir='ltr'> </span> 
     </span>
    </p>
   </div>
  </div>
 </body>
</html>
