2415 2942
286 128 359 163 905

288 213 402 258 putari
432 210 602 245 iusticiam
636 211 860 244 credentibus
886 211 922 243 in
949 211 1199 250 mediatorem,
1236 217 1268 244 et

290 274 510 295 communem
541 261 736 294 doctrinam
762 273 853 301 esse,
895 268 927 294 et
951 262 992 294 ad
1019 268 1126 294 totam
1152 260 1271 294 Eccle-

290 315 374 346 siam
397 313 582 356 pertinere.
639 311 709 343 lam
730 311 920 355 paniculae
938 312 1206 345 considerentur
1230 312 1272 344 de

294 371 417 396 natura
443 363 539 395 fidei:
568 362 727 395 Credidit
753 369 873 395 contra
897 373 992 406 spem
1020 362 1057 394 in
1078 374 1196 408 spem,
1236 362 1271 395 id

293 422 366 452 est,
400 420 520 446 contra
550 414 682 445 obiecta
701 413 797 456 spei,
826 419 968 457 propter
985 425 1073 458 quae
1098 413 1188 446 ratio
1211 413 1272 445 de-

294 472 423 508 sperat,
470 464 612 496 luuixus
637 470 683 495 est
708 464 844 496 obiecto
871 463 1042 496 invisibili
1071 463 1145 496 Deo
1171 475 1274 496 mon-

294 522 400 547 strato
420 515 456 546 in
476 515 726 558 promissione,
753 514 840 546 sicut
860 515 944 546 fides
968 521 1015 547 est
1034 513 1177 560 ἔλεγχος
1201 525 1273 546 uon

293 565 548 609 adparentium.
604 564 734 597 Moises
759 565 888 604 credit,
921 576 955 597 se
982 577 1166 598 evasurum
1192 575 1274 600 esse.

294 628 494 660 quanquam
522 613 631 648 hostis
656 616 759 647 instat
785 622 817 647 et
842 615 1050 649 interclusus
1075 622 1125 648 est
1145 614 1276 648 monti-

295 667 359 699 bus
385 673 417 699 et
443 666 539 698 mari.
595 665 750 709 Baptista
776 666 885 698 credit
915 677 949 698 se
984 666 1158 698 victurum
1191 676 1277 704 esse,

296 717 431 749 etiamsi
456 716 674 750 interficitur.
729 715 868 760 lfbique
886 727 1031 758 maguae
1054 722 1134 749 sunt
1151 716 1277 748 consu-

297 768 410 799 sioucs
429 768 564 809 generis
583 764 739 805 lunuaui,
756 773 788 798 et
805 766 953 798 multum
974 766 1152 806 vitiorum,
1169 778 1276 811 quae—

297 819 405 850 rimus
431 818 554 859 igitur:
584 816 639 849 Au
660 817 702 848 sit
724 823 755 848 et
775 816 834 847 ubi
859 817 899 849 sit
922 815 1103 849 Ecclesia?
1130 819 1188 849 sed
1209 817 1278 849 fide

297 869 520 901 statuendum
546 874 613 907 est,
647 873 680 899 et
706 877 777 899 esse
803 867 956 911 aliquam
984 866 1049 898 Dei
1076 865 1280 907 Ecclesiam,

296 926 327 951 et
352 919 443 951 iuter
466 915 526 951 has
551 918 670 951 ruinas
697 917 819 949 mundi
847 929 918 950 nou
943 929 1087 962 prorsus
1114 918 1279 952 interitu-

296 981 369 1001 ram
397 980 478 1003 esse.

509 1048 597 1085 AVon
628 1049 809 1084 dubitavit
832 1048 1057 1100 d{ffidenli(1.

396 1119 463 1153 Hic
482 1130 639 1162 expresse
658 1119 811 1153 ostendit
832 1119 935 1151 fidem
962 1127 994 1152 et
1021 1119 1279 1153 dubitationem

296 1171 389 1204 inter
411 1182 446 1203 se
472 1181 645 1213 pugnare,
672 1177 704 1203 et
729 1170 953 1202 eluctantium
981 1182 1051 1203 esse
1077 1182 1116 1202 ex
1140 1170 1280 1203 dubita—

297 1221 405 1256 tione.
458 1220 639 1263 Languida
659 1221 762 1260 fides,
789 1221 847 1253 sed
866 1227 980 1253 tamen
998 1221 1080 1253 fides
1096 1228 1145 1254 est
1164 1221 1200 1253 in
1218 1221 1280 1253 illo

297 1273 387 1315 apud
416 1270 595 1310 Marcum,
631 1271 690 1315 qui
716 1271 846 1315 inquit:
883 1269 997 1304 Credo
1022 1271 1191 1309 Domine,
1221 1272 1279 1304 sed

297 1334 398 1365 opem
424 1322 490 1354 fert
517 1321 736 1354 diffidentiae
765 1333 872 1355 meae.
933 1321 981 1354 lta
1008 1321 1151 1354 eluctari
1177 1322 1279 1354 fidem

299 1385 337 1405 ex
356 1372 575 1405 dubitatione
591 1383 728 1404 necesse
747 1378 815 1410 est,
838 1371 970 1415 alioqui
988 1383 1059 1404 non
1078 1378 1282 1416 sequeretur

299 1423 402 1456 fidem
431 1434 512 1465 pax,
538 1433 598 1454 seu
621 1422 764 1456 laetitia.
817 1421 978 1464 Repetita
997 1429 1045 1455 cst
1062 1419 1146 1454 haec
1172 1422 1280 1465 parti-

298 1473 375 1506 cula
398 1473 433 1505 in
457 1473 626 1505 dictione:
663 1471 787 1505 Certus
808 1472 883 1505 suit.
919 1471 1013 1505 Haec
1037 1473 1207 1505 certitudo
1233 1479 1283 1505 est

299 1523 459 1557 assentiri
491 1523 598 1555 verbo
629 1521 695 1555 Dei
725 1530 757 1555 et
793 1522 1040 1564 promissioni,
1082 1535 1146 1555 nec
1177 1523 1280 1555 avelli
1306 1526 1308 1559 ξ

297 1581 441 1618 propter
464 1573 658 1612 contraria,
699 1584 786 1616 quae
813 1572 901 1605 ratio
925 1573 1093 1606 ostendit:
1130 1580 1168 1606 ut
1192 1573 1281 1605 ratio

298 1625 400 1664 dicit,
433 1624 563 1667 populo
590 1623 806 1666 impossibile
831 1629 881 1655 est
907 1635 967 1666 per
992 1634 1100 1666 aquas
1127 1625 1283 1663 evadere,

299 1676 357 1708 sed
378 1674 509 1708 Moises
531 1674 721 1707 assentiens
742 1674 965 1716 promissioni
991 1674 1132 1706 divinae
1155 1674 1282 1706 retinet

887 122 1014 159 PHtL.
1040 122 1155 161 MEL.
1182 122 1392 159 SCRIPTA
1419 121 1719 161 EXEGETICA.

299 1725 556 1760 certitudinem.
591 1724 704 1765 State,
731 1724 866 1769 iuquit,
894 1731 926 1758 et
951 1724 1114 1758 videbitis
1140 1736 1282 1768 magna-

300 1777 346 1809 lia
379 1775 456 1810 Dei.

402 1826 557 1860 Additur
583 1824 639 1859 hic
667 1825 854 1870 particula:
897 1825 995 1860 Dans
1021 1827 1168 1869 gloriam
1197 1826 1282 1860 Deo.

300 1878 378 1911 Hoc
401 1878 537 1920 insigne
561 1878 787 1920 praeconium
804 1877 883 1910 fidei
909 1884 968 1911 est.
1023 1878 1184 1910 Gloriam
1208 1876 1282 1910 Deo

302 1929 474 1968 tribuere,
509 1934 559 1960 est
582 1939 661 1960 vere
685 1939 871 1970 agnoscere
898 1935 928 1961 et
954 1928 1149 1967 celebrare,
1187 1928 1280 1973 quod

303 1980 345 2013 sit
363 1979 476 2022 Deus,
503 1985 535 2011 et
553 1978 647 2022 quod
675 1979 720 2011 sit
739 1979 894 2022 sapiens,
923 1990 1042 2019 verax,
1071 1980 1203 2019 bonus,
1228 1979 1284 2012 iu-

305 2038 395 2069 stus,
432 2029 673 2072 omnipotens,
718 2030 846 2061 vindex
864 2056 872 2068 ,
916 2029 1139 2070 misericors,
1180 2040 1283 2072 agens

305 2081 474 2119 liberum,
503 2080 666 2112 conditor
688 2080 794 2112 totius
819 2080 949 2123 opificii
972 2081 1117 2121 mundi,
1145 2092 1284 2113 conser—

305 2143 389 2164 vans
412 2142 486 2171 res,
523 2130 671 2173 diligens
689 2137 720 2162 et
737 2141 862 2162 curans
879 2142 986 2173 genus
1004 2128 1198 2164 humanum
1211 2158 1219 2171 ,
1253 2137 1285 2163 et

305 2189 448 2225 propter
478 2181 589 2213 filium
623 2181 789 2223 colligens
823 2189 997 2214 aeternam
1022 2180 1215 2214 Ecclesiam
1247 2182 1284 2214 in

307 2244 430 2273 genere
457 2229 629 2271 humano,
666 2232 854 2264 exaudiens
879 2238 910 2264 et
933 2232 1056 2265 iuvans
1082 2232 1285 2266 invocantes

308 2283 432 2314 fiducia
455 2283 535 2321 filii,
552 2282 813 2315 communicans
837 2282 939 2314 nobis
961 2283 1133 2327 seipsum,
1151 2290 1184 2316 et
1201 2284 1287 2317 dans

310 2334 409 2364 nobis
426 2333 594 2376 Spiritum
615 2339 771 2365 sanctum
792 2339 823 2365 et
843 2333 950 2365 vitam
970 2340 1157 2366 aeternam.
1192 2333 1287 2367 Haec

309 2390 378 2416 tota
398 2383 592 2425 copulativa
604 2381 918 2430 comprehenditur
934 2383 969 2416 in
980 2381 1165 2418 hoedicto:
1191 2385 1288 2418 Dans

310 2434 454 2476 gloriam
485 2432 570 2468 Deo.

413 2483 517 2515 Fiunt
544 2492 655 2517 autem
688 2482 772 2517 baec
803 2485 952 2518 illustria
978 2482 1154 2519 antithesi.
1201 2484 1289 2528 Epi-

312 2534 405 2567 curei
425 2546 493 2564 non
511 2534 668 2568 tribuunt
687 2535 833 2576 gloriam
853 2535 946 2576 Deo,
965 2536 1044 2579 quia
1063 2535 1194 2575 dicunt,
1211 2547 1289 2568 eum

314 2582 404 2617 nibil
428 2595 497 2616 csse
516 2591 574 2616 aut
598 2583 688 2616 nihil
707 2597 828 2618 curare
845 2593 907 2619 etc.
963 2585 1124 2626 Diaboli,
1148 2593 1180 2618 et
1196 2585 1292 2627 Saul,

315 2635 419 2667 Iudas
447 2642 479 2667 et
505 2635 635 2667 similes
660 2646 730 2667 esse
753 2643 885 2669 norunt
912 2637 1047 2676 Deum,
1074 2642 1107 2669 et
1131 2638 1290 2670 condito-

316 2697 388 2718 rem
408 2698 446 2719 ac
464 2685 637 2718 vindicem
657 2696 726 2717 esse
740 2712 748 2726 ,
780 2692 813 2719 et
828 2687 984 2721 sentiunt
1009 2688 1082 2720 eius
1100 2687 1206 2729 iram,
1233 2689 1292 2721 sed

2230 125 2305 162 904

1324 207 1491 242 horribili
1508 209 1649 242 fremitu
1666 220 1745 242 eum
1756 207 1932 252 oderunt,
1953 218 1987 246 et
2010 210 2233 245 contumeliis
2253 213 2305 244 af-

1321 260 1464 298 ficiunt,
1491 260 1585 304 quod
1606 261 1649 292 sit
1668 259 1863 305 inaequalis
1886 272 1983 294 more
1997 262 2192 307 tyrannico.
2233 262 2306 296 Da-

1323 311 1380 343 vid
1406 322 1507 351 vero,
1539 307 1729 351 Ezechias,
1762 310 1910 351 Daniel,
1946 318 1979 344 et
2004 312 2064 344 alii
2090 312 2200 346 sancti
2225 324 2305 346 vere

1323 362 1485 394 tribuunt
1514 361 1660 404 gloriam
1686 360 1781 401 Deo,
1817 362 1925 394 iuxta
1944 361 2040 394 illam
2071 363 2304 406 copulativam

1323 423 1427 456 supra
1445 412 1634 445 recitatam.
1687 411 1768 444 Non
1785 413 1899 445 solum
1920 412 2074 445 fatentur
2091 424 2163 445 esse
2181 411 2306 454 Deum,

1325 469 1358 495 et
1383 462 1601 495 conditorem
1627 474 1666 494 ac
1688 462 1882 503 vindicem,
1908 464 1965 495 sed
1992 463 2096 496 etiam
2116 471 2306 505 agnoscunt

1325 521 1358 546 et
1374 512 1528 546 fatentur
1544 513 1677 545 bonum
1699 519 1730 545 et
1747 513 2008 546 misericordem
2024 524 2114 551 esse,
2136 512 2308 556 recipien-

1326 571 1414 603 tem,
1441 563 1682 595 exaudientem
1702 571 1733 596 ct
1754 564 1946 596 salvantem
1966 564 2168 597 invocantes
2193 563 2308 607 ipsum

1327 620 1468 657 propter
1494 613 1617 648 filium.
1688 612 1757 647 Ubi
1787 612 1870 647 haec
1903 614 1986 647 fides
2013 615 2105 647 lucet
2131 614 2168 646 in
2194 615 2311 655 corde,

1329 676 1409 696 vere
1437 664 1606 697 tribuitur
1631 662 1706 697 Deo
1730 664 1859 707 gloria,
1894 672 1926 698 et
1951 665 2101 699 sentitur
2117 664 2192 698 eius
2210 676 2309 708 prae-

1327 714 1460 757 seutia,
1497 721 1529 748 et
1560 722 1773 748 sustentatur
1805 727 1865 748 cor
1888 715 2014 748 fiducia
2039 715 2161 748 auxilii
2185 715 2310 748 divini.

1329 764 1398 798 [bi
1418 777 1498 797 vero
1519 764 1601 797 haec
1621 766 1704 798 fides
1725 778 1795 798 non
1814 766 1903 799 lucet
1922 766 1956 798 in
1977 767 2100 806 corde,
2129 763 2234 798 homo
2250 772 2312 799 aut

1329 827 1471 848 securus
1495 822 1543 848 est
1568 828 1664 848 more
1680 814 1876 859 Epicureo,
1910 817 1965 849 vel
1987 817 2208 857 academico,
2237 816 2312 860 ple·

1330 878 1396 899 nus
1412 866 1693 906 dubitationum,
1722 873 1755 899 et
1779 879 1852 899 non
1878 874 1927 900 est
1954 867 2203 900 domilicilium
2230 866 2312 907 Dei,

1331 924 1389 949 aut
1407 917 1560 949 sentiens
1581 917 1666 949 iram
1687 915 1906 951 horribiliter
1933 918 2020 961 fugit
2037 917 2163 951 Deum.
2218 916 2312 950 Neu-

1332 967 1374 1000 tri
1402 967 1567 1000 invocant
1592 966 1724 1009 Deum,
1760 968 1875 1000 neutri
1900 975 2080 1012 expectant
2105 967 2275 1001 auxilium
2292 979 2311 1000 a

1331 1018 1424 1057 Deo,
1447 1017 1525 1050 ideo
1543 1029 1614 1049 non
1633 1018 1795 1051 tribuunt
1820 1018 1849 1050 ei
1866 1018 2014 1062 gloriam
2038 1018 2224 1059 bonitatis,
2251 1019 2311 1051 sed

1332 1068 1489 1101 afficiunt
1507 1080 1585 1100 eum
1609 1068 1831 1103 contumelia.

1431 1118 1483 1153 Ex
1513 1116 1577 1151 hac
1607 1116 1773 1151 antithesi
1805 1119 1925 1164 aliquo
1963 1119 2069 1152 modo
2104 1119 2314 1162 intelligitur

1333 1169 1508 1202 horrenda
1532 1177 1667 1213 peccata
1691 1181 1781 1207 esse,
1809 1182 1881 1202 non
1907 1171 2046 1202 credere
2071 1170 2313 1203 remissionem

1333 1227 1577 1263 peccatorum,
1613 1227 1647 1253 et
1676 1232 1748 1253 non
1772 1220 1936 1253 invocare
1961 1221 2097 1261 Deum,
2134 1221 2215 1265 quia
2240 1232 2312 1253 non

1332 1271 1502 1304 tribuitur
1517 1271 1626 1313 gloria
1639 1269 1712 1303 Deo
1732 1271 1861 1304 debita.
1888 1269 2096 1304 Excitentur
2112 1282 2192 1314 ergo
2207 1272 2313 1304 corda

1331 1323 1373 1354 ad
1400 1333 1515 1353 veram
1539 1322 1824 1360 conversionem,
1869 1329 1902 1355 et
1926 1322 2106 1365 erigantur
2127 1322 2194 1355 fide
2224 1321 2314 1354 acci-

1336 1372 1454 1415 piente
1466 1372 1631 1404 beneficia
1649 1372 1872 1412 mediatoris,
1890 1378 1921 1404 et
1939 1379 2058 1415 petant
2075 1372 2194 1415 augeri
2209 1372 2314 1405 fidem

1333 1429 1364 1454 et
1385 1434 1501 1454 veram
1521 1422 1791 1454 invocationem.
1834 1421 1885 1454 De
1905 1420 1967 1454 hac
1984 1423 2094 1465 gloria
2111 1433 2212 1465 saepe
2229 1433 2314 1455 con·

1306 1509 1308 1520 Ι
1333 1473 1520 1505 ciouantur
1542 1470 1759 1516 Prophetae,
1788 1479 1825 1505 ut
1845 1472 2009 1504 leremiae
2031 1472 2107 1507 13.:
2134 1472 2222 1506 Date
2241 1471 2314 1505 Do-

1334 1523 1429 1555 mino
1458 1522 1533 1554 Deo
1561 1530 1674 1556 vestro
1707 1523 1856 1564 gloriam
1888 1530 2075 1568 antequam
2109 1522 2192 1556 fient
2217 1530 2315 1556 tene-

1334 1574 1438 1613 brae,
1480 1573 1515 1605 id
1548 1580 1617 1614 est,
1648 1572 1789 1606 Credite
1821 1573 1851 1604 ei
1883 1573 1977 1606 iuxta
2006 1584 2127 1605 omnes
2150 1573 2316 1606 articulos

1335 1623 1434 1663 fidei,
1455 1621 1716 1656 Convertimini
1743 1629 1777 1655 et
1806 1623 1967 1656 invocate
1989 1635 2080 1657 eum.
2139 1621 2184 1656 Et
2200 1622 2316 1656 Mala-

1334 1671 1431 1706 chiae
1449 1675 1498 1708 2:
1528 1674 1565 1708 Si
1582 1673 1768 1706 nolueritis
1788 1673 1930 1712 audire,
1957 1680 1990 1706 et
2007 1673 2035 1706 si
2054 1673 2237 1707 nolueritis
2252 1685 2316 1717 po-

1334 1736 1417 1756 nere
1440 1735 1544 1767 super
1571 1736 1649 1763 cor,
1690 1730 1728 1756 ut
1759 1723 1849 1756 detis
1879 1724 2025 1767 gloriam
2057 1724 2195 1757 nomini
2227 1735 2318 1764 meo,

1334 1775 1383 1808 ait
1414 1775 1593 1809 Dominus
1623 1774 1860 1815 exercituum,
1901 1775 2038 1808 mittam
2077 1774 2114 1807 in
2145 1785 2207 1808 vos
2239 1786 2316 1818 ege-

1335 1833 1470 1861 statem.

1334 1909 1517 1945 Traditus
1542 1913 1591 1943 esl
1614 1913 1758 1955 propter
1778 1913 1925 1956 peccata
1958 1913 2107 1951 nostra,
2143 1913 2174 1942 et
2198 1919 2316 1942 resur-

1497 1960 1591 1994 rexit
1613 1964 1759 2007 propter
1778 1959 1963 1993 iusticiam
1981 1964 2159 1996 nostram.

1437 2028 1619 2063 Discernit
1643 2027 1774 2061 Paulus
1802 2028 1964 2061 meritum
1989 2025 2122 2061 Christi
2149 2034 2183 2062 et
2198 2028 2318 2062 distri-

1337 2081 1519 2114 butionem
1552 2078 1679 2113 meriti.
1748 2077 1839 2112 Tota
1871 2079 2070 2112 obedientia
2103 2077 2234 2113 Christi
2269 2086 2319 2112 est

1337 2133 1486 2175 pretium
1510 2142 1571 2174 pro
1602 2129 1732 2162 nostris
1763 2130 1911 2173 peccatis
1934 2136 1966 2163 et
1991 2129 2214 2173 propiciatio,
2248 2141 2316 2174 qua

1339 2184 1495 2226 placatur
1516 2181 1565 2213 ira
1590 2179 1666 2214 Dei.
1720 2179 1915 2214 Reviviscit
1937 2187 2051 2213 autem
2074 2178 2253 2220 Christus,
2284 2186 2316 2212 et

1338 2233 1419 2278 quia
1437 2239 1486 2265 est
1509 2231 1621 2264 victor
1642 2231 1781 2269 mortis,
1810 2237 1843 2264 et
1867 2237 1904 2264 ut
1924 2239 2046 2275 regnet
2069 2243 2107 2263 ac
2125 2230 2226 2262 nobis
2244 2241 2317 2262 me-

1340 2285 1406 2317 rita
1429 2294 1490 2316 sua
1515 2282 1684 2325 adplicet,
1713 2294 1751 2314 ac
1775 2282 1898 2314 reddat
1923 2281 2024 2314 nobis
2041 2281 2146 2314 vitam
2164 2286 2196 2312 et
2213 2280 2315 2312 iusti-

1340 2338 1428 2368 ciam
1447 2340 1643 2375 aeternam,
1671 2332 1760 2365 sicut
1779 2330 1891 2365 Oseae
1912 2333 1966 2366 13.
1986 2331 2129 2364 dicitur:
2158 2328 2193 2363 O
2210 2342 2316 2371 mors,

1342 2398 1400 2419 ero
1417 2396 1509 2417 mors
1526 2390 1583 2416 tua
1595 2411 1603 2422 ,
1620 2391 1651 2415 et
1668 2383 1803 2415 inferne
1822 2395 1880 2415 ero
1900 2383 2002 2426 pestis
2016 2388 2086 2414 tua.
2133 2379 2178 2413 Et
2194 2379 2318 2414 Esaiae

1342 2437 1421 2472 25:
1449 2437 1626 2478 Absorpta
1645 2440 1693 2466 est
1709 2446 1802 2466 mors
1824 2433 1860 2465 in
1879 2439 2095 2476 perpetuum.
2147 2429 2193 2464 Et
2208 2444 2321 2478 quan-

1343 2499 1446 2533 quam
1473 2486 1568 2518 aliud
1593 2491 1643 2517 est.
1665 2485 1828 2517 meritum
1852 2481 2000 2521 Christi,
2028 2489 2061 2515 et
2085 2482 2182 2515 aliud
2205 2482 2319 2526 adpli-

1343 2538 1432 2572 catio
1451 2538 1495 2569 ad
1510 2547 1592 2575 nos,
1619 2542 1735 2568 tamen
1760 2533 1843 2567 baec
1867 2533 2054 2577 adplicatio
2079 2533 2125 2565 ita
2154 2533 2191 2566 fit
2213 2533 2319 2566 simul

1344 2596 1375 2621 et
1403 2589 1523 2621 eodem
1557 2593 1730 2628 tempore,
1769 2597 1846 2617 cum
1885 2583 1990 2617 homo
2025 2584 2240 2616 convertitur
2275 2585 2319 2616 ad

1344 2638 1476 2676 Deum,
1503 2644 1535 2670 et
1558 2638 1623 2669 fide
1646 2648 1684 2667 ac
1707 2636 1885 2677 agnitione
1908 2636 1969 2667 filii
1997 2633 2060 2667 Dei
2090 2634 2252 2677 erigitur,
2281 2641 2319 2666 ut.

1344 2689 1449 2722 simul
1467 2689 1548 2721 fiant
1570 2685 1728 2719 remissio
1752 2693 1992 2730 peccatorum,
2018 2684 2238 2725 iustificatio,
2264 2695 2318 2717 re-
