2415 2942
99 90 170 128 661
266 85 367 122 xm.
418 85 453 119 2.
483 79 846 119 COMMENTARH
874 80 925 117 IN
953 79 1107 116 EPIST.
1135 76 1282 114 PAULI
1312 76 1379 111 AD
1407 75 1669 113 ROMANOS.
1721 77 1824 116 CAP.
1856 79 1953 115 vm.
2050 81 2130 116 662

67 160 70 163 .
102 180 183 208 sunt
210 171 370 206 liberatio
393 183 412 205 a
439 176 552 204 morte
578 176 738 209 aeterna,
769 175 800 202 et
825 166 979 200 incoatio
1004 166 1094 199 vitae
1118 167 1122 177 '
1149 164 1270 205 debet,
1287 164 1460 210 quidquid
1480 170 1530 197 est
1549 163 1584 197 in
1603 162 1747 199 homine
1765 166 1840 200 sine
1856 165 1990 213 Spiritu
2007 175 2136 205 sancto,

100 232 278 262 aeternae,
307 223 395 256 sicut
410 219 573 256 Christus
592 220 729 265 inquit,
764 220 862 252 Ioan.
883 218 960 251 17.:
997 215 1092 249 Haec
1148 215 1333 255 videlicet,
1371 227 1443 248 non
1474 222 1609 247 tantum
1635 218 1809 260 appetitus
1835 219 2039 257 sensitivns,
2075 221 2134 251 sed

101 282 150 308 est
184 274 252 307 vita
283 281 442 313 aeterna,
475 279 514 306 ut
544 277 734 315 agnoscant
757 276 789 303 te
815 268 929 302 Deum
957 279 1092 306 verum,
1148 266 1251 298 etiam
1268 267 1357 299 ratio
1377 272 1409 298 et
1436 266 1598 299 voluntas
1626 268 1701 300 sine
1728 268 1864 312 Spiritu
1889 276 2020 305 sancto.
2072 268 2136 303 Est

100 333 133 359 et
158 337 260 370 quem
297 324 422 357 misisti
452 322 563 356 Iesum
590 320 784 355 Christum.
844 318 950 351 Tales
977 325 1093 351 motus
1147 316 1255 358 igitur
1273 314 1328 348 hic
1348 317 1444 349 locus
1466 317 1723 358 observandus,
1759 327 1796 353 ut
1821 318 2011 353 habeamus
2037 321 2135 354 testi-

99 389 171 409 non
191 376 344 409 existunt
363 377 399 408 in
417 373 625 407 hominibus
642 373 717 405 sine
738 372 824 414 fide,
860 376 892 402 et
917 370 990 401 sine
1010 368 1091 411 Spi-
1147 367 1305 399 monium
1323 368 1365 399 de
1384 366 1640 409 significatione
1660 366 1783 401 lurum
1803 382 1940 403 vocum.

100 429 171 460 ritu
190 433 322 459 sancto.
376 426 459 459 Ideo
480 423 569 457 hanc
588 422 812 456 collationem
831 420 983 453 instituit
1002 419 1091 452 Pau-
1118 419 1120 435 ³
1249 416 1354 457 Item,
1372 418 1555 449 manifeste
1575 419 1771 452 refutantur
1786 419 1966 463 pelagiani
1986 429 2017 455 et
2036 422 2136 454 simi-

100 479 172 517 lus,
189 485 226 510 ut
244 477 415 510 discernat
432 474 648 519 spiritualem
669 479 699 505 et
719 472 892 505 carnalem
906 471 1090 504 iusticiam,
1147 467 1212 503 les,
1242 468 1302 512 qui
1322 469 1454 509 fingunt
1479 466 1638 500 homines
1666 470 1740 502 sine
1759 471 1894 513 Spiritu
1917 480 2036 505 sancto
2064 485 2135 505 esse

100 527 147 562 Et
169 529 327 573 sequitur
343 527 450 567 ratio,
479 537 567 570 quae
586 524 758 563 declarat,
786 522 905 568 quales
923 522 993 554 sint
1016 533 1090 553 nio-
1145 518 1264 551 iustos.
1320 518 1406 551 Item
1424 516 1629 551 Scliolastici
1650 521 1834 560 dixerunt,
1863 523 1988 554 mereri
2012 524 2137 556 remis-

103 586 157 613 ως
175 580 211 610 in
233 586 355 612 natura
375 577 547 618 hominis,
580 575 656 608 sine
684 574 750 607 fide
765 601 773 615 ‚
808 581 840 607 et
866 573 940 605 sine
956 571 1092 617 Spiritu
1145 570 1278 602 sionem
1299 576 1538 612 peccatorum,
1566 577 1597 602 et
1616 571 1761 610 gratiam
1775 597 1785 611 ,
1802 572 1877 604 sine
1898 572 2032 616 Spiritu
2052 586 2135 607 san-

100 636 231 665 sancto,
1145 627 1209 655 cto.
1270 619 1338 653 Hic
1363 628 1478 652 antem
1507 621 1715 654 erudiantur
1737 623 1987 662 conscientiae,
2020 632 2058 657 ut
2083 626 2137 656 di·-

1144 677 1243 704 scant
1260 671 1348 704 effici
1366 677 1483 703 motus
1502 670 1657 714 Spiritus
1683 674 1792 705 sancti
1820 685 1879 716 per
1906 675 2070 713 verbum„
2104 683 2136 708 et

1144 723 1238 766 quod
1257 721 1410 766 Spiritus
1435 729 1580 755 sanctus·
1598 724 1777 756 comitetui
1811 725 1969 757 xerbum.
2024 725 2137 758 Fiunt

198 780 265 814 Hic
302 781 398 814 locus
437 779 585 812 maxime
623 779 752 812 refutat
786 776 1014 820 Pelagianos,
1058 783 1090 810 et
1145 773 1253 815 igitur
1270 780 1386 806 motus
1403 773 1622 816 spirituales,
1660 786 1738 806 cum
1766 775 1803 806 in
1831 775 1921 806 veris
1950 777 2137 817 pavoribus

101 844 242 872 omnes,
284 831 349 876 quil
372 831 626 873 imaginantur,
667 827 827 862 homines
852 829 927 861 sine
953 828 1090 871 Spiritu
1143 824 1271 857 iterum
1304 824 1530 857 consolamur
1563 836 1626 856 nos
1658 826 1764 857 verbo
1796 823 2007 868 Evangelii,
2046 828 2136 860 sicut

100 889 218 916 sancto
241 883 309 925 legi
326 881 390 915 Dei
409 882 573 918 obedire,
603 881 675 914 imo
695 879 799 913 etiam
820 880 886 922 legi
905 878 969 912 Dei
986 879 1090 912 satis-
1144 881 1256 908 textus
1273 875 1407 919 inquit:
1438 874 1541 907 Fides
1562 886 1601 907 ex
1628 877 1752 909 auditu
1778 883 1837 909 est.
1892 876 1978 910 ltem
2002 879 2043 909 ad
2063 878 2136 911 Ga-

101 934 225 967 facere.
276 932 346 966 Sed
366 930 421 965 hic
436 944 536 965 error
560 932 643 964 inde
667 931 801 970 oritur,
842 932 936 975 qnod
965 936 1090 974 putant
1143 926 1246 959 latas:
1276 925 1323 960 Ut
1339 926 1527 970 promissio
1545 926 1690 969 spiritus
1708 928 1812 960 detur
1828 939 1890 971 per
1908 928 2009 960 fidem
2031 936 2094 964 etc.

103 985 176 1027 lege
208 983 272 1017 Dei
306 989 442 1016 tantum
479 991 657 1016 externam
690 981 913 1026 disciplinam
945 981 1090 1026 requiri.

102 1034 195 1068 Haec
214 1033 415 1077 imaginatio
433 1033 575 1066 abducit
590 1045 647 1066 eos
664 1045 683 1066 a
699 1039 789 1065 recta
808 1032 875 1066 via.

141 711 278 747 Sensus
295 710 416 746 carm‘s
437 708 634 744 inimicitia
653 713 704 742 est
721 705 897 741 adversus
911 705 1049 743 Deum.

1396 1009 1443 1043 Si
1455 1007 1630 1044 Christus
1651 1010 1688 1044 in
1706 1010 1807 1045 vobis
1825 1016 1886 1048 est.

198 1085 390 1119 Sciendum
415 1091 465 1118 est
490 1085 617 1127 igitur,
647 1083 737 1127 Lege
755 1081 819 1115 Dei
843 1082 973 1127 requiri
998 1082 1089 1115 inte·
1246 1077 1352 1121 Quod
1380 1080 1514 1123 iuquit:
1551 1079 1588 1112 Si
1607 1077 1769 1113 Christus
1791 1081 1827 1113 in
1851 1081 1953 1113 vobis
1977 1088 2046 1122 est,
2081 1082 2138 1115 in-

99 1137 229 1170 riorem
248 1135 504 1176 obedientiam,
531 1142 563 1168 et
589 1135 731 1179 quidem
756 1134 943 1176 perfectam
971 1145 1008 1166 ac
1033 1133 1089 1166 in·
1142 1129 1371 1172 telligeudum
1391 1138 1440 1162 est
1460 1142 1520 1173 per
1536 1131 1709 1173 Spiritum
1729 1138 1908 1172 sanctum,
1936 1132 2022 1166 sicut
2042 1140 2136 1176 post-

100 1194 245 1230 tegram.
305 1186 481 1231 Loquitur
504 1197 583 1228 ergo
607 1184 737 1218 Paulus
766 1182 820 1217 hic
842 1186 884 1216 de
909 1184 1089 1217 interiori·
1114 1190 1116 1237 Ι
1143 1192 1180 1212 ea
1198 1180 1335 1224 inquit:
1365 1180 1519 1223 Spiritus
1538 1182 1613 1213 eius
1640 1181 1701 1225 qui
1725 1182 1887 1216 excitavit
1912 1182 2045 1221 lesum,
2074 1181 2137 1217 ha-

100 1239 166 1271 bus
185 1237 301 1278 vitiis,
328 1238 370 1270 de
386 1237 509 1269 morbo
530 1236 692 1279 originis,
709 1236 752 1268 de
770 1235 990 1278 ignoratione
1008 1234 1088 1277 Dei,
1114 1250 1116 1268 ι
1141 1231 1230 1264 bitat
1246 1231 1283 1263 in
1300 1232 1411 1266 vobis.

101 1290 143 1322 de
162 1294 324 1332 perpetua
342 1287 582 1327 dubitatione,
609 1287 652 1319 de
667 1286 960 1329 concupiscentia.
996 1285 1087 1317 Ani-

101 1350 179 1371 mus
210 1349 350 1371 securus
372 1337 447 1369 sine
470 1337 605 1378 Spiritu
631 1344 750 1369 sancto
784 1348 855 1368 non
881 1336 976 1369 videt
1000 1336 1087 1368 iram

102 1396 133 1422 et
157 1388 326 1421 iudicium
346 1386 422 1422 Dei.
476 1386 571 1420 Haec
593 1387 766 1420 dubitatio
790 1393 822 1419 et
847 1386 1014 1419 securitas
1038 1392 1088 1419 est

1161 1309 1304 1361 Corpus
1322 1312 1466 1362 quidem
1485 1320 1666 1349 mortuum
1686 1321 1736 1349 est
1752 1322 1901 1364 propter
1917 1324 2116 1364 peccalum.

1243 1381 1338 1415 Haec
1363 1384 1537 1417 sententia
1563 1385 1682 1422 docet,
1719 1397 1826 1429 quare
1853 1387 1889 1418 in
1913 1388 2040 1420 sanctis
2065 1389 2135 1422 sint

101 1445 296 1472 contemtus
328 1437 404 1473 Dei.
470 1436 609 1472 Rursus
642 1437 782 1470 animus
811 1437 1088 1481 perterrefactus,
1141 1433 1298 1478 reliquae
1314 1434 1538 1475 afflictiones,
1557 1443 1588 1468 et
1605 1447 1708 1470 mors.
1738 1435 1877 1470 Poterat
1897 1438 1990 1470 enim
2007 1439 2133 1472 obiici:

100 1490 190 1524 utin
208 1489 293 1523 Saul
311 1496 342 1522 et
361 1488 448 1521 Iuda
462 1515 470 1528 ‚
496 1489 557 1522 ubi
573 1495 655 1522 sunt
673 1495 824 1522 terrores
841 1488 916 1521 sine
934 1487 1022 1528 fide,
1056 1495 1089 1522 et
1141 1485 1181 1520 Si
1197 1485 1378 1518 credentes
1396 1493 1476 1519 sunt
1494 1485 1576 1519 insti
1593 1492 1627 1518 et
1646 1486 1709 1518 filii
1728 1486 1812 1527 Dei,
1841 1495 1874 1521 et
1891 1485 2057 1522 haeredes
2077 1491 2132 1522 vi-

101 1540 342 1574 consolatione
367 1539 520 1582 Spiritus
543 1539 673 1580 sancti,
713 1539 802 1582 sugit
826 1539 912 1572 iram
936 1546 969 1572 et
995 1539 1089 1572 indi-
1141 1542 1196 1569 tae
1213 1542 1392 1573 aeternae,
1411 1548 1473 1569 cur
1489 1534 1605 1569 adhuc
1625 1543 1706 1570 sunt
1723 1539 1858 1571 onerati
1880 1547 1990 1572 morte
2009 1548 2040 1573 et
2056 1541 2134 1574 aliis

102 1592 194 1625 cium
214 1591 296 1629 Dei,
325 1598 357 1624 et
375 1590 528 1633 concipit
546 1588 752 1623 horribilem
770 1590 950 1623 fremitum
976 1597 1008 1623 et
1034 1590 1090 1622 in-
1141 1586 1313 1619 miseriis?
1342 1585 1416 1618 Iino
1435 1588 1572 1620 nullum
1592 1599 1700 1629 genus
1718 1585 1903 1622 hominum
1923 1597 1972 1623 est
1989 1592 2133 1624 calami-

103 1641 342 1686 dignationem
360 1641 524 1673 adversus
541 1640 666 1675 Deum.
1112 1603 1118 1835 ι
1143 1637 1270 1676 tosius,
1299 1649 1404 1680 quam
1426 1638 1492 1681 pii,
1520 1638 1600 1683 quia
1621 1638 1784 1672 diabolus
1803 1647 1834 1673 et
1852 1643 2006 1674 mundus
2034 1654 2131 1675 exer—

207 1691 328 1736 Itaque
344 1690 475 1724 Paulus
495 1703 566 1724 non
584 1698 721 1724 tantum
738 1690 971 1735 appetitiones
991 1689 1089 1722 inor-
1143 1695 1222 1721 cent
1255 1688 1421 1721 adversus
1447 1701 1504 1722 eos
1531 1688 1737 1722 horribilem
1760 1691 1952 1725 saevitiam.
2014 1692 2131 1735 Quam

105 1744 241 1777 dinatas
259 1754 444 1780 sensuum,
477 1749 516 1775 ut
534 1742 719 1783 libidines,
757 1743 811 1775 vel
837 1742 903 1774 alia
928 1748 1010 1775 nota
1035 1740 1090 1773 vi-
1142 1740 1188 1772 oh
1222 1739 1384 1771 causam?
1428 1739 1557 1774 Paulus
1584 1741 1785 1783 respondet:
1833 1740 1925 1784 Quia
1953 1741 2068 1777 adhuc
2094 1745 2130 1778 in

103 1796 155 1830 tia
168 1822 177 1834 ‚
205 1795 304 1834 odia,
333 1793 575 1836 rapacitatem,
593 1799 625 1826 et
641 1793 768 1826 similia
786 1791 843 1826 hie
859 1798 1014 1831 accusat,
1029 1791 1087 1823 sed
1143 1802 1245 1823 carne
1264 1790 1440 1834 reliquum
1459 1798 1506 1824 est
1525 1798 1715 1834 peccatum,

104 1847 214 1879 multo
233 1845 341 1887 magis
359 1845 473 1876 fontes
492 1841 621 1876 horum
638 1844 824 1882 malorum,
845 1842 1087 1885 scilicetigno-
1240 1840 1453 1886 Quanquam
1489 1842 1595 1884 igitur
1627 1842 1663 1874 in
1700 1843 1819 1887 impiis
1853 1843 2068 1878 calamitates
2097 1854 2130 1880 et

103 1897 277 1930 rationem
311 1895 396 1935 Dei,
441 1894 720 1936 dubitationem,
761 1901 996 1931 contemtum,
1031 1893 1086 1925 in-
1140 1903 1234 1925 mors
1265 1899 1348 1925 sunt
1373 1892 1581 1936 simpliciter
1606 1905 1738 1937 poenae
1763 1895 1910 1937 peccati,
1950 1903 2063 1928 tamen
2092 1897 2128 1929 in

105 1947 346 1991 dignationem
382 1946 547 1979 adversus
579 1946 708 1980 Deum.
762 1946 928 1989 Denique
967 1956 1088 1977 omnes
1140 1943 1268 1977 sanctis
1298 1950 1382 1977 sunt
1409 1944 1594 1983 exercitia,
1638 1944 1675 1976 in
1700 1945 1828 1989 quibus
1852 1947 1956 1979 debet
1979 1959 2130 1980 crescere

104 1999 256 2042 impetus
296 2003 490 2040 pugnantes
520 2008 598 2030 cum
624 1997 698 2039 lege
730 1995 796 2030 Dei
830 1995 1087 2039 complectitur,
1140 1994 1278 2027 novitas
1296 1994 1508 2040 spiritualis,
1543 2002 1577 2028 et
1594 2007 1688 2028 mors
1710 2003 1759 2030 est
1783 1997 1857 2036 via,
1891 2009 1958 2042 qua
1985 2010 2128 2040 prorsus

106 2060 186 2081 rum
218 2048 285 2080 ait:
329 2047 459 2080 Sensus
489 2047 604 2080 carnis
631 2048 819 2082 inimicitia
847 2054 897 2080 est
920 2047 1089 2080 adversus
1142 2045 1235 2079 exuti
1253 2052 1409 2089 peccato,
1438 2046 1628 2080 vestiamur
1646 2059 1737 2079 nova
1763 2054 1899 2082 natura.
1954 2047 2030 2081 Hoc
2055 2050 2128 2082 dis—

107 2097 233 2132 Deum.
288 2096 375 2131 Usus
393 2104 441 2130 est
461 2096 589 2130 Paulus
605 2099 712 2132 atroci
739 2099 934 2141 vocabulo,
967 2104 1006 2131 nt
1031 2109 1088 2130 co·
1142 2096 1275 2130 crimen
1293 2096 1480 2138 diligenter
1500 2098 1758 2130 observandum
1780 2105 1847 2136 est,
1883 2101 1976 2143 quod
2000 2099 2037 2132 in
2059 2100 2127 2132 im-

107 2150 191 2192 gitet
215 2149 323 2181 luctor
348 2148 460 2181 multo
479 2148 647 2182 maiorem
663 2161 734 2182 esse
760 2149 999 2182 infirmitatem
1026 2160 1088 2181 na-
1142 2148 1211 2196 piis
1237 2146 1445 2180 afflictiones
1471 2147 1678 2195 simpliciter
1699 2149 1768 2181 sint
1792 2161 1941 2192 poenae,
1984 2150 2021 2182 in
2046 2163 2127 2183 san-

107 2207 206 2234 turae
239 2197 430 2236 hnmanae,
466 2210 572 2242 quam
603 2206 642 2233 ut
670 2200 759 2234 ratio
793 2198 950 2234 humana
981 2199 1090 2244 possit
1143 2199 1207 2232 ctis
1239 2210 1321 2231 vero
1347 2198 1508 2232 exercitia
1536 2206 1571 2232 et
1596 2199 1670 2239 via,
1705 2212 1771 2243 qua
1797 2200 1978 2233 aboleatur
2002 2201 2127 2235 vitiosa

107 2263 182 2284 eam
200 2250 281 2283 satis
299 2250 418 2282 videre
435 2255 496 2283 aut
510 2249 678 2286 iudicare.
1143 2256 1175 2282 ct
1195 2249 1378 2293 inquinata
1398 2260 1488 2282 caro.
1527 2248 1586 2284 Sic
1604 2261 1684 2292 ergo
1704 2250 1919 2293 intelligatur
1935 2248 1991 2284 hic
2008 2252 2126 2287 locus:

1117 2312 1120 2358 Ι
1143 2299 1280 2343 Corpus
1297 2307 1347 2333 est
1363 2307 1559 2341 mortuum,
1588 2301 1621 2333 id
1640 2307 1709 2340 est,
1737 2301 1967 2335 mortificatur
1983 2311 2128 2348 propter

1144 2358 1342 2396 peccatum,
1377 2351 1507 2385 scilicet
1534 2363 1713 2395 praesens,
1752 2353 1845 2396 quod
1871 2350 1985 2386 adhuc
2009 2351 2127 2387 haeret

1144 2403 1180 2435 in
1197 2414 1301 2435 carne
1325 2409 1524 2435 sanctorum
1536 2428 1545 2443 ,
1573 2409 1606 2435 et
1623 2402 1837 2435 abolendum
1857 2411 1905 2437 est
1922 2404 1986 2438 ista
2003 2412 2129 2446 morte,

1144 2461 1182 2487 ut
1202 2454 1374 2497 possimus
1391 2459 1554 2486 renovata
1573 2465 1675 2485 carne
1691 2453 1820 2487 vestiri.

1246 2503 1314 2537 Hic
1330 2505 1511 2537 adduntur
1532 2504 1787 2547 disputationes
1813 2506 1856 2538 de
1879 2506 2128 2540 satisfactioni-

1146 2556 1231 2594 bus,
1260 2554 1318 2589 An
1339 2562 1415 2599 post
1431 2554 1671 2587 remissionem
1690 2557 1832 2599 culpae,
1861 2557 2018 2601 imponat
2034 2557 2129 2590 Deus

1146 2613 1187 2641 ut
1203 2606 1338 2650 claves,
1364 2616 1494 2649 poenas
1510 2606 1663 2650 aliquas,
1698 2618 1786 2651 quae
1800 2608 1871 2641 sint
1893 2609 2129 2651 compensatio

1149 2669 1212 2703 pro
1245 2663 1357 2690 morte
1382 2663 1533 2692 aeterna.
1592 2655 1753 2691 Breviter
1775 2660 1987 2703 respondeo:
2026 2658 2131 2692 Pote-

1622 2706 1703 2742 42*

159 2331 237 2380 Qui
251 2345 371 2367 autem
391 2334 428 2367 in
445 2344 553 2366 carne
570 2337 675 2372 sunt,
711 2331 792 2366 Deo
809 2331 950 2380 placere
967 2346 1041 2368 non

518 2388 685 2431 possunt.

211 2450 305 2485 Haec
337 2450 522 2486 antithesis
560 2452 639 2485 ideo
665 2452 852 2495 diligenter
874 2452 1092 2485 observanda

111 2509 182 2546 est,
217 2503 297 2546 quia
314 2503 405 2536 clare
429 2504 602 2543 ostendit,
637 2504 721 2548 quid
741 2503 871 2537 Paulus
897 2509 996 2536 vocet
1018 2515 1094 2535 car-

111 2566 189 2587 nem
212 2561 242 2586 et
263 2553 435 2596 spiritum.
470 2554 562 2597 Quia
581 2555 675 2587 enim
696 2554 830 2599 inquit:
851 2552 1092 2598 SpiritusDei,

113 2605 196 2638 item
213 2603 367 2648 Spiritus
383 2603 534 2647 Christi,
562 2606 644 2638 satis
663 2612 797 2639 constat
822 2617 900 2639 eum
924 2604 1024 2649 loqui
1051 2606 1094 2638 de

111 2655 246 2700 Spiritu
263 2662 403 2696 sancto,
427 2653 514 2692 Deo.
566 2654 660 2700 Ergo
678 2663 819 2690 econtra
842 2668 922 2690 caro
944 2655 1095 2701 intelligi
