2415 2942
199 110 295 147 1367

195 198 321 230 fratres
346 203 434 228 tuos.
489 192 531 226 Et
559 191 710 226 Samson
737 190 855 235 inquit
881 188 990 223 lodic.
1012 187 1086 225 14.:
1121 188 1197 222 Nisi

198 248 359 281 arassetis
380 259 453 278 mea
473 244 594 283 vitula,
624 256 695 275 non
721 241 956 279 invenissetis,
984 241 1018 274 id
1039 247 1099 282 est,
1129 240 1198 273 nisi

200 299 318 332 essetis
336 297 445 330 adiuti
473 296 593 328 labore
617 293 805 328 Ecclesiae.
869 291 1066 325 Audiamus
1091 292 1199 335 igitur

197 349 388 392 Apostolos
409 354 441 380 et
464 346 626 379 custodes
655 344 837 378 doctrinae
859 343 1082 387 apostolicae.

301 403 583 440 Consideremus
600 404 722 442 etiam,
750 403 810 448 qui
828 415 844 435 a
870 403 1031 436 doctrina
1057 408 1197 446 aposto—

205 459 268 491 lica
289 459 466 503 quomodo
485 455 720 489 discesserint.
782 453 819 486 ln
852 453 929 486 aliis
957 465 1098 497 prorsus
1123 454 1199 485 dia-

205 510 318 542 bolica
338 509 481 541 audacia
502 515 608 540 totam
630 505 804 538 Ecclesiae
823 505 1017 537 doctrinam
1039 504 1198 544 mutavit,
1224 529 1226 542 :

204 568 235 593 et
254 558 450 593 horrendus
469 559 605 591 furores
623 557 761 600 sparsit,
786 563 823 589 ut
842 557 876 588 in
889 554 1091 595 Marcione,
1119 554 1199 587 Ma-

205 609 360 644 nichaeis
380 618 411 644 et
429 610 615 642 similibus.

205 663 341 695 animos
360 663 401 694 ad
422 672 532 693 nox-os
550 659 675 693 cultus.

308 716 403 749 Haec
420 724 490 749 tota
509 717 744 750 consideratio
773 717 814 749 ad
836 716 1019 749 lectionem
1038 717 1200 759 pertinet,

207 769 243 800 in
263 780 329 812 qua
350 768 532 800 universae
551 768 724 801 Ecclesiae
742 768 857 805 series,
887 774 918 799 et
939 768 1098 801 omnium
1114 775 1201 801 tem-
1225 788 1227 796 »

208 831 332 863 porum
355 817 522 852 historiae
541 819 802 861 cognoscendae
822 825 914 852 sunt.

311 876 544 911 Observanda
565 885 613 910 est
634 884 749 911 autem
775 877 892 910 brevis
912 876 1114 909 distributio
1136 873 1202 909 lio-

209 942 287 962 rum
305 941 493 972 generum,
520 929 700 967 lectionis,
729 928 910 962 doctrinae
937 935 970 961 et
987 924 1202 960 consolatio-

209 981 274 1013 nis.
326 978 398 1013 Cur
417 993 435 1012 a
453 979 602 1012 lectione
619 979 781 1013 orditur?
834 978 927 1021 Quia
955 990 1078 1021 magna
1099 978 1202 1010 dissi-

209 1031 374 1064 militndo
393 1037 441 1064 est
463 1027 709 1074 philosophiae
728 1037 759 1063 et
780 1027 975 1073 Evangelii.
1020 1027 1203 1062 Arithme-

210 1083 315 1116 ticam
346 1093 420 1114 non
449 1082 636 1126 incipimus
665 1094 682 1114 a
713 1081 883 1122 lectione,
923 1081 983 1114 sed
1024 1080 1229 1113 afferimus·

210 1133 338 1166 multas
362 1133 527 1171 noticias,
563 1144 652 1177 quae
676 1139 757 1165 sunt
786 1132 841 1164 via
867 1133 909 1165 ad
938 1138 1067 1172 artem,
1107 1130 1203 1164 Deus

211 1190 327 1217 autem
345 1195 406 1216 sua
423 1196 506 1216 voce
527 1183 637 1217 edidit
660 1194 821 1216 arcanam
843 1183 1039 1216 doctrinam
1059 1183 1101 1215 de
1119 1182 1204 1222 filio,

211 1242 244 1267 et
262 1235 304 1267 de
322 1235 557 1273 redemtione,
588 1242 620 1268 et
644 1242 714 1268 tota
737 1234 959 1266 restitutione
977 1234 1114 1276 generis
1134 1231 1202 1265 liu-

210 1286 317 1326 mani,
346 1286 440 1318 iuxta
463 1283 552 1318 banc
571 1297 669 1318 snam
689 1285 938 1317 revelationem
958 1285 1033 1317 vult
1049 1284 1202 1327 agnosci,

213 1344 246 1369 et
269 1334 359 1369 hanc
384 1336 490 1369 scribi
514 1336 624 1369 voluit
651 1348 711 1380 per
729 1333 921 1378 Prophetas
946 1342 977 1368 et
1000 1334 1202 1377 Apostolos-

216 1386 300 1419 Ideo
328 1388 369 1419 ad
398 1384 525 1419 horum
558 1387 731 1419 librorum
764 1386 951 1418 lectionem
981 1385 1121 1429 alligata
1154 1392 1229 1418 est*

213 1436 385 1478 Ecclesia,
413 1435 498 1470 ethi
518 1437 598 1469 libri
620 1444 701 1470 sunt
724 1437 993 1469 fundamentum
1020 1443 1051 1468 et
1078 1447 1203 1469 norma
1227 1453 1229 1473 1

213 1489 396 1520 universae
416 1488 595 1520 doctrinae
613 1488 648 1519 in
665 1486 840 1527 Ecclesia,
868 1488 961 1520 iuxta
980 1486 1069 1519 illud
1093 1485 1203 1521 1.Co-

214 1537 321 1572 rintb.
346 1539 395 1573 3.:
435 1537 720 1571 Fundamentum
750 1538 846 1570 aliud
874 1538 957 1581 poni
985 1549 1058 1570 non
1081 1544 1204 1580 potest,

215 1597 351 1634 praeter
366 1590 399 1622 id
421 1590 513 1634 quod
534 1589 685 1632 positum
706 1595 773 1626 est,
802 1590 896 1632 quod
920 1595 968 1622 est
986 1587 1080 1621 Iesus
1098 1586 1203 1621 Chri-

214 1648 298 1675 stus.
351 1639 497 1673 Necesse
515 1647 564 1672 est
583 1640 690 1682 igitur
708 1640 845 1672 assidue
870 1638 939 1682 legi
962 1636 1048 1672 haec
1073 1639 1202 1683 scripta

214 1691 377 1735 privatim
396 1698 429 1725 et
445 1691 597 1735 publice.

316 1749 520 1783 Lectionem
537 1755 703 1792 sequatur
721 1748 900 1788 doctrina,
926 1754 964 1781 ut
989 1747 1024 1779 in
1051 1746 1202 1779 medica-

214 1800 311 1833 tione
340 1800 497 1843 corporis
526 1799 606 1832 finis
635 1806 684 1832 est
715 1799 861 1834 sanatio,
914 1796 960 1832 Et
990 1810 1045 1830 ars
1067 1798 1202 1830 medica

215 1851 372 1884 continet
398 1852 484 1883 duas
511 1857 643 1894 partes,
685 1851 881 1883 doctrinam
909 1856 940 1882 et
966 1850 1111 1882 modum
1142 1861 1203 1881 cu-

214 1902 331 1936 randi.

214 1950 384 1992 humani,
413 1952 614 1997 qualitates,
648 1958 938 1996 temperamenta,
966 1962 1084 1983 causas
1106 1962 1203 1983 mor-

214 2004 353 2044 borum,
382 2003 549 2037 remedia.
603 2003 725 2036 Postea
743 2004 869 2036 modus
885 2002 1032 2035 curandi
1050 2002 1202 2045 applicat

213 2055 379 2089 remedia.
413 2054 465 2087 Ac
482 2054 611 2087 medici
629 2054 795 2097 sapientia
813 2061 862 2087 est
878 2053 1084 2095 intelligere,
1113 2065 1202 2097 quae

213 2107 254 2138 ad
279 2116 377 2138 suam
401 2112 510 2138 artem
535 2105 731 2148 pertinent,
758 2112 790 2138 et
814 2104 960 2138 consilia
986 2104 1134 2147 dirigere
1158 2104 1201 2136 ad

213 2156 430 2189 sanationem
465 2163 633 2201 tanquam
656 2157 699 2189 ad
723 2156 888 2189 ultimum
914 2162 947 2188 et
972 2155 1200 2198 principalem

212 2206 331 2241 finem.
390 2206 443 2240 Ita
471 2207 556 2240 sciat
580 2207 809 2241 concionator
831 2217 866 2240 se
892 2206 1018 2239 medici
1048 2206 1198 2238 similem

213 2269 307 2296 esse,
336 2264 369 2290 et
392 2258 497 2290 finem
521 2257 707 2291 ministerii
732 2257 923 2300 evangelici
940 2257 1103 2290 ultimum
1128 2268 1199 2289 esse

669 606 708 640 lu
732 607 808 640 aliis
834 607 1036 650 superstitio
1064 605 1200 639 inflexit
1224 636 1226 642 Α

793 103 918 140 PlttL.
947 101 1062 138 MEL.
1090 102 1298 138 SCRIPTA
1324 98 1629 136 EXEGETtCA.

1227 1672 1229 1683 ¹
1253 1663 1352 1698 dum.

2141 103 2239 138 1368

1251 198 1344 220 cesse
1377 193 1426 220 est
1457 187 1620 220 accedere
1649 186 1923 220 consolationem
1947 194 2115 234 tanquam
2142 200 2246 222 sana-

1250 239 1401 278 tionem,
1428 250 1472 271 ne
1491 236 1596 271 homo
1614 238 1838 283 relinquatur
1862 238 1897 270 in
1922 246 2061 282 peccato
2079 247 2111 273 et
2131 247 2243 274 morte

1251 297 1406 324 aeterna.

1351 337 1487 384 Estque
1524 339 1684 373 doctrina
1720 336 1786 372 boc
1818 339 1950 383 ipsum,
1991 341 2084 385 qnod
2116 341 2243 374 usitate

1250 391 1476 423 nominamus
1505 387 1729 431 Catechesin,
1765 391 1799 422 id
1826 398 1894 431 est,
1930 402 2065 424 summa
2100 392 2245 434 dogma-

1251 448 1324 475 tum
1352 442 1502 475 recitans
1526 442 1692 474 articulos
1723 441 1825 482 fidei,
1863 441 2136 486 descriptionem
2165 454 2246 487 pec-

1251 493 1338 533 cati,
1366 493 1555 525 discrimen
1581 492 1682 535 Legis
1707 499 1738 525 et
1766 490 1971 536 Evangelii,
2000 505 2103 526 usum
2129 505 2244 526 sacra-

1251 551 1469 584 mentorum,
1504 544 1693 576 discrimen
1724 544 1882 577 iusticiae
1905 550 2067 577 aeternae
2095 551 2128 578 et
2152 544 2244 577 vitae

1250 595 1431 639 politicae,
1459 601 1570 628 sumta
1589 606 1628 626 ex
1649 594 1720 637 ipsa
1748 607 1831 627 voce
1857 595 1997 636 divina,
2031 607 2121 640 qnae
2147 599 2244 638 prius

1251 646 1395 688 legitur,
1431 653 1463 678 et
1488 643 1571 678 baec
1597 646 1669 689 ipsa
1694 643 1893 679 Catecbesis
1932 653 1981 679 est
2004 646 2245 690 interpretatio

1251 697 1411 730 lectionis
1429 708 1488 729 sen
1507 697 1608 739 longa
1629 708 1688 729 seu
1714 696 1839 730 brevis.
1894 695 1982 731 Cum
2007 698 2101 729 enim
2128 697 2164 729 in
2188 697 2244 729 di-

1251 749 1379 780 scendo
1423 760 1559 780 necesse
1595 747 1638 780 sit
1675 748 1849 789 integrum
1894 760 2020 792 corpus
2061 749 2244 780 doctrinae

1253 804 1368 831 mente
1397 798 1599 841 complecti,
1638 799 1843 831 rudioribus
1867 799 2056 831 tradendae
2081 807 2161 833 sunt
2186 811 2245 831 or-

1253 849 1336 881 dine
1371 850 1493 882 breves
1516 860 1672 881 summae
1704 850 1955 893 principalium
1991 850 2168 890 locorum,
2213 856 2246 883 et

1253 906 1370 944 postea
1396 899 1432 931 in
1450 900 1524 943 ipsa
1541 899 1690 932 lectione
1716 901 1944 933 monstranda
1971 909 2053 934 sunt
2076 901 2174 934 firma
2194 909 2245 934 te-

1253 950 1438 992 stimonia,
1467 957 1506 983 ut
1526 951 1610 983 fides
1627 950 1762 984 nitatur
1779 963 1863 983 voce
1880 951 2014 985 divina.

1355 1000 1433 1034 Hoc
1450 1002 1598 1034 consilio
1615 1001 1769 1045 primum
1796 1002 1936 1035 condita
1962 1009 2043 1036 sunt
2069 1003 2242 1048 symbola,

1254 1059 1285 1085 et
1311 1053 1432 1097 scripti
1450 1050 1675 1086 Catechismi.
1729 1051 1942 1097 Quanquam
1980 1053 2073 1086 euim
2103 1065 2246 1097 prorsus

1254 1106 1374 1137 eadem
1406 1110 1507 1137 sonat
1538 1103 1662 1143 lectio,
1701 1109 1734 1136 et
1765 1103 1831 1147 ipsi
1862 1103 1944 1137 libri
1984 1102 2180 1148 prophetici
2213 1111 2247 1138 et

1252 1155 1443 1198 apostolica
1476 1155 1556 1187 fons
1583 1161 1663 1187 sunt
1688 1153 1888 1195 doctrinae,
1924 1162 2041 1188 tamen
2066 1155 2145 1188 ideo
2169 1167 2242 1188 nou

1227 1234 1229 1237 .
1254 1212 1392 1239 tantum
1432 1206 1681 1249 praeleguntur
1711 1205 1794 1237 libri
1827 1205 1863 1237 in
1888 1203 2045 1238 Ecclesia
2068 1219 2086 1239 a
2115 1207 2245 1250 pueris,

1253 1257 1312 1290 sed
1340 1257 1443 1290 etiam
1467 1256 1599 1290 accedit
1625 1268 1691 1288 vox
1721 1255 1941 1299 interpretis,
1976 1263 2014 1290 ut
2039 1257 2246 1291 rudioribus

1255 1315 1419 1341 enarrent
1438 1319 1546 1349 genus
1563 1307 1753 1345 sermonis,
1781 1309 1970 1340 ostendant
1986 1308 2097 1351 capita
2115 1320 2246 1349 rerum,

1254 1360 1297 1391 de
1320 1359 1448 1403 quibus
1471 1358 1618 1399 dicitur,
1653 1358 1830 1391 illustrent
1857 1370 1894 1391 ea
1918 1359 2184 1392 definitionibus
2213 1366 2247 1393 et

1254 1409 1562 1448 distinctionibus,
1590 1409 1678 1442 sicut
1697 1410 1734 1440 in
1755 1410 1914 1442 docendo
1932 1410 2005 1442 fieri
2024 1422 2163 1443 necesse
2184 1417 2245 1443 est.

1255 1457 1302 1492 Et
1325 1459 1407 1494 fiant
1427 1457 1511 1493 haec
1527 1459 1603 1492 sine
1629 1457 1836 1502 sophistica,
1863 1461 1922 1492 sed
1950 1467 2042 1493 recte
2068 1461 2163 1494 iuxta
2188 1472 2244 1493 ar-

1255 1510 1344 1543 tium
1362 1511 1453 1551 vias,
1480 1509 1551 1543 Nec
1575 1510 1787 1543 misceantur
1804 1511 2007 1554 peregrinae
2023 1512 2200 1545 materiae.

1360 1561 1449 1594 Cum
1467 1561 1574 1604 igitur
1589 1572 1677 1604 opus
1696 1561 1740 1593 sit
1756 1561 1870 1593 forma
1888 1561 2004 1606 aliqua
2023 1562 2061 1594 in
2072 1563 2244 1603 docendo,

1254 1611 1352 1644 iubet
1372 1611 1504 1644 Paulus
1526 1611 1607 1654 eligi
1626 1609 1840 1654 Episcopum
1867 1612 2035 1645 idoneum
2055 1613 2097 1645 ad
2114 1613 2244 1646 docen-

1416 1661 1518 1695 Hanc
1552 1662 1701 1694 formam
1742 1659 1799 1694 hic
1832 1663 2029 1696 doctrinam
2071 1664 2244 1702 nominat,

1254 1725 1343 1758 quae
1366 1719 1414 1746 est
1439 1710 1638 1747 Catechesis
1669 1724 1729 1745 seu
1760 1713 1876 1745 brevis
1902 1725 1963 1747 seu
1994 1714 2120 1757 longa,
2155 1726 2244 1760 quae

1254 1765 1397 1809 quidem
1422 1770 1456 1797 et
1480 1767 1554 1808 ipsa
1587 1763 1761 1796 librorum
1793 1775 1971 1797 sacrorum
1999 1765 2242 1809 interpretatio

1254 1821 1321 1848 est:
1356 1814 1438 1860 quia
1461 1815 1544 1847 inde
1565 1815 1734 1847 sumenda
1758 1821 1809 1847 est
1837 1813 2057 1858 Catechesis‚
2089 1823 2123 1850 et
2144 1817 2242 1851 testi-

495 1901 503 1908 ,
810 1901 816 1907 ,
1176 1900 1183 1905 ,
1227 1876 1229 1900 ζ
1253 1866 1372 1899 monia
1393 1867 1441 1898 ibi
1460 1867 1689 1899 monstranda
1709 1872 1801 1900 sunt.

384 1900 552 1935 Doctrina
570 1914 652 1934 vero
680 1902 833 1934 ostendit
858 1907 1019 1933 naturam
1045 1911 1203 1943 corporis
1227 1908 1228 1945 t

1357 1916 1519 1950 Tertium
1537 1917 1734 1949 membrum
1752 1916 1945 1950 consolatio
1967 1924 2032 1951 est:
2059 1917 2140 1962 quia
2165 1929 2240 1951 non

1227 1998 1228 2003 ,
1254 1968 1337 2000 satis
1357 1975 1406 2001 est
1422 1968 1567 2001 recitare
1584 1967 1695 2010 capita
1712 1967 1912 2008 doctrinae,
1940 1967 2008 2001 nisi
2034 1969 2241 2003 ostendatur

214 2308 453 2347 sanationem,
497 2320 564 2353 qua
588 2321 650 2352 per
674 2309 787 2341 filium
812 2308 879 2340 Dei
903 2319 986 2341 voce
1013 2307 1199 2350 Evangelii
1224 2326 1225 2332 κ

212 2358 408 2392 liberentur
424 2357 586 2392 homines
602 2371 640 2392 ex
657 2366 769 2393 morte
793 2366 945 2394 aeterna.
999 2358 1079 2392 Non
1104 2359 1197 2391 enim

210 2416 345 2444 tantum
363 2411 451 2453 regit
467 2422 599 2449 mores,
626 2418 664 2443 ut
683 2411 904 2454 magistratus
921 2409 1095 2454 politicus,

311 2477 404 2511 Sunt
431 2477 538 2520 igitur
561 2484 593 2511 et
620 2475 678 2510 hic
695 2478 766 2511 duo
783 2478 954 2520 membra,
986 2477 1144 2510 doctrina
1164 2484 1196 2510 et

209 2528 415 2562 consolatio.
477 2526 644 2561 Doctrina
674 2529 833 2573 loquitur
858 2531 900 2561 de
923 2528 1079 2561 articulis
1104 2528 1195 2568 fidei,

208 2580 375 2612 discernit
402 2578 529 2621 Legem
564 2586 597 2612 et
622 2578 871 2622 Evangelium‚
910 2580 1031 2612 recitat
1062 2579 1193 2612 descri—

208 2630 362 2673 ptionem
396 2629 544 2673 peccati,
585 2640 687 2662 usum
717 2637 1034 2671 sacramentorum,
1068 2630 1191 2662 discri-

205 2693 285 2713 men
305 2680 460 2714 iusticiac
475 2688 633 2714 aeternae
651 2687 682 2714 et
700 2681 789 2715 vitae
808 2681 980 2725 politicae.
1034 2681 1101 2715 Sed
1129 2693 1190 2713 ne-

1255 2018 1455 2062 applicatio.
1513 2017 1690 2061 Intelligat
1713 2018 1941 2052 concionator
1961 2017 2068 2052 officii
2089 2019 2141 2052 sui
2160 2031 2241 2062 gra-

1254 2070 1339 2110 dus,
1376 2070 1468 2113 legat
1499 2070 1631 2114 populo
1664 2069 1788 2102 ordine
1820 2069 1930 2103 libros
1961 2067 2184 2113 propheticos
2207 2079 2241 2106 et

1253 2121 1482 2164 apostolicos,
1523 2120 1674 2154 subinde
1707 2126 1739 2153 et
1763 2132 1889 2164 corpus
1921 2133 2022 2153 verae
2057 2122 2239 2155 doctrinae

1253 2178 1446 2216 proponat,
1480 2178 1519 2205 ut
1545 2172 1722 2204 auditores
1746 2183 1916 2204 summam
1942 2179 2033 2205 recte
2057 2173 2240 2216 complecti

1253 2223 1401 2266 possint,
1423 2223 1510 2256 sicut
1527 2222 1563 2255 in
1578 2220 1759 2256 Catecbesi
1775 2223 1942 2256 traditur:
1972 2234 2035 2255 nec
2054 2224 2097 2256 sit
2114 2224 2237 2257 concio

1253 2274 1328 2306 sine
1362 2274 1562 2313 affectibus,
1602 2274 1661 2306 sed
1698 2274 1985 2306 commemoratio
2011 2275 2054 2306 de
2085 2274 2135 2306 ira
2160 2273 2239 2316 Dei,

1251 2325 1418 2358 exuscitet
1434 2325 1612 2365 timorem,
1640 2336 1704 2357 nec
1720 2331 1839 2357 tamen
1862 2325 2110 2369 relinquantur
2133 2337 2236 2358 men-

1253 2382 1302 2408 tes
1331 2376 1368 2408 in
1393 2388 1521 2420 pavore
1546 2382 1579 2409 et
1603 2375 1845 2415 dubitatione,
1881 2382 1919 2408 ut
1952 2376 2134 2418 poetarum
2166 2383 2237 2410 tra-

1250 2427 1394 2469 goediae
1425 2433 1561 2460 tantum
1594 2438 1723 2470 poenas
1754 2427 1961 2466 ostendunt,
2003 2428 2061 2458 sed
2098 2428 2237 2461 accedat

1250 2477 1443 2510 consolatio
1462 2490 1500 2510 ex
1520 2490 1603 2510 voce
1617 2476 1819 2520 Evangelii,
1844 2478 2114 2510 commonefiaut
2132 2479 2235 2510 audi-

1247 2534 1354 2569 tores,
1381 2536 1418 2562 ut
1435 2529 1502 2565 sibi
1519 2529 1585 2561 fide
1605 2528 1781 2571 applicent
1800 2527 2052 2570 promissiones
2077 2535 2234 2562 aeternas

1245 2586 1275 2611 et
1289 2580 1525 2622 praesentium
1544 2580 1730 2616 bonorum,
1749 2586 1782 2612 et
1795 2585 1976 2612 exerceant
1990 2578 2106 2620 fidem,
2124 2592 2231 2623 spem,

1246 2630 1526 2672 invocationem,
1569 2630 1759 2674 gratiarum
1790 2629 1984 2675 actionem,
2020 2637 2052 2663 et
2082 2637 2232 2664 caeteras

1243 2688 1400 2716 xtrtuteS.

2404 93 2412 126 ,-
