2415 2942
255 97 326 136 475

261 184 362 218 initio
380 180 595 215 dissimulata
614 176 829 222 propositio,
855 177 1010 221 primum
1036 177 1074 209 in
1097 176 1239 210 conclu-

261 238 358 269 sione
388 232 477 265 clare
504 229 665 273 ponitur:
702 227 739 261 ld
766 226 822 261 hic
846 228 975 260 sactum
1005 234 1064 262 est.
1131 226 1241 270 lgitur

262 298 332 318 non
352 290 401 315 est
428 281 596 319 volt-ntis,
624 290 737 324 neque
760 278 954 317 currentis,
982 279 1041 312 sed
1070 277 1239 311 miseren-

260 338 304 369 tis
331 332 406 367 Dei.
470 331 550 365 Nou
575 341 638 363 nos
671 341 844 363 meremur
869 329 948 372 eligi
971 329 1152 363 voluntate
1181 335 1241 362 aut

261 397 384 423 cursu,
413 381 478 416 hoc
497 389 564 421 est,
589 381 754 425 operibus
777 380 922 419 uostris,
948 381 1007 413 sed
1033 379 1240 413 beneficium

261 444 311 469 est
341 433 600 467 misericordiae
615 431 679 464 Dei
703 431 809 474 gratis
831 432 1012 464 donatum.

362 483 455 518 Citat
485 484 580 517 aliud
618 482 875 521 testimouium,
917 494 986 526 quo
1018 481 1143 525 probat
1169 492 1239 513 non

262 548 333 571 esse
353 542 551 568 nostrarum
572 532 721 572 virium,
750 533 874 566 mereri
898 532 1058 566 salutem.
1113 530 1151 564 ln
1175 529 1242 564 hoc

263 587 408 622 excitavi
432 593 464 619 te
482 593 544 619 etc,
570 595 786 628 consequens
809 590 877 624 est,
919 582 1014 625 Ergo
1042 582 1140 616 culus
1166 582 1242 615 vult

263 639 463 673 miseretur,
491 643 523 668 et
541 647 643 679 quem
663 635 736 667 vult
755 634 914 674 indurat,
949 634 982 666 id
1002 640 1068 673 est,
1095 644 1167 665 non
1193 638 1242 664 est

267 697 464 722 nostrarum
492 686 619 719 virium
648 684 864 724 iustificatio.
901 685 959 717 sed
983 682 1242 716 misericordiae

262 738 347 777 Dei,
390 750 467 771 cum
499 749 571 769 non
598 735 782 768 miseretur
806 734 921 774 Deus,
962 739 1181 778 perseverant
1206 733 1242 765 in

265 789 440 834 impietate
469 785 639 821 homiues.

573 874 728 907 Secunda
750 878 937 915 occupatio.

370 939 500 973 lterum
535 937 657 970 inserit
682 936 939 977 obiecfionem,
983 936 1123 970 videtur
1152 935 1245 969 enim

264 999 415 1026 extreme
431 989 643 1026 absurdum,
672 988 808 1028 dicere,
835 988 928 1032 quod
951 999 1022 1020 nou
1040 987 1085 1021 sit
1109 994 1245 1020 nostra-

264 1055 343 1077 rum
369 1041 497 1074 virium
522 1039 732 1073 iustificatio.
804 1037 842 1072 Si
868 1049 932 1072 nos
956 1049 1029 1071 non
1059 1049 1247 1082 possumus

265 1092 466 1132 iustificari,
493 1090 560 1123 nisi
577 1089 756 1132 contingat
774 1089 1026 1124 misericordia.
1080 1087 1125 1122 Et
1141 1089 1246 1121 mise-

265 1143 453 1177 ricordiam
470 1140 566 1174 Deus
582 1152 654 1173 non
671 1141 826 1184 impertit
843 1140 1027 1179 omnibus,
1053 1137 1126 1173 Cur
1142 1139 1248 1182 igitur

266 1200 418 1228 accussat
444 1204 507 1225 nos
525 1191 644 1226 Deus?
686 1190 880 1224 lnclemens
902 1198 969 1231 est,
997 1191 1058 1235 qui
1086 1191 1246 1234 impossi-

268 1246 351 1278 bilia
370 1244 487 1287 exigit,
504 1243 563 1288 qui
581 1242 681 1285 punit
701 1239 860 1275 homines
877 1253 954 1274 cum
972 1243 1131 1275 videatur
1145 1241 1247 1285 culpa

267 1298 406 1334 abesse,
434 1293 515 1338 quia
533 1305 603 1326 non
621 1300 766 1336 possunt
783 1292 997 1326 benefacere.

369 1343 468 1379 Nihil
500 1344 686 1387 respondet
712 1343 753 1375 ad
780 1340 869 1375 hanc
898 1343 1152 1384 obiectioncm,
1188 1343 1247 1375 sed

269 1396 430 1441 repudiat
452 1406 526 1427 eam
547 1394 653 1427 veluti
675 1393 854 1435 indignam
869 1419 877 1432 ,
905 1391 994 1426 hanc
1014 1393 1159 1433 figuram
1186 1405 1248 1425 vo-

269 1454 348 1480 cant
377 1443 576 1483 ἇποδίωξιν
593 1470 604 1487 ,
644 1456 724 1477 cum
756 1452 961 1485 argumento
984 1444 1119 1476 difficili
1145 1444 1248 1476 nolu-

269 1509 346 1531 mus
362 1497 592 1540 respondere,
620 1502 670 1534 et,
698 1502 736 1527 ut
761 1494 942 1527 videamur
966 1495 1124 1528 consulta
1149 1506 1249 1538 prae-

270 1549 394 1590 terire,
429 1546 626 1579 reiiciamus
652 1551 818 1587 tanquam
851 1544 1157 1587 intempestivum,
1190 1551 1247 1577 aut

269 1599 468 1641 indignum.

271 1712 350 1733 cum
369 1700 466 1739 Deo,
490 1698 570 1743 quia
590 1696 664 1730 Deo
679 1696 782 1730 liceat
800 1696 850 1729 uti
876 1698 1044 1730 creaturis
1069 1708 1132 1740 pro
1155 1697 1251 1730 arbi-

272 1751 353 1786 trio.
405 1748 516 1783 Addit
541 1750 584 1781 de
606 1748 681 1781 luto
706 1753 739 1781 et
765 1747 869 1790 figulo
894 1747 1186 1786 similitudinem,
1214 1754 1251 1780 ut

273 1803 331 1835 fiat
355 1801 484 1834 clarior
506 1799 594 1833 ratio
619 1797 821 1842 repudiatae
836 1798 1062 1838 obiectionis,
1090 1798 1253 1831 videlicet

273 1853 366 1897 quod
384 1849 475 1884 nihil
491 1851 613 1883 debeat
638 1849 738 1882 nobis
757 1847 869 1889 Deus,
891 1861 999 1893 quare
1024 1861 1097 1881 non
1124 1850 1251 1882 debea-

274 1915 351 1936 mus
370 1914 447 1936 eum
466 1912 643 1938 accusare,
671 1906 703 1932 et
721 1906 886 1944 tanquam
908 1900 942 1931 in
960 1900 1013 1933 ius
1034 1912 1165 1933 vocare.

375 1950 439 1986 Est
467 1952 502 1984 in
528 1950 593 1984 hoc
617 1951 692 1983 loco
719 1947 1044 1992 ἁνανταπόδοῑον,
1074 1951 1155 1994 quia
1181 1961 1251 1982 non

275 2004 414 2037 videtur
445 2002 604 2035 absoluta
636 2002 859 2034 constructio.
934 2000 971 2034 Si
1006 2000 1100 2034 Deus
1133 2001 1254 2034 volens

277 2056 461 2088 ostendere
475 2053 582 2095 iram,
607 2051 768 2085 toleravit
785 2063 862 2084 vasa
878 2059 939 2086 etc.
987 2050 1253 2085 Circumductio

277 2106 322 2138 ita
345 2105 410 2138 erit
435 2104 586 2145 integra,
619 2103 644 2134 si
670 2108 847 2144 repetatur
877 2113 917 2134 ex
948 2102 1146 2143 superiore,
1181 2113 1252 2134 non

277 2164 326 2189 est
345 2164 444 2189 tuum
464 2151 718 2198 reprehendere
738 2152 811 2185 eius
830 2152 1027 2184 consilium.

380 2204 448 2239 Hie
470 2205 593 2248 incipit
619 2203 762 2236 recitare
789 2202 987 2235 testimonia
1006 2203 1047 2235 de
1073 2202 1255 2235 vocatione

279 2257 455 2300 gentium,
495 2263 526 2288 et
551 2256 595 2287 de
627 2254 819 2286 defectione
845 2252 1066 2288 ludaeorum.
1141 2253 1254 2296 Supra

280 2307 373 2340 enim
392 2307 464 2339 dixi
489 2305 636 2338 ludaeos
653 2304 866 2347 disputasse,
893 2304 985 2348 quod
1003 2304 1045 2336 ad
1067 2304 1159 2347 ipsos
1177 2315 1256 2346 per-

279 2358 432 2391 tinerent
451 2356 714 2399 promissiones,
742 2366 812 2387 non
837 2355 878 2388 ad
906 2361 1042 2397 gentes,
1070 2355 1162 2398 quod
1191 2354 1256 2396 ipsi

280 2407 375 2441 cultu
395 2418 456 2439 suo
473 2414 690 2439 mererentur
707 2405 865 2448 gratiam.
923 2404 991 2438 Sed
1018 2402 1084 2437 hoc
1109 2406 1256 2438 scanda-

281 2459 353 2491 lum
379 2457 489 2489 multo
512 2457 615 2489 etiam
643 2457 750 2499 magis
777 2455 886 2489 movit
912 2455 1121 2496 imbecilles,
1160 2456 1255 2500 quod

280 2515 351 2542 tam
369 2507 468 2551 pauci
494 2518 533 2539 ex
554 2505 688 2539 ludaeis
703 2506 939 2541 crediderunt.
992 2504 1114 2550 {taque
1135 2506 1256 2549 dispu-

280 2559 403 2593 tabant
421 2555 514 2590 hunc
541 2569 609 2589 non
636 2568 707 2590 esse
724 2555 924 2592 Christum.
948 2568 1052 2602 quem
1078 2557 1255 2600 praedica-

279 2611 367 2644 bant
389 2607 570 2650 Apostoli,
599 2607 680 2651 quia
709 2607 957 2650 promissiones
980 2607 1023 2640 de
1047 2604 1190 2641 Christo
1213 2608 1256 2640 ad

282 2660 485 2693 universum
503 2658 692 2705 populum,
720 2665 778 2691 aut
802 2664 893 2691 certe
916 2658 958 2692 ad
982 2657 1168 2692 maximam
1194 2669 1257 2702 po·

850 90 976 129 911112.
1003 91 1117 126 MEL.
1152 89 1359 126 SCRIPTA
1396 89 1693 128 EXEGETICA.

537 1595 586 1630 lta
617 1594 673 1628 bic
706 1594 835 1628 Paulus
865 1595 1036 1638 significat
1068 1595 1249 1638 indignam
1275 1626 1277 1636 ,

271 1661 342 1683 esse
360 1648 614 1686 abiectionem,
641 1646 688 1679 ait
710 1657 773 1678 nos
799 1657 871 1678 non
889 1647 1013 1679 debere
1032 1646 1250 1689 expostulare
1276 1641 1277 1644 ¹

2201 96 2275 132 476

1296 176 1368 220 puli
1394 183 1527 222 partem
1552 184 1784 222 perventurae
1811 186 1936 216 essent.
2011 180 2114 216 Nunc
2145 193 2273 226 paucos

1295 235 1430 262 tanturn
1463 236 1495 263 et
1527 230 1668 273 quidem
1696 229 1835 263 infimos
1868 227 2030 266 homines
2062 232 2206 275 gloriari
2237 244 2273 266 se

1295 280 1437 323 adeptos
1453 291 1525 312 esse
1543 286 1613 313 tam
1634 279 1814 323 magnifica
1832 281 2015 324 promissa.
2065 281 2145 317 Non
2171 283 2270 317 vide-

1297 330 1400 363 batur
1418 331 1633 374 rvspondere
1658 328 1714 364 hie
1737 337 1880 364 eventus
1903 332 2008 366 tantis
2029 334 2272 377 promissioni-

1296 381 1378 421 bus,
1418 392 1504 426 quas
1536 382 1579 414 ad
1614 381 1816 415 universum
1848 381 2015 425 populum
2048 385 2271 426 pertinentes,

1297 442 1422 474 paucos
1446 439 1611 476 tanquam
1643 444 1704 476 per
1727 431 1936 465 seditionem
1967 432 2132 467 invadere
2155 436 2272 469 existi-

1297 482 1448 515 mabant.
1500 480 1644 526 Colligit
1662 483 1768 526 igitur
1785 481 1915 515 Paulus
1935 483 2134 517 testimonia
2150 485 2193 518 de
2210 497 2272 519 vo·-

1296 532 1430 565 catione
1452 533 1629 576 gentium,
1660 542 1692 567 et
1720 535 1763 566 de
1789 533 1984 567 desectione
2010 532 2217 568 ludaeorum
2238 542 2272 570 et

1296 582 1411 616 obiter
1429 583 1559 618 meritis
1578 596 1698 618 rursus
1716 581 1870 618 detrahit
1886 581 2070 622 honorem.

1671 700 1805 755 Caput
1851 702 1904 742 X.

1397 781 1511 827 Supra
1529 784 1640 828 coepit
1658 785 1700 818 de
1717 785 1903 819 reiectione
1922 784 2129 820 ludaeorum
2151 786 2277 825 dicere,

1300 833 1336 866 in
1366 829 1433 866 hoc
1466 833 1543 867 loco
1574 842 1755 870 consumet
1782 843 1815 870 et
1839 838 1908 870 duo
1930 837 2111 881 sequentia
2144 837 2275 882 capita:

1302 880 1390 916 nihil
1413 883 1519 926 igitur
1545 885 1627 918 novi
1649 883 1707 919 hic
1732 887 1904 927 instituit,
1944 888 2002 920 sed
2028 887 2139 931 pergit
2162 888 2279 922 dicere

1300 935 1343 967 de
1361 932 1570 968 ludaeorum
1593 936 1804 978 defectione,
1827 945 1858 972 et
1874 938 2057 984 aliquanto
2081 944 2158 982 post
2180 938 2278 973 testi-

1302 984 1420 1018 monia
1444 985 1543 1029 plura
1571 986 1743 1021 recitabit.
1795 987 1863 1022 Sed
1887 1000 1959 1022 non
1987 995 2101 1032 potest
2124 989 2179 1021 vir
2196 1000 2278 1022 san-

1301 1041 1375 1069 ctus
1408 1041 1525 1069 tantae
1556 1036 1762 1070 calamitatis
1787 1039 2003 1079 meminisse,
2036 1051 2096 1072 seu
2121 1039 2191 1073 irae
2212 1037 2280 1072 Dei

1301 1093 1435 1125 tantae,
1463 1087 1537 1120 sine
1554 1087 1779 1121 acerbissimo
1797 1088 1921 1122 dolore
1935 1089 2063 1131 animi,
2086 1090 2166 1124 ideo
2181 1090 2279 1123 addit

1301 1136 1446 1171 affectus
1462 1162 1471 1176 ‚
1508 1149 1647 1171 causam
1671 1138 1778 1171 etiam
1797 1139 1925 1172 erroris
1950 1140 2104 1174 ostendit
2128 1140 2277 1181 ludaeis,

1301 1194 1340 1221 ut
1356 1185 1420 1222 hac
1436 1188 1571 1221 sublata
1583 1215 1591 1228 ,
1617 1188 1754 1234 aliquos
1771 1190 1813 1222 ad
1832 1187 2010 1223 Christum
2029 1188 2222 1234 pertrahat.

1404 1237 1510 1272 Initio
1535 1234 1630 1283 ἦθος
1655 1246 1724 1280 est,
1756 1252 1816 1273 seu
1840 1240 2008 1281 affectus,
2048 1238 2123 1285 Ego
2149 1241 2280 1286 optime

1304 1289 1384 1323 volo
1406 1288 1562 1329 Iudaeis,
1590 1297 1623 1323 et
1642 1302 1704 1334 pro
1723 1290 1771 1324 eis
1789 1303 1864 1325 oro.

1403 1338 1552 1374 Causam
1581 1341 1709 1373 erroris
1733 1341 1842 1381 tollit,
1879 1348 2002 1385 putant
2027 1342 2199 1376 iusticiam
2222 1354 2282 1376 co-

1302 1402 1376 1424 ram
1392 1388 1467 1424 Deo
1485 1402 1556 1423 esse
1573 1402 1677 1434 opera
1694 1403 1767 1426 sua.
1815 1391 1936 1436 Neque
1954 1392 2037 1425 sane
2054 1399 2166 1436 potest
2181 1393 2283 1426 aliter

1304 1439 1455 1474 humana
1481 1441 1570 1474 ratio
1597 1441 1772 1482 iudicare,
1800 1454 1902 1486 quam
1925 1443 2018 1486 quod
2044 1454 2148 1484 opera
2165 1450 2283 1476 nostra

1303 1499 1335 1525 et
1359 1492 1501 1537 quidem
1528 1505 1545 1524 a
1572 1491 1645 1525 Deo
1669 1493 1854 1534 mandata,
1895 1494 2043 1527 reddant
2066 1491 2180 1527 Deum
2210 1494 2284 1538 pla·-

1303 1549 1429 1577 catum.

1405 1591 1534 1625 Obiter
1566 1589 1632 1625 boc
1665 1592 1740 1627 loeo
1775 1593 1941 1627 inseritur
1971 1594 2114 1628 collatio
2148 1594 2284 1628 iusticia

1304 1643 1388 1687 legis
1415 1650 1448 1676 et
1472 1643 1628 1676 iusticiae
1655 1643 1751 1677 fidei.
1785 1643 1847 1677 'Et
1873 1650 1987 1677 sumta
2010 1651 2060 1678 est
2079 1644 2222 1678 collatio
2245 1657 2284 1677 ex

1305 1693 1581 1728 definitionibus.
1657 1693 1744 1727 Nam
1775 1706 1854 1728 cum
1887 1694 2027 1728 dixisset
2053 1694 2199 1729 Iudaeos
2230 1696 2286 1728 ni-

1306 1745 1415 1779 mium
1434 1745 1586 1778 tribuere
1605 1744 1759 1778 iusticiae
1776 1745 1879 1789 legis,
1907 1746 2036 1788 profuit
2055 1747 2184 1780 addere
2201 1747 2285 1779 defi-

1308 1796 1459 1829 nitiones
1474 1795 1631 1828 iusticiae
1648 1795 1730 1837 legis
1749 1803 1780 1829 et
1799 1796 1958 1830 iusticiae
1975 1796 2068 1832 fidei.
2269 1796 2273 1799 ⁸

1409 1845 1586 1879 Iustitiam
1627 1845 1709 1889 legis
1740 1847 1862 1880 definit
1897 1859 1936 1879 ex
1969 1848 2085 1881 verbis
2118 1847 2284 1881 Levitici:

1309 1897 1380 1940 Qui
1400 1897 1519 1930 fecerit
1537 1909 1595 1937 ea,
1625 1896 1718 1929 vivet
1743 1897 1777 1928 in
1799 1897 1859 1931 eis.
1912 1897 2087 1930 lusticiam
2103 1898 2182 1931 fidei
2201 1898 2285 1931 defi-

1309 1949 1360 1982 nit
1393 1959 1431 1980 ex
1467 1948 1582 1980 verbis
1610 1947 1905 1980 Deuteronomii:
1952 1946 2088 1981 lustitia
2119 1948 2198 1982 fidei
2226 1955 2287 1988 est,

1307 1997 1435 2032 habere
1457 1998 1600 2031 verbum
1624 1997 1660 2030 in
1679 1999 1783 2030 corde
1809 2004 1841 2031 et
1867 2010 1946 2039 ore,
1976 1999 2121 2032 verbum
2142 1999 2287 2044 inquam

1308 2049 1402 2094 quod
1428 2049 1665 2092 praedicamus
1688 2049 1731 2081 de
1753 2046 1906 2082 Christo.

1411 2099 1484 2133 Alii
1509 2099 1609 2132 aliter
1632 2105 1779 2132 tractant
1808 2097 1897 2133 hanc
1918 2100 2154 2136 collationem.
2212 2097 2287 2143 Ego

1310 2151 1508 2184 collationis
1539 2157 1667 2183 statum
1703 2150 1854 2194 positum
1896 2162 1970 2184 esse
2011 2150 2128 2184 iudico
2163 2151 2198 2183 in
2233 2149 2289 2183 his

1310 2201 1491 2235 membris:
1526 2200 1675 2240 Facere,
1709 2207 1742 2234 et
1770 2200 1924 2235 Verbum
1951 2199 2079 2234 habere
2103 2202 2138 2233 in
2172 2201 2288 2236 corde.

1310 2251 1405 2286 Haec
1429 2252 1584 2285 membra
1617 2251 1863 2285 definitionum
1890 2252 2021 2296 opponi
2055 2251 2146 2284 inter
2172 2263 2207 2285 se
2232 2263 2288 2285 ar-

1311 2304 1435 2338 bitror.
1489 2301 1576 2337 Vult
1603 2302 1697 2335 enim
1722 2302 1894 2345 insignem
1917 2302 2151 2335 differentiam
2167 2314 2287 2336 earum

1312 2365 1527 2398 proponere,
1561 2360 1594 2387 et
1626 2353 1754 2387 diserte
1787 2354 1928 2393 docere,
1963 2353 2057 2397 quod
2083 2364 2188 2397 opera
2214 2365 2287 2386 non

1310 2405 1378 2438 siut
1399 2404 1533 2438 iusticia
1550 2402 1634 2444 Dei,
1661 2410 1699 2437 ut
1713 2415 1866 2436 errorem
1890 2402 2097 2436 ludaeorum
2119 2403 2211 2437 clare
2234 2415 2288 2437 re-

1313 2453 1528 2499 prehendere
1547 2454 1773 2496 intelligatur.
1830 2453 1966 2487 lusticia
1990 2454 2074 2497 legis
2097 2461 2146 2488 est
2164 2455 2290 2495 facere,

1312 2506 1345 2539 id
1366 2513 1433 2546 est,
1461 2512 1600 2538 externa
1623 2516 1726 2548 opera
1749 2504 1885 2537 ratione
1905 2505 2065 2538 imitante
2081 2505 2190 2548 legem
2213 2505 2288 2538 effi-

1311 2569 1398 2592 cere.
1460 2554 1508 2590 At
1537 2556 1670 2589 iusticia
1697 2554 1777 2587 fidei
1803 2561 1870 2596 est,
1904 2553 2043 2589 Habere
2074 2556 2219 2589 verbum
2252 2555 2288 2588 in

1311 2609 1414 2640 corde
1443 2614 1475 2640 et
1499 2618 1577 2646 ore,
1617 2605 1714 2650 quasi
1739 2605 1846 2639 dicat:
1884 2605 1955 2638 Vos
1984 2606 2166 2640 somniatis
2191 2605 2291 2639 iusti-

1283 2690 1285 2692 .
1312 2658 1399 2692 ciam
1419 2658 1487 2692 Dei
1509 2669 1580 2690 esse
1598 2668 1701 2701 opera
1720 2663 1851 2698 vestra,
1877 2655 1950 2690 Nos
1967 2669 2049 2691 vero
2068 2657 2171 2701 longe
2187 2656 2292 2690 aliam
