2415 2942
138 59 214 95 705
312 60 411 96 XIII.

130 155 261 193 patrem
280 147 316 181 in
334 148 462 192 spiritu
481 154 511 181 et
531 148 695 189 veritate,
730 147 765 181 id
784 155 854 189 est,
881 147 972 180 veris
991 154 1023 180 et
1050 147 1121 191 spi-

129 199 317 233 ritualibus
333 201 488 233 motibus
504 200 630 234 cordis.

232 249 308 283 Hoc
325 251 438 293 ipsum
458 251 531 284 vult
549 250 699 288 Paulus,
728 262 806 284 cum
825 247 984 283 hocloco
1002 249 1121 294 requi·
1145 243 1147 276 l

129 301 176 334 rit
198 302 404 335 rationalem
422 303 573 341 cultum,
602 302 635 334 id
656 309 722 342 est,
750 301 881 334 cultum
909 300 1055 340 mentis,
1084 301 1120 332 in
1145 340 1147 353 1

131 365 200 397 quo
218 353 419 395 agnoscitur
438 361 469 386 et
488 350 766 396 apprehenditur
784 350 878 384 Deus
891 375 899 388 ,
927 351 961 382 id
987 358 1055 389 est,
1084 351 1120 383 in
1145 364 1147 376 ⁴

132 416 203 448 quo
220 405 371 436 existunt
390 405 460 436 veri
480 411 595 437 motus
615 415 691 446 erga
707 402 841 441 Deum,
870 402 995 440 timor,
1025 402 1121 442 fides,
1145 423 1147 427 ψ

132 455 327 493 invocatio,
363 455 546 490 consessio.
597 452 762 487 Excludit
787 464 867 495 crgo
893 451 1024 486 Paulus
1047 465 1119 485 non
1145 456 1146 488 i

132 507 238 538 modo
259 506 423 548 pecuinas
440 503 580 545 hostias,
598 506 655 537 sed
675 504 776 537 etiam
798 501 983 537 hominum
1002 516 1120 548 opera,
1144 489 1147 534 l

132 568 170 590 ac
190 569 261 589 non
278 557 390 590 solum
411 553 669 589 Monachorum
688 555 913 594 traditiones,
938 555 998 588 sed
1015 555 1119 588 etiam
1145 551 1147 599 Ι

133 608 279 639 moralia
311 620 435 651 opera,
476 609 760 651 quandocunque
791 607 866 638 sine
895 605 1023 639 timore
1054 605 1120 639 Dei
1145 603 1147 639 ἶ

133 665 162 691 et
194 658 268 691 sine
302 659 368 691 side
400 659 497 692 liunt.
558 656 693 700 Pugnat
729 657 833 689 etiam
859 656 961 689 Pauli
987 658 1119 690 dictum
1146 644 1147 699 l

132 709 379 742 universaliter
393 721 469 742 cum
490 709 658 752 opinione
675 710 717 740 de
735 720 839 752 opere
858 716 1018 751 operato:
1053 716 1121 741 est—

133 772 199 804 que
226 761 483 793 abominandus
507 771 604 792 error
631 759 938 796 adversariorum,
969 760 1029 803 qui
1055 760 1121 791 fin-

131 818 218 853 gunt
238 810 381 843 Missam
399 823 438 843 ex
460 822 565 855 opere
587 817 728 855 operato
756 810 890 852 valere,
925 810 999 844 sine
1026 812 1120 843 bono

130 868 227 915 nuptu
247 861 386 896 utentis.
1145 869 1148 915 ‘3

233 911 300 944 Hic
327 913 421 944 enim
448 910 601 953 Paulus,
638 925 716 946 cum
742 912 890 958 requirit
914 913 1119 946 rationalem
1146 919 1148 922 ⁴

131 962 282 1001 cultum,
319 963 472 1007 postulat
493 964 624 996 bonum
646 971 780 997 motum
807 964 954 1003 utentis,
990 965 1122 998 scilicet

132 1025 231 1047 veros
248 1022 360 1047 motus
377 1014 515 1046 timoris
534 1022 565 1047 et
586 1015 665 1047 fidei
683 1026 762 1057 erga
780 1013 909 1049 Deum.

1144 198 1147 215 t

1145 219 1147 232 ι

131 1225 162 1250 et
182 1218 264 1251 fiant
280 1215 432 1258 hostiae,
467 1229 526 1251 seu
551 1225 591 1252 ut
614 1230 674 1251 vos
699 1219 967 1264 obtemperetiS,
1002 1227 1034 1254 et
1061 1221 1122 1253 fia-

131 1268 175 1302 tis
197 1267 342 1303 hostiae.

239 1320 339 1362 Quae
371 1325 420 1352 est
443 1326 558 1352 autem
587 1318 762 1364 emphasis
788 1321 824 1353 in
849 1321 1022 1355 vocabulo
1046 1320 1122 1354 Ho-

132 1370 244 1403 stiae?
272 1369 431 1403 Primum
451 1371 584 1404 oblatio
603 1378 651 1405 est
672 1372 844 1405 consessio
861 1374 1045 1417 quaedam,
1061 1384 1122 1406 seu

130 1421 347 1462 testificatio,
375 1421 469 1466 quod
498 1433 726 1465 agnoscamus
743 1422 868 1456 Deum.
921 1422 968 1458 Et
991 1431 1122 1457 macta-

130 1473 180 1506 tio
215 1472 387 1515 significat
418 1471 524 1506 fuisse
553 1473 764 1506 destinatam
789 1474 943 1519 aliquam
971 1482 1121 1508 mortem

130 1536 193 1567 pro
216 1530 366 1566 peccam.
421 1522 526 1564 Item,
561 1525 655 1568 quod
675 1522 765 1557 hanc
782 1535 943 1559 naturam
962 1527 1122 1559 vitiosam

131 1574 264 1607 aboleri
285 1580 465 1617 oporteat,
498 1581 531 1607 et
549 1576 643 1619 quod
662 1576 699 1607 in
724 1587 761 1608 ea
785 1583 897 1609 morte
920 1577 1122 1610 obedientia
1148 1598 1149 1602 =

559 1625 681 1670 ltaque
697 1624 780 1658 haec
798 1627 866 1659 tria
890 1625 1122 1671 comprehen-
1147 1631 1150 1667 l

134 1676 204 1716 dit,
235 1687 312 1708 cum
333 1675 494 1708 nominat
517 1672 686 1716 hostiam,
714 1677 879 1711 videlicet
904 1679 1120 1721 agnitionem
1147 1675 1149 1716 l

133 1625 207 1658 Deo
226 1626 431 1668 praestanda
450 1624 504 1657 sit.

135 1739 195 1759 seu
219 1726 510 1768 glorificationem
533 1726 621 1767 Dei,
663 1728 970 1762 mortificationem
998 1730 1123 1770 nostri,

135 1789 192 1810 seu
226 1777 463 1810 obedientiam
495 1776 530 1809 in
565 1778 835 1812 mortificatione
862 1782 1120 1823 praestandam,

136 1837 167 1861 et
194 1828 316 1870 fidem,
362 1840 427 1872 qua
456 1828 649 1869 credimus,
684 1830 778 1874 quod
805 1838 947 1874 propter
971 1829 1120 1865 hostiam

133 1876 315 1912 Christum
334 1876 398 1911 hae
417 1876 549 1911 hostiae
570 1880 728 1923 placeant
745 1879 838 1919 Deo,
868 1894 971 1926 quem
998 1895 1121 1916 omnes
1146 1884 1148 1886 ’

134 1929 268 1964 hostiae
299 1942 435 1973 semper
458 1930 761 1972 significaverunt,
795 1939 827 1965 et
849 1940 990 1976 propter
1016 1946 1120 1978 quem
1145 1933 1147 1947 ³

132 1982 278 2014 suerunt
296 1987 464 2024 acceptae.
517 1979 579 2014 Est
598 1994 678 2026 ergo
700 1985 888 2016 sententia:
918 1983 1027 2019 Fiatis
1054 1983 1120 2018 ho-

135 2033 240 2072 stiae,
267 2031 300 2063 id
319 2039 387 2072 est,
414 2033 608 2074 agnoscite,
637 2034 833 2077 praedicate
852 2046 911 2068 seu
929 2036 1120 2078 glorificate

135 2082 261 2123 Deum,
278 2089 310 2115 et
328 2082 496 2116 sustinete
507 2084 823 2124 mortificationem,
841 2092 873 2119 et
884 2087 1012 2120 credite
1023 2088 1118 2132 quod

135 2131 172 2166 hi
200 2133 303 2166 vestri
338 2133 451 2166 cultus
478 2133 636 2177 placeant
658 2136 734 2169 Deo
761 2144 904 2181 propter
925 2135 1118 2178 Christum,

135 2191 279 2228 propter
295 2196 397 2229 quem
415 2191 446 2217 et
464 2195 523 2217 vos
540 2185 621 2218 estis
637 2183 783 2222 hostiae.
838 2187 934 2222 Haec
961 2197 1010 2222 est
1034 2190 1118 2223 sim-

136 2235 340 2279 plicisssima
361 2235 545 2271 sententia.

239 2286 310 2319 lam
330 2286 355 2318 si
376 2286 608 2328 cogitabimus
626 2299 690 2320 nos
707 2300 778 2321 esse
802 2286 953 2334 hostias,
985 2291 1118 2324 intelli—

137 2348 254 2377 gemus
272 2349 335 2370 nos
352 2345 493 2371 vocatos
511 2350 600 2379 esse,
627 2351 698 2372 non
720 2340 761 2372 ad
781 2337 885 2374 huius
908 2343 1033 2375 mundi
1057 2356 1118 2375 vo-

137 2388 301 2430 luptates,
328 2400 429 2432 opes,
457 2389 668 2431 potentiam,
695 2391 752 2423 sed
772 2393 814 2424 ad
834 2387 973 2434 necem,
1000 2391 1118 2426 horri-

136 2438 208 2471 bile
239 2439 377 2478 odium,
416 2440 625 2474 afflictiones
650 2442 767 2474 omnis
792 2443 945 2484 generis,
988 2445 1118 2488 quibus

137 2500 381 2533 oppugnamur
397 2503 416 2523 a
437 2491 579 2525 diabolo
605 2498 637 2525 et
662 2493 780 2536 impiis
804 2492 1020 2530 hominibus.
1073 2495 1118 2530 Et

137 2540 226 2574 sicut
242 2537 351 2573 hostia
369 2547 435 2575 stat
453 2543 494 2575 ad
514 2555 608 2576 aram
636 2551 820 2588 expectans
843 2545 981 2579 assidue
1005 2547 1117 2580 donec

134 2590 298 2624 feriatur:
326 2591 371 2624 ita
396 2604 458 2625 nos
475 2600 604 2627 stemus
624 2595 666 2627 ad
686 2606 802 2634 aram,
831 2596 864 2630 id
883 2604 948 2638 est,
976 2597 1013 2630 in
1032 2610 1116 2631 con-

134 2643 285 2675 sessione
308 2649 339 2675 et
362 2643 615 2685 glorificatione
633 2644 718 2684 Dei,
753 2654 786 2681 et
812 2655 1025 2693 praestemus
1040 2647 1114 2683 Deo

184 2692 368 2726 Munxrn.
397 2696 498 2729 Ona.
524 2698 604 2729 Vox..
635 2698 712 2730 XV.

464 61 499 95 2.
528 58 894 96 COMMENTARH
925 60 974 95 IN
1002 58 1158 95 EPIST.

1147 1001 1149 1055 l
1172 1026 1189 1047 a
1207 1015 1303 1053 Deo,
1333 1025 1364 1048 et
1381 1015 1475 1059 quod
1495 1014 1551 1047 fiat
1571 1014 1605 1045 in
1626 1014 1692 1046 lide
1715 1027 1774 1047 sen
1793 1015 1918 1047 fiducia
1937 1013 2089 1057 Christi,
2116 1017 2166 1049 si-

234 1063 298 1098 Est
333 1065 439 1107 igitur
468 1062 551 1098 haec
573 1065 673 1098 Pauli
700 1067 913 1110 propositio:
950 1064 1123 1100 Obtestor
1147 1059 1149 1087 l

132 1127 210 1155 vos,
239 1123 275 1149 ut
293 1115 474 1160 praestetis
489 1115 562 1149 Deo
581 1129 679 1149 veros
698 1118 812 1150 cultus
832 1118 1044 1161 spirituales,
1062 1130 1123 1151 seu
1148 1134 1150 1161 3:

131 1174 247 1199 motus
267 1167 401 1206 cordis,
430 1167 476 1199 ita
496 1174 533 1199 ut
558 1168 802 1212 obtemperent
828 1181 974 1212 corpora
997 1176 1122 1210 vestra,
1148 1174 1151 1192 ¹

1186 57 1334 95 PAULI
1362 56 1428 94 AD
1452 56 1715 96 ROMANOS.

1172 146 1408 180 obedientiam
1441 146 1478 179 iu
1504 147 1809 190 persecutionibus
1832 155 1865 182 et
1889 149 2160 191 calamitatibus,

1171 199 1300 242 quibus
1324 198 1528 238 obruimur,
1557 205 1588 232 et
1612 198 1648 230 in
1667 196 1722 231 his
1738 199 1944 233 invocemus
1962 200 2077 234 Deum
2091 228 2100 242 ,
2128 208 2162 235 et

1171 250 1356 281 credamus
1386 249 1522 292 placere
1548 247 1612 281 hos
1645 250 1759 283 cultus
1785 258 1928 294 propter
1959 250 2162 293 Christum,

1171 307 1316 346 propter
1336 312 1439 344 quem
1460 301 1563 332 etiam
1583 300 1774 345 aliquando
1797 302 2039 336 liberabimur.

1272 350 1384 383 Addit
1411 351 1537 390 vitam,
1566 351 1647 395 quia
1671 363 1803 384 novum
1824 352 2090 387 Testamentum
2108 355 2163 388 af-

1170 402 1236 434 fert
1263 408 1466 444 perpetuam
1495 401 1669 434 iusticiam
1698 409 1729 435 et
1759 405 1877 437 vitam.
1934 403 2017 438 Ideo
2043 406 2163 450 requi-

1171 459 1299 485 runtur
1318 452 1384 484 iam
1404 458 1589 494 perpetuae
1608 450 1760 493 hostiae,
1782 461 1972 497 perpetuae
1992 456 2112 489 laudes
2131 463 2164 490 et

1171 503 1363 547 gratiarum
1387 503 1552 537 actiones,
1605 502 1685 536 Non
1703 504 1770 536 iam
1791 507 1939 547 pecudes
1956 508 2163 540 mactandae

1171 562 1264 594 sunt,
1284 555 1341 586 sed
1363 554 1448 587 tales
1468 551 1623 595 hostiae,
1641 567 1729 599 quae
1747 568 1929 600 quanqum
1949 558 2164 590 mortifican-

1171 613 1241 645 tur,
1259 612 1377 638 tamen
1394 605 1499 638 simul
1518 605 1722 648 concipiunt
1742 618 1870 639 novam
1889 607 2009 648 vitam,
2026 614 2065 642 ut
2083 620 2164 653 per-

1172 664 1279 701 petuo
1298 656 1411 689 Deum
1431 656 1640 699 glorificent.

1274 707 1458 747 Sanctam,
1476 707 1509 738 id
1531 715 1598 747 est,
1617 708 1659 739 ad
1678 718 1761 740 usus
1779 707 1921 741 divinos
1940 709 2163 750 destinatam,

1172 760 1212 791 ad
1241 758 1500 791 invocationem
1525 757 1609 797 Dei,
1637 760 1677 790 ad
1706 759 2025 801 praedicationem,
2054 762 2164 802 glori-

1172 810 1388 849 ficationem,
1404 817 1437 842 et
1453 810 1519 841 alia
1540 809 1630 841 bona
1649 822 1753 852 opera
1768 837 1776 848 ,
1793 812 1850 843 sed
1872 809 1938 851 ita,
1955 819 1993 845 ut
2010 814 2052 844 ad
2070 810 2165 845 hunc

1172 860 1278 894 finem
1301 861 1432 893 directa
1453 861 1541 897 sint,
1572 867 1609 893 ut
1626 861 1736 900 gloria
1757 860 1823 894 Dei
1842 870 2000 898 ornetur.

1273 910 1349 945 Deo
1369 912 1579 954 placentem:
1615 911 1658 945 Ut
1685 919 1800 944 autem
1823 925 1911 956 opus
1930 912 2003 946 Deo
2022 914 2165 958 placeat,

1173 964 1243 995 duo
1271 964 1520 1008 requiruntur,
1551 963 1733 1002 videlicet,
1768 966 1861 1007 quod
1890 965 1932 997 sit
1958 967 2164 999 mandatum

1776 58 1882 98 CAP.
1910 61 1993 98 ΧΠ.
2087 62 2161 98 706

1174 1074 1229 1099 cut
1247 1066 1415 1108 scriptum
1443 1073 1509 1098 est:
1543 1065 1657 1097 lustus
1677 1078 1716 1097 ex
1742 1066 1808 1097 fide
1836 1066 1940 1101 vivet.
1994 1066 2167 1112 Requiri-

1174 1123 1231 1149 tur
1251 1117 1358 1158 igitur
1380 1124 1409 1149 et
1437 1114 1500 1149 hoc
1522 1117 1596 1148 loco
1617 1114 1698 1148 haec
1718 1116 1801 1148 tides
1822 1117 1856 1148 in
1876 1118 2043 1151 ominbus
2061 1119 2166 1151 bonis

1175 1170 1361 1211 operibus,
1400 1175 1434 1200 ut
1452 1169 1634 1199 credamus
1659 1167 1794 1209 placere
1821 1166 1904 1200 haec
1923 1181 1994 1200 non
2024 1177 2167 1214 propter

1176 1227 1330 1252 nostram
1348 1219 1554 1260 dignitatem
1569 1245 1577 1255 ,
1606 1225 1666 1250 aut
1686 1219 1863 1261 propriam
1883 1221 2088 1262 puritatem,
2107 1223 2167 1254 sed

1175 1277 1319 1313 propter
1338 1270 1536 1312 pontificem
1554 1265 1746 1303 flii-istum.
1803 1269 1902 1303 Sicut
1918 1278 1948 1303 et
1965 1270 2090 1305 Petrus
2111 1272 2167 1304 in-

1175 1321 1268 1365 quit:
1298 1320 1499 1353 Oll'erentes
1518 1317 1648 1352 hostias
1668 1320 1885 1363 spirituales,
1912 1329 2071 1365 acceptas
2089 1321 2165 1356 Deo

1175 1383 1236 1414 per
1257 1371 1370 1404 lesum
1388 1369 1582 1405 Christum.
1626 1368 1672 1403 Et
1688 1369 1774 1405 Ebr.
1790 1371 1935 1406 ultimo:
1965 1371 2032 1406 Per
2050 1373 2166 1418 ipsum

1174 1423 1365 1456 offeramus
1394 1420 1543 1455 hostiam
1570 1422 1696 1457 laudis.

1278 1472 1339 1507 Est
1359 1486 1439 1516 ergo
1464 1486 1598 1506 summa
1621 1471 1727 1506 huius
1750 1474 2020 1518 propositionis:
2060 1474 2166 1509 Prae·-

1175 1525 1258 1568 cipit
1276 1532 1314 1558 ut
1333 1524 1404 1558 Deo
1422 1524 1645 1564 obediamus,
1679 1532 1710 1557 et
1729 1532 1767 1558 ut
1785 1523 1870 1558 haec
1887 1526 2088 1559 obedientia
2108 1527 2167 1560 fiat

1176 1576 1211 1608 in
1230 1588 1311 1608 vero
1329 1576 1455 1608 timore
1472 1575 1559 1611 Dei,
1588 1587 1666 1607 vera
1691 1575 1776 1613 fide,
1805 1583 1837 1608 et
1864 1574 1929 1608 hoc
1946 1576 2032 1614 fine,
2062 1584 2100 1610 ut
2119 1578 2164 1610 il-

1174 1627 1298 1659 lustret
1323 1626 1470 1669 gloriam
1498 1625 1581 1664 Dei,
1610 1633 1641 1659 et
1667 1626 1791 1659 invitet
1817 1627 1904 1659 alios
1921 1628 1963 1660 ad
1983 1628 2164 1670 pietatem.

1174 1677 1219 1711 lit
1239 1678 1320 1723 quia
1341 1677 1521 1711 transtulit
1539 1678 1737 1709 doctrinam
1756 1680 1799 1710 de
1819 1678 1922 1710 bonis
1937 1678 2105 1722 operibus
2121 1681 2166 1712 ad

1175 1729 1290 1762 locum
1309 1741 1534 1762 communem
1562 1730 1604 1761 de
1632 1726 1777 1767 hostiis,
1806 1729 1906 1762 valde
1931 1730 2040 1762 multa
2067 1742 2166 1763 com-

1175 1780 1295 1822 plexus
1316 1787 1383 1820 est,
1411 1780 1591 1819 videlicet,
1619 1781 1712 1823 quod
1742 1781 1787 1813 sit
1813 1792 1951 1813 necesse
1968 1778 2043 1813 Deo
2061 1793 2165 1825 prae-

1173 1838 1264 1863 stare
1288 1832 1440 1871 cultum,
1476 1832 1569 1875 quod
1603 1837 1761 1874 oporteat
1791 1843 1854 1864 nos
1880 1831 2055 1864 subiectos
2092 1844 2165 1866 esse

1173 1882 1439 1915 afflictionibus,
1495 1881 1597 1920 ltem,
1627 1883 1722 1926 quod
1748 1889 1906 1926 oporteat
1926 1882 2044 1915 omnia
2071 1883 2164 1917 bona

1173 1945 1277 1976 opera
1296 1934 1369 1966 fieri
1391 1934 1426 1966 in
1447 1933 1531 1973 fide,
1567 1941 1599 1966 et
1624 1933 1746 1965 referri
1766 1935 1806 1966 ad
1827 1933 2026 1977 exemplum
2044 1935 2087 1966 ad
2105 1946 2164 1967 ex-

1171 1985 1331 2017 citandos
1355 1985 1463 2027 alios,
1497 1991 1535 2017 ut
1566 1984 1764 2018 innotescat
1788 1984 1894 2019 Deus.
1951 1983 2056 2025 Item,
2083 1997 2162 2018 cum

1171 2036 1242 2068 sint
1265 2036 1452 2076 sacrificia,
1496 2035 1656 2079 placeant
1682 2034 1756 2068 Deo
1792 2043 1936 2080 propter
1963 2035 2162 2079 pontificem

1171 2085 1370 2128 Christum,
1406 2099 1484 2120 cum
1510 2087 1642 2119 accedit
1669 2087 1761 2121 fides.

1296 2168 1355 2204 Ne
1383 2168 1578 2204 imitemini
1597 2174 1721 2216 gestus
1748 2166 1859 2203 huius
1885 2166 2024 2204 numdi.

1276 2239 1316 2273 ln
1348 2238 1416 2273 hoc
1454 2240 1549 2273 dicto
1584 2240 1754 2283 repetitur
1795 2239 1956 2282 superior
1989 2239 2161 2272 sententia

1171 2303 1231 2335 per
1265 2289 1473 2324 antithesin:
1519 2290 1571 2324 Ne
1614 2289 1803 2323 habeamus
1845 2289 1988 2322 affectus
2029 2290 2162 2323 similes

1170 2344 1452 2380 mundanorum,
1493 2343 1551 2375 sed
1582 2353 1693 2374 novos
1719 2340 1862 2373 affectus
1887 2338 1962 2372 Deo
1987 2340 2160 2373 obedien-

1171 2402 1230 2427 tes.
1299 2392 1388 2426 Nam
1435 2406 1516 2427 cum
1559 2399 1650 2425 vetat
1684 2391 1814 2424 imitari
1850 2392 2043 2431 mundum,
2086 2403 2160 2424 non

1171 2446 1348 2489 vituperat
1376 2456 1448 2482 res,
1491 2455 1641 2488 quarum
1677 2454 1779 2475 usum
1823 2440 1919 2475 Deus
1962 2443 2161 2482 ordinavit,

1169 2508 1241 2530 non
1259 2503 1351 2529 vetat
1368 2507 1468 2529 usum
1488 2495 1668 2531 ciborum,
1697 2493 1871 2535 coniugii,
1908 2493 2159 2536 imperiorum„

1168 2548 1400 2587 iudiciorum,
1428 2552 1689 2584 contractuum,
1716 2551 1749 2577 ct
1764 2544 1913 2576 aliarum
1932 2542 1996 2576 Dei
2014 2544 2157 2577 ordina-

1169 2599 1324 2638 tionum,
1351 2599 1408 2630 sed
1435 2594 1599 2641 prohibet
1624 2595 1768 2628 vitiosos
1790 2595 1945 2629 affectus,
2000 2593 2083 2626 Ideo
2101 2594 2157 2626 in-

1168 2651 1260 2695 quit:
1290 2647 1437 2688 Genus,
1466 2648 1501 2680 id
1519 2653 1589 2687 cst,
1616 2652 1733 2679 motus
1748 2646 1857 2679 animi
1876 2657 1947 2678 non
1966 2645 2036 2678 sint
2058 2643 2154 2677 simi-

1620 2695 1668 2733 45
