2415 2942
234 118 307 153 659

239 204 441 239 affectibus,
474 198 530 231 sed
558 199 758 238 repugnate.
812 188 911 223 Sicut
937 195 968 222 et
995 187 1086 220 infra
1113 185 1217 219 dicit:

239 256 276 290 Si
296 255 448 287 actiones
465 248 578 281 caruis
597 245 723 288 spiritu
746 240 1021 278 mortificabitis,
1050 238 1186 271 vivetis.

341 318 387 351 Hi
415 316 481 349 loci
509 321 538 347 et
564 313 695 347 similes
717 309 908 343 ostendunt
932 306 1121 339 discrimen
1141 316 1220 349 pec-

241 372 305 403 cati
326 367 484 401 mortalis
499 373 530 398 et
550 364 708 396 venialis.
759 360 908 394 Manent
928 358 963 390 in
984 356 1121 391 Sanctis
1137 367 1222 389 con·
1246 365 1250 431 Ι

242 419 454 465 cupiscentia
479 423 512 450 et
544 414 661 447 vitiosi
684 412 843 445 affectus:
872 410 929 443 sed
956 421 1034 442 cum
1065 405 1119 440 his
1138 406 1223 439 resi-

244 478 360 509 stunt,
396 476 426 502 et
454 469 521 500 fule
547 471 670 510 petunt
693 475 730 496 ac
753 467 910 495 statuunt
935 459 1000 493 sibi
1028 457 1221 492 condonari

243 522 326 556 htec
343 527 497 565 peccata,
523 518 610 550 fiunt
628 514 800 552 venialia,
824 512 904 556 qni-i
928 511 1031 543 etiam
1057 521 1134 542 cum
1163 508 1224 540 ad-

244 580 323 606 sunt
343 571 446 611 talia,
472 576 617 612 possunt
635 565 740 599 simul
768 565 914 596 existere
938 562 973 594 in
993 561 1059 606 piis
1073 559 1226 604 Spiritus

246 630 385 657 sanctus
404 628 437 655 et
455 620 550 653 fides.

1248 538 1252 574 l

347 689 415 724 Sed
444 684 605 719 mortalia
630 689 712 716 sunt
735 681 771 713 in
801 678 873 717 his,
903 678 962 724 qui
987 678 1125 710 fuerant
1148 686 1226 707 san-
1250 645 1256 730 l

248 741 408 778 ctificati,
442 750 519 771 cum
552 742 670 768 contra
705 730 953 764 conscientiam
986 729 1255 769 obtemperant,

249 793 366 838 pravis
391 788 584 822 affectibus.
639 783 737 817 Sicut
762 782 851 814 infra
871 780 1018 813 dicitur:
1045 777 1081 810 Si
1105 787 1228 809 secun-
1254 785 1256 816 ξ

250 847 334 878 dum
360 851 498 874 carnem
523 835 662 874 vivetis,
699 831 911 865 moriemini.
970 827 1016 862 Et
1039 825 1112 860 hic:
1148 825 1228 859 Non

250 893 411 939 praebete
434 888 590 922 membra
610 891 720 917 vestra
744 894 838 916 arma
864 880 1072 914 iniusticiae.
1125 876 1230 909 Prae·
1254 864 1258 902 l

251 945 335 989 cipit
358 948 493 979 autem,
520 938 601 983 qnia
625 947 704 968 cnm
731 934 837 966 verbo
859 931 922 966 Dei
942 938 991 963 est
1015 929 1131 961 efficax
1150 927 1231 971 Spi-
1255 904 1259 980 l

253 997 339 1029 ritus
369 999 528 1029 sanctus,
563 994 595 1020 et
626 985 775 1030 impellit
808 984 902 1027 pios,
929 990 962 1016 et
993 992 1056 1013 nos
1085 977 1232 1023 obsequi

254 1043 472 1092 impellenti,
498 1052 568 1072 non
599 1047 794 1080 repugnare
821 1035 1008 1071 debemus,
1036 1031 1123 1063 sicut
1147 1028 1232 1061 alibi

254 1095 369 1141 inquit
391 1093 537 1127 Paulus:
576 1088 718 1126 Videte,
750 1099 793 1118 ne
817 1087 943 1118 frustra
970 1082 1115 1126 gratiam
1138 1091 1234 1113 acce-

253 1146 386 1192 peritis.
442 1142 561 1181 Iubet,
576 1147 614 1173 ut
635 1140 766 1171 donum
785 1145 1021 1169 exerceamus:
1050 1139 1082 1166 et
1110 1132 1147 1164 in
1167 1128 1234 1163 hoc

255 1196 417 1231 exercitio
437 1192 623 1237 proficiunt
642 1190 710 1233 pii,
739 1189 833 1221 iuxta
859 1187 965 1219 illud:
994 1183 1088 1216 Haec
1107 1193 1235 1221 exerce,

255 1257 295 1283 ut
313 1246 487 1292 profectus
506 1252 584 1276 tuus
607 1245 779 1284 appareat.

355 1314 406 1348 lta
434 1311 492 1345 hic
517 1308 753 1351 significanter
777 1305 840 1337 ait:
875 1299 1044 1336 Exhibete
1067 1300 1236 1338 membra,

256 1375 296 1401 ut
313 1366 381 1399 sint
398 1375 491 1397 arma
506 1360 672 1393 iusticiae.
699 1356 782 1388 Vult
803 1354 895 1387 enim
909 1353 1054 1385 excitare
1069 1358 1101 1384 et
1115 1362 1237 1383 acuere

257 1420 445 1452 fervorem.
498 1411 595 1445 Sicut
624 1408 707 1441 alibi
734 1405 862 1450 iuquit:
888 1403 1077 1436 Ferventes
1100 1401 1238 1445 spiritu.

258 1467 304 1503 Ut
331 1467 426 1500 enim
453 1475 525 1496 non
551 1467 631 1494 sunt
659 1458 824 1500 languida
856 1455 1026 1494 membra,
1059 1464 1131 1486 non
1150 1459 1239 1497 ,sunt

258 1520 389 1557 otiosa,
418 1521 588 1560 quatenns
607 1508 736 1542 habent
763 1504 1060 1550 iiiipetusfs'eteris
1085 1510 1240 1542 naturae,

259 1570 317 1604 sed
345 1573 425 1601 sunt
450 1570 566 1606 vegeta
585 1569 615 1594 et
641 1558 769 1592 liabent
786 1568 879 1590 acres
901 1556 1061 1598 impetus.
1114 1552 1164 1587 Ita
1181 1565 1240 1585 re-

259 1625 407 1653 novatae
432 1622 577 1648 naturae
602 1611 757 1643 membra
787 1606 942 1651 oportuit
971 1617 1042 1638 non
1067 1615 1139 1637 esse
1163 1604 1241 1635 lan-

261 1670 383 1714 guida,
411 1667 468 1700 sed
487 1663 616 1698 habere
641 1671 734 1695 acres
760 1666 793 1692 et
816 1669 917 1691 veros
934 1664 1049 1690 motus
1074 1656 1116 1688 ad
1135 1655 1241 1688 bene-

262 1721 478 1755 faciendum.

363 1785 409 1821 Et
438 1794 615 1819 armorum
642 1778 814 1812 vocabulo
839 1787 922 1810 usus
949 1781 1019 1815 est,
1054 1779 1092 1807 ut
1112 1773 1244 1816 signifi-

265 1847 334 1879 cet,
362 1839 398 1871 in
414 1835 479 1869 liae
496 1834 621 1867 militia
644 1830 844 1864 Christiana
872 1826 1076 1859 acerrimam
1099 1825 1244 1857 dimica-

264 1892 396 1926 tionem
416 1899 487 1919 esse
505 1891 666 1928 oportere
685 1882 850 1913 adversus
867 1877 1067 1916 diabolum,
1093 1887 1246 1918 carnem,

265 1949 298 1976 et
318 1939 432 1974 omnis
451 1935 587 1980 generis
606 1933 750 1966 insidias
770 1937 803 1963 et
819 1928 1040 1963 tentationes.

400 2052 590 2088 Peccatum
624 2048 722 2082 cobis
752 2059 824 2080 non
852 2041 1116 2079 dominabitur.

369 2121 575 2166 Respondet
594 2118 715 2151 tacitae
735 2113 934 2148 obiectioni.
977 2111 1130 2153 Quando
1155 2109 1248 2142 enim

270 2176 432 2211 andimus
449 2171 652 2205 concionem
672 2169 713 2200 de
729 2164 948 2206 obedientia,
976 2161 1090 2195 statim
1115 2161 1250 2205 quaerit
1272 2145 1275 2184 l

271 2228 328 2272 pia
362 2236 478 2263 mens,
519 2233 597 2254 cum
632 2230 703 2251 non
736 2216 905 2260 possimus
937 2212 1132 2246 satisfacere
1170 2211 1276 2253 legi.l

274 2276 464 2319 Quomodo
497 2271 645 2317 placebit
679 2276 796 2301 nostra
830 2262 1053 2298 obedientia?
1112 2261 1163 2294 lta
1194 2259 1250 2294 hic

274 2340 352 2361 cum
370 2326 500 2359 Paulus
517 2322 674 2356 dixisset:
702 2318 868 2351 Praebete
894 2314 1049 2347 membra
1068 2319 1179 2345 vestra
1196 2324 1251 2344 ar-

274 2390 329 2411 rna
361 2376 538 2414 iusticiae,
574 2372 620 2415 pii
654 2375 833 2412 anguntur
857 2373 890 2399 et
915 2366 1114 2408 disputant,
1151 2362 1277 2406 Quo-2

275 2428 382 2461 modo
401 2427 529 2470 placeat
547 2424 607 2456 illa
631 2419 851 2457 obedientia,
878 2415 1080 2460 praesertim
1105 2426 1182 2446 cnm
1208 2414 1252 2447 sit
1275 2410 1277 2455 l

277 2478 415 2511 infinita
445 2474 694 2508 dissimilitudo
720 2472 918 2507 donorum,
953 2478 1030 2499 cum
1057 2465 1100 2497 sit
1130 2476 1251 2507 magna
1275 2466 1278 2492 l

276 2527 482 2564 infirmitas,
517 2536 594 2557 cum
620 2523 738 2555 multis
767 2519 967 2562 ingentibus
993 2516 1165 2549 scandalis
1190 2528 1252 2547 no-
1276 2509 1278 2528 ”

278 2587 346 2612 stra
367 2575 565 2609 ohedientia
586 2574 811 2606 deformetur.
865 2569 932 2602 Hic
954 2568 1141 2611 respondet
1165 2565 1255 2598 Pan-
1278 2582 1279 2605 ;

279 2631 347 2662 lus:
384 2627 568 2661 Peccatum
607 2636 677 2656 non
720 2621 961 2653 ‹t‹›tttin.2t»i1nr
997 2618 1106 2653 vobis.
1174 2615 1280 2649 Non*

281 2682 372 2713 enim
390 2679 470 2711 estis
487 2677 550 2710 sub
570 2674 680 2718 Lege,
709 2674 765 2706 sed
787 2673 850 2704 sub
869 2670 1003 2704 Gratia.

819 103 946 139 PtttL.
972 101 1090 137 MEL.
1117 99 1327 136 SCRIPTA
1352 93 1651 132 EXEGE'rtCA.

1275 439 1451 471 credimus
1468 437 1505 469 in
1523 434 1714 469 Christum.

1276 489 1444 522 dientiam
1476 493 1614 531 reputat
1645 498 1707 530 pro
1733 485 1945 529 perfectione
1972 485 2074 527 legis,
2118 485 2254 519 etiamsi

2178 95 2254 132 640

1374 182 1477 217 Nulla
1495 181 1694 215 obedientia
1719 181 1828 225 placet
1853 181 1920 215 nisi
1944 188 2155 222 sanctorum,
2177 180 2252 215 No-

1273 241 1342 268 stra
1378 232 1579 268 obedientia
1621 244 1694 265 nou
1730 239 1780 265 est
1806 238 2082 278 tanta,=.qnanta
2115 239 2253 266 sancto-

1274 297 1374 326 rum,
1408 282 1502 327 Ergo
1527 294 1598 317 non
1626 283 1749 327 placet.
1801 281 2030 325 Respondeoz
2064 282 2160 327 Nego
2185 283 2252 316 mi—

1274 348 1414 377 norem,
1449 335 1530 380 quia
1562 334 1623 366 etsi
1653 340 1769 366 nostra
1795 333 1996 366 obedientia
2021 346 2056 366 re
2080 334 2154 378 ipsa
2178 344 2252 366 non

1275 395 1325 421 est
1341 394 1456 426 tanta,
1482 392 1599 419 tamen
1616 384 1848 427 imputatione
1868 391 1917 416 est
1933 384 1962 416 ei
1983 384 2119 419 similis.
2157 384 2252 427 Quia

1769 434 1863 468 Deus
1875 435 2158 478 qualemcunque
2171 438 2255 468 obe-

1278 539 1528 572 dissimilitudo
1552 538 1596 570 sit
1619 537 1656 569 in
1678 538 1792 570 donis.
1845 535 1940 570 Deus
1962 535 2039 569 vult
2060 546 2133 569 esse.
2159 535 2257 569 illam

1249 593 1255 635 1
1279 589 1603 623 dissimilitudinem
1625 595 1687 621 etc.

1382 655 1477 689 Haec
1509 656 1668 689 doctrina
1692 662 1724 689 et
1756 655 1949 688 consolatio
1968 654 2178 688 'necessaria
2196 657 2260 690 'est

1281 708 1346 751 piis
1359 733 1367 745 ,
1395 714 1433 740 ut
1461 707 1570 740 sciant
1586 714 1756 752 quatenus
1774 713 1806 739 et
1823 707 2003 751 quomodo
2020 706 2156 739 incoata
2173 707 2259 739 obe·

1254 770 1256 780 >
1282 760 1412 791 dieutia
1431 759 1584 801 placeat,
1613 770 1690 790 cum
1708 759 1752 791 sit
1771 757 1989 800 imperfecta,
2017 768 2094 789 cum
2111 757 2154 790 sit
2179 769 2259 790 ma·-

1282 821 1348 852 gna
1376 809 1626 841 dissimilitudo
1656 811 1851 846 donorum,
1885 820 1963 840 cum
1988 808 2260 841 innumerabili-

1285 863 1348 893 bus
1373 859 1545 891 scandalis
1571 866 1604 892 et
1629 860 1823 892 terroribus
1838 871 2012 892 vexemur.
2068 858 2188 902 Quare
2211 859 2261 893 sic

1285 911 1502 952 intelligatur
1526 908 1591 942 hoc
1617 909 1768 949 dictum,
1811 916 1978 954 tanquam
2009 909 2203 943 consolatio
2226 916 2261 944 et

1284 961 1482 1006 promissio.
1552 959 1737 992 Peccatum
1770 972 1843 992 non
1874 961 2118 994 dominabitur
2147 961 2262 1001 vobis,

1287 1014 1320 1045 id
1343 1019 1410 1049 est,
1438 1022 1510 1043 non
1535 1011 1677 1043 damnat
1694 1021 1774 1050 vos,
1802 1022 1873 1043 non
1899 1012 2092 1055 imputatur
2114 1012 2261 1044 creden-

1286 1064 1378 1097 tibus
1403 1063 1439 1094 in
1457 1060 1654 1101 Christum,
1682 1062 1739 1093 sed
1767 1062 2035 1104 placet‘iucoata
2061 1061 2261 1096 obedientia

1287 1120 1429 1158 propter
1445 1113 1614 1155 gratiam,
1641 1112 1675 1143 id
1695 1118 1762 1152 est,
1788 1112 1871 1157 quia
1897 1113 2071 1146 credimus
2095 1113 2133 1158 in
2152 1110 2263 1146 Chri-

1288 1174 1397 1204 stum,
1425 1163 1560 1196 etiamsi
1581 1169 1630 1196 est
1649 1163 1862 1206 imperfecta.

1388 1229 1428 1264 In
1451 1230 1596 1262 eandem
1628 1229 1835 1262 sententiam
1866 1228 1957 1262 infra
1990 1228 2124 1274 inquit:
2158 1227 2265 1264 Nulla

1291 1293 1385 1315 nnnc
1415 1280 1663 1313 condemnatio
1687 1287 1735 1313 est
1759 1277 1832 1319 his,
1869 1280 1929 1326 qui
1955 1280 1991 1312 in
2019 1278 2162 1314 Christo
2187 1280 2265 1315 lesu

1290 1332 1483 1365 ambulant.
1539 1329 1692 1375 Ideoque
1714 1331 1804 1363 ratio
1828 1342 1886 1363 seu
1912 1331 2095 1374 explicatio
2121 1332 2266 1376 subiici-

1290 1390 1363 1417 tur:
1397 1381 1477 1414 Non
1502 1381 1583 1414 estis
1601 1383 1664 1414 sub
1683 1380 1793 1424 Lege,
1822 1382 1879 1414 sed
1899 1382 1964 1414 sub
1980 1380 2123 1421 Gratia,
2152 1381 2188 1414 id
2206 1389 2267 1421 est,

1291 1434 1357 1466 sub
1389 1431 1630 1464 misericordia
1664 1438 1864 1475 acceptante
1901 1443 1961 1464 vos
1996 1439 2137 1474 propter
2163 1429 2267 1466 Chri-

1293 1491 1402 1523 stum,
1443 1483 1537 1515 iuxta
1569 1482 1856 1526 promissionem,
1899 1483 1934 1514 id
1966 1489 2030 1515 est:
2074 1482 2267 1515 Credentes

1294 1535 1431 1578 placent
1450 1540 1592 1577 propter
1607 1530 1807 1573 Christum,
1825 1532 1958 1566 etiamsi
1978 1534 2137 1565 nondum
2155 1533 2269 1576 reipsa

1294 1585 1512 1618 satisfaciunt
1530 1583 1608 1625 legi.
1660 1582 1732 1615 Nec
1757 1581 1860 1616 habet
1887 1584 1940 1615 lex
1959 1583 2012 1615 ius
2031 1583 2210 1616 iudicandi
2237 1591 2272 1618 et

1295 1633 1487 1669 damnandi
1511 1635 1702 1666 credentes.
1763 1632 1828 1676 Sic]
1845 1640 1877 1667 et
1901 1633 1942 1666 ad
1970 1632 2113 1667 Galatas
2137 1633 2270 1678 inquit:

1295 1685 1456 1720 Christus
1473 1685 1621 1717 redemit
1640 1695 1704 1716 nos
1720 1695 1737 1716 a
1755 1684 1939 1717 maledicto
1957 1684 2059 1726 legis,
2077 1691 2140 1718 etc.
2175 1683 2272 1718 Haec

1297 1744 1347 1770 est
1366 1735 1512 1779 simplex
1532 1742 1564 1768 et
1582 1746 1744 1778 germana
1763 1732 1868 1768 huius
1885 1735 1952 1768 loci
1973 1735 2155 1769 sententia.

1402 1802 1464 1837 Est
1480 1809 1596 1835 autem
1621 1800 1678 1834 hie
1704 1803 1897 1845 prudenter
1919 1804 2138 1836 observanda
2164 1803 2275 1846 signi—

1298 1855 1412 1889 ficatio
1430 1854 1590 1886 vocabuli
1609 1851 1744 1887 Gratia.
1782 1853 1872 1886 Tota
1889 1855 1983 1886 enim
2007 1853 2178 1887 sententia
2196 1866 2275 1888 cor-

1300 1906 1478 1949 rumpitur
1505 1911 1537 1936 et
1570 1904 1733 1937 obruitur
1769 1905 1812 1937 ab
1843 1905 1933 1948 ittis,
1977 1905 2037 1949 qui
2072 1912 2273 1948 exponunt:

1300 1956 1396 1990 Estis
1414 1957 1479 1988 sub
1496 1953 1637 1993 Gratia,
1671 1955 1706 1986 id
1732 1961 1799 1992 est,
1833 1954 1923 1998 Lege
1946 1955 2089 1995 morali,
2117 1967 2196 1988 cum
2221 1956 2276 1989 lex

1302 2007 1445 2040 moralis
1470 2005 1617 2038 maxime
1640 2006 1860 2039 condemnet.
1923 2004 1991 2039 Sed
2009 2006 2118 2048 gratia
2144 2007 2187 2039 de
2209 2007 2277 2039 im·
2314 2007 2324 2013 ’

1303 2057 1483 2103 putatione
1510 2056 1747 2098 intelligatur,
1782 2068 1848 2100 qua
1875 2058 2053 2089 credentes
2077 2064 2158 2090 sunt
2182 2057 2278 2098 iusti,

1303 2111 1338 2141 id
1358 2116 1424 2148 est,
1452 2107 1582 2150 accepti
1600 2113 1742 2150 propter
1757 2104 1958 2147 Christum,
1985 2120 2073 2152 quae
2091 2108 2276 2150 imputatio

1304 2160 1340 2192 in
1357 2158 1548 2200 Evangelio
1566 2158 1820 2190 annunciatur:
1845 2165 1878 2192 et
1910 2170 2110 2203 quanquam
2135 2158 2276 2190 effectus

1304 2218 1337 2243 et
1367 2209 1549 2242 renovatio
1582 2209 1795 2241 comitantur
1828 2208 2116 2253 imputationem,
2158 2213 2275 2240 tamen

1304 2259 1515 2294 conscientia
1541 2260 1643 2292 debet
1673 2259 1802 2292 intueri
1834 2260 2038 2300 promissam
2071 2257 2277 2301 imputatio-

1275 2354 1277 2358 ·
1305 2323 1403 2350 nem,
1445 2317 1478 2343 et
1513 2311 1740 2343 mediatorem
1774 2307 1974 2352 Christum,
2015 2320 2086 2341 non
2117 2308 2278 2352 proprias

1305 2361 1490 2407 qualitates
1521 2369 1581 2395 aut
1613 2358 1766 2394 habitus.
1834 2358 1883 2392 Ita
1912 2358 1995 2392 baec
2017 2359 2189 2392 sententia
2213 2360 2280 2392 do-

1306 2413 1454 2446 ctrinam
1472 2419 1503 2445 et
1521 2411 1795 2445 consolationem
1822 2410 2070 2453 amplissimam
2097 2411 2278 2454 proponit:

1307 2464 1386 2497 Non
1412 2463 1492 2495 estis
1522 2463 1586 2495 sub
1611 2462 1702 2503 lege,
1737 2462 1795 2493 sed
1819 2461 1883 2493 sub
1907 2462 2034 2502 gratia,
2069 2461 2102 2494 id
2133 2468 2198 2501 est,
2225 2461 2280 2494 lex

1308 2526 1379 2546 non
1404 2512 1508 2547 habet
1534 2514 1586 2546 ius
1610 2511 1870 2544 condemnandi
1897 2513 2085 2547 credentes.
2145 2511 2281 2554 Quam-

1309 2566 1361 2597 vis
1379 2565 1534 2607 igitnrin
1563 2562 1784 2596 credentibus
1809 2562 2007 2604 imperfecta
2038 2570 2086 2596 est
2110 2563 2280 2596 obedien-

1309 2616 1375 2655 tia,
1404 2615 1514 2659 placet
1537 2621 1672 2653 tamen,
1697 2613 1778 2657 quia
1804 2625 1973 2656 personae
1998 2620 2205 2658 reputantur
2227 2614 2282 2648 iu-

1278 2661 1284 2704 l
1312 2673 1381 2700 stae
1398 2678 1457 2699 seu
1475 2672 1632 2709 acceptae
1654 2671 1797 2708 propter
1819 2664 2020 2708 pontificem
2038 2662 2230 2699 Christum.
