2415 2942
88 81 185 118 1361
290 80 390 118 x111.
445 81 478 118 7.
515 79 814 118 ENARRATIO
840 79 996 118 Emsr.
1025 80 1232 119 emonis
1260 79 1328 118 AD
1356 82 1684 127 ΤιΜῡΤΗΕῡῑνῑ.
1736 91 1841 130 cae.
1870 93 1933 130 tv.
2038 99 2135 136 1362

88 169 166 212 ligi,
184 173 214 200 et
236 167 272 200 in
290 165 415 201 harum
437 166 588 212 ipsarum
609 180 726 202 rerum
745 181 811 202 usu
829 169 944 202 lucere
963 170 1077 212 fidem,

88 218 368 258 invocationem,
396 226 429 252 et
446 219 532 252 alias
550 220 707 253 virtutes.

193 268 263 303 Sed
311 268 515 303 manichaea
552 277 583 303 et
618 270 869 314 anabaptistica
907 271 1077 305 colluvies

68 321 251 360 ,fascinata
280 333 296 354 a
323 321 465 354 diabolo
491 328 642 355 ostentat
673 333 800 355 novam
837 323 1076 364 sanctitatem,

83 371 183 416 quasi
211 371 420 416 reliquerint
445 379 595 411 terram,
624 380 656 406 et
674 373 822 406 volitent
846 374 880 406 in
901 374 998 407 coelo
1016 386 1075 407 ex-

82 429 134 456 tra
157 420 248 455 hanc
267 423 357 456 vitae
377 423 597 464 societatem,
627 431 659 457 et
676 423 780 457 iactat
799 425 930 458 interea
956 436 991 458 se
1010 422 1075 458 ha-

81 473 164 506 bere
192 474 373 507 mirandos
398 474 548 510 afflatus.
599 473 644 508 Et
669 476 749 519 quia
775 473 859 508 haec
877 473 1073 521 hypocrisis

82 525 305 558 mendacium
325 532 395 566 est,
426 537 489 558 nec
506 533 623 560 carent
641 528 745 559 rebus
764 526 799 558 in
822 524 884 560 hac
903 527 992 566 vita,
1020 528 1070 560 fa-

81 575 178 608 ciunt
207 582 323 618 postea
352 577 576 610 confusiones
601 577 815 615 libidinum,
864 585 898 611 et
925 586 1070 612 movent

81 626 291 664 seditiones,
320 634 352 661 et
374 628 499 660 volunt
517 640 644 660 novam
669 627 917 674 lerosolymam
937 630 1062 663 consti-

81 684 194 715 tuere,
230 678 319 711 sicut
344 690 444 721 saepe
469 679 606 712 accidit.
662 678 750 712 Nam
777 687 809 713 et
832 680 917 712 olim
943 681 1068 712 similis

80 727 278 771 Tragoedia
315 728 589 762 Monasteriensi
621 731 747 763 accidit
775 731 810 762 in
839 728 990 776 Phrygia
1030 732 1066 763 in

78 780 209 823 oppido
236 779 392 823 pepuza,
422 793 525 824 quam
552 781 785 815 nominabant
815 794 947 814 novam
973 781 1067 815 lero-

77 830 248 876 solymam
262 857 270 870 ,
298 837 331 863 et
354 828 531 864 habebant
550 832 597 864 ibi
617 832 787 866 fanaticos
806 840 911 866 vates.

176 880 272 914 Haec
296 882 491 916 admonitio
512 890 632 916 contra
650 884 901 926 Anabaptistas
917 889 951 916 et
968 883 1064 916 simi-

78 931 126 964 les
148 932 292 976 spiritus
308 933 498 971 fanaticos,
528 934 715 976 diligenter
733 935 987 967 consideranda
1005 942 1065 970 est,

77 983 129 1015 Ac
155 982 284 1016 Paulus
315 983 394 1017 ideo
427 984 561 1028 inquit:
606 985 853 1019 sanctificatur
879 986 978 1018 cibus
1004 997 1065 1028 per

77 1035 224 1068 verbum
250 1033 335 1072 Dei,
376 1042 415 1068 ut
442 1036 565 1069 doceat
598 1043 734 1069 utentes
764 1038 943 1082 quomodo
971 1038 1063 1069 bona
1090 1044 1093 1062 ¹

75 1086 287 1119 conscientia
313 1085 418 1118 rebus
442 1087 493 1119 uti
520 1087 674 1130 possint,
703 1088 791 1122 sicut
816 1088 901 1120 alibi
929 1088 1062 1132 inquit:

75 1135 253 1180 Quicquid
272 1148 343 1168 non
361 1144 409 1169 est
427 1149 465 1169 ex
484 1138 560 1178 fide,
580 1146 759 1182 peccatum
779 1146 840 1177 est,
863 1137 986 1173 Roma.
1003 1139 1063 1172 14.

72 1185 159 1219 Eius
177 1188 262 1221 dicti
278 1188 449 1221 sententia
470 1190 587 1222 nativa
608 1196 697 1222 recte
715 1192 863 1222 tenenda
883 1197 943 1224 est.
979 1188 1061 1222 Nou

73 1244 210 1272 tantum
237 1246 286 1272 est
310 1238 420 1281 legale
445 1240 598 1281 dictum,
647 1240 735 1274 sicut
762 1241 863 1274 multi
890 1241 1062 1284 interpre-

72 1295 192 1322 tantur
214 1287 280 1323 hoc
300 1291 422 1323 modo:
452 1289 632 1336 Quicquid
654 1289 873 1334 prohibitum
891 1299 941 1325 est
960 1304 1062 1324 man—

72 1340 163 1374 datis
181 1341 313 1374 divinis
331 1342 374 1373 ad
394 1353 456 1374 nos
474 1342 733 1385 pertinentibus
751 1350 928 1386 peccatum
949 1349 1009 1377 est.

173 1391 387 1437 Quanquam
410 1399 527 1425 autem
554 1391 610 1426 hic
635 1393 755 1435 legalis
780 1394 978 1427 intellectus
1001 1404 1060 1425 ve-
1086 1436 1088 1445 Ι

70 1453 129 1475 rus
147 1450 216 1481 est,
244 1450 360 1476 tamen
382 1444 539 1476 nondum
560 1444 675 1478 reddit
702 1450 810 1477 totam
837 1444 1059 1481 sententiam,
1086 1448 1088 1467 ῑ

70 1493 155 1526 dicti
180 1492 341 1527 Paulini:
378 1495 438 1527 sed
456 1494 538 1539 quia
562 1495 597 1529 fit
628 1495 759 1528 mentio
786 1495 884 1533 fidei,
921 1501 1060 1541 oportet
1085 1495 1088 1528 ἷ

71 1544 257 1587 complecti
280 1543 530 1587 Evangelium.
584 1545 656 1579 Nec
678 1553 815 1579 tantum
841 1546 1061 1587 intelligatur
1085 1572 1087 1586 ,

70 1595 156 1627 fides
180 1596 223 1627 de
250 1596 379 1628 noticia
408 1593 595 1634 historiae,
623 1597 712 1630 sicut
731 1597 871 1630 dicunt:
901 1595 1059 1629 Honesta
1085 1591 1087 1602 ¹

70 1657 176 1689 opera
203 1643 358 1679 hominis
392 1644 525 1679 ethnici
556 1659 628 1679 non
661 1647 801 1690 placent
830 1647 903 1681 Deo
922 1672 930 1685 ‚
975 1647 1057 1691 quia
1085 1684 1086 1689 ¹

70 1709 144 1730 non
167 1704 219 1730 est
249 1698 285 1730 in
316 1697 533 1741 professione
557 1695 777 1731 Christiana:
822 1699 880 1730 sed
909 1698 1059 1740 intelligi

71 1755 209 1792 oportet
228 1761 344 1781 veram
365 1749 486 1786 fidem,
517 1760 605 1793 quae
622 1749 755 1783 accedit
774 1750 816 1782 ad
835 1748 949 1782 Deum
966 1749 1059 1781 fidu-

69 1799 122 1832 cia
146 1800 368 1837 mediatoris,
405 1807 438 1833 et
461 1800 599 1834 invocat
624 1812 715 1835 eum.
774 1799 843 1834 Ubi
869 1800 948 1833 talis
973 1800 1059 1832 fides
1084 1796 1086 1807 '

71 1862 144 1884 non
169 1858 238 1889 est,
284 1853 342 1884 sed
369 1863 428 1883 cor
455 1852 522 1893 agit
549 1858 669 1884 contra
693 1851 961 1889 conscientiam,
999 1857 1059 1884 aut

71 1908 189 1935 manet
214 1903 250 1935 in
278 1903 517 1942 dubitatione,
559 1910 597 1935 nt
620 1904 838 1944 suspendens
860 1903 993 1942 furem,
1026 1909 1059 1935 et
1084 1921 1085 1932 ἢ

70 1960 188 1986 tamen
220 1954 423 1986 existimans
448 1965 483 1986 se
510 1960 631 1986 contra
664 1952 778 1986 Deum
809 1954 942 1992 facere,
985 1965 1058 1985 non

69 2011 183 2047 potest
216 2005 380 2038 invocare
414 2003 550 2046 Deum,
595 2011 627 2038 et
663 2004 734 2048 agit
764 2016 843 2037 cum
878 2011 1058 2038 contemtu

65 2054 142 2090 Dei.

172 2105 227 2140 Sit
253 2107 361 2150 igitur
386 2113 468 2140 nota
496 2104 580 2140 haec
604 2107 725 2149 regula
750 2105 870 2145 Pauli,
908 2113 941 2140 et
965 2113 1058 2139 recte

71 2157 290 2200 intelligatur
314 2166 346 2192 et
373 2158 570 2206 praeluceat
590 2159 757 2192 omnibus
782 2158 998 2197 actionibus,
1027 2164 1060 2191 et
1084 2185 1085 2191 ,

72 2220 116 2241 ne.
135 2209 220 2253 quid
238 2209 408 2243 faciamus
425 2216 546 2243 contra
565 2209 836 2248 conscientiam,
865 2217 954 2244 etot
973 2222 1059 2242 con-

71 2259 216 2293 scientia
234 2269 374 2303 regatur
399 2260 505 2294 verbo
522 2259 607 2298 Dei,
636 2272 674 2293 ac
696 2261 804 2304 possit
822 2262 984 2294 accedere
1003 2261 1059 2292 in-
1083 2284 1085 2306 t

73 2312 230 2350 vocatio,
275 2312 437 2346 videlicet
471 2323 575 2345 omne
605 2312 701 2356 quod
730 2324 802 2345 non
834 2320 882 2346 est
910 2325 950 2346 ex
974 2312 1058 2350 fide,
1084 2338 1085 2342 ,

70 2370 250 2406 peccatum
279 2370 341 2398 est.

72 2441 292 2493 Corporalis
329 2445 540 2480 exercitatio
572 2443 627 2479 ad
655 2442 836 2478 modicum
869 2449 919 2478 est
944 2443 1060 2487 utilis,

331 2497 450 2544 pietas
479 2494 534 2530 ad
559 2496 701 2538 omnia,
741 2500 798 2530 εἰσ.

177 2564 283 2600 Utilis
309 2566 490 2600 distinctio
520 2572 569 2599 est
594 2565 686 2598 inter
709 2564 902 2598 necessaria
927 2571 962 2599 et
986 2577 1060 2598 non

75 2617 268 2651 necessaria
286 2630 410 2661 opera,
441 2618 545 2650 electa
566 2616 722 2649 exercitii
741 2616 850 2649 nostri
875 2627 995 2657 causa,
1023 2623 1063 2650 nt
1085 2615 1087 2622 ⁴

73 2676 155 2702 sunt
185 2668 336 2710 ieiunia,
364 2670 417 2701 vel
443 2669 503 2701 alii
526 2668 665 2700 labores
690 2667 839 2712 suscepti
856 2669 899 2701 ad
918 2668 1063 2702 frenan-

123 2719 308 2753 Μειᾼκτιι.
339 2722 440 2754 Orsa.
467 2721 549 2754 Vox..
580 2720 656 2751 XV.

1135 169 1220 201 dum
1239 181 1377 226 εἱσι-ρος.
1432 169 1483 206 Ac
1501 185 1638 219 semper
1657 177 1692 210 in
1708 176 1860 214 Ecclesia
1883 189 2043 219 externae
2060 188 2124 221 ob-

1134 227 1350 278 servationes
1389 224 1539 257 multum
1578 227 1858 271 disputationum
1893 247 2123 279 pepererunt,

1131 283 1212 315 quia
1239 272 1292 304 vel
1318 281 1461 316 propter
1488 277 1670 317 ordinem,
1705 282 1759 314 vel
1785 292 1926 328 propter
1948 290 2122 331 exercitia,

1130 329 1293 355 externae
1324 324 1463 369 aliquae
1488 328 1749 365 observationes
1782 331 1938 370 hnmano
1971 341 2118 373 consilio

1130 373 1367 431 instituuntur
1377 383 1443 430 *aut
1461 378 1722 423 suscipiuntur,
1752 396 1839 429 quae
1857 395 1973 430 postea
1994 401 2117 434 super-

1127 432 1270 457 stitione
1294 427 1548 470 depravantnr,
1589 443 1666 463 cum
1693 434 1873 478 affingitur
1897 440 2019 483 opinio
2043 455 2116 475 me-

1126 475 1205 516 riti,
1234 476 1348 510 cultus
1370 485 1429 510 aut
1451 482 1676 518 necessitatis.
1729 484 1811 519 Ideo
1829 488 1931 522 etiam
1962 500 2114 527 vetustas

1125 526 1256 560 taxavit
1280 529 1587 572 superstitionem,
1615 533 1708 567 iuxta
1733 537 1863 570 dictum
1886 545 2113 577 memorabile

1124 575 1329 618 Athanasii:
1361 577 1476 614 καλὸν
1490 578 1511 626 ἡ
1530 580 1811 629 ἇσκησιςμεάτα
1827 588 1993 636 ἀληθοῦς
2016 592 2114 629 ’Ψώ-

1124 638 1235 669 σεως,
1262 627 1324 663 καὶ
1343 630 1582 676 σιιῃιιλιιετρίας.
2014 618 2030 641 l

1227 678 1273 713 Ut
1290 688 1404 714 autem
1428 690 1520 715 recte
1540 684 1716 719 iudicetur
1732 689 1775 721 ‹le
1794 690 1921 725 ritibus
1937 691 2112 737 humanis,

1122 735 1234 762 totum
1261 743 1387 775 corpus
1410 734 1591 767 doctrinae
1614 740 1806 772 tenendum
1833 749 1900 781 est,
1936 745 2022 779 sicut
2053 745 2109 781 hic

1121 793 1261 826 quoque
1286 781 1418 815 Paulus
1450 784 1532 818 facit
1556 785 1749 822 antithesin
1775 795 2051 829 necessariorum
2076 806 2109 832 et

1120 844 1192 864 non
1220 834 1510 870 necessariorum.
1573 836 1688 871 Pietas
1711 841 1809 874 utilis
1834 851 1883 878 est
1907 847 1950 878 ad
1976 849 2107 884 omnia.

1119 881 1289 917 Nominat
1313 891 1430 917 autem
1457 887 1619 929 pietatem
1649 891 1754 925 simul
1784 893 1889 927 fidem
1923 904 1955 930 et
1986 911 2107 933 omnes

1120 935 1332 968 necessarias
1356 936 1520 976 virtutes,
1548 950 1608 972 seu
1627 942 1745 975 omnia
1766 956 1870 987 opera
1888 948 1990 981 nobis
2007 962 2108 984 man-

1119 985 1198 1018 data
1229 985 1413 1021 divinitus.
1463 986 1509 1021 Et
1542 990 1641 1023 valde
1665 992 1812 1036 insignis
1844 1000 2015 1033 sententia
2048 1009 2107 1043 est,

1118 1037 1212 1080 quod
1232 1037 1279 1071 ait
1302 1039 1553 1081 promissiones
1576 1045 1768 1085 praesentis
1793 1054 1825 1080 et
1851 1048 1990 1083 futurae
2015 1053 2105 1086 vitae

1119 1086 1239 1130 pietati
1257 1089 1454 1132 propositas
1471 1102 1561 1129 esse,
1591 1100 1624 1126 et
1642 1095 1740 1129 addit
1759 1109 1953 1141 expressam
1970 1114 2105 1137 asseve-

1116 1138 1306 1172 rationem:
1341 1139 1466 1174 Certus
1498 1149 1549 1177 est
1585 1155 1699 1179 sermo
1721 1154 1754 1181 et
1779 1149 1878 1183 firma
1903 1154 2104 1188 assensione

1116 1189 1392 1233 amplectendus.

1216 1239 1318 1274 Hanc
1348 1242 1589 1278 dulcissimam
1622 1253 1654 1280 et
1688 1248 1837 1284 maxime
1874 1256 2103 1291 necessariam

1115 1290 1333 1333 doctrinam,
1382 1294 1425 1326 de
1451 1295 1589 1329 duobus
1614 1300 1801 1340 generibus
1827 1305 2104 1346 promissionum

1114 1348 1253 1384 oportet
1276 1343 1549 1378 familiarissime
1573 1354 1692 1381 notam
1722 1362 1805 1386 esse.
1866 1352 1919 1388 Ac
1950 1357 2104 1399 primum

1114 1393 1208 1436 quod
1232 1393 1273 1425 ad
1292 1391 1525 1437 Evangelium
1551 1398 1695 1440 attinet,
1724 1403 1879 1437 continet
1897 1409 2104 1448 promissio-

1114 1454 1195 1474 nem
1228 1445 1447 1478 remissionis
1485 1455 1726 1492 peccatorum‚
1774 1461 1806 1487 et
1843 1459 2102 1494 restitutionem

1114 1493 1207 1526 vitae
1238 1501 1398 1527 aeternae
1424 1509 1486 1539 per
1512 1498 1623 1532 filium
1650 1500 1733 1539 Dei,
1778 1511 1809 1537 et
1835 1515 1977 1551 propter
2005 1523 2102 1553 eum,

1114 1545 1209 1588 quod
1243 1546 1565 1581 manifestissimum
1593 1558 1653 1586 est.
1715 1552 1859 1590 Constat
1891 1560 1985 1592 enim
2011 1559 2101 1596 hanc

1114 1607 1186 1627 esse
1211 1596 1441 1640 principalem
1465 1611 1584 1633 vocem
1612 1601 1820 1649 Evangelii,
1856 1609 2000 1643 missum
2028 1624 2100 1647 esse

1114 1646 1225 1678 filium
1250 1647 1337 1687 Dei,
1368 1656 1407 1682 ut
1432 1650 1569 1684 aboleat
1594 1662 1773 1695 peccatum
1798 1664 1832 1691 et
1856 1668 2025 1705 mortem,
2067 1672 2100 1699 et

1085 1707 1086 1713 ¹
1114 1697 1274 1731 restituat
1300 1699 1406 1732 vitam
1431 1708 1621 1736 aeternam.

1214 1747 1282 1782 Sed
1303 1761 1365 1782 cur
1381 1751 1486 1792 dicit,
1505 1750 1738 1797 Evangelium
1759 1754 1888 1794 habere
1908 1767 2100 1807 praesentis

1114 1798 1204 1832 vitae
1241 1801 1531 1844 promissionem,
1572 1817 1650 1838 cum
1679 1806 1836 1844 Ecclesia
1870 1813 1914 1847 sit
1942 1817 2099 1854 subiecta

1084 1853 1085 1856 ’
1113 1850 1232 1883 cruci?
1285 1850 1372 1885 Item
1389 1865 1467 1886 cum
1485 1855 1569 1889 dicit
1587 1854 1762 1893 Dominus
1779 1860 1906 1899 Matth.
1923 1866 2001 1901 24:
2038 1868 2098 1903 In-

1112 1901 1283 1935 terficient
1309 1914 1370 1936 vos
1396 1911 1428 1938 et
1452 1905 1548 1940 eritis
1582 1908 1664 1941 odio
1696 1912 1861 1946 omnibus
1894 1913 2100 1955 hominihus

1112 1959 1256 1996 propter
1281 1965 1412 1988 nomen
1438 1968 1568 1993 meum.
1621 1957 1667 1993 Et
1683 1959 1799 1996 Lucae
1818 1964 1869 2000 9.:
1898 1966 2010 2003 Filius
2034 1969 2099 2005 ho-

1083 1997 1085 2030 ‘f
1113 2003 1220 2037 minis
1240 2016 1313 2037 non
1334 2001 1439 2040 habet
1457 2008 1518 2041 ubi
1541 2009 1685 2045 reclinet
1713 2015 1841 2058 caput?
1894 2017 1990 2053 Haec
2015 2031 2099 2059 sunt

1113 2055 1369 2099 praedictiones
1387 2058 1529 2098 mortis,
1558 2072 1631 2094 non
1651 2064 1741 2097 vitae
1758 2070 1973 2109 praesentis?
2025 2073 2096 2108 Sed

1111 2107 1326 2150 respondeo:
1357 2106 1512 2154 Utraque
1538 2113 1733 2157 propositio
1755 2117 1935 2153 verissima
1959 2131 2026 2164 est,
2062 2132 2094 2160 et

1112 2157 1267 2192 subiecta
1292 2165 1342 2192 est
1367 2157 1523 2195 Ecclesia
1546 2164 1662 2205 cruci,
1697 2173 1728 2199 et
1752 2174 1868 2203 tamen
1886 2169 1988 2207 habet
2015 2187 2097 2217 pro-

1112 2208 1316 2242 missionem
1341 2211 1517 2245 bonorum
1542 2217 1799 2259 corporalium,
1833 2223 1922 2256 sicut
1947 2226 2098 2260 coniun-

1112 2259 1160 2303 git
1178 2257 1263 2293 haee
1280 2260 1455 2296 Dominus
1472 2263 1581 2301 Marc.
1601 2267 1673 2300 10.:
1701 2267 1863 2314 Recipiet
1881 2278 2083 2320 centuplum

1111 2312 1171 2343 sed
1206 2323 1286 2344 cum
1323 2313 1562 2348 tribulatione.
1622 2316 1669 2351 Et
1700 2317 1822 2355 Esaiae
1847 2325 1922 2358 30.:
1965 2307 2098 2365 Audiei

1112 2362 1299 2396 clamorem
1324 2370 1444 2406 tuum,
1480 2373 1513 2399 et
1536 2367 1634 2402 dabit
1649 2371 1748 2404 vobis
1764 2385 1888 2416 panem
1915 2383 1950 2410 et.
1969 2390 2096 2424 aquam

1113 2413 1150 2445 in
1172 2414 1331 2456 angustia
1359 2422 1392 2449 et
1414 2417 1548 2451 dolore.

1214 2464 1304 2498 Cum
1322 2466 1415 2499 enim
1438 2467 1529 2500 Deus
1551 2469 1632 2503 velit
1651 2470 1687 2503 in
1706 2469 1770 2506 hac
1794 2478 1934 2511 mortali
1953 2480 2022 2514 vita
2049 2483 2096 2518 ita

1113 2515 1248 2548 incoari
1268 2523 1301 2550 et
1316 2517 1435 2561 colligi
1452 2516 1666 2561 Ecclesiam,
1692 2532 1807 2559 servat
1831 2538 1925 2570 eam,
1953 2534 2095 2574 praebet

1114 2566 1145 2598 ei
1168 2564 1338 2611 hospitia,
1364 2568 1500 2611 fruges,
1528 2574 1768 2616 oeconomias,
1796 2578 1955 2621 politias‚
1984 2583 2095 2618 facul-

1115 2624 1219 2651 tatem
1247 2620 1462 2662 propagandi
1490 2622 1666 2661 sobolem,
1704 2633 1737 2659 et
1759 2625 1972 2673 Ecclesiam,
2007 2635 2096 2671 sicut

1115 2669 1189 2713 ipse
1213 2670 1533 2755 Dominusssssinquit
1557 2671 1685 2711 Matth.
1702 2676 1752 2713 6.:
1779 2677 1852 2712 Scit
1869 2689 1968 2724 pater
1988 2693 2099 2721 vester
