2415 2942
298 91 370 126 523

301 189 364 211 nos
383 181 604 218 expavescere
621 173 844 212 agnoscentes
860 166 948 199 iram
970 167 1138 199 adversus
1158 164 1280 199 multi-

301 230 424 272 plicem
461 221 717 257 infirmitatem,
759 225 792 251 et
824 216 962 250 infinita
1004 223 1115 250 errata
1149 222 1280 250 nostra.

301 278 388 309 Yult
411 285 474 307 nos
501 270 743 304 reconciliatos
768 280 829 312 per
853 268 963 300 silium
989 268 1147 305 credere,
1187 267 1279 312 quod

301 325 470 369 receperit
488 333 551 354 nos
571 322 606 353 in
626 320 791 364 gratiam,
818 318 911 363 quod
937 318 1021 351 velit
1047 329 1111 350 nos
1131 328 1280 355 servare,

301 378 404 410 nobis
428 372 607 418 opitulari.
672 369 746 403 Hac
772 370 838 402 fide
860 368 936 401 vult
960 367 1136 409 invocari,
1161 368 1237 400 vult
1263 379 1281 399 a

301 441 335 461 se
353 426 421 471 peti
450 431 482 458 et
507 421 679 467 expectari
707 420 876 453 auxilium
895 419 988 452 iuxta
1005 418 1185 452 Psalmum
1203 417 1282 453 49.:

301 479 430 512 lnvoca
461 485 517 507 me
544 481 628 512 etc.,
664 471 740 504 vult
772 482 835 504 nos
857 470 924 502 fide
948 471 992 503 ab
1015 470 1089 513 ipso
1121 470 1284 512 pendere,

302 541 374 562 non
399 536 565 573 quaerere
598 522 767 566 praesidia
798 527 918 554 contra
952 521 1025 553 eius
1053 520 1282 553 voluntatem.

304 580 352 613 Hi
373 584 456 612 sunt
481 574 598 608 arcani
620 573 753 612 cultus,
780 579 813 605 et
837 571 971 615 proprii
989 569 1285 609 Christianorum,

304 641 391 676 quos
417 627 612 668 intelligere
635 635 699 656 nos
725 629 881 666 oportet,
910 628 942 654 et
959 633 1109 666 quorum
1127 620 1284 662 exempla

304 679 572 723 conspiciuntur
607 676 643 707 in
678 674 748 706 illis
781 672 1030 706 excellentibus
1062 671 1165 710 viris,
1199 679 1287 713 quos

302 731 398 766 Deus
415 728 518 762 nobis
537 734 703 769 tanquam
721 723 904 765 magistros
921 720 1102 765 proposuit
1117 720 1154 752 in
1172 719 1287 753 Abra-

303 781 405 819 ham,
442 778 552 815 Isaac,
588 774 712 813 Iacob,
747 769 891 815 loseph,
928 770 1109 808 Samuele,
1142 769 1289 810 Davide,

305 831 470 867 Ieremia,
503 826 666 864 Daniele,
693 831 725 856 et
752 822 938 856 similibus.
1009 820 1092 853 Vult
1117 821 1198 853 item
1224 831 1288 852 nos

305 884 427 916 ardere
460 878 576 912 studio
608 873 870 918 cognoscendi,
914 871 1130 916 propagandi
1166 878 1199 904 et
1232 883 1290 903 or-

305 932 416 966 nandi
434 926 631 970 Evangelii.
684 925 739 958 Ad
767 922 862 956 hunc
887 923 1021 956 cultum
1044 923 1144 955 docet
1169 932 1290 954 omnes

306 982 491 1028 praecipue
518 977 698 1013 conditos,
735 980 875 1007 renatos
904 980 937 1006 et
962 979 1103 1006 vocatos
1126 984 1215 1012 esse,
1242 972 1290 1004 si-

307 1041 364 1068 cut
384 1033 429 1065 ait
448 1029 586 1063 Petrus:
614 1026 738 1059 Vocati
756 1037 796 1058 ex
812 1024 964 1058 tenebris
976 1050 984 1063 ,
1011 1030 1050 1056 ut
1067 1023 1236 1056 enarretis
1253 1034 1292 1056 ac

306 1081 488 1118 celebretis
505 1078 671 1113 beneficia
684 1076 763 1110 Dei.
818 1074 863 1108 Et
881 1074 918 1107 in
937 1074 1073 1107 Psalmo
1090 1074 1167 1108 34.:
1195 1072 1292 1107 Con-

307 1135 431 1168 mehor
454 1131 517 1164 tibi
541 1130 577 1162 in
603 1127 756 1161 Ecclesia
783 1137 918 1168 magna.
976 1123 1024 1158 Et
1048 1124 1161 1158 Psalm
1186 1122 1291 1158 115.:

306 1186 399 1218 Vota
424 1194 499 1215 mea
523 1180 677 1213 Domino
708 1178 851 1210 reddam
883 1188 999 1208 coram
1028 1175 1126 1208 omni
1149 1176 1293 1219 populo,

309 1238 347 1269 in
370 1234 467 1268 atriis
491 1233 616 1265 domus
632 1228 698 1262 Dei
721 1227 844 1262 nostri.
898 1225 985 1259 Vult
1007 1237 1071 1259 nos
1098 1226 1135 1258 in
1160 1227 1294 1270 profes-

309 1288 407 1320 sione
431 1281 613 1325 Evangelii
640 1286 814 1323 praestare
847 1277 1102 1316 constantiam,
1140 1277 1177 1309 in
1201 1276 1293 1309 affli-

310 1336 485 1370 ctionibus
508 1330 764 1367 obedientiam,
805 1335 838 1360 et
860 1328 904 1359 ab
928 1327 1003 1370 ipso
1034 1333 1148 1369 petere
1174 1338 1212 1358 ac
1236 1338 1293 1358 ex-

309 1394 446 1432 pectare
472 1382 654 1416 auxilium.
718 1378 804 1411 Vult
829 1389 893 1410 nos
917 1389 1055 1416 cavere,
1097 1388 1140 1408 ne
1164 1376 1294 1409 nostris

311 1437 433 1471 erratis
447 1441 506 1467 aut
525 1432 626 1465 malis
644 1430 809 1473 exemplis
826 1428 988 1461 scandala
1003 1427 1201 1466 excitemus,
1219 1425 1294 1459 vult

309 1501 374 1522 nos
391 1486 543 1519 refutare
560 1495 597 1515 ac
613 1481 727 1514 odisse
751 1479 857 1522 impia
881 1479 1063 1520 dogmata,
1091 1489 1163 1509 non
1183 1477 1294 1509 collu-

309 1541 391 1572 dere
414 1547 493 1569 cum
520 1532 660 1576 organis
685 1530 835 1569 diaboli,
872 1540 960 1572 quae
982 1535 1156 1560 conantur
1178 1527 1294 1559 delere

309 1587 555 1630 Evangelium.
609 1581 679 1616 Sed
705 1592 777 1613 non
802 1579 938 1612 institui
962 1576 1019 1611 hic
1037 1577 1294 1610 enarrationem

311 1637 485 1680 decalogi,
519 1636 557 1668 in
591 1644 694 1678 quem
730 1638 845 1664 tamen
881 1629 958 1673 pios
993 1640 1130 1672 semper
1164 1627 1294 1661 intueri

312 1695 472 1734 oportet,
500 1693 532 1719 et
560 1683 781 1717 considerare
805 1692 909 1726 quam
939 1680 1070 1720 multa,
1103 1690 1227 1721 magna
1262 1686 1296 1711 et

311 1742 419 1775 ardua
437 1737 550 1771 officia
571 1733 830 1777 complectatur.

413 1788 466 1822 De
482 1785 632 1820 secunda
647 1783 866 1829 quaestione:
901 1779 948 1815 At
965 1781 1002 1814 in
1019 1779 1084 1814 hac
1100 1786 1219 1813 nostra
1238 1780 1295 1812 in-

311 1841 476 1876 firmitate
500 1836 678 1883 quomodo
700 1833 789 1867 effici
812 1840 958 1876 possunt
973 1844 1077 1876 opera
1095 1838 1210 1871 tanta,
1239 1831 1295 1863 in-

312 1893 440 1928 teriora
464 1896 497 1923 et
523 1885 715 1921 exteriora?
754 1882 831 1917 Etsi
856 1883 1005 1916 exterior
1030 1883 1214 1926 disciplina
1239 1888 1295 1915 ut-

313 1953 452 1987 cunque
469 1937 634 1983 praestari
653 1942 762 1980 potest
781 1933 934 1967 humana
951 1933 1131 1976 diligentia
1144 1960 1153 1973 ,
1177 1939 1294 1965 tamen

312 2000 430 2027 motus
455 1988 653 2034 spirituales
679 1986 769 2019 effici
792 1997 864 2018 non
888 1992 1035 2028 possunt
1061 1984 1134 2016 sine
1160 1982 1295 2027 Spiritu

314 2049 457 2079 sancto:
498 2040 577 2072 ideo
608 2050 686 2070 cum
717 2037 784 2068 fide
814 2036 998 2078 eriguntur
1028 2035 1152 2073 corda,
1193 2034 1296 2066 datur

312 2094 464 2139 Spiritus
501 2095 657 2126 sauctus,
707 2094 746 2119 ut
783 2087 820 2119 in
856 2085 984 2118 animis
1027 2085 1191 2117 accendat
1228 2095 1295 2115 no-

313 2157 392 2179 vam
408 2144 538 2179 lucem,
565 2147 597 2172 et
620 2138 785 2171 exuscitet
812 2142 926 2168 motus
950 2135 1047 2178 pios,
1081 2134 1295 2167 convenien-

314 2204 363 2231 tes
384 2194 451 2236 legi
472 2191 560 2229 Dei,
588 2190 682 2222 iuxta
701 2188 788 2220 illud
806 2185 925 2219 Pauli:
956 2185 1002 2219 Ut
1024 2185 1294 2228 promissionem

313 2246 456 2290 spiritus
475 2241 684 2285 accipiamus
703 2250 763 2282 per
783 2238 898 2271 fidem.
951 2234 998 2269 Et
1014 2233 1202 2268 Zachariae
1222 2236 1295 2270 12:

315 2295 508 2330 Effundam
541 2302 644 2335 super
671 2287 884 2322 habitatores
913 2286 1101 2319 Ierusalem
1131 2285 1294 2329 spiritum

317 2347 446 2389 gratiae
461 2350 492 2376 et
509 2353 662 2386 precum.
718 2338 971 2372 Venustissime
985 2336 1193 2379 significavit
1207 2335 1296 2369 Pro-

315 2394 418 2441 pheta
436 2393 622 2440 praecipua
638 2390 750 2424 officia
773 2389 926 2432 Spiritus
941 2388 1049 2420 sancti
1070 2387 1105 2418 in
1130 2387 1295 2419 cordibus

314 2448 475 2491 piorum,
502 2450 533 2474 et
549 2441 754 2484 praecipuos
769 2439 894 2473 cultus.
944 2437 1112 2471 Nominat
1131 2437 1294 2481 spiritum

313 2497 464 2540 gratiae,
492 2493 574 2539 quia
592 2503 668 2524 cum
687 2491 753 2523 fide
776 2490 960 2533 erigimur,
986 2500 1004 2521 a
1023 2488 1158 2532 Spiritu
1174 2495 1294 2521 sancto

314 2548 541 2582 adiuvamur,
574 2548 613 2574 ut
635 2548 826 2573 statuamus
849 2540 951 2573 nobis
976 2537 1089 2572 Deum
1115 2550 1187 2571 esse
1211 2550 1294 2582 pro-

313 2598 465 2643 picium,
495 2600 528 2626 et
551 2603 614 2624 nos
640 2591 790 2623 vicissim
815 2591 881 2634 ipsi
905 2597 1061 2634 acceptos
1080 2600 1161 2624 esse.
1214 2588 1293 2622 Pri-

314 2660 410 2682 mum
436 2656 516 2688 ergo
543 2642 713 2685 significat
738 2642 841 2675 fidem
866 2641 1005 2676 excitari
1023 2652 1042 2674 a
1059 2640 1195 2685 Spiritu
1212 2651 1293 2673 san-

871 80 996 116 PIIIL.
1024 79 1140 116 MEL.
1170 78 1378 116 SCRIPTA
1407 78 1703 115 EXEGETICA0'

2239 82 2313 118 524

1335 172 1410 205 cto,
1437 165 1474 198 in
1491 177 1561 210 quo
1583 171 1681 199 motu
1703 166 1762 199 dat
1787 165 1892 201 nobis
1917 167 2176 210 testimonium,
2204 174 2244 202 ut
2265 167 2314 201 ait

1335 215 1477 252 Paulus.
1541 214 1631 249 Cum
1664 216 1731 248 fide
1762 215 1830 248 iam
1863 220 2081 260 agnoscimus
2116 219 2313 253 misericor-

1335 267 1427 300 diam
1446 274 1480 300 et
1496 266 1725 309 praesentiam
1745 264 1830 307 Dei,
1855 267 2058 303 invocamus
2075 282 2172 311 eum,
2200 276 2232 303 et
2249 279 2314 302 nos

1336 318 1366 350 ei
1396 317 1623 357 subiicimus,
1669 328 1708 349 ae
1739 323 1892 350 caeteros
1931 330 2030 352 veros
2065 321 2179 354 cultus
2213 331 2314 364 prae-

1336 376 1425 402 stare
1441 368 1639 411 incipimus,
1662 378 1751 412 quos
1767 379 1888 400 omnes
1902 368 2045 402 nomine
2061 382 2202 413 precum
2220 382 2317 404 com-

1338 419 1523 462 plectitur:
1564 416 1621 450 hic
1650 417 1743 450 enim
1769 424 1819 451 est
1848 430 2005 451 summus
2027 417 2149 455 honos.
2223 420 2317 455 Satis

1338 469 1445 512 igitur
1467 469 1615 511 intelligi
1642 475 1770 512 potest,
1798 469 1922 508 fidem,
1956 470 1999 502 de
2023 482 2090 514 qua
2115 482 2179 504 nos
2199 471 2317 516 loqui-

1338 531 1438 560 mur,
1470 520 1572 553 etiam
1600 519 1836 552 incoationem
1861 531 1932 552 esse
1958 520 2113 565 reliquae
2139 521 2319 554 interioris

1339 570 1578 610 obedientiae,
1606 576 1639 603 et
1660 576 1698 603 ut
1716 577 1878 610 vocatur,
1905 570 1988 603 boni
2013 571 2196 615 propositi.
2246 569 2320 605 Nee

1340 621 1471 653 incoari
1500 626 1614 664 posset
1647 620 1799 663 primum
1831 627 2071 665 praeceptum,
2113 622 2208 667 quod
2235 633 2322 655 con-

1341 671 1502 703 cionatur
1525 673 1569 703 de
1594 671 1645 703 ira
1670 670 1736 703 Dei
1765 672 1933 704 adversus
1955 679 2154 715 peccatum,
2181 683 2255 705 non
2277 672 2322 705 de

1341 721 1489 763 gratuita
1513 721 1790 762 condonatione,
1820 721 1885 754 nisi
1905 722 2001 766 prius
2018 723 2139 756 audito
2157 720 2323 765 Evange-

1341 771 1390 804 lio
1413 778 1644 804 statueremus
1668 783 1732 804 nos
1757 772 1824 805 fide
1846 779 1988 816 propter
2013 771 2190 808 Christum
2214 772 2323 816 gratis

1342 822 1508 866 consequi
1527 821 1767 855 remissionem
1790 830 2022 866 peccatorum.

1446 871 1606 906 Intuetur
1628 879 1742 906 autem
1769 873 1854 906 fides
1883 874 1994 907 filium
2017 871 2084 907 Dei
2108 879 2325 916 regnantem,

1343 928 1376 955 et
1395 921 1458 955 scit
1475 923 1575 955 illum
1592 935 1666 955 non
1683 923 1835 956 otiosum
1859 936 1952 965 esse,
1979 924 2039 957 sed
2060 923 2196 957 assidue
2219 923 2324 956 belli-

1344 973 1456 1016 gerari
1474 985 1553 1006 cum
1570 973 1730 1011 diabolo,
1758 975 1820 1018 qui
1843 986 1914 1008 non
1937 974 2067 1007 desinit
2088 978 2224 1006 summa
2248 985 2326 1006 sae-

1347 1023 1430 1056 vitia
1446 1029 1480 1057 et
1495 1023 1619 1056 astutia
1635 1024 1783 1066 grassari
1806 1024 1844 1056 in
1868 1025 2024 1057 membra
2043 1021 2194 1065 Christi,
2221 1023 2325 1068 pelli-

1346 1073 1393 1107 cit
1416 1073 1555 1106 insidiis
1580 1073 1616 1106 in
1641 1080 1800 1117 peccata,
1832 1074 1870 1106 in
1894 1074 2009 1108 tristes
2034 1086 2154 1115 casus,
2180 1081 2219 1107 ut
2240 1075 2325 1107 inde

1346 1122 1526 1168 pertrahat
1559 1124 1597 1156 in
1639 1124 1946 1167 desperationem,
1989 1125 2144 1158 offundit
2177 1136 2326 1165 errores,

1346 1175 1530 1208 confirmat
1544 1174 1734 1218 Epicureas
1751 1174 1955 1218 opiniones,
1982 1187 2071 1219 quae
2091 1175 2327 1209 blandiuntur

1346 1226 1484 1259 levibus
1502 1226 1663 1269 ingeniis.
1697 1224 1821 1259 Incitat
1837 1233 2017 1271 tyrannos,
2035 1232 2073 1258 ut
2089 1226 2246 1269 gigantea
2263 1237 2327 1259 au-

1347 1277 1444 1309 dacia
1462 1283 1636 1310 conentur
1650 1276 1765 1309 delere
1781 1288 1910 1309 nomen
1928 1274 2076 1316 Christi,
2095 1282 2127 1309 et
2142 1284 2327 1311 exerceant

1347 1327 1616 1359 iniustissimam
1651 1326 1906 1361 crudelitatem.
1975 1325 2064 1359 Cum
2098 1334 2213 1360 autem
2244 1328 2327 1361 satis

1347 1382 1480 1408 constet
1501 1376 1604 1418 longe
1626 1376 1893 1408 imbecilliorem
1919 1388 1990 1409 esse
2013 1374 2205 1410 humanam
2226 1384 2331 1410 natu-

1347 1438 1421 1458 ram
1434 1452 1443 1466 ,
1470 1438 1574 1471 quam
1592 1432 1629 1459 ut
1646 1433 1715 1459 tam
1731 1426 1933 1468 vigilantem
1951 1439 1989 1459 ac
2005 1427 2167 1460 rabidum
2192 1425 2328 1461 hostem

1348 1476 1422 1509 sine
1441 1477 1579 1509 coelesti
1599 1476 1729 1509 auxilio
1747 1476 1885 1509 vincere
1902 1477 2028 1519 possit:
2055 1477 2132 1510 ideo
2154 1478 2238 1511 fides
2254 1490 2330 1511 me-

1348 1527 1453 1560 minit
1474 1527 1571 1570 regni
1594 1524 1745 1567 Christi,
1777 1527 1842 1560 scit
1867 1538 1946 1560 eum
1972 1534 2049 1571 post
2072 1528 2221 1572 primam
2247 1541 2329 1573 pro-

1349 1578 1550 1610 missionem
1570 1589 1707 1620 semper
1724 1577 1876 1610 adfuisse
1897 1578 1983 1620 piis,
2008 1590 2086 1611 cum
2110 1578 2242 1612 dictum
2262 1587 2329 1614 est:

1349 1627 1476 1661 Semen
1502 1627 1660 1660 mulieris
1683 1634 1839 1661 conteret
1868 1634 1972 1671 caput
2000 1630 2191 1672 serpentis,
2224 1642 2332 1674 quam

1349 1678 1558 1711 sententiam
1592 1677 1741 1710 loannes
1772 1678 1887 1711 reddit
1916 1675 1971 1712 his
1995 1679 2127 1713 verbis:
2169 1678 2332 1715 Christus

1350 1729 1528 1772 apparuit,
1553 1735 1593 1762 ut
1612 1729 1767 1762 destruat
1783 1741 1887 1773 opera
1905 1729 2050 1764 diaboli.
2084 1729 2209 1764 Adfuit
2227 1730 2331 1765 Iacob

1349 1787 1381 1814 et
1397 1780 1576 1812 benedixit
1595 1779 1637 1819 ei,
1667 1786 1699 1812 et
1715 1780 1935 1814 confirmavit
1951 1791 2030 1813 eum
2047 1779 2182 1824 Spiritu
2198 1789 2333 1816 sancto:

1348 1830 1459 1864 adfuit
1487 1829 1647 1868 Danieli,
1690 1837 1721 1863 et
1747 1830 1889 1874 quidem
1923 1842 2002 1863 cum
2032 1843 2073 1864 eo
2105 1832 2333 1877 colloquitur.

1349 1882 1407 1916 Sic
1431 1888 1552 1924 regnat
1571 1881 1695 1923 igitur,
1722 1888 1761 1913 ut
1784 1880 1855 1914 suis
1879 1881 2047 1914 membris
2068 1882 2176 1922 adsit,
2203 1883 2332 1916 confir-

1348 1938 1418 1964 met
1440 1943 1477 1964 ea
1496 1943 1559 1964 suo
1579 1931 1723 1974 spiritu,
1751 1938 1783 1964 et
1808 1937 1899 1973 tegat
1916 1938 2036 1964 contra
2054 1932 2199 1965 iusidias
2215 1940 2248 1967 et
2265 1933 2332 1966 im-

1348 1989 1448 2026 petus
1473 1982 1615 2015 diaboli.
1679 1980 1810 2023 Quales
1833 1987 1948 2014 autem
1973 1989 2006 2015 et.
2029 1995 2134 2026 quam
2159 1984 2331 2026 gloriosae

1348 2033 1419 2066 sint
1445 2032 1531 2065 tales
1555 2032 1738 2070 victoriae,
1769 2031 1967 2074 significant
1992 2034 2148 2077 exempla
2170 2033 2330 2075 Davidis,

1348 2080 1539 2122 Ezechiae,
1573 2081 1752 2120 Danielis,
1792 2089 1825 2116 et
1846 2082 1993 2115 similia:
2029 2090 2062 2116 et
2085 2086 2245 2119 ostendet
2267 2083 2331 2119 hos

1348 2131 1547 2177 triumphos
1573 2130 1733 2166 Christus
1751 2133 1786 2165 in
1811 2133 2075 2167 resuscitatione
2099 2142 2332 2177 mortuorum,

1349 2184 1412 2217 etsi
1441 2185 1594 2217 mundus
1618 2196 1712 2217 nunc
1737 2195 1792 2216 res
1817 2190 1931 2218 tantas
1953 2185 2097 2228 negligit
2121 2192 2154 2218 et
2183 2186 2330 2222 deridet.

1348 2234 1418 2268 Sed
1443 2235 1492 2278 pii
1519 2232 1603 2267 haec
1628 2234 1756 2277 praelia
1787 2246 1860 2267 non
1893 2234 2039 2267 omnino
2067 2235 2250 2277 ignorant,
2290 2248 2330 2271 ac

1349 2285 1476 2328 singuli
1495 2285 1531 2317 in
1550 2285 1621 2317 suis
1640 2285 1803 2329 periculis
1818 2285 1920 2317 fidem
1945 2296 2101 2317 exercere
2123 2286 2268 2324 debent,
2297 2295 2331 2323 et

1348 2347 1534 2378 agnoscere
1562 2347 1600 2368 ac
1625 2336 1787 2368 invocare
1809 2336 1931 2368 ducem
1947 2333 2147 2377 Christum,
2175 2343 2209 2370 et
2237 2337 2330 2372 fidu-

1349 2388 1400 2420 cia
1424 2387 1534 2430 ipsius
1564 2386 1727 2429 praeliari
1758 2397 1836 2418 cum
1870 2385 2033 2426 diaholo,
2072 2398 2136 2419 nec
2167 2388 2329 2422 oblivisci

1349 2437 1454 2470 verba
1473 2436 1632 2470 Ioannis:
1667 2434 1826 2470 Christus
1851 2436 1888 2468 in
1914 2433 1979 2469 hoc
2000 2437 2180 2479 apparuit,
2205 2445 2245 2472 ut
2266 2440 2329 2473 de

1348 2494 1457 2521 struat
1474 2500 1577 2531 opera
1596 2487 1739 2521 diaboli.
1791 2485 1884 2519 Hinc
1899 2485 2048 2530 intelligi
2065 2495 2198 2534 potest,
2223 2489 2328 2523 fidem

1347 2550 1420 2571 non
1445 2550 1517 2572 esse
1540 2537 1685 2570 otiosam
1710 2537 2002 2580 speculationem,
2037 2539 2095 2571 sed
2122 2539 2234 2572 lucem
2261 2552 2328 2584 gu

1347 2589 1552 2622 hernantem
1591 2598 1711 2620 omnes
1745 2588 1898 2621 actiones
1941 2595 1973 2621 et
2006 2589 2123 2622 omnia
2159 2590 2328 2634 pericula.

1346 2638 1536 2673 Possumus
1552 2638 1659 2681 igitur
1674 2638 1814 2672 incoare
1829 2638 2064 2673 obedientiam
2091 2639 2201 2674 adiuti
2218 2652 2236 2674 a
2254 2641 2327 2675 filio
