2415 2942
307 139 401 175 1199

311 224 492 261 irascitur,
533 225 566 253 et
593 218 686 263 quod
716 214 935 249 horribiliter
967 214 1170 247 damnatum
1200 218 1249 246 est
1272 223 1290 245 a

310 275 398 310 Det).

410 322 547 357 Rursus
566 317 656 352 niliil
681 317 866 361 gloriosius
891 322 924 349 et
950 314 1074 347 melius
1093 321 1160 353 est,
1188 324 1291 358 quam

312 374 445 408 iusticia
466 371 542 410 Dei,
569 370 603 402 id
623 376 684 406 est,
707 368 873 412 quiddam
890 366 1030 409 placens
1046 363 1141 404 Deo,
1164 371 1195 397 ct
1211 376 1295 396 con-

308 435 435 468 gruens
460 434 537 455 cum
564 421 744 451 voluntate
765 418 843 457 Dei,
871 424 905 449 et
925 416 1045 448 vivens
1075 416 1151 448 luce
1173 421 1203 447 et
1222 414 1293 446 vita

310 484 449 509 aeterna
473 471 641 505 divinitus
667 470 806 502 donata.
866 466 1058 501 Considera
1091 466 1197 508 igitur
1230 462 1296 496 lioc

313 528 389 560 loco
409 521 711 567 permutationem.

421 573 532 607 Filius
550 570 616 605 Dei
635 577 683 603 est
701 569 775 602 sine
794 574 931 611 peccato
944 594 952 608 ‚
976 567 1065 600 sicut
1081 564 1137 598 liic
1155 565 1296 606 dicitnr,

317 627 395 661 Non
416 624 514 657 novit
532 628 729 666 peccatum,
759 620 793 652 id
813 625 874 658 est,
902 630 973 650 non
993 616 1107 653 habet,
1131 628 1201 648 non
1223 615 1297 647 vult

315 677 428 710 ullum
447 674 578 707 malum
596 682 754 716 pugnans
771 681 848 702 cum
874 668 1054 700 voluntate¹
1072 666 1156 705 Dei,
1182 666 1241 698 sed
1265 671 1297 698 et

317 727 463 761 essentia
490 730 540 757 est
567 724 695 762 iustuS,
722 728 753 753 et
777 718 879 752 habet
908 718 1036 750 deinde
1062 716 1296 749 obedientiam

317 780 523 822 perfectam,
551 786 619 818 qua
643 784 677 804 se
702 771 840 804 subiicit
866 775 1007 800 aeterno
1034 768 1123 811 patri
1149 773 1297 799 assumta

319 828 471 862 humana
498 832 639 861 natura,
665 828 697 855 et
722 819 785 853 liae
809 819 1006 852 obedientia
1034 819 1098 860 lugi
1124 817 1300 855 satisfacit,

319 888 348 911 rt
376 877 480 911 solvit
508 871 621 919 λύτρα
648 884 711 916 pro
745 871 866 908 nobis,
909 870 997 902 sicut
1030 870 1103 912 ipse
1130 867 1299 904 nominat,

321 928 449 963 Manli.
470 927 528 960 ΩΟ,

420 978 630 1020 Quanquam
659 974 765 1015 igitur
792 971 928 1004 iusticia
952 970 1039 1009 Dei,
1077 970 1110 1001 id
1139 975 1206 1008 est,
1240 967 1299 999 lux

323 1038 351 1063 et
379 1028 550 1061 1··*cti111(lo
577 1025 699 1057 divina
729 1030 761 1056 et
785 1023 935 1066 perfecta
962 1019 1161 1053 ohedientia
1189 1024 1238 1051 est
1263 1018 1300 1049 in

321 1082 411 1116 sitin,
441 1085 556 1110 tamen
577 1077 647 1116 ipse
671 1075 706 1107 fit
730 1085 792 1117 pro
819 1072 921 1104 nuliis
949 1079 1125 1114 peccatum
1143 1097 1151 1109 ,
1179 1070 1214 1099 id
1241 1074 1302 1107 est,
1326 1087 1327 1090 =

323 1131 490 1168 quiddam
517 1138 613 1160 reum
639 1137 754 1157 coram
779 1123 871 1163 Deo,
908 1130 938 1155 et
962 1123 1012 1154 ira
1035 1121 1099 1154 Dei
1127 1121 1162 1152 in
1186 1119 1298 1162 ipsum

324 1169 528 1213 effunditur.
581 1174 656 1209 Etsi
681 1175 774 1207 enim
800 1185 907 1217 genus
930 1171 1123 1206 humanum
1148 1182 1208 1213 per
1231 1169 1299 1201 mi—

324 1230 549 1265 sericordiam
574 1240 590 1260 a
608 1226 681 1259 Deo
710 1226 894 1268 recipitur,
922 1231 1038 1257 tamen
1065 1222 1168 1254 etiam
1196 1220 1300 1252 iusti-

326 1284 397 1315 ciae
421 1280 561 1313 (livinae
589 1270 746 1310 satisfieri
777 1274 955 1318 oportuit,
993 1286 1031 1307 ac
1057 1270 1302 1304 inenmraliilis

326 1331 500 1376 copulatio
520 1327 777 1361 misericordiae
800 1332 831 1357 et
849 1324 1004 1357 iusticiae
1027 1324 1115 1356 facta
1139 1328 1199 1356 est.
1253 1320 1303 1354 lta

327 1389 502 1426 receptum
522 1386 569 1412 est
587 1389 694 1419 genus
719 1375 935 1415 humanum,
961 1374 989 1407 si
1015 1384 1163 1416 poenam
1190 1371 1303 1403 solve-

327 1441 379 1467 ret
405 1432 531 1476 aliquis
558 1430 594 1461 in
620 1439 743 1470 genere
767 1425 935 1458 humano.
1013 1424 1081 1457 Sed
1110 1430 1147 1455 ut
1173 1421 1304 1454 valeret

328 1494 438 1528 poena
462 1493 525 1525 pro
551 1480 646 1518 aliis,
681 1475 776 1509 hunc
799 1477 1029 1508 redemtorem
1054 1473 1209 1517 oportuit
1233 1483 1305 1504 esse

328 1535 404 1568 sine
438 1537 586 1575 peccato.
647 1527 798 1571 Ideoque
833 1527 1008 1558 redemtor
1043 1524 1189 1560 dicitur,
1224 1522 1305 1566 quia

327 1584 478 1629 pretium
496 1593 558 1625 pro
577 1578 865 1621 nobispersotvit.
918 1575 973 1608 Fit
994 1575 1099 1617 igitur
1119 1580 1307 1616 peccatum,

330 1637 365 1668 id
391 1641 457 1673 est,
496 1642 594 1664 reum
618 1629 805 1673 quiddam,
847 1626 953 1660 sentit
983 1623 1193 1658 horrendam
1220 1623 1307 1654 iram

330 1683 462 1720 aeterni
479 1682 605 1726 patris,
633 1685 751 1713 contra
768 1678 925 1711 omnium
943 1683 1092 1720 peccata,
1121 1674 1217 1718 quasi
1237 1673 1308 1716 ipse

330 1749 366 1769 se
401 1735 469 1768 tuis
501 1739 533 1765 et
562 1731 648 1764 meis
677 1736 709 1762 et
742 1729 901 1762 oninium
937 1727 1085 1770 peccatis
1117 1724 1308 1768 polluisset.

330 1786 447 1820 Huius
472 1783 603 1816 doloris
629 1780 906 1823 magnitudinem
930 1778 1026 1811 nulla
1049 1782 1206 1809 creatura
1230 1774 1310 1806 satis

332 1836 527 1877 intelligere
552 1839 672 1877 potest.

433 1886 564 1919 Contra
582 1895 662 1915 vero
681 1882 744 1914 tibi
764 1888 795 1914 et
813 1880 978 1913 omnibus
1004 1876 1226 1911 credentibus
1252 1874 1313 1907 tri-

333 1938 413 1972 buit
436 1938 493 1976 id,
521 1935 613 1978 quod
642 1934 676 1965 in
703 1932 797 1964 coelo
821 1942 997 1963 summum
1025 1936 1084 1962 est.
1133 1926 1222 1960 Cum
1243 1926 1315 1968 ipse

335 1989 378 2022 sit
403 1988 513 2020 iustus
538 1984 671 2017 iusticia
692 1982 778 2022 Dei,
806 1982 838 2014 id
869 1980 971 2013 nobis
995 1979 1135 2018 tribuit,
1162 1976 1313 2020 primum

335 2037 567 2082 imputatione
585 2042 617 2067 et
635 2033 856 2071 incoathme,
885 2037 1001 2074 postea
1023 2030 1125 2062 etiarn
1153 2038 1315 2059 consum-

335 2089 500 2123 matione.
554 2085 624 2118 Nos
649 2083 708 2128 qui
733 2083 844 2125 reipsa
871 2093 990 2114 sunnis
1018 2078 1189 2112 immundi
1214 2084 1245 2110 et
1268 2077 1315 2108 rei

336 2138 481 2184 peccati,
497 2136 645 2178 tegimur
656 2146 716 2178 per
734 2134 854 2175 silium,
875 2131 1152 2175 pronunciamur
1169 2140 1239 2161 non
1258 2127 1319 2167 rei,

338 2191 396 2224 sed
415 2188 514 2228 iusti,
539 2186 612 2220 Deo
631 2185 856 2222 institit-ante,
884 2183 917 2214 id
937 2189 1004 2221 est,
1030 2186 1228 2222 acceptante
1246 2189 1320 2217 nos,

338 2248 369 2274 et
398 2239 504 2272 simul
537 2241 728 2270 renovante
759 2240 791 2266 et
818 2232 1025 2267 vivificante.
1083 2228 1180 2263 Nihil
1209 2229 1318 2261 mains

340 2291 408 2324 dici
452 2295 511 2322 aut
548 2286 692 2329 cogitari
735 2290 855 2328 potest.
937 2281 984 2315 lta
1020 2281 1159 2325 inquit,
1200 2277 1318 2312 Esaias

341 2353 414 2384 cap.
434 2340 509 2374 61.:
539 2337 707 2370 Gaudens
731 2335 889 2377 gaudebo
915 2333 951 2364 in
971 2331 1142 2371 Domino,
1171 2337 1203 2363 et
1222 2329 1318 2362 exul-

341 2391 428 2424 taliit
451 2389 564 2422 anima
592 2400 664 2419 mea
690 2387 725 2417 in
752 2384 825 2417 Deo
850 2396 938 2418 tneo,
1007 2382 1099 2425 Quia
1122 2380 1239 2414 induit
1265 2392 1319 2412 me

343 2439 557 2474 vestimentis
590 2437 729 2476 salutis,
765 2442 796 2467 et
832 2435 1037 2466 indumento
1063 2432 1220 2465 iusticiae
1251 2430 1319 2462 cir—

344 2490 519 2525 cumdedit
534 2515 541 2528 ,
569 2495 601 2520 et
619 2494 667 2520 est
687 2488 757 2530 ipse
777 2487 863 2517 sicut
881 2495 1029 2528 sponsus
1055 2483 1089 2515 in
1115 2481 1318 2515 sacerdotali

344 2548 488 2580 ornatu,
523 2545 555 2570 et
590 2550 653 2570 nos
689 2538 775 2568 sicut
803 2546 928 2578 sponsa
964 2541 1085 2567 ornata
1115 2531 1317 2572 monilibus.

345 2592 501 2625 Primum
520 2588 635 2632 inquit
652 2599 686 2619 se
704 2586 822 2618 laetari
844 2598 913 2617 nun
932 2585 1064 2617 virilius
1090 2590 1231 2616 triturae
1255 2594 1319 2614 no-

345 2650 452 2681 strae,
479 2646 536 2673 ant
562 2639 668 2670 ullius
691 2644 866 2669 creaturae
893 2637 1044 2678 auxilio,
1078 2636 1135 2667 sed
1163 2633 1319 2675 gaudebo

347 2693 462 2736 inquit
487 2691 521 2723 in
548 2688 703 2722 Domino
731 2688 806 2720 Deo
835 2698 920 2721 meo.
991 2686 1162 2719 Gandclm
1189 2696 1241 2715 me
1267 2695 1321 2716 re-

892 127 1018 163 PntL.
1046 125 1160 160 MEL.
1187 125 1393 161 SCRIPTA
1422 123 1721 160 EXEGETICA.

2225 128 2322 164 1200

1316 219 1320 288 ι
1344 211 1567 245 conciliatum
1592 222 1664 244 esse
1685 209 1778 251 Deo,
1813 217 1846 245 et
1869 224 1924 245 me
1950 212 2057 257 ipsius
2081 211 2147 247 Dei
2171 225 2276 258 opera
2301 225 2320 248 a

1343 262 1488 295 summis
1504 262 1605 294 malis
1620 261 1805 294 liberatum
1824 274 1912 303 esse,
1939 270 1971 296 et
1991 264 2059 297 iam
2082 264 2119 296 in
2145 276 2184 298 eo
2204 265 2320 297 vivere

1317 290 1320 338 l
1345 313 1413 345 vita
1432 319 1581 347 aeterna.
1633 312 1754 345 Induit
1776 324 1848 354 me,
1876 313 2009 357 inquit,
2035 314 2240 349 vestimento
2265 315 2320 348 in-

1345 363 1482 403 suetae,
1515 363 1551 395 id
1574 369 1642 403 est,
1675 362 1758 405 tegit
1781 375 1834 396 me
1861 364 2066 397 remissione
2090 372 2321 407 pcccatorum,

1345 420 1377 447 et
1401 413 1632 457 imputatione
1649 412 1823 454 iusticiae‚
1857 413 1927 446 imo
1953 421 1985 448 et
2009 414 2189 447 effectione
2211 427 2322 448 novae

1347 471 1380 497 et
1396 471 1555 497 aeternae
1572 464 1739 497 iusticiae.
1802 462 1877 507 lpse
1895 471 2059 509 tanquam
2086 471 2213 498 vestem
2236 463 2324 498 mihi

1320 512 1324 567 Ι
1347 515 1540 547 circumdat
1561 526 1657 547 suam
1681 513 1873 554 iusticiam,
1899 526 1987 559 quae
2010 512 2097 547 mihi
2122 515 2327 558 imputatur,

1347 572 1379 598 et
1401 565 1506 597 simul
1533 576 1660 598 novam
1687 571 1720 598 et
1746 571 1920 598 aeternam
1940 565 2111 598 iusticiam
2138 565 2173 597 in
2193 577 2246 598 me
2268 565 2324 598 in-

1347 622 1434 650 coat.
1473 613 1582 648 Vestit
1598 626 1652 647 me
1670 615 1772 648 etiam
1792 615 1918 656 salute,
1944 615 1978 648 id
1995 622 2061 654 est,
2087 615 2156 648 vita
2174 622 2327 657 aeterna,

1347 673 1377 699 et
1403 665 1479 698 aliis
1497 667 1598 698 donis
1622 665 1658 698 in
1682 663 1747 698 hac
1770 666 1839 698 vita
1860 673 1891 699 et
1911 664 2094 709 posthanc
2111 666 2229 700 vitani.
2282 664 2328 699 Et

1347 717 1419 759 ipsc
1438 723 1487 749 est
1505 717 1594 749 sicut
1609 727 1757 759 sponsus
1783 716 1819 748 in
1842 716 2047 749 sacerdotali
2072 723 2211 750 ornatu.
2266 715 2327 750 Fi-

1349 768 1417 799 lius
1434 766 1499 799 Dei
1517 773 1567 799 est
1583 777 1729 809 sponsus
1746 764 1943 807 Ecclesiae,
1970 778 2049 799 vere
2067 779 2141 799 eam
2160 766 2275 810 diligit
2296 775 2328 800 et

1349 823 1473 851 servat.
1516 817 1752 860 Amplectitur
1770 825 1883 851 antem
1902 830 1975 849 eam
1994 817 2029 849 in
2050 818 2254 850 sacerdotali
2270 829 2329 850 or·

1350 874 1459 900 natu:
1502 867 1654 911 primum
1688 867 1768 911 quia
1801 867 1874 911 ipse
1906 874 1955 900 est
1980 879 2135 900 summus
2160 869 2329 908 sacerdos,

1350 918 1498 951 offerens
1522 918 1671 960 seipsum
1700 929 1762 960 pro
1788 918 1901 957 nobis,
1928 925 2119 961 prostratus
2134 930 2248 951 coram
2267 930 2328 961 pa—

1350 975 1420 1007 tre,
1447 969 1635 1011 deprecans
1657 979 1719 1011 pro
1745 967 1870 1000 misera
1898 979 2039 1010 sponsa:
2074 968 2201 1000 deinde
2225 969 2329 1002 etiam

1352 1019 1571 1051 resuscitatus
1600 1018 1793 1059 adiungens
1815 1030 1889 1050 eam
1916 1018 2000 1058 sibi,
2038 1025 2070 1051 et
2094 1029 2223 1050 ornans
2256 1030 2331 1051 eam

1351 1069 1486 1112 Spiritu
1513 1075 1632 1102 sancto
1651 1095 1660 1108 ‚
1703 1075 1737 1102 et
1766 1080 1901 1112 semper
1936 1080 1999 1111 pro
2033 1081 2070 1101 ea
2101 1068 2332 1110 intercedens,

1352 1120 1538 1152 instituens
1565 1125 1598 1152 et
1620 1129 1829 1151 conservans
1858 1118 2110 1160 ministerium,
2146 1126 2329 1163 protegens

1353 1178 1384 1203 et
1403 1170 1539 1202 salvans
1555 1181 1642 1204 eam.

1454 1237 1554 1270 Astat
1571 1243 1604 1270 et
1623 1236 1696 1280 ipsa
1719 1237 1811 1281 apud
1832 1248 2020 1280 sponsum,
2053 1237 2212 1270 decorata
2237 1236 2335 1269 simi-

1359 1289 1452 1321 libus
1487 1287 1728 1328 ornamentis,
1772 1287 2046 1330 congruentibus
2082 1285 2164 1320 huic
2197 1298 2337 1330 sponso,

1354 1339 1438 1371 soris
1457 1350 1575 1378 cruce,
1603 1338 1697 1371 intus
1716 1338 1918 1370 remissione
1937 1345 2173 1381 peccatorum,
2200 1337 2336 1381 Spiritu

1355 1395 1493 1426 sancto,
1523 1389 1754 1431 imputatione
1779 1388 1952 1428 iusticiae,
1979 1395 2012 1421 et
2040 1388 2168 1421 deinde
2191 1395 2332 1421 aeterna

1359 1547 1390 1572 et
1416 1551 1477 1582 per
1502 1540 1614 1581 ipsum
1640 1539 1789 1570 adducta
1816 1539 1856 1570 ad
1894 1546 2072 1571 aeteruum
2106 1545 2236 1581 patrem
2254 1563 2265 1578 ,
2304 1544 2337 1570 et

1359 1591 1446 1621 iaeta
1464 1590 1500 1621 in
1520 1589 1617 1621 omni
1641 1589 1842 1621 aeternitate
1865 1589 2043 1620 celebrans
2058 1588 2169 1621 Deum
2183 1615 2191 1626 ,
2219 1588 2340 1621 fruens

1360 1640 1433 1672 eius
1456 1639 1549 1679 luce,
1577 1639 1764 1682 sapientia,
1789 1638 1944 1678 iusticia,
1971 1645 2001 1671 et
2027 1639 2107 1673 vita.
2160 1637 2235 1671 Hae
2259 1645 2340 1671 sunt

1335 1700 1337 1715 t
1362 1691 1442 1722 illae
1467 1696 1627 1722 aeternae
1653 1690 1816 1732 nuptiae,
1845 1690 1886 1721 ad
1915 1701 1998 1733 quas
2019 1686 2103 1721 haec
2128 1700 2252 1732 sponsa
2282 1700 2341 1721 or—

1364 1747 1444 1773 nata
1469 1753 1487 1772 a
1516 1751 1643 1782 sponso
1666 1740 1817 1772 ducitur.
1872 1739 2012 1772 Talium
2039 1740 2211 1772 dictorum
2234 1739 2342 1772 colla—

1364 1792 1458 1827 tione
1476 1791 1512 1823 fit
1531 1790 1702 1824 illustrior
1723 1788 1780 1823 hie
1802 1790 1898 1822 locus
1916 1788 2026 1824 Pauli.

1466 1856 1505 1890 In
1531 1864 1624 1890 sexto
1649 1857 1778 1900 capite,
1812 1863 1995 1901 postquam
2023 1862 2121 1889 antea
2146 1856 2343 1890 doctrinam

1365 1907 1546 1951 Evangelii
1571 1908 1748 1947 recitavit,
1776 1907 1873 1941 addit
1896 1904 2196 1945 adhortationem,
2225 1915 2263 1940 ut
2288 1907 2343 1939 in-

1356 1439 1492 1472 iusticia
1510 1445 1543 1471 et
1561 1438 1629 1471 vita
1642 1465 1650 1476 ,
1673 1436 1754 1471 huic
1771 1438 1832 1470 uni
1848 1450 1976 1480 sponso
1992 1439 2139 1477 addicta,
2166 1449 2238 1470 non
2257 1439 2336 1481 pol-
2365 1460 2371 1466 x

1331 1506 1334 1532 f
1358 1491 1448 1529 luta,
1475 1489 1556 1521 ullis
1574 1489 1697 1526 idolis,
1723 1489 1848 1521 ardens
1871 1488 2058 1521 dilectione
2076 1486 2180 1521 liuius
2204 1488 2336 1531 sponsi,

1366 1965 1463 1992 coata
1487 1961 1580 1991 dona
1606 1959 1816 1992 retineamus
1837 1965 1869 1990 et
1893 1969 2132 1995 exerceamus,
2167 1964 2199 1991 et
2225 1957 2344 1991 miscet
2366 1960 2371 1965 ”

1367 2009 1633 2042 consolationes.
1687 2008 1902 2041 Nominatim
1926 2019 2006 2040 vero
2030 2005 2194 2051 prohibet
2221 2008 2344 2041 confu-

1368 2062 1481 2093 siones
1498 2059 1719 2101 religionum.
1773 2059 1872 2092 Iubet
1893 2064 1931 2091 ut
1947 2058 2058 2092 vitent
2076 2059 2252 2091 idolorum
2270 2059 2344 2091 cul-

1369 2118 1423 2144 tus
1442 2117 1475 2143 et
1494 2109 1677 2152 sacrificia,
1711 2120 1798 2153 quae
1816 2109 1919 2141 idolis
1937 2108 2075 2142 fiebant.
2130 2107 2213 2142 Fuit
2230 2115 2344 2142 autem

1369 2172 1464 2201 mos,
1499 2173 1539 2193 ex
1565 2160 1752 2193 sacrificata
1777 2171 1879 2192 carne
1902 2159 2061 2191 convivia
2086 2159 2275 2200 instruere,
2302 2159 2345 2192 ad

1369 2223 1458 2257 quae
1476 2211 1627 2243 familiae
1649 2217 1739 2243 totae
1758 2210 2052 2243 convocabantur.

1370 2263 1423 2305 gia
1451 2258 1632 2304 prohibet,
1659 2261 1749 2294 sicut
1774 2272 1867 2293 nunc
1893 2271 2030 2292 necesse
2056 2266 2104 2292 est
2130 2260 2207 2303 pios
2229 2261 2346 2302 fugere

1370 2313 1649 2356 profanationem
1668 2322 1795 2344 coenae
1811 2310 1956 2343 Domini
1975 2310 2011 2342 in
2034 2309 2142 2342 Missa
2160 2311 2348 2353 pontificia,

1370 2363 1591 2396 adorationes
1610 2362 1708 2405 panis
1733 2362 1770 2394 in
1788 2361 2128 2403 circumgestatione‚
2156 2360 2348 2394 invocatio-

1371 2425 1429 2445 nes
1457 2420 1698 2452 mortuorum,
1726 2419 1764 2445 ut
1790 2412 1827 2444 in
1852 2410 2072 2444 enarratione
2097 2411 2272 2455 copiosius
2295 2411 2348 2444 ‹ti-

1370 2471 1475 2498 cetur.

1473 2530 1512 2575 In
1534 2531 1680 2574 septimo
1697 2530 1808 2574 capite
1824 2528 1948 2573 repetit
1964 2528 2117 2573 priorem
2136 2526 2351 2562 adhortatio-

1373 2594 1472 2622 nem,
1506 2588 1545 2614 ut
1571 2581 1718 2614 vitemus
1747 2580 1853 2615 idola.
1912 2578 1960 2612 Et
1983 2579 2097 2613 statim
2123 2585 2239 2624 postea
2262 2578 2349 2612 lenit¹

1375 2644 1497 2666 eorum
1528 2632 1705 2669 dolorem,
1748 2642 1852 2676 quem
1881 2630 2046 2664 attulerat
2076 2629 2124 2662 eis
2153 2628 2347 2672 indignatio

1375 2683 1496 2724 Pauli,
1530 2683 1591 2715 ubi
1614 2682 1701 2715 mira
1728 2681 1913 2715 solicitudo
1937 2678 2100 2725 Apostoli
2132 2679 2352 2724 conspicitur.

2395 2920 2401 2939 ,⁴
2382 2751 2402 2907 ,ὲῖ-Δ-ῑ-
2384 2355 2404 2735 »ἠύ-*μιν

2106 2208 2346 2252 Haemonia·
2392 2206 2394 2211 ’
