2415 2942
283 138 330 172 63

279 224 395 258 bolus.
447 217 522 252 Etsi
546 222 659 250 autem
681 211 762 244 vicit
780 206 957 245 (JhristuS,
981 216 1019 237 ac
1032 202 1165 247 repulit
1184 202 1259 235 dia-

280 275 423 309 bolum,
458 277 573 301 tamen
608 265 648 297 ad
682 268 874 294 extremum
898 254 1089 288 Ecclesiam
1114 252 1261 286 vastavit

283 323 367 357 baec
390 319 546 355 tentatio.
615 306 844 346 Mahometh,
879 305 995 349 Papa,
1028 311 1171 349 propter
1194 303 1261 335 im-

284 373 378 418 peria
404 369 639 410 excogitarunt
666 359 865 394 idolatricos
891 357 1022 394 cultus,
1048 362 1081 388 et
1103 354 1262 387 videmus

285 421 483 465 conspirare
500 414 688 460 potenti-un
707 409 831 443 mundi
849 409 891 440 ad
912 405 1166 440 defendendam
1184 405 1261 437 ido-

286 473 439 506 latriam:
468 475 505 500 ut
533 466 617 499 olim
643 463 867 506 imperatores
889 459 1079 491 tuebantur
1101 454 1257 490 ethnicas

286 519 531 557 idolomanias,
567 516 613 549 ita
639 525 732 547 nunc
756 509 940 544 Pontifices
969 515 1001 540 et
1034 518 1130 550 reges
1155 505 1263 539 stabi-
1289 518 1291 524 ·

286 575 377 606 liunt
401 565 680 613 impiasMissas‚
708 562 840 595 cultum
860 565 1079 597 sanctorum,
1106 556 1258 589 coeliba-

286 632 373 658 tum.
427 620 507 654 Non
539 616 634 662 quod
668 613 821 647 sentiant
853 610 1033 654 probanda
1066 618 1158 651 esse,
1202 607 1261 639 sed

289 680 424 708 tantum
456 677 494 703 ut
524 678 624 712 opes,
658 664 860 706 dignitates,
894 667 927 692 et
958 659 1152 701 voluptates
1180 657 1266 690 reti—

289 730 404 758 neant.
472 719 573 753 Hanc
601 713 893 758 conspirationem
920 715 1121 753 potentum,
1155 708 1266 741 sciens

289 773 470 810 diabolus,
517 767 689 813 promittit
725 761 865 797 Christo
905 760 1090 802 imperium
1131 757 1267 795 mundi,

291 838 363 858 non
383 824 475 868 quod
495 820 744 855 arbitraretur,
770 825 803 846 se
823 811 933 844 invito
952 809 1026 843 Deo
1042 820 1141 852 posse
1158 809 1268 851 impe-

291 877 343 910 ria
369 873 564 908 transferre.
618 868 690 901 Scit
718 864 810 897 euim
837 862 976 905 politias
999 870 1071 892 esse
1094 857 1178 898 Dei,
1209 857 1269 890 sed

292 926 386 972 quod
413 935 489 962 eos,
515 921 574 965 qui
602 923 720 951 tenent
739 913 901 955 imperia,
931 911 1125 953 plerunque
1143 907 1269 950 impios

294 988 365 1009 esse
395 969 662 1007 animadvertit,
695 973 728 998 et
760 962 890 1004 ingemi
919 961 1035 992 surore
1061 958 1152 991 tueri
1176 957 1270 991 idola

295 1024 483 1068 comperit,
511 1027 548 1053 ut
566 1017 787 1051 autoritatem
803 1019 835 1045 et
852 1023 934 1054 opes
952 1010 1134 1043 retineant.

397 1073 490 1105 Vicit
507 1077 621 1104 autem
637 1065 798 1101 Christus
812 1060 874 1094 has
890 1060 1114 1099 tentationes,
1140 1065 1172 1091 et
1189 1055 1274 1090 haec

295 1126 399 1161 scribi
419 1122 550 1160 voluit,
577 1126 615 1152 ut
630 1115 784 1150 Ecclesia
800 1112 997 1150 admonita,
1023 1110 1107 1143 sciat
1125 1120 1160 1141 se
1177 1107 1274 1140 sirni-

297 1181 345 1212 los
375 1173 602 1209 tentationes,
639 1175 671 1200 et
701 1164 829 1198 similia
864 1161 1053 1195 certamina
1079 1159 1274 1192 subituram

297 1241 379 1262 esse.
434 1222 547 1257 Erunt
575 1220 681 1263 igitur
704 1215 830 1259 aliqui,
858 1213 919 1257 qui
945 1212 1085 1244 diabolo
1102 1220 1278 1253 repugna-

298 1281 406 1319 bunt,
435 1283 605 1307 memores
629 1267 794 1301 victoriae
812 1261 963 1303 Christi,
989 1261 1050 1306 qui
1072 1261 1146 1294 eius
1161 1271 1277 1292 exem-

298 1331 356 1374 plo
390 1323 649 1360 dimicationem
682 1317 870 1354 subibunt,
903 1320 935 1346 et
963 1313 1006 1345 ab
1035 1323 1075 1345 eo
1108 1309 1277 1344 auxilium

302 1385 428 1425 petent.
484 1374 566 1407 Ideo
593 1371 686 1405 enim
708 1368 800 1401 filius
825 1365 889 1399 Dei
916 1363 1030 1402 venit,
1063 1368 1101 1394 ut
1124 1362 1280 1394 destruat

303 1442 408 1474 opera
431 1424 575 1459 diaboli.
636 1420 686 1453 lta
711 1428 832 1451 omnes
855 1414 965 1448 sancti
989 1414 1135 1446 vincunt
1156 1411 1279 1444 diabo-

305 1483 398 1522 lum,
435 1478 492 1510 sed
519 1474 578 1507 alii
605 1471 834 1505 anteferentes
859 1464 1073 1510 potentiam,
1097 1474 1198 1506 opes,
1226 1461 1281 1493 di-

303 1531 488 1575 gnitatem,
515 1525 728 1566 voluptates,
756 1519 998 1561 obtemperant
1013 1514 1154 1548 diabolo
1171 1513 1207 1545 in
1225 1523 1282 1544 co-

305 1581 418 1616 lendis
450 1585 481 1610 et
516 1572 710 1608 retinendis
743 1569 859 1602 idolis.
926 1566 1135 1599 Praemonet
1167 1569 1282 1596 autem

305 1632 465 1666 Christus
490 1636 610 1660 ornnes
632 1621 812 1658 homines,
847 1616 938 1650 hanc
963 1627 1083 1649 vocem
1108 1621 1283 1657 repetens:

307 1681 500 1718 Dominum
516 1676 630 1709 Deum
654 1681 753 1706 tuum
777 1667 959 1706 adorabis,
985 1673 1018 1700 et
1035 1664 1116 1699 huic
1131 1664 1197 1697 soli
1214 1674 1286 1696 ser-

309 1735 390 1766 vies.
444 1728 520 1762 Hoc
543 1724 700 1767 exemplo
719 1718 867 1757 Christi,
896 1725 929 1750 ct
953 1714 1018 1749 hac
1040 1715 1185 1748 victoria
1210 1725 1286 1746 mo·-

308 1784 390 1821 niti,
415 1781 562 1814 sciamus
587 1777 624 1808 in
650 1772 815 1807 omnibus
839 1767 1090 1801 tentationibus
1113 1763 1197 1797 baec
1217 1765 1287 1797 duo

309 1834 492 1879 praecipue
515 1826 671 1860 facienda
692 1834 774 1856 esse.
828 1819 1033 1852 Intueamur
1051 1816 1195 1849 verbum
1212 1813 1289 1853 Dei,

317 1893 347 1919 et
366 1884 446 1916 iude
463 1878 648 1913 consilium
666 1880 841 1918 petamus,
869 1881 932 1902 nec
948 1867 1050 1900 avelli
1065 1877 1129 1899 nos
1145 1878 1162 1898 a
1182 1865 1287 1897 verbo

308 1935 373 1970 Dei
399 1932 582 1977 patiamur.
636 1925 798 1958 Petamus
821 1921 902 1953 item
927 1918 1096 1951 auxilium
1119 1928 1136 1949 a
1160 1915 1290 1947 victore

311 1984 471 2024 Christo,
510 1986 544 2013 et
575 1977 724 2010 sciamus
750 1971 937 2006 Ecclesiam
970 1968 1099 2002 talibus
1130 1964 1292 2000 certami-

313 2037 417 2070 nibus
443 2029 611 2068 exerceri,
646 2033 678 2059 et
701 2024 789 2057 velle
813 2019 1024 2054 certantibus
1048 2018 1165 2051 adesse
1181 2015 1290 2049 filium

314 2087 389 2121 Dei.
443 2083 537 2117 Haec
557 2077 710 2112 breviter
732 2075 774 2107 de
798 2070 1052 2106 tentationibus
1076 2073 1219 2112 propter
1240 2077 1294 2098 se-

315 2139 398 2172 riem
420 2131 585 2167 historiae
607 2127 689 2160 dixi.

419 2185 500 2218 Post
528 2179 738 2214 tentationes
767 2172 894 2207 exactis
924 2170 972 2204 40
1002 2169 1145 2208 diebus,
1191 2166 1296 2200 rediit

318 2236 476 2273 Christus
508 2233 550 2264 ad
574 2229 784 2273 Baptistam‚
817 2230 848 2256 et
872 2228 1144 2255 consentaneum
1168 2225 1217 2251 est
1241 2218 1296 2249 in-

320 2289 422 2322 terim
454 2281 638 2327 aliquoties
673 2288 731 2311 eos
755 2286 826 2308 una
850 2273 974 2306 fuisse:
1010 2281 1159 2314 cumque
1179 2279 1297 2301 mense

320 2335 511 2373 Februario
536 2343 623 2376 pene
641 2327 757 2361 medio
776 2324 907 2358 rediret
926 2323 963 2355 in
981 2320 1194 2360 Galilaeam,
1221 2324 1299 2363 post

323 2391 381 2423 illa
413 2387 499 2419 mira
531 2380 691 2415 exercitia
723 2375 837 2419 coepit
865 2375 1011 2410 docere,
1045 2378 1078 2404 et
1103 2370 1296 2404 doctrinam

323 2439 528 2474 confirmare
568 2430 718 2475 publicis
752 2424 950 2465 miraculis,
990 2434 1029 2456 ac
1057 2421 1211 2466 primum
1243 2417 1299 2453 hic

323 2495 485 2524 narratur
503 2485 544 2518 de
561 2483 643 2515 vino
662 2480 699 2512 iu
717 2477 850 2520 nuptiis
866 2476 969 2509 sacto.

510 2566 563 2601 Et
588 2563 644 2599 die
668 2561 773 2597 tertia
799 2559 946 2607 nuptiae
957 2556 1114 2604 fiebant.

426 2638 506 2673 Non
525 2635 672 2669 dubium
690 2637 757 2669 est,
782 2630 952 2672 legitimas
969 2626 1109 2672 nuptias
1128 2635 1198 2658 esse
1215 2624 1302 2656 ima-

328 2693 442 2736 ginem
461 2686 588 2721 amoris
605 2685 696 2716 inter
712 2682 822 2715 filium
839 2679 904 2714 Dei
921 2689 1106 2724 sponsum,
1134 2682 1167 2710 et
1182 2673 1302 2709 Eccle-

860 122 982 156 Ptttt„
1011 118 1125 154 MEL.
1155 116 1362 153 SCRtPTA
1391 115 1685 152 EXEGETICA.

1284 243 1285 246 Ἴ
1309 203 1446 236 clesiam
1481 213 1658 247 sponsam.

2238 114 2287 149 64

1721 199 1805 234 Ideo
1836 201 1956 234 multis
1988 201 2072 235 locis
2104 200 2290 244 descriptio

1311 254 1513 297 nuptiarum
1546 254 1581 285 in
1613 250 1769 285 historiis
1792 251 1897 284 sacris
1919 258 2010 285 recte
2033 252 2201 295 significat
2223 249 2292 284 Ec-

1312 305 1470 344 clesiam,
1497 310 1535 336 ut
1560 301 1617 336 hic
1642 303 1742 335 valde
1761 302 1933 334 concinna
1950 309 1999 335 est
2019 302 2205 345 allegoria,
2230 300 2291 334 sed

1313 367 1377 388 nos
1402 355 1497 399 prius
1514 352 1696 387 historiam
1715 363 1969 395 percurremus.
2022 351 2205 395 praecipui
2223 350 2293 384 loci
2328 356 2333 360 ’

1314 413 1395 439 sunt
1418 405 1623 448 approbatio
1643 403 1866 447 nuptiarum,
1894 402 2091 446 exemplum
2109 413 2294 435 aerumna·

1315 468 1392 489 rum
1417 455 1589 498 coniugii:
1623 453 1861 487 testimonium
1889 453 2104 496 praesentiae
2129 451 2194 485 Dei
2216 451 2295 496 opi—

1315 506 1462 540 tulantis
1484 507 1519 538 in
1546 503 1599 538 his
1622 504 1855 537 oeconomicis
1871 503 2031 536 miseriis.
2084 501 2136 536 De
2155 503 2296 535 invoca-

1316 558 1431 597 tione,
1465 563 1503 589 ut
1536 553 1593 589 hic
1615 561 1725 588 mater
1751 554 1952 598 interpellat
1975 552 2173 593 Christum,
2208 559 2242 585 et
2267 552 2297 584 is

1317 608 1453 641 duriter
1471 606 1668 650 respondet,
1695 612 1812 638 tamen
1827 611 1943 648 postea
1959 604 2162 648 opitulatur.
2201 602 2298 636 Haec

1318 658 1434 691 omnia
1453 657 1635 691 continent
1652 656 1772 689 utilem
1790 655 1999 688 doctrinam.

1419 731 1472 764 De
1497 731 1610 775 primo
1635 731 1712 763 loco
1736 729 1888 762 breviter
1910 729 2153 762 admonendus
2178 734 2228 761 est
2250 728 2300 760 le-

1319 790 1412 821 ctor,
1437 782 1518 827 quia
1535 782 1628 814 enim
1648 782 1742 813 adest
1758 777 1938 820 Christus,
1965 786 1996 811 et
2014 786 2115 812 ornat
2130 778 2299 811 miraculo

1321 833 1478 877 nuptias,
1514 840 1605 865 certe
1628 843 1684 864 eas
1706 831 1888 874 approbat.
1952 828 1998 863 Et
2023 827 2092 862 huc
2117 829 2299 862 addendae

1321 891 1402 917 sunt
1425 883 1615 916 sententiae
1639 894 1678 914 ex
1703 882 1781 913 aliis
1805 881 1889 913 locis
1907 880 2044 921 multis,
2069 891 2157 924 quae
2173 886 2302 913 testan-

1322 941 1379 968 tur
1395 933 1566 975 legitimas
1580 932 1720 976 nuptias
1737 930 1811 964 Deo
1831 931 1982 975 placere,
2010 937 2042 964 et
2060 932 2213 964 refutant
2231 930 2303 962 im·-

1323 985 1397 1028 pias
1419 983 1605 1027 opiniones
1630 983 1787 1014 omnium
1805 981 2054 1020 fanaticorum,
2081 981 2140 1025 qui
2158 981 2304 1013 damna—

1323 1040 1469 1073 verunt,
1503 1039 1563 1066 aut
1587 1030 1851 1075 prohibuerunt
1876 1031 2068 1074 legitimum
2089 1031 2305 1073 coniugium.

1325 1084 1457 1126 Quales
1478 1083 1620 1115 suerunt
1649 1081 1833 1120 Marcion,
1861 1080 2082 1122 Manichaei,
2106 1079 2306 1115 Encratitae

1327 1141 1359 1167 et
1377 1132 1582 1170 Pontifices,
1609 1131 1669 1176 qui
1693 1129 1807 1163 adhuc
1830 1132 2022 1165 defendunt
2039 1133 2148 1174 legem
2165 1133 2207 1164 de
2227 1143 2306 1164 coe-

1327 1185 1458 1221 libatu,
1486 1189 1519 1215 et
1544 1179 1732 1221 Monachi,
1759 1181 1817 1225 qui
1842 1182 1977 1223 fingunt
2003 1182 2212 1215 coelibatum
2236 1193 2307 1215 esse

1329 1235 1493 1268 eximium
1512 1231 1577 1266 Dei
1602 1232 1754 1271 cultum,
1782 1239 1813 1264 et
1831 1232 1953 1263 mereri
1971 1231 2211 1264 remissionem
2229 1243 2309 1274 pec-

1329 1292 1506 1324 catorum,
1541 1290 1573 1316 et
1605 1283 1671 1315 alia
1702 1282 1811 1315 multa
1836 1281 1999 1325 praemia.
2068 1280 2164 1315 Haec
2186 1282 2310 1316 deliria

1330 1335 1507 1381 quomodo
1531 1333 1716 1366 refutanda
1739 1333 1828 1370 sint,
1863 1332 1948 1364 alias
1970 1343 2071 1374 saepe
2091 1332 2236 1365 dicitur:
2264 1330 2310 1366 Et

1331 1385 1389 1420 hic
1413 1385 1496 1418 satis
1519 1384 1647 1416 illustri
1671 1383 1870 1416 testimonio
1894 1382 2093 1415 refutantur
2116 1383 2310 1426 praesentia

1335 1434 1489 1475 Christi,
1523 1436 1583 1479 qui
1614 1433 1767 1467 ostendit
1792 1444 1826 1465 se
1851 1433 1966 1465 favere
1991 1433 2142 1476 nuptiiS,
2176 1444 2255 1466 cum
2279 1441 2313 1467 et

1332 1488 1445 1525 adest,
1473 1492 1505 1518 et
1528 1496 1583 1517 eas
1611 1483 1779 1516 miraculo
1804 1490 1916 1516 ornat.
1967 1482 2012 1515 Et
2037 1495 2146 1516 unum
2171 1480 2238 1516 hoc
2257 1483 2313 1516 di-

1334 1546 1448 1577 ctum,
1482 1548 1558 1568 cum
1591 1535 1638 1567 ait
1662 1532 1838 1567 Christus:
1874 1533 1973 1576 Quos
1998 1532 2092 1566 Deus
2121 1534 2314 1575 coniunxit,

1334 1588 1416 1621 satis
1447 1587 1537 1619 clare
1559 1592 1704 1618 testatur
1728 1584 1868 1628 nuptias
1893 1584 2069 1618 institutas
2094 1595 2165 1617 esse
2187 1596 2205 1617 a
2227 1582 2315 1626 Deo,

1335 1646 1368 1672 et
1391 1638 1525 1682 placere
1542 1634 1630 1669 Deo.
1685 1632 1730 1668 Et
1756 1635 1899 1679 quidem
1924 1634 2099 1677 copiosam
2119 1634 2315 1668 doctrinam

1336 1687 1579 1732 complectitur
1605 1683 1689 1718 haec
1718 1685 1906 1729 particula,
1938 1696 2016 1716 cum
2050 1691 2170 1718 monet
2193 1685 2316 1718 coniu—

1337 1741 1431 1783 gium
1457 1749 1528 1770 esse
1548 1736 1831 1769 coniunctionem
1853 1734 2029 1775 divinam,
2058 1735 2093 1767 id
2111 1741 2180 1774 est,
2207 1735 2317 1768 socie-

1338 1797 1441 1823 tatem
1468 1787 1662 1820 institutam
1688 1797 1706 1817 a
1729 1785 1823 1821 Deo,
1858 1796 1962 1829 quam
1986 1783 2080 1818 Deus
2105 1797 2177 1818 non
2203 1786 2317 1819 solum

1339 1839 1528 1883 approbat,
1556 1837 1615 1868 sed
1639 1835 1741 1868 etiam
1760 1835 1921 1873 adiuvat,
1949 1835 2055 1877 regit,
2083 1841 2217 1873 tuetur,
2243 1847 2317 1868 ser-

1341 1896 1397 1922 vat
1417 1889 1454 1921 in
1472 1886 1535 1920 hac
1552 1887 1643 1926 vita,
1671 1891 1703 1918 et
1720 1885 1795 1918 vult
1810 1891 1951 1928 propter
1965 1884 2074 1928 ipsam
2093 1886 2218 1926 amari,
2246 1898 2318 1919 rna-

1341 1938 1493 1983 gnifieri‚
1521 1944 1554 1970 et
1569 1943 1659 1969 certa
1676 1936 1748 1978 lege
1766 1935 1909 1969 servari.

1445 2013 1626 2047 Secundus
1656 2011 1753 2044 locus
1778 2017 1827 2043 est
1853 2010 2049 2054 exemplum
2073 2023 2319 2046 aerumnarum

1344 2064 1517 2107 coniugii,
1540 2063 1683 2105 vulgare
1709 2073 1798 2095 onus
1825 2067 1875 2094 est
1897 2061 2035 2105 inopia,
2064 2068 2096 2095 et
2115 2068 2229 2095 tamen
2248 2075 2320 2096 non

1344 2117 1437 2155 leve,
1464 2115 1522 2148 sed
1539 2113 1606 2146 alia
1623 2112 1733 2146 multa
1750 2111 1911 2144 incidunt
1927 2112 2087 2153 duriora,
2114 2114 2241 2154 morbi,
2266 2114 2322 2147 in-

1345 2166 1462 2200 felices
1484 2171 1621 2210 partuS,
1648 2163 1770 2196 funera
1795 2169 1978 2202 natorum,
2005 2163 2150 2202 delicta,
2176 2170 2236 2197 aut
2259 2164 2323 2197 tri-

1347 2224 1413 2251 stes
1431 2227 1529 2250 casus
1544 2215 1750 2248 liberorum.
1802 2213 1853 2246 Ut
1870 2224 1996 2255 magno
2013 2225 2091 2246 cum
2109 2214 2231 2247 dolore
2246 2225 2323 2258 spe-

1347 2273 1485 2302 ctarunt
1501 2265 1604 2311 primi
1618 2271 1777 2309 parentes
1792 2275 1912 2296 necem
1928 2263 1990 2295 filii
2002 2262 2091 2296 Abel
2103 2290 2112 2304 ,
2137 2265 2195 2297 sed
2213 2265 2325 2299 multo

1347 2319 1515 2351 maiorem
1542 2323 1576 2349 et
1598 2316 1769 2348 acriorem
1791 2314 1948 2348 dolorem
1972 2314 2089 2348 attulit
2111 2315 2160 2348 eis
2182 2315 2325 2349 alterius

1348 2368 1412 2401 filii
1444 2367 1636 2413 parricidae
1666 2366 1787 2399 scelus.
1845 2363 2030 2398 Humanae
2060 2365 2221 2398 miseriae
2244 2373 2326 2400 sunt

1349 2431 1481 2464 poenae
1502 2416 1651 2463 peceati,
1682 2423 1721 2449 ut
1746 2421 1899 2454 constat,
1932 2421 1965 2447 et
1990 2412 2054 2447 hae
2076 2415 2224 2448 maxime
2247 2428 2326 2460 pre-

1350 2477 1452 2503 munt
1473 2467 1564 2502 hanc
1585 2473 1717 2512 partem
1735 2465 1870 2509 generis
1886 2463 2054 2508 humani,
2081 2477 2169 2510 quae
2184 2466 2271 2500 vivit
2288 2467 2326 2500 in

1351 2520 1528 2563 coniugio.
1591 2517 1688 2551 Haec
1720 2517 1812 2549 enim
1844 2521 1894 2548 est
1928 2516 2123 2559 praecipua.
2191 2515 2328 2551 Caeteri

1351 2571 1411 2616 qui
1433 2571 1571 2614 fugiunt
1593 2567 1875 2605 matrimonium,
1902 2577 1973 2599 non
1992 2566 2102 2609 ipsam
2120 2567 2329 2609 societatem,

1352 2633 1439 2667 quae
1457 2633 1518 2665 per
1534 2628 1569 2654 se
1585 2619 1697 2653 dulcis
1708 2624 1767 2658 est,
1790 2617 1939 2659 fugiunt,
1965 2618 2024 2649 sed
2037 2617 2131 2650 illam
2143 2629 2329 2651 aerumna—

1353 2684 1430 2706 rum
1457 2672 1604 2710 molem,
1632 2680 1718 2715 quae
1740 2667 1890 2707 accedit,
1919 2678 1956 2700 ac
1974 2675 2146 2712 quaerunt
2164 2668 2274 2703 otium
2291 2680 2329 2702 ac
