2415 2942
115 85 208 121 1021
358 83 459 118 XIII.

111 182 224 215 neque
259 170 444 214 perfectam
470 169 718 212 dilectionem,
760 182 874 215 neque
903 171 1093 214 perfectam

110 222 195 265 Iegis
225 221 467 264 impletionem
502 220 595 254 ullus
626 219 732 255 homo
767 219 896 261 habet,
952 229 1094 265 excepto

109 272 330 312 mediadore,
364 270 519 305 Domino
546 279 666 305 nostro
693 271 770 305 Iesu
793 269 947 306 Christo.
1009 271 1092 305 Ideo

109 322 233 355 caeteri
254 319 414 355 homines
431 335 494 356 nec
512 323 599 365 lege,
624 335 689 355 nec
705 322 893 356 dilectione
911 329 993 355 sunt
1011 323 1093 356 iusti

110 366 225 405 coram
246 371 342 414 Deo,
369 376 427 406 sed
451 380 595 418 propter
621 374 850 406 mediatorem
877 373 955 411 fide,
974 374 1093 416 gratis,

110 435 255 467 persona
278 425 446 469 recipitur
461 432 493 458 et
511 424 632 468 placet.
671 423 795 457 Postea
821 424 931 467 placet
952 432 983 457 et
1002 436 1091 457 nova
1117 466 1118 471 1

110 475 330 515 obedientia,
371 476 531 520 quamvis
556 475 679 518 procul
707 475 802 508 abest
826 488 843 507 a
869 475 1093 516 perfectione,
1116 476 1118 511 ἶ

110 532 141 558 et
167 534 216 559 est
239 525 423 568 languida,
451 525 594 566 mutila,
619 527 781 559 mendica
807 532 840 558 et
865 526 1024 564 sordida,
1053 534 1091 559 ut

109 587 212 623 supra
238 587 337 619 saepe
359 577 491 610 dictum
516 583 575 611 est.

208 626 261 660 Sit
284 627 390 670 igitur
414 627 531 660 brevis
552 626 748 670 responsio:
774 623 926 658 Dilectio
952 634 1001 659 est
1022 627 1090 659 im-

107 677 213 720 pletio
234 677 329 720 legis.
383 677 489 718 Item,
522 675 587 710 Est
608 677 763 715 iusticia,
796 677 825 709 si
850 677 885 709 id
911 677 1089 720 intelliga-

107 736 164 761 tur
181 730 223 761 de
242 728 340 767 idea,
368 740 440 761 non
462 731 504 761 de
530 728 590 760 tali
617 728 825 768 dilectione,
853 728 966 772 qualis
985 736 1034 761 est
1052 729 1089 761 in

107 775 311 811 hominibus
331 779 367 811 in
388 777 452 812 hac
470 780 549 811 vita.
602 777 697 812 Haec
714 779 798 813 satis
816 779 859 811 sit
877 779 1063 812 monuisse.

207 830 317 862 Addit
341 837 457 862 autem
483 829 614 862 Paulus
639 827 705 862 hoc
730 830 806 863 loco
839 830 1086 873 repetitionem

105 880 278 922 decalogi,
321 887 354 913 et
379 880 578 913 doctrinam
604 881 647 913 de
673 881 883 920 dilectione,
919 882 999 925 quia
1027 893 1086 913 ne-

105 1033 156 1065 vis
182 1033 316 1075 ingredi
350 1033 384 1065 in
411 1034 537 1073 vitam,
586 1045 683 1066 serva
710 1035 891 1071 mandata,
936 1034 1085 1072 scilicet,

104 1084 191 1116 sicut
209 1082 440 1125 Evangelium
461 1085 560 1116 docet
579 1092 722 1128 propter
744 1085 855 1117 filium
874 1096 938 1117 nos
962 1085 1083 1127 recipi,

102 1142 134 1167 et
153 1135 219 1167 lide
236 1134 369 1168 incoari
387 1135 646 1176 obedientiam,
680 1136 768 1169 sicut
796 1134 928 1168 Paulus
950 1135 1081 1180 inquit:

102 1184 168 1218 Per
192 1185 296 1218 fidem
321 1186 375 1218 lex
401 1186 589 1220 stabilitur.

152 1258 238 1293 Iam
264 1257 358 1294 hora
385 1265 453 1302 est,
494 1273 560 1294 nos
586 1273 630 1294 ea*
653 1273 792 1294 sommo
817 1260 1031 1308 expergisci.

201 1335 414 1371 Adhortatio
439 1345 488 1371 est
505 1350 521 1370 a
542 1344 698 1380 tempore
722 1345 834 1372 sumta
859 1345 1003 1381 propter
1024 1350 1082 1370 oc-

104 1389 272 1426 casiones,
288 1389 386 1432 quasi
405 1389 514 1421 dicat:
542 1388 613 1420 lam
632 1389 800 1422 immensa
819 1389 976 1421 bonitate
986 1388 1082 1421 Deus

102 1439 204 1473 nobis
230 1439 390 1482 patefecit
415 1437 649 1480 Evangelium
680 1438 858 1473 Gentibus
880 1447 912 1472 et
930 1439 1082 1478 Iudaeis,

100 1502 179 1524 cuin
203 1497 302 1523 antea
325 1490 362 1522 iu
387 1491 540 1523 tenebris
566 1490 703 1530 essetis,
739 1496 772 1523 et
797 1501 857 1522 vos
877 1497 987 1524 vocat.
1041 1489 1080 1522 ld

100 1553 276 1574 summum
313 1541 520 1573 beneficium
555 1552 802 1582 agnoscamus,
848 1553 911 1573 nec
944 1548 1079 1574 tautum

101 1602 230 1624 munus
253 1592 522 1632 adspernemur,
548 1593 604 1622 sed
630 1591 731 1623 avide
750 1592 1020 1634 amplectamur,
1049 1598 1081 1624 et

99 1641 174 1676 Deo
200 1641 416 1676 obediamus.
467 1639 626 1674 Eandem
650 1638 932 1675 adhortationem
952 1654 1080 1685 propo-

100 1694 152 1726 nit
169 1692 357 1731 Dominus,
375 1692 456 1736 quia
475 1704 545 1724 non
565 1692 731 1725 omnibns
747 1693 966 1737 temporibus
982 1693 1079 1725 simi-

100 1744 180 1777 liter
198 1743 413 1786 conspicitur
430 1743 487 1776 lux
507 1741 710 1784 Evangelii:
739 1743 941 1783 Ambulate,
965 1744 1082 1789 inquit

99 1794 297 1832 Dominus,
325 1795 409 1826 dum
433 1794 546 1826 lucem
572 1791 725 1835 habetis,
760 1806 805 1827 ne
830 1796 994 1828 tenebrae
1021 1807 1082 1828 vos

100 1846 264 1879 obruant.
320 1844 366 1878 [it
383 1845 418 1877 in
439 1844 584 1884 Iudaea,
613 1853 727 1888 spreta
748 1846 952 1886 vocatione,
980 1858 1080 1879 secu·—

100 1904 154 1930 tae
171 1904 252 1929 sunt
274 1896 424 1928 maiores
442 1897 616 1935 tenebrae,
643 1904 672 1928 et
692 1897 808 1939 magni
826 1897 972 1937 furores,
997 1909 1080 1930 con-

99 1948 254 1981 fusiones
291 1947 519 1991 opinionum,
561 1954 592 1980 et
633 1946 839 1991 Principum
868 1949 1081 1989 discordiae,

101 1999 229 2044 quibus
261 2005 477 2031 attraxerunt
510 1998 674 2032 ultimum
708 1999 878 2033 exitium:
915 2000 961 2032 ita
986 2000 1022 2032 fit
1047 2007 1079 2033 et

100 2049 178 2082 aliis
195 2049 422 2090 temporibus.
474 2047 519 2082 Et
537 2062 630 2082 nunc
648 2050 749 2083 multi
764 2051 961 2083 abutuntur
980 2063 1079 2094 prae—

101 2106 196 2132 textu
224 2099 412 2140 libertatis,
439 2107 473 2132 et
496 2108 635 2134 vertunt
663 2102 808 2143 gratiam
825 2101 890 2135 Dei
917 2102 953 2134 in
978 2109 1079 2145 petu-

100 2151 265 2191 lantiam,
310 2158 349 2184 nt
384 2150 506 2183 Petrus
542 2151 710 2196 loquitur.
764 2151 847 2185 Ideo
884 2160 1080 2198 sequuntur

100 2201 245 2235 dissidia
269 2201 500 2244 opinionum,
534 2209 567 2235 et
594 2202 683 2235 aliae
713 2203 949 2242 calamitates,
988 2204 1078 2236 bella

101 2260 132 2286 et
164 2252 389 2285 confusiones
422 2253 664 2296 imperiorum.
724 2251 770 2287 Et
795 2257 830 2290 2.
856 2252 1020 2288 Corinth.
1043 2254 1078 2289 6.

99 2303 230 2337 Paulus
264 2303 403 2348 inquit:
446 2301 536 2336 Ecce
576 2316 671 2336 nunc
712 2311 849 2348 tempus
886 2303 1105 2350 acceptum.l

100 2353 225 2388 Monet
239 2355 353 2393 enim,
380 2367 423 2387 ne
440 2355 556 2388 oblata
575 2355 740 2388 beneficia
760 2357 994 2399 negligamus,
1015 2369 1078 2389 nec

100 2405 147 2438 eis
171 2404 277 2448 impie
300 2406 498 2441 abutamur.

202 2455 374 2489 Somnum
412 2457 573 2490 nominat
608 2457 842 2500 ignorantiam
875 2456 1079 2502 Evangelii,

101 2506 250 2549 Vigilias
273 2507 500 2550 agnitionem.
552 2507 597 2540 Et
629 2509 709 2552 quia
743 2509 965 2551 vigilantium
998 2517 1080 2550 sunt

100 2558 238 2590 labores
263 2565 296 2591 et
319 2559 506 2592 certamina
524 2587 533 2600 ,
576 2560 671 2592 iubet
696 2571 833 2592 sumere
855 2573 949 2593 arma
981 2561 1079 2601 lucis,

99 2608 230 2641 scilicet
259 2620 358 2641 verae
380 2610 562 2643 doctrinae
591 2611 849 2654 cognitionem,
884 2612 1077 2644 invocatio-

99 2670 199 2701 nem,
226 2659 468 2706 tolerantiam,
495 2673 623 2695 novam
646 2662 904 2705 obedientiam,
930 2670 970 2697 ut
989 2670 1079 2697 extat

510 83 543 120 3.
577 82 872 121 ENARRATIO
897 84 1050 120 EPIST.
1078 84 1224 120 PAULI
1253 84 1318 120 AD
1345 83 1608 122 ROMANOS.
1662 86 1766 122 CAP.
1793 86 1892 120 XIII.

2044 86 2140 121 1022

1149 171 1338 215 descriptio
1363 183 1561 212 armorum,
1588 172 1631 205 ad
1656 170 1829 217 Ephesios
1848 172 1995 214 ultimo,
2023 179 2137 206 sumta

1120 238 1122 250 ι
1148 234 1187 254 ex
1214 221 1275 256 59.
1305 235 1379 266 cap.
1405 220 1539 257 Esaiae.

1170 301 1330 352 Propior
1349 309 1398 338 est
1415 303 1522 338 salus
1540 318 1651 353 quam
1669 310 1744 340 tum
1761 318 1838 340 cum
1857 304 2102 341 credebamus.

1247 373 1368 413 Salus,
1405 373 1440 405 id
1465 381 1535 414 est,
1572 375 1645 418 ipse
1677 373 1838 408 Christus
1868 373 2064 414 exhibitus,
2099 383 2133 410 et

1145 421 1331 466 Evangelii
1362 424 1575 466 praedicatio
1597 426 1688 458 inter
1709 425 1841 459 Gentes
1865 426 2032 459 dicuntur
2049 439 2132 469 pro-

1144 474 1222 517 pius
1247 475 1366 507 adesse
1382 501 1389 514 ,
1415 475 1496 517 quia
1520 483 1620 508 antea
1641 477 1796 510 nonfuit
1817 477 2012 509 communis
2031 489 2132 520 prae—

1116 529 1119 559 l
1145 525 1274 557 dicatio
1292 526 1384 557 inter
1404 524 1538 559 Gentes
1557 538 1686 569 sparsa.
1740 526 1927 560 Pauciores
1944 528 2047 560 etiam
2069 526 2129 560 Iu-

1142 577 1219 607 daei
1254 576 1517 618 intelligebant,
1553 578 1656 621 quale
1684 577 1842 609 futurum
1872 587 1958 610 esset
1983 590 2130 620 regnum

1140 623 1285 660 Christi.
1337 626 1408 660 Iam
1429 627 1559 670 iuquit:
1587 624 1720 660 Omnia
1738 635 1818 660 sunt
1839 629 1946 670 magis
1965 628 2129 667 illustria,

1142 689 1245 720 quam
1273 684 1357 710 tunc
1381 689 1460 710 cum
1484 678 1731 716 credebamus,
1770 679 1902 711 scilicet
1930 680 1972 710 de
2004 686 2129 712 ventu-

1141 729 1188 760 ris
1213 725 1267 760 his
1292 728 1485 768 beneficiis,
1531 740 1619 772 quae
1643 736 1727 761 tunc
1760 729 1870 761 multo
1903 729 2129 772 paucioribus

1139 786 1222 812 nota
1250 787 1359 813 erant.
1414 778 1594 821 Significat
1615 779 1739 821 igitur,
1768 780 1901 812 obiecta
1923 792 2015 812 nunc
2044 792 2127 823 pro-

1140 829 1236 873 piora
1255 841 1345 867 esse,
1375 830 1407 862 id
1429 836 1497 867 est,
1527 830 1686 863 notiora:
1717 842 1788 862 non
1811 828 1873 863 boc
1894 831 1997 870 dicit,
2025 830 2128 863 aliter

1138 892 1232 912 nunc
1251 880 1376 912 salvari
1399 878 1584 918 homines,
1611 880 1713 913 aliter
1739 889 1852 923 patres
1878 881 2027 914 salvatos
2043 893 2127 915 esse.

105 943 196 963 cesse
219 938 267 964 est
296 931 332 963 in
360 929 423 964 bac
447 932 526 965 vita'
543 932 675 964 incoari
700 931 958 972 obedientiam,
994 933 1085 964 iuxta
1111 926 1112 936 ¹
1136 929 1225 963 Nam
1256 932 1394 976 utrique
1421 939 1536 975 patres
1560 939 1592 964 et
1616 931 1780 975 deinceps
1802 932 1860 964 alii
1882 930 2040 964 homines
2058 932 2126 964 fide

103 982 220 1015 omnia
247 989 426 1026 praecepta
447 982 614 1022 moralia,
648 983 737 1016 sicut
761 983 929 1026 scriptum
948 991 1011 1015 est:
1047 982 1086 1016 Si

1394 982 1552 1015 'l'autum
1589 980 1657 1014 Iioc
1689 982 1880 1015 discrimen
1912 989 1984 1023 est,
2027 984 2126 1027 quod

1986 1045 2050 1066 nos
2083 1034 2127 1066 de

1137 983 1328 1015 salvantur.

1137 1041 1250 1076 patres
1282 1034 1325 1066 de
1356 1041 1506 1067 venturo
1539 1032 1695 1066 Domino
1727 1034 1936 1075 credebant,

1110 1079 1111 1102 l
1137 1082 1306 1118 exhibito.

1238 1168 1327 1204 Non
1345 1169 1383 1202 in
1401 1167 1494 1202 luxu
1514 1168 1758 1203 conviviorum
1779 1174 1809 1202 et
1826 1169 2022 1203 ebrietatis.

1237 1240 1374 1282 Koiaog
1397 1238 1567 1280 significat
1586 1238 1789 1271 convivium
1807 1239 1981 1271 sodalium
1999 1239 2041 1270 ad
2062 1251 2124 1271 vo-

1137 1289 1287 1332 luptates
1310 1296 1341 1320 et
1367 1289 1470 1320 ludos
1494 1287 1713 1328 institutum,
1741 1290 1835 1321 unde
1851 1289 2041 1322 Comoedia
2067 1290 2124 1321 di-

1137 1347 1189 1372 cta
1215 1347 1276 1374 est.
1328 1338 1450 1371 Luxus
1467 1339 1561 1370 enim
1587 1346 1617 1371 et
1646 1340 1796 1371 ebrietas
1824 1347 2005 1379 taxantur,
2050 1352 2124 1372 non

1138 1402 1220 1421 usus
1243 1389 1310 1422 cibi
1334 1396 1365 1422 et
1385 1395 1488 1432 potus
1516 1390 1752 1429 necessarius,
1785 1391 1863 1422 ideo
1891 1391 1982 1430 infra
2007 1391 2123 1423 addit:

1137 1440 1267 1473 Curate
1285 1451 1443 1479 carnem,
1473 1451 1545 1472 non
1565 1441 1606 1472 ad
1627 1441 1847 1483 cupiditates.
1902 1440 1989 1474 Vult
2006 1441 2123 1474 curari

1136 1502 1281 1533 corpus,
1308 1491 1364 1523 sed
1384 1490 1460 1522 sine
1484 1490 1589 1528 luxu,
1620 1502 1663 1523 ne
1689 1492 1929 1534 impediantur
1957 1492 2034 1534 piae
2063 1504 2123 1524 co-

1134 1542 1338 1584 gitationes,
1366 1541 1558 1577 invocatio,
1593 1549 1625 1574 et
1649 1542 1797 1574 aliarum
1828 1543 1998 1575 virtutum
2023 1554 2122 1574 exer-

1133 1593 1212 1624 citia
1240 1599 1301 1626 ete.
1355 1591 1453 1624 Sicut
1479 1598 1510 1624 et
1536 1590 1658 1624 Petrus
1685 1592 1818 1637 inquit:
1858 1592 1943 1626 Sitis
1969 1593 2121 1626 modesti

1134 1650 1166 1675 et
1189 1642 1297 1675 sobrii
1322 1644 1364 1674 ad
1391 1642 1639 1684 precationem.

1235 1693 1396 1726 Iuniores
1419 1693 1640 1729 considerent
1661 1691 1822 1741 phrasin:
1854 1693 2121 1727 Providentiam

1133 1744 1248 1777 carnis
1268 1757 1310 1776 ne
1328 1744 1439 1777 facite.
1493 1744 1564 1776 Hic
1583 1744 1676 1776 enim
1700 1745 1919 1788 peregrinam
1946 1746 2121 1789 interpre-

1132 1795 1300 1828 tationem
1324 1795 1460 1838 quaerit
1487 1795 1724 1836 Augustinus,
1751 1794 1804 1828 Ne
1829 1804 2020 1840 sequantur
2043 1808 2119 1829 car—

1133 1846 1225 1878 nalia
1249 1846 1416 1883 consilia,
1449 1853 1487 1878 ut
1513 1846 1582 1878 dici
1608 1853 1723 1889 posset
1747 1858 1873 1886 avaro,
1916 1859 1959 1879 ne
1985 1847 2120 1880 carnali

1131 1897 1280 1929 consilio
1299 1902 1442 1942 quaerat
1461 1908 1544 1940 opes
1561 1909 1622 1939 per
1640 1909 1778 1930 usuras:
1805 1905 1838 1931 et
1858 1899 1985 1941 cupido
2003 1898 2119 1931 domi-

1132 1948 1284 1981 nationis
1308 1948 1376 1980 dici
1404 1955 1536 1991 posset,
1564 1947 1615 1980 Ne
1640 1948 1786 1981 invadas
1813 1959 1959 1991 regnum
1985 1949 2119 1982 illicitis

1131 2000 1256 2034 modis.
1309 1998 1378 2033 Sed
1400 1996 1536 2041 phrasis
1559 1999 1653 2031 aliud
1673 1999 1855 2042 significat.
1909 2001 2007 2033 Iubet
2024 1999 2119 2032 Pau-

1131 2050 1183 2082 lus
1201 2062 1322 2083 curare
1338 2060 1484 2093 corpus,
1511 2050 1569 2082 sed
1590 2046 1719 2083 habere
1735 2050 1907 2083 rationem
1925 2051 2038 2083 carnis
2056 2063 2118 2083 seu

1129 2101 1306 2144 corporis,
1335 2100 1369 2133 id
1389 2107 1459 2140 est,
1487 2101 1709 2134 considerare
1733 2101 1819 2145 quid
1841 2102 1996 2143 corporis
2016 2102 2116 2133 inco—

1128 2151 1269 2185 lumitas
1295 2151 1464 2195 postulet,
1492 2153 1550 2183 sed
1575 2151 1665 2184 iusto
1690 2152 1852 2184 modo'et
1870 2152 2004 2184 ordine.
2057 2151 2117 2185 Sic

1128 2200 1381 2236 Demosthenes
1400 2201 1516 2246 inquit
1533 2215 1539 2234 ;
1567 2202 1755 2236 ποιεῖσθαι
1772 2200 1953 2249 πρόνοιαν
1975 2201 2115 2249 ἑορτῆς,

1129 2253 1164 2286 id
1188 2260 1257 2294 est,
1291 2250 1420 2287 habere
1448 2252 1620 2285 rationem
1647 2253 1738 2287 sesti.

1433 2334 1579 2371 Induile
1607 2332 1812 2375 Christum.

1230 2407 1324 2441 Haec
1348 2407 1458 2450 figura
1483 2408 1656 2439 sermonis
1686 2420 1757 2440 non
1784 2416 1920 2442 tantum
1946 2409 2120 2452 significat

1130 2460 1382 2496 imitationem,
1414 2466 1452 2491 ut
1479 2458 1506 2490 si
1533 2458 1627 2490 dicas
1656 2458 1812 2501 Principi
1839 2461 1949 2501 irato,
1985 2460 2118 2494 induas

1129 2512 1286 2543 animum
1307 2509 1455 2551 Augusti
1476 2509 1511 2541 in
1532 2510 1755 2552 reprimenda
1777 2511 1847 2549 ira,
1877 2511 1910 2543 id
1930 2518 2001 2555 est,
2034 2512 2118 2544 imi-

1129 2563 1211 2596 teris
1235 2562 1310 2594 eins
1328 2560 1563 2594 clementiam.
1617 2560 1686 2593 Sed
1712 2561 1799 2594 aliae
1823 2562 1934 2595 multo
1962 2563 2117 2606 potiores

1128 2612 1401 2657 significationes
1426 2618 1507 2643 sunt
1535 2609 1600 2643 hoe
1625 2611 1722 2652 loco,
1758 2625 1908 2657 quarum
1928 2613 1964 2645 fit
1984 2613 2115 2645 mentio

1128 2665 1165 2698 in
1189 2664 1299 2708 capite
1323 2662 1382 2698 61.
1406 2660 1548 2695 Esaiae:
1590 2660 1759 2696 Gaudens
1784 2664 1944 2707 gaudebo
1975 2663 2011 2695 in
2039 2662 2115 2702 Do<
