2415 2942
103 94 202 130 1093

94 182 182 222 lam,
207 188 370 225 oportere
386 180 578 214 necessaria
593 181 720 214 facere.
761 178 845 213 Ideo
862 178 962 213 dicit:
991 177 1067 211 Vae

92 230 203 274 mihi,
224 232 253 265 si
280 244 353 265 non
376 232 671 276 evangelizavero,
723 228 772 265 Et
796 227 864 263 hoe
881 230 996 274 ipsum
1017 230 1074 263 di-

90 290 183 317 ctum
210 289 375 325 testatur,
401 283 641 317 obedientiam
666 288 930 326 praeceptorum
955 293 1074 314 neces-

87 334 216 367 sariam
239 345 330 376 esse,
358 342 391 369 et
408 346 480 368 non
498 334 666 379 quiddam
687 328 917 379 ἀδιάφορον,
946 339 984 366 ut
999 331 1074 365 An-

89 384 219 419 tinomi
241 386 390 429 fingunt.

124 488 210 527 Πᾶς
236 483 276 522 δὲ
303 485 322 522 ὅ
346 482 628 535 ἀγωνιζόμενος.
680 480 816 518 Omnis
842 488 963 518 autem
989 482 1054 531 qui

520 540 643 571 certat.

190 605 382 650 Postquam
405 611 504 639 antea
529 604 638 638 multa
659 603 748 637 dixit
767 604 809 636 de
828 603 1003 648 aequitate
1026 609 1078 636 at-

89 664 310 701 temperante
327 652 516 702 ἀδιάφορα
539 657 581 688 ad
607 655 794 688 utilitatem
821 666 961 694 eornm,
987 654 1080 687 inter

91 719 181 754 quos
207 708 376 740 vivimus:
404 718 500 740 nunc
525 706 721 749 generalem
745 705 900 747 regulam
924 705 960 737 in
979 705 1077 737 omni

88 760 160 793 vita
182 758 412 791 necessariam
436 758 554 797 addit,
588 768 676 802 quae
700 756 856 789 continet
879 755 1076 788 doctrinam

93 811 136 844 de
152 808 365 852 Diligentia,
392 820 481 853 quae
499 814 547 841 est
565 807 749 851 prudentia
769 807 805 839 in
829 806 1076 850 prospiciendo

89 862 178 899 fine,
211 867 244 893 et
273 860 398 892 mediis
428 860 470 891 ad
504 859 626 899 finem,
661 865 698 892 et
726 857 876 891 intentio
900 857 1012 889 animi
1039 857 1075 889 in

87 910 213 944 mediis
240 910 311 943 illis
338 910 502 953 parandis
532 910 685 943 tuendis.
752 907 888 953 Estque
911 905 997 941 haec
1021 920 1076 940 re-

87 962 190 1006 gula:
220 960 278 995 Sic
301 972 437 1000 curras,
464 967 503 994 ut
527 967 652 994 metam
671 959 881 1004 prospicias,
910 967 943 993 et
959 959 1073 991 media

90 1020 124 1047 et
148 1024 222 1046 eam
249 1018 376 1045 metam
399 1018 491 1044 recte
514 1011 690 1045 ducentia.
751 1010 848 1043 Haec
873 1022 1073 1043 commone-

88 1064 192 1098 factio
210 1063 314 1096 etiam
333 1063 369 1095 in
388 1060 525 1096 Ethicis
542 1062 769 1106 proponitur,
803 1068 930 1094 etcum
949 1061 983 1093 in
1003 1067 1075 1094 tota

90 1115 161 1148 vita
184 1114 376 1147 necessaria
407 1114 471 1154 sit,
511 1120 625 1146 lamen
653 1125 756 1156 saepe
781 1111 929 1145 stultitia
956 1119 1074 1144 nostra

91 1172 149 1200 aut
173 1165 288 1209 pravis
313 1165 566 1208 cupiditatibus
591 1171 714 1196 contra
741 1175 816 1196 eam
843 1163 1011 1202 facimus,
1044 1169 1074 1195 et

90 1217 187 1262 quasi
209 1224 303 1250 extra
323 1215 413 1247 viam
437 1216 621 1249 curi-imus,
676 1213 750 1247 Hos
770 1225 904 1246 errores
925 1213 1074 1255 intelligi

90 1279 229 1300 necesse
253 1274 319 1306 est,
345 1273 381 1299 ut
406 1267 517 1298 caveri
544 1266 688 1309 possint.
753 1264 806 1298 Sit
834 1264 941 1306 igitur
965 1264 1076 1296 virtus

94 1316 329 1363 Dz'ligenlia,
373 1324 410 1349 ut
444 1316 536 1353 dixi,
572 1316 780 1348 deliberatio
812 1316 854 1347 de
884 1315 953 1346 fine
978 1321 1008 1347 et
1034 1315 1077 1347 de

90 1369 236 1409 mediis,
263 1376 296 1401 et
313 1368 484 1412 quaedam
504 1367 695 1400 voluntatis
711 1365 908 1406 contentio,
935 1372 967 1398 et
991 1377 1074 1397 con-

91 1419 216 1453 stantia
237 1419 274 1450 in
292 1418 432 1451 tuendis
448 1417 587 1452 mediis.

191 1469 288 1503 Vitia
316 1468 473 1513 opposita
500 1475 599 1501 sunt:
636 1466 778 1510 Ignavia
805 1473 838 1499 et
862 1467 1076 1513 πολυπραγ-

91 1517 236 1565 μοσύνη
255 1527 329 1554 orta
347 1531 387 1552 ex
404 1519 508 1551 variis
534 1519 665 1558 causis,
693 1530 734 1551 ex
758 1524 881 1550 natura
909 1517 1078 1561 inquieta,

94 1584 134 1605 ex
155 1571 364 1614 pertinacia,
394 1582 433 1602 ex
456 1570 668 1607 ambitione,
697 1581 736 1601 ex
758 1568 930 1606 avaricia,
958 1580 997 1600 ex
1019 1580 1078 1600 cu-

91 1623 239 1667 piditate
265 1620 492 1660 dominandi,
531 1632 569 1653 ex
593 1619 829 1653 aemulatione
849 1625 881 1651 et
905 1618 1081 1651 similibus

93 1673 237 1708 morbis.

193 1723 312 1766 Scipio
335 1722 371 1754 in
389 1734 450 1755 suo
469 1733 572 1754 cursu
592 1719 686 1754 hunc
712 1720 816 1753 finem
842 1719 1017 1759 intuetur,
1043 1726 1080 1752 ut

93 1774 206 1819 patria
240 1774 284 1807 sit
316 1774 431 1810 beata,
467 1772 563 1816 eligit
594 1772 727 1810 media,
764 1771 900 1803 labores
934 1770 1082 1802 militiae

95 1833 130 1860 et
149 1825 303 1868 legitima
321 1824 488 1867 imperia,
517 1831 547 1856 et
565 1835 635 1856 non
655 1821 870 1869 concupiscit
890 1821 1080 1864 potentiam

93 1883 214 1910 contra
238 1876 330 1919 leges
347 1902 355 1914 ,
396 1881 455 1908 aut
481 1875 552 1907 ulla
577 1873 853 1907 extraordinaria
887 1873 1079 1912 commoda,

92 1927 163 1960 imo
186 1938 231 1959 ne
252 1927 369 1960 turbet
389 1926 558 1970 patriam,
584 1925 674 1958 cedit
695 1923 907 1958 turbulentis
934 1923 1079 1963 civibus,

94 1986 126 2012 et
143 1978 290 2011 iniurias
315 1976 449 2020 accipit.

196 2027 311 2061 Habet
328 2028 477 2060 eundem
494 2027 597 2059 finem
614 2026 831 2069 propositum
855 2025 1017 2061 Pericles,
1045 2032 1079 2057 ut

96 2081 195 2113 beata
223 2079 269 2111 sit
294 2078 424 2122 patria,
448 2084 480 2111 et
503 2076 687 2110 antecellat
713 2077 868 2121 reliquae
895 2075 1080 2109 Graeciae:

97 2132 156 2163 sed
183 2130 300 2162 medio
324 2140 395 2161 non
416 2134 507 2160 recte
522 2128 635 2170 eligit,
663 2135 694 2161 et
711 2134 828 2171 peccat
853 2127 982 2159 iniusta
1000 2139 1080 2170 per-

96 2182 243 2221 tinacia,
286 2191 364 2212 cum
397 2179 541 2211 duriora
573 2178 686 2211 edicta
717 2179 883 2222 proponit
915 2179 1081 2211 adversus

95 2233 303 2276 Aeginetas‚
332 2237 364 2264 et
382 2230 497 2263 irritat
513 2228 820 2262 Lacedaemonios.

199 2281 420 2320 Alcibiades,
449 2280 656 2323 Pompeius,
683 2286 717 2313 et
733 2279 835 2312 multi
851 2279 930 2320 alii,
957 2279 999 2311 de
1015 2278 1082 2310 fine

97 2341 130 2369 et
145 2335 187 2368 de
205 2333 330 2366 mediis
348 2338 478 2366 errant.
524 2330 569 2365 Se
586 2331 711 2364 volunt
728 2342 883 2363 summos
899 2341 971 2363 esse
983 2356 991 2368 ‚
1012 2341 1083 2361 non

98 2387 234 2420 beatam
253 2383 422 2427 patriam,
448 2389 482 2416 et
510 2382 630 2415 multis
647 2381 832 2415 contrariis
846 2381 1002 2414 consiliis
1020 2380 1084 2423 ipsi

99 2437 165 2470 sibi
184 2435 327 2469 exitium
345 2440 538 2469 accersunt.
601 2433 804 2466 Alcibiades
828 2443 922 2464 nunc
941 2443 1018 2465 cum
1038 2431 1087 2463 ci-

101 2489 202 2521 vibus
220 2513 229 2527 ,

101 2534 357 2580 Tissapherni,
385 2547 481 2570 nunc
499 2533 730 2568 Pharnabazo
746 2533 877 2567 amicus
893 2539 954 2568 est.

202 2587 278 2621 lam
306 2588 527 2621 conferamus
552 2587 707 2631 exempla
733 2585 770 2618 in
796 2583 967 2619 Ecclesia:
998 2582 1090 2616 Iere-

104 2639 219 2679 miae,
244 2637 445 2682 Baptistae,
478 2636 611 2676 Paulo,
637 2643 728 2670 meta
754 2635 932 2681 proposita
959 2641 1026 2673 est,
1053 2641 1093 2667 ut

109 2689 271 2725 doctrina
297 2700 385 2734 pure
409 2695 640 2734 propagetur,
674 2694 818 2734 propter
845 2686 993 2730 gloriam
1016 2684 1095 2727 Dei,

269 2497 364 2519 nunc
397 2497 477 2519 cum
509 2483 796 2518 Lacedaemoniis
826 2483 951 2521 sentit,
992 2493 1088 2515 nunc

272 94 372 130 XIII.
423 94 458 130 4.
485 91 824 130 COMMENTAR.
849 92 900 128 IN
925 90 1076 130 EPIST.
1102 91 1249 129 PAULI
1277 91 1344 129 AD
1371 93 1692 134 CORINTHIOS.
1746 97 1851 136 CAP.
1882 99 1967 147 lx}
2021 102 2119 139 1094

1130 186 1163 213 et
1179 187 1217 214 ut
1234 180 1299 225 ipsi
1319 182 1406 215 salvi
1424 182 1520 217 fiant.
1573 181 1629 217 Ad
1655 181 1749 219 hunc
1765 186 1870 219 finem
1887 187 2021 231 eligunt
2037 201 2112 222 me-

1129 231 1206 271 dia,
1234 233 1407 267 sustinent
1428 234 1562 267 labores
1583 235 1753 278 docendi,
1780 238 1842 271 uhi
1863 247 2026 282 possunt,
2053 241 2111 273 in-

1129 282 1241 316 vitant
1258 283 1359 317 bonis
1377 286 1544 329 exemplis
1560 286 1755 327 auditores,
1783 289 1993 324 confirmant
2013 291 2110 324 doci-

1128 333 1196 373 les,
1225 334 1376 368 tolerant
1393 337 1570 376 rudiores,
1596 338 1736 372 frenant
1753 351 1875 373 omnes
1891 342 2111 386 cupiditates,

1129 396 1172 417 ne
1191 391 1250 418 aut
1271 386 1468 419 doctrinam
1493 388 1709 431 deforment,
1741 397 1801 424 aut
1826 392 1970 427 turbent
1986 391 2110 427 Eccle-

1127 435 1233 476 siam,
1256 442 1315 469 aut
1334 434 1448 470 Deum
1467 437 1661 476 offendant.

1229 491 1382 528 Econtra
1401 494 1664 531 Carolostadius
1680 499 1742 532 etsi
1765 500 1869 534 finem
1892 502 2111 546 propositum

1131 543 1254 585 habet,
1287 552 1325 578 ut
1357 547 1517 580 doctrina
1550 545 1737 591 Evangelii
1769 563 1855 594 pure
1887 560 2112 597 propagetur,

1129 604 1245 630 tamen
1267 597 1310 629 de
1329 597 1452 630 mediis
1468 609 1569 641 saepe
1589 607 1692 640 errat,
1711 602 1948 637 tumultuatur
1965 605 2008 636 de
2025 605 2112 639 arti-

1129 647 1217 680 culis
1233 654 1293 681 aut
1309 647 1423 688 falsis,
1451 656 1511 682 aut
1528 661 1601 682 non
1622 653 1845 693 necessariis,
1873 655 2017 688 damnat
2035 667 2112 688 om-

1131 699 1187 731 nia
1211 699 1363 732 forensia
1393 700 1504 732 officia
1534 707 1567 732 et
1585 701 1675 742 leges
1691 700 1891 744 Romanas,
1918 712 2050 751 pugnat
2067 707 2111 739 de

1130 750 1332 783 necessitate
1358 751 1484 790 stoica,
1523 762 1624 795 saepe
1649 752 1856 798 obsequitur
1877 755 1949 788 suis
1973 755 2113 800 cupidi-

1129 802 1278 842 tatibus,
1318 801 1523 835 iracundiae
1544 829 1552 842 ‚
1593 803 1804 845 ambitioni,
1846 806 2037 845 avariciae,
2079 814 2113 841 et

1128 853 1256 885 alienat
1283 851 1479 893 auditores,
1507 861 1537 886 et
1564 854 1714 887 offendit
1731 854 1856 889 Deum.
1908 855 1986 890 Etsi
2005 857 2113 901 igitur

1127 903 1283 937 studium
1315 900 1420 937 habet
1452 904 1715 943 inconsultum,
1755 913 1872 941 tamen
1905 909 1947 941 ad
1982 915 2111 942 metam

1126 966 1198 988 non
1216 954 1386 998 pervenit.

1228 1012 1313 1046 Plus
1329 1020 1494 1057 peccant,
1522 1014 1581 1058 qui
1605 1027 1667 1047 nec
1692 1016 1795 1048 finem
1820 1017 1951 1051 iustum
1970 1009 2113 1053 intuen-

1128 1072 1206 1105 tur,
1242 1076 1305 1097 nec
1331 1065 1445 1097 media
1468 1073 1558 1098 recte
1584 1074 1783 1110 quaerunt,
1819 1075 1856 1101 ut
1881 1068 2115 1111 Monetarius,

1129 1128 1187 1149 rex
1205 1115 1493 1158 anabaptisticus,
1524 1116 1724 1156 Pontifices,
1754 1120 1814 1163 qui
1833 1132 1904 1152 non
1924 1117 1990 1153 hoc
2007 1133 2114 1165 quae—

1129 1174 1230 1206 ruut,
1256 1173 1294 1199 ut
1314 1167 1473 1199 doctriua
1492 1175 1582 1201 recte
1601 1176 1828 1212 propagetur,
1856 1178 1914 1204 ant
1935 1178 1973 1205 ut
1991 1169 2115 1205 Eccle-

1129 1219 1177 1251 sia
1204 1218 1303 1250 beata
1329 1217 1392 1257 sit,
1421 1219 1479 1250 sed
1503 1225 1539 1250 ut
1563 1219 1627 1262 ipsi
1649 1221 1841 1263 potentiam
1859 1229 1917 1255 aut
1940 1234 2024 1266 opes
2047 1223 2115 1256 sibi

1130 1276 1270 1313 parent,
1297 1274 1357 1300 aut
1380 1268 1588 1309 defendant,
1627 1277 1687 1303 aut
1710 1278 1748 1304 ut
1774 1273 2015 1320 yoluptatibus
2039 1280 2114 1307 tuto

1127 1320 1311 1358 fruantur,
1340 1325 1373 1351 et
1397 1319 1440 1351 ad
1465 1320 1575 1353 multa
1599 1322 1774 1354 contraria
1793 1330 1825 1355 et
1842 1323 1949 1367 impia
1967 1324 2115 1358 consilia

1127 1371 1332 1403 decurrunt.

1232 1427 1304 1461 Iam
1340 1428 1442 1461 facile
1479 1436 1528 1463 est
1564 1429 1760 1474 intelligere
1793 1439 1944 1467 textum:
1977 1430 2116 1467 Omnes

1129 1487 1295 1518 currunt,
1322 1480 1380 1512 sed
1400 1491 1490 1512 unus
1506 1481 1630 1524 accipit
1650 1483 1864 1525 praemium,
1897 1484 2029 1518 scilicet
2053 1484 2116 1529 qui

1129 1531 1255 1563 direxit
1282 1537 1451 1568 mentem,
1492 1532 1657 1573 consilia,
1692 1540 1725 1566 et
1748 1534 1966 1569 voluntatem
1990 1535 2034 1568 ad
2059 1535 2117 1569 iu-

1134 1589 1225 1614 stum
1252 1582 1376 1618 finem,
1418 1594 1521 1626 quem
1554 1583 1644 1616 infra
1681 1585 1864 1619 nominat:
1907 1583 2042 1619 Omnia
2069 1587 2116 1620 ad

1135 1632 1282 1674 gloriam
1300 1630 1366 1666 Dei
1384 1633 1497 1672 facite,
1525 1642 1556 1667 et
1573 1646 1642 1667 non
1661 1635 1734 1668 sitis
1752 1637 1916 1670 scandalo
1928 1635 2116 1679 Ecclesiae,

1136 1685 1168 1716 id
1191 1691 1258 1721 est,
1287 1684 1349 1728 qui
1368 1684 1552 1727 praecipue
1571 1682 1637 1718 hoc
1658 1687 1754 1727 vult,
1782 1695 1817 1721 ut
1836 1688 1935 1721 Deus
1959 1699 2040 1721 vere
2057 1689 2115 1721 in-

1135 1741 1295 1775 vocetur,
1330 1741 1368 1768 ut
1391 1733 1545 1768 Ecclesia
1572 1736 1671 1770 beata
1695 1738 1750 1772 sit.
1817 1737 1863 1772 Et
1883 1738 1999 1772 media
2023 1746 2116 1773 recte

1134 1785 1245 1828 eligit,
1280 1793 1371 1818 recte
1395 1787 1495 1819 docet
1520 1788 1731 1828 necessaria,
1770 1789 1884 1824 frenat
1907 1790 2117 1834 cupiditates

1135 1837 1297 1880 privatas.
1350 1834 1396 1870 Et
1415 1837 1464 1870 sic
1489 1838 1597 1870 currit
1616 1837 1762 1872 Paulus:
1792 1838 1841 1879 (ὃς
1866 1838 1934 1875 οὐκ
1956 1837 2116 1886 ἀδήλως,

1134 1900 1207 1920 non
1235 1900 1336 1920 coeco
1370 1888 1522 1932 impetu,
1556 1889 1631 1922 sine
1665 1891 1877 1933 cogitatione
1908 1892 2006 1933 finis,
2041 1904 2117 1926 non

1133 1939 1208 1971 sine
1231 1939 1417 1983 prudentia
1443 1939 1591 1983 eligente
1614 1942 1730 1976 media
1750 1943 1936 1985 salutaria,
1961 1955 2035 1977 non
2058 1943 2117 1977 in-

1134 1990 1293 2024 consulto
1311 1990 1448 2030 studio,
1471 1998 1509 2024 nt
1527 2004 1666 2024 currere
1684 1991 1738 2025 his
1756 1995 1858 2028 annis
1875 1994 2004 2028 multos
2023 1994 2116 2027 vidi-

1134 2053 1231 2080 mus,
1259 2053 1331 2074 non
1360 2042 1469 2074 malos
1496 2039 1675 2084 homines,
1699 2046 1758 2077 sed
1785 2047 1899 2079 media
1924 2057 1999 2078 non
2022 2052 2115 2080 recte

1133 2093 1317 2136 eligentes,
1344 2099 1381 2126 ut
1399 2091 1596 2127 Huttenum
1614 2101 1646 2128 et
1664 2095 1763 2130 alios.

1327 2195 1455 2236 Οὕτως
1469 2193 1650 2232 πυκτεύω.

1704 2196 1767 2231 Sic
1783 2209 1919 2244 pugno.

1235 2273 1283 2308 Ut
1306 2274 1402 2317 prior
1425 2273 1620 2306 similitudo
1647 2286 1664 2306 a
1690 2286 1776 2317 vago
1796 2287 1898 2308 cursu
1925 2283 2038 2310 sumta
2055 2283 2117 2319 est,

1135 2327 1182 2359 ita
1198 2323 1283 2358 haec
1299 2325 1451 2358 sumitur
1477 2337 1494 2357 a
1523 2325 1658 2368 pugile,
1687 2327 1745 2369 qui
1775 2338 1846 2358 uon
1872 2327 1952 2360 ferit
1970 2335 2117 2371 antago-

1138 2378 1282 2417 nistam,
1332 2377 1390 2409 sed
1421 2377 1607 2413 aberrans,
1646 2383 1798 2409 caestum
1830 2377 1958 2411 incutit
1985 2379 2116 2412 vicinio

1138 2428 1222 2462 υἱέι-ἰ.
1274 2426 1341 2461 Sed
1368 2426 1540 2460 sententia
1564 2426 1682 2459 eadem
1708 2434 1767 2461 est.
1819 2426 1999 2471 Significat
2024 2430 2119 2463 enim

1139 2487 1171 2513 et
1188 2477 1272 2512 haec
1289 2478 1485 2511 similitudo
1505 2489 1578 2518 eos,
1607 2478 1667 2522 qui
1693 2485 1753 2511 aut
1776 2478 1876 2512 nullo
1902 2479 1970 2512 fine
1988 2483 2119 2525 propo-

1140 2531 1205 2564 sito
1224 2529 1502 2566 tumultuantur,
1530 2535 1567 2562 ut
1587 2528 1689 2562 multi
1710 2528 1871 2571 fanatici,
1897 2537 1932 2564 at
1950 2531 2009 2563 alii
2027 2532 2120 2564 leves

1141 2581 1327 2615 homines:
1369 2586 1428 2612 aut
1461 2580 1596 2612 etiamsi
1631 2592 1752 2613 verum
1783 2580 1886 2614 finem
1922 2581 2117 2623 intuentur,

1143 2640 1261 2667 tamen
1283 2631 1399 2663 media
1424 2630 1478 2662 vel
1498 2631 1699 2674 negligunt,
1724 2631 1778 2663 vel
1802 2643 1874 2664 non
1899 2640 1990 2664 recte
2014 2630 2119 2665 adhi-

1146 2685 1242 2718 bent.
1304 2681 1410 2714 Tales
1435 2693 1514 2714 cum
1538 2682 1665 2715 frustra
1687 2682 1866 2723 laborent,
1898 2683 2066 2717 dicuntur
2088 2689 2121 2717 et

1313 2729 1391 2766 69*
