2415 2942
128 102 174 137 21
556 101 633 138 XII.

128 187 203 229 prie
228 187 396 221 dicuntur
418 184 475 227 hi,
509 187 638 231 quibus
659 185 754 220 Deus
774 185 953 229 propicius
978 192 1051 224 est,
1086 192 1120 219 et

129 237 189 282 qui
212 245 292 271 sunt
318 238 431 271 renati
455 244 487 271 et
512 235 678 271 haeredes
702 237 792 269 vitae
815 242 986 268 aeternae.
1042 234 1119 268 Hoc

127 289 317 322 discrimen
347 288 594 332 appellationis
622 287 743 331 populi
776 293 807 319 et
832 285 984 318 filiorum
1016 298 1117 330 saepe

128 340 297 378 occurrit,
325 347 363 373 ut
383 342 498 373 Oscae
518 340 568 374 1.;
596 337 642 371 Et
664 337 730 371 erit
754 337 790 368 in
809 337 908 377 loco,
936 337 997 369 ubi
1022 338 1117 369 dice-

127 397 184 423 tur
199 391 266 430 eis,
293 403 363 425 non
389 390 539 434 populus
563 400 659 422 meus
685 400 763 428 vos,
798 388 936 420 dicetur
959 388 1025 427 eis,
1053 388 1116 420 filii

125 440 191 474 Dei
210 443 371 475 viventis.
431 439 605 474 Recensui
631 441 723 484 quod
749 438 956 471 beneficium
983 439 1116 479 ass‘erat,

126 494 221 537 quod
249 493 399 526 subinde
425 491 587 534 pluribus
605 491 721 523 verbis
737 490 774 521 in
791 489 865 533 ipso
883 495 978 522 textu
997 491 1115 523 decla-

124 544 276 583 rabitur,
310 543 389 575 ideo
415 541 466 574 fui
493 542 645 576 brevior.
714 540 827 573 Venio
851 542 894 573 ad
921 541 1111 575 secundam

122 593 341 637 particulam.
395 591 535 635 Quibus
553 590 723 625 exhibeat.

223 643 421 687 Diligenter
437 644 655 676 observanda
675 650 724 676 est
750 642 945 686 propositio
968 642 1112 674 univer-

121 694 221 735 salis,
249 702 281 728 et
301 706 405 739 supra
425 695 556 738 posita,
582 702 615 728 et
637 705 738 738 saepe
763 694 928 737 repetita,
955 705 1045 736 quae
1062 700 1113 726 te-

120 752 232 779 statur
245 745 359 780 Deum
376 746 543 779 omuibus
561 746 687 778 offerre
703 745 863 783 salutem,
892 744 984 776 iuxta
1005 744 1111 777 illud:

122 796 247 831 Venite
272 798 315 830 ad
333 810 388 830 me
406 808 526 829 omnes
545 797 604 841 qui
625 796 802 830 laboratis,
839 793 887 828 Et
903 793 959 828 hic
978 795 1110 827 dictum

119 854 182 887 est,
209 854 248 881 ut
265 859 387 881 omnes
403 849 595 882 crederent.
648 847 750 887 ltem,
773 846 952 880 illuminat
968 858 1111 878 omnem

118 896 319 939 hominem,
351 898 385 931 id
415 905 486 938 est,
521 898 648 930 missus
680 903 730 930 est
760 897 903 941 quidem
928 903 968 929 ut
989 908 1111 929 omnes

117 949 305 984 illuminet.
360 947 411 982 Ac
436 960 647 992 magnopere
664 948 807 996 prodest
825 947 952 980 animis
969 947 1112 990 infigere

116 998 207 1032 hanc
224 1000 442 1038 doctrinam,
471 1002 563 1044 quod
590 1006 737 1044 utraque
762 999 933 1032 sententia
959 998 1003 1031 sit
1030 999 1111 1031 uni-

115 1051 259 1084 versalis
298 1051 484 1094 promissio
519 1051 734 1093 evangelica,
782 1056 815 1083 et
840 1051 1044 1082 mandatum
1072 1056 1111 1082 ut

115 1103 299 1135 credamus
321 1103 394 1135 filio
420 1102 499 1136 Dei.
562 1100 613 1134 De
638 1100 869 1144 promissione
895 1100 1003 1133 multa
1027 1107 1110 1134 sunt

115 1154 270 1197 exempla
283 1181 292 1196 ,
321 1152 427 1187 Rom.
445 1153 500 1186 3.:
530 1151 670 1185 [usticia
688 1152 752 1185 Dei
775 1152 811 1183 in
830 1163 971 1188 omnes,
1000 1158 1032 1184 et
1049 1163 1108 1183 su-

382 1203 467 1237 ltem
495 1202 589 1236 Ioan.
618 1203 668 1238 3.:
706 1202 752 1235 Ut
777 1203 892 1234 omnis
913 1202 972 1246 qui
997 1202 1107 1234 credit

115 1258 152 1289 in
170 1267 247 1288 eum
261 1281 268 1294 ,
303 1267 374 1287 non
403 1261 530 1298 pereat.
584 1253 662 1286 Huc
681 1260 712 1286 et
727 1252 859 1285 dictum
877 1251 979 1284 Pauli
997 1252 1106 1295 perti-

113 1314 191 1341 net:
218 1306 313 1339 Deus
332 1305 406 1338 vult
423 1316 543 1336 omnes
563 1302 724 1336 homines
742 1303 856 1335 salvos
874 1302 960 1337 fieri.
1005 1301 1104 1345 ‘Quia

112 1357 300 1403 promissio
331 1356 496 1388 omnibus
527 1355 631 1387 offert
658 1354 817 1387 salutem.
891 1352 1103 1387 Mandatum

112 1421 196 1441 vero
216 1409 257 1441 ad
277 1418 399 1440 omnes
423 1406 596 1450 pertinere
612 1412 766 1445 constat,
792 1404 957 1439 videlicet
983 1417 1103 1437 vocem

110 1461 208 1493 illam
227 1470 315 1504 quae
332 1459 375 1491 de
402 1457 499 1490 coelo
523 1457 656 1490 sonuit:
685 1455 788 1490 Hunc
812 1455 942 1490 audite.
996 1455 1102 1490 Item:

112 1510 185 1554 Qui
204 1522 276 1543 non
300 1509 409 1542 credit
434 1507 526 1549 Deo,
553 1509 757 1541 mendacem
779 1507 860 1540 facit
880 1519 971 1542 eum.
1025 1506 1102 1541 Hae

111 1561 330 1596 universales
346 1561 517 1593 tenendae
534 1566 638 1602 sunt,
664 1561 723 1592 sed
749 1558 944 1603 requiritur
969 1559 1100 1593 volun—

110 1621 162 1647 tas
186 1611 397 1655 assentiens,
430 1622 503 1644 non
529 1621 731 1654 repugnans
757 1609 964 1653 Evangelio.
1017 1610 1101 1644 Ideo

111 1665 212 1697 dicit:
240 1662 426 1706 Quotquot
443 1669 557 1695 autem
577 1668 783 1706 receperunt
799 1673 889 1695 eum.
932 1661 1021 1695 Nam
1037 1659 1102 1695 bos

111 1727 174 1759 per
204 1712 438 1756 Evangelium
470 1719 504 1745 et
527 1712 700 1755 Spiritum
730 1719 889 1745 sanctum
923 1713 1102 1746 illuminat

109 1766 204 1798 filius
220 1763 307 1804 Dei,
334 1763 485 1808 quinon
500 1770 718 1806 repugnant,
746 1764 804 1796 sed
821 1763 971 1797 audiunt
983 1763 1099 1796 Evan-

110 1815 253 1858 gelium‚
275 1819 310 1845 et
326 1814 362 1844 in
379 1813 604 1844 invocatione
622 1826 656 1845 se
673 1820 869 1845 sustentant
887 1826 970 1846 voce
981 1813 1099 1847 Evan-

109 1865 209 1909 gelii,
238 1864 326 1896 sicut
343 1863 430 1896 alibi
453 1862 600 1895 dicitur:
627 1861 733 1895 Dabit
752 1862 923 1906 Spiritum
941 1872 1099 1898 sanctum

108 1914 333 1962 petentibus,
368 1926 441 1947 non
467 1913 520 1946 vel
549 1915 876 1952 contemnentibus,
913 1916 968 1947 vel
992 1917 1099 1959 perti-

109 1968 186 2002 naci
202 1967 322 1999 furore
339 1965 540 2009 opprimere
558 1962 792 2008 Evangelium
814 1967 1034 2000 conantibus.

209 2016 262 2050 De
282 2017 384 2050 tertia
408 2015 601 2060 particula,
631 2017 810 2061 quomodo
830 2028 1099 2062 consequamur,

107 2071 172 2104 ait:
201 2067 308 2102 Dedit
329 2074 535 2112 potestatem
559 2067 650 2100 filios
666 2065 733 2100 Dei
751 2067 843 2107 fieri,
872 2069 1097 2103 credentibus

106 2122 143 2154 in
161 2120 304 2153 nomine
321 2119 407 2153 eius.
460 2117 650 2162 Expresse,
678 2118 814 2166 inquit,
843 2119 910 2152 fide
938 2120 974 2152 in
992 2118 1097 2154 Chri-

106 2180 197 2206 stum
215 2170 291 2204 fieri
315 2182 379 2203 nos
396 2170 486 2202 filios
503 2170 576 2203 Dei.
628 2169 724 2203 Haec
742 2182 808 2203 vox
827 2170 945 2213 ignota
963 2178 1012 2205 est
1030 2169 1097 2205 hu-

106 2223 220 2256 manis
245 2222 404 2261 iudiciis,
437 2221 512 2254 fieri
539 2219 700 2254 homines
726 2221 816 2254 filios
842 2222 905 2255 Dei
931 2220 998 2256 hoc
1020 2236 1096 2257 mo-

106 2277 172 2313 do,
201 2274 350 2313 scilicet,
374 2273 460 2312 fide,
488 2273 523 2305 id
549 2279 616 2313 est,
643 2273 769 2306 fiducia
790 2270 896 2306 huius
913 2274 1096 2309 salvatoris

104 2327 208 2360 nobis
233 2325 353 2359 donati
376 2324 503 2368 gratis,
541 2336 615 2357 non
641 2331 786 2369 propter
810 2331 966 2358 nostram
993 2325 1095 2360 iusti—

106 2379 206 2412 ciam.
267 2374 312 2410 Et
337 2376 481 2421 quidem
511 2376 595 2419 ipsis
622 2376 847 2409 credentibus
877 2376 1021 2410 difficile
1046 2386 1095 2412 est

104 2430 276 2469 retinere,
318 2428 413 2472 quod
450 2427 612 2471 placeant
633 2426 708 2460 Deo
738 2428 863 2470 gratis,
892 2440 1093 2474 quanquam

105 2479 236 2513 infirmi
253 2486 286 2513 ct
302 2479 459 2521 indigni,
487 2479 544 2511 sed
567 2478 726 2522 placeant
745 2485 862 2511 tamen
878 2486 983 2521 certo,
1013 2493 1094 2523 pro-

105 2537 181 2574 pter
196 2531 307 2564 filium
323 2529 437 2563 Iesum
458 2527 637 2564 Christum
657 2530 759 2563 nobis
778 2532 959 2563 donatum.
1012 2531 1094 2566 Non

105 2583 181 2614 sine
198 2581 384 2615 certamine
403 2581 554 2615 retinere
578 2578 669 2615 banc
686 2579 872 2624 Evangelii
890 2595 1008 2616 vocem
1029 2581 1094 2616 ho-

103 2633 216 2666 mines
238 2640 403 2676 possunt,
437 2634 495 2666 sed
522 2634 664 2676 prodest
686 2633 724 2665 in
750 2640 937 2677 conspectu
964 2632 1094 2668 habere

102 2684 322 2723 testimonia,
350 2697 437 2729 quae
453 2691 533 2718 sunt
551 2684 722 2729 plurima,
751 2697 838 2730 quae
860 2683 948 2719 hanc
965 2687 1007 2719 de
1027 2687 1092 2720 fide

114 1217 176 1246 per
193 1216 326 1238 omnes.

696 98 996 136 ENARRATIO
1026 100 1072 134 tt<
1101 100 1285 136 EVANG.
1316 99 1528 136 lOANNtS.

1589 99 1692 136 CAP.
1724 101 1748 135 l.
2124 108 2172 140 22

1171 187 1370 221 doctrinam
1404 187 1508 220 nobis
1543 187 1705 225 tradunt,
1750 198 1854 231 quam
1882 188 2065 233 aliquanto
2090 199 2168 234 post

1171 238 1348 281 copiosius
1371 250 1603 282 exponemus,
1635 251 1713 271 cum
1739 236 1822 271 baec
1849 239 1921 282 ipsa
1940 242 1982 273 de
1999 241 2064 274 fide
2085 254 2167 286 pro-

1171 288 1299 330 positio
1317 290 1505 333 repeteuda
1525 290 1602 324 erit.
2153 328 2161 332 ,

1271 337 1324 371 De
1343 347 1466 383 quarta
1487 340 1672 382 particula,
1701 341 1786 385 quid
1808 340 1864 375 fiat
1886 341 1920 373 in
1939 343 2059 375 nobis:
2090 341 2165 383 Ait,

1169 389 1259 421 filios
1277 388 1342 421 Dei
1361 402 1399 422 ex
1417 389 1490 422 Deo
1510 391 1615 422 nasci.

1206 471 1295 508 Non
1324 485 1369 507 ea·
1395 473 1664 519 sanguinibus,
1692 486 1753 507 nec
1780 487 1825 508 ea·
1855 476 2040 511 voluntale
2069 484 2128 514 ele,

1270 542 1420 576 Erudite
1439 542 1606 577 describit
1631 543 1913 577 iustificationem
1931 553 1961 578 et
1979 559 2162 590 regenera-

1167 594 1314 627 tionem.
1367 593 1515 626 Necesse
1540 600 1589 627 est
1615 594 1756 637 agnosci
1776 595 1885 628 filium
1904 595 1987 639 Dei,
2017 599 2075 642 qui
2096 611 2160 631 no-

1167 645 1218 677 bis
1240 646 1392 678 donatus
1410 652 1513 678 estut
1532 645 1629 678 fieret
1647 646 1787 678 victima
1813 658 1876 689 pro
1903 649 2025 688 nobis,
2055 658 2085 682 et
2106 663 2158 682 re-

1167 696 1337 739 surrexit,
1380 703 1417 728 ut
1451 703 1570 738 regnet
1596 702 1629 729 et
1653 697 1843 730 sanctificet
1867 695 2059 732 Ecclesiam
2078 700 2157 734 Dei.

1165 745 1282 779 Huius
1312 747 1496 780 salvatoris
1542 747 1667 780 fiducia
1701 748 1911 791 recipimur,
1954 759 2159 794 reputamur

1165 798 1265 838 iusti,
1296 806 1328 831 et
1350 798 1522 831 efficimur
1538 798 1614 831 filii.
1668 797 1712 832 Et
1730 795 1795 831 boc
1816 811 1892 832 cum
1913 801 1968 841 fit,
1998 809 2032 834 nt
2051 803 2158 836 simus

1164 849 1227 881 filii
1247 848 1311 882 Dei
1324 877 1331 889 ,
1358 850 1461 882 etiam
1480 861 1497 881 a
1516 849 1589 882 Deo
1608 861 1669 892 per
1687 849 1859 892 Spiritum
1878 858 2034 884 sanctum
2061 865 2157 895 rege-

1164 912 1346 940 neramur,
1374 907 1411 933 ut
1429 900 1561 945 ubique
1578 900 1932 943 ‹locetEvangelium,
1960 905 2001 935 ad
2015 903 2156 937 Gat.3.:

1164 950 1212 984 Ut
1238 951 1506 994 promissionem
1530 952 1674 995 spiritus
1701 952 1913 995 accipiamus
1944 967 2004 997 per
2040 956 2155 990 fidem.

1163 999 1218 1034 Ad
1242 1001 1347 1037 Rom.
1370 1003 1417 1035 8,;
1464 1001 1535 1045 Qui
1563 1002 1690 1049 spiritu
1717 1001 1783 1035 Dei
1810 1012 1979 1046 aguntur,
2013 1004 2047 1038 bi
2074 1015 2156 1041 suut

1163 1052 1225 1085 filii
1247 1053 1327 1086 Dei.
1380 1053 1424 1087 Et
1445 1053 1538 1086 ioan.
1556 1053 1608 1086 7.:
1637 1052 1707 1095 Qui
1727 1055 1837 1087 credit
1854 1055 1888 1086 iu
1909 1068 1980 1094 nie,
2009 1057 2154 1091 flumina

1162 1104 1204 1135 de
1225 1112 1345 1137 ventre
1364 1105 1438 1137 eius
1460 1104 1572 1137 fluent
1590 1115 1699 1146 aquae
1717 1103 1828 1136 vivae.
1884 1103 1928 1137 Et
1956 1105 2062 1141 Zacb.
2085 1111 2154 1142 12..-

1161 1152 1352 1187 Effundam
1372 1166 1477 1197 super
1492 1155 1637 1185 domurn
1652 1151 1766 1185 David
1792 1155 1954 1197 spiritum
1976 1158 2105 1198 gia-stiae
2123 1168 2154 1193 pt

1160 1215 1313 1246 precum.
1368 1204 1479 1236 Vocat
1497 1203 1659 1247 spiritum
1675 1204 1824 1246 gratiae,
1850 1207 1929 1250 quia
1952 1220 2012 1251 per
2031 1207 2153 1242 Evan-

1160 1254 1289 1296 gelium
1311 1262 1427 1287 movet
1454 1256 1579 1295 corda,
1608 1262 1646 1288 ut
1664 1264 1855 1297 agnoscant
1875 1258 2151 1294 inenarrabilem

1160 1305 1439 1338 misericordiam
1457 1304 1524 1338 Dei
1548 1318 1626 1348 erga
1645 1318 1727 1344 nos,
1757 1314 1787 1339 et
1805 1314 1958 1342 statuant
1975 1311 2078 1343 nobis
2098 1325 2151 1344 rc-

1160 1357 1253 1390 mitti
1272 1364 1429 1399 peccata,
1457 1369 1521 1389 nos
1541 1368 1611 1390 esse
1635 1358 1670 1389 iu
1695 1358 1815 1399 gratia.
1871 1358 2008 1393 Deinde
2034 1364 2150 1405 agnita

1159 1414 1254 1440 tauta
1274 1409 1430 1441 bonitate
1447 1409 1668 1449 invocemus,
1697 1416 1729 1441 et
1748 1421 1810 1442 nos
1827 1411 2053 1445 subiit-ianuis
2064 1413 2151 1449 Deo.

1159 1457 1213 1492 Ad
1242 1457 1326 1492 haec
1353 1457 1542 1492 Zachariae
1570 1460 1674 1492 verba
1699 1462 1863 1494 convenit
1892 1463 2071 1506 aptissime
2095 1467 2150 1498 di-

1157 1516 1250 1543 ctum
1271 1509 1369 1543 Pauli
1391 1510 1496 1545 Rom.
1516 1511 1565 1544 8.:
1594 1511 1787 1554 Accepistis
1805 1513 1969 1556 spiritum
1987 1517 2150 1559 adoptio-

1157 1562 1211 1594 nis
1236 1561 1407 1600 filiorum‚
1442 1575 1511 1607 quo
1540 1562 1732 1595 clamamus
1750 1560 1851 1596 Abba
1878 1572 1986 1608 pater.
2050 1566 2146 1600 Idem

1157 1613 1302 1656 spiritus
1334 1613 1540 1647 testificatur
1567 1614 1706 1657 spiritui
1732 1621 1873 1655 nostro,
1914 1618 2007 1661 quod
2040 1618 2149 1652 simus

1155 1664 1218 1696 filii
1247 1665 1324 1698 Dei.
1388 1663 1455 1697 Hie
1483 1664 1730 1708 complectitur
1755 1666 1972 1707 agnitionem
2005 1670 2147 1711 gratiae,

1157 1721 1189 1748 et
1206 1715 1488 1756 invocationem,
1514 1728 1592 1748 cum
1612 1728 1679 1760 qua
1697 1716 1876 1750 coniuncti
1895 1725 1976 1752 sunt
1994 1720 2052 1752 alii
2073 1733 2148 1754 mo-

1155 1772 1210 1799 tus
1225 1765 1442 1809 spirituales,
1478 1773 1510 1799 et
1527 1766 1680 1799 incoatio
1706 1779 1818 1799 novae
1836 1768 1993 1803 iusticiae
2009 1778 2041 1805 et
2058 1772 2148 1806 vitae

1156 1816 1192 1849 in
1209 1817 1389 1850 cordibus.
1450 1816 1546 1850 Haec
1570 1824 1620 1851 est
1644 1824 1810 1862 perpetua
1835 1820 1995 1854 doctrina
2018 1823 2060 1855 de
2086 1824 2148 1856 he-

1154 1868 1286 1901 neficiis
1309 1866 1514 1911 Evangelii,
1551 1881 1654 1913 quain
1681 1868 1828 1902 loannes
1860 1871 1962 1905 initio
1994 1874 2148 1908 breviter

1154 1919 1376 1963 complexus,
1406 1927 1520 1964 postea
1541 1920 1636 1952 enirn
1659 1927 1804 1964 repetet.

1256 1970 1368 2003 Addit
1396 1978 1512 2003 autem
1540 1972 1735 2014 negativas,
1771 1979 1808 2005 ut
1833 1972 2008 2008 discernat
2034 1988 2146 2019 popu-

1154 2021 1225 2053 lum
1255 2021 1341 2064 legis
1365 2034 1382 2054 a
1410 2034 1492 2055 vero
1516 2023 1650 2055 semine
1679 2021 1865 2064 Abrahae,
1902 2025 2146 2067 gloriabantur

1156 2071 1336 2106 lsra'e'litae
1356 2085 1390 2105 se
1407 2085 1479 2106 esse
1503 2074 1674 2117 populum
1692 2073 1779 2115 Dei,
1807 2083 1837 2108 et
1856 2077 1897 2108 ad
1917 2087 1951 2107 se
1970 2078 2145 2120 pertinere

1152 2124 1424 2167 promissionem
1442 2126 1557 2158 datam
1576 2126 1618 2157 de
1637 2125 1900 2164 bencdictione,
1929 2127 2084 2170 iusticia,
2113 2138 2145 2163 et

1151 2187 1259 2218 reguo
1278 2182 1441 2216 aeterno,
1470 2183 1502 2209 et
1526 2173 1616 2209 hanc
1641 2183 1749 2210 totam
1776 2179 2053 2220 praerogativam
2081 2181 2142 2215 tri-

1151 2227 1307 2260 buebant
1339 2227 1470 2260 carnali
1505 2228 1741 2270 generationi,
1788 2239 1847 2261 seu
1881 2229 1985 2272 legali
2008 2243 2144 2265 succes·

1150 2277 1260 2318 sioni,
1288 2278 1377 2312 sicut
1391 2290 1486 2311 nunc
1503 2278 1668 2322 Episcopi
1695 2280 1915 2313 contendunt
1931 2292 1966 2313 se
1985 2294 2056 2315 esse
2073 2282 2141 2316 Ec-

1150 2329 1291 2362 clesiam
1319 2336 1462 2373 propter
1492 2329 1710 2362 ordinariam
1742 2331 2010 2365 successionem.
2073 2333 2141 2368 Hic

1149 2392 1248 2413 error
1271 2381 1466 2414 necessario
1491 2381 1704 2414 refellendus
1729 2388 1792 2415 est.
1853 2381 1947 2424 Quia
1970 2384 2062 2418 Deus
2086 2398 2141 2419 re—

1149 2432 1304 2476 pudiatis
1337 2429 1410 2473 his,
1457 2432 1518 2477 qui
1549 2432 1807 2465 insolescebant
1846 2441 1989 2477 propter
2027 2438 2140 2470 carnis

1149 2483 1426 2527 praerogativas,
1461 2495 1561 2526 saepe
1587 2483 1786 2517 illustribus
1811 2486 1977 2529 exemplis
2004 2490 2141 2522 vocavit

1149 2535 1236 2567 alios
1269 2536 1311 2567 ad
1340 2535 1539 2567 societatem
1571 2535 1668 2577 regni
1702 2535 1777 2576 sui,
1822 2543 1859 2568 ut
1890 2538 2017 2572 reiecto
2045 2538 2140 2579 Cain,

1148 2585 1262 2626 Esau,
1304 2586 1564 2629 primogenitis,
1609 2587 1721 2619 vocati
1759 2594 1842 2620 suut
1873 2585 1983 2628 Abel,
2026 2588 2141 2623 Iacob.

1148 2635 1281 2681 Estque
1304 2635 1459 2670 Ecclesia
1484 2649 1556 2670 non
1583 2649 1688 2681 penes
1716 2650 1774 2670 eos
1800 2638 1859 2683 qui
1884 2640 1952 2672 sibi
1975 2650 2141 2683 arrogant

1148 2688 1291 2722 titulum
1307 2716 1314 2730 ‚
1343 2695 1488 2733 propter
1513 2689 1670 2722 carnales
1690 2690 1948 2733 praerogativas
1970 2702 2028 2725 seu
2046 2694 2141 2726 ordi-

1572 2739 1629 2775 2*
