2415 2942
291 113 362 148 887

294 205 467 241 receptum
488 195 529 228 sit
548 205 655 237 genus
674 190 869 226 humanum
883 218 891 230 ,
920 191 987 223 nisi
1008 191 1100 224 filius
1124 202 1187 235 pro
1213 202 1277 223 no-

295 250 348 281 his
374 258 518 291 poenam
544 245 702 278 solveret.
756 241 834 275 Hoc
853 242 1052 275 mirandum
1070 241 1268 282 consilium,

295 298 378 341 legis
396 296 634 334 autoritatem,
662 293 817 327 iusticiae
842 298 873 325 et
898 293 1158 325 misericordiae
1182 299 1269 326 tem-

295 354 535 396 peramentum
554 374 562 387 ‚
603 352 634 378 et
660 344 937 387 magnitudinem
972 343 1101 376 amoris
1130 343 1166 376 in
1199 343 1270 375 filio

296 399 370 433 Deo
385 410 462 439 erga
475 409 549 437 uos,
569 397 646 429 etin
658 402 799 429 aeterno
811 401 907 438 patre
917 405 994 437 erga
1012 394 1122 426 filium
1145 400 1177 427 et
1193 404 1270 436 erga

299 462 378 487 nos,
423 450 458 480 iu
484 448 541 480 illa
575 454 712 480 aeterna
740 445 914 478 academia
944 444 1271 488 contemplabimur.

298 499 398 533 Nunc
416 507 531 532 tamen
548 498 619 530 vult
642 497 734 530 Deus
752 507 815 528 nos
833 493 936 528 liuius
954 495 1141 539 sapientiae
1160 494 1270 539 prima

299 551 466 583 elementa
500 549 640 582 discere.
714 545 841 579 Fateor
870 547 912 578 de
943 552 1117 578 tantarum
1154 557 1269 578 rerum

296 600 539 643 magnitudine
572 609 681 631 meam
716 597 910 630 orationem
945 597 1046 639 longe
1076 596 1270 629 tenuiorem

299 663 388 690 csse,
415 663 518 694 quam
539 661 609 682 esse
629 649 793 687 debebat,
827 648 885 679 sed
906 654 1019 680 tamen
1039 647 1273 690 qualicunque

299 702 449 734 clamore
474 700 628 742 significo
655 699 931 741 indignationem
961 698 1125 729 adversus
1149 695 1273 741 Hypo-
1304 715 1305 719 =

299 753 421 791 critas,
451 748 665 788 Monachus,
693 749 960 787 ctAntinomos‚
988 748 1046 792 qui
1065 748 1195 790 delege
1210 745 1274 780 Dei
1304 756 1306 768 ²

299 803 490 836 scurriliter
507 801 712 844 loquuntur.

399 851 486 885 Cum
507 858 621 883 autem
641 849 809 892 significat
827 847 1003 881 Dominus
1031 859 1066 880 se
1091 859 1152 891 pro
1173 847 1275 879 nobis
1304 861 1306 873 ε

298 904 364 946 legi
396 902 460 935 Dei
493 913 637 945 poenam
672 899 868 941 persolvere
899 899 1003 931 simul
1032 898 1276 942 complectitur

298 954 490 987 doctrinam
520 953 562 984 de
591 950 795 984 remissione
824 956 1045 993 peccatorum
1084 956 1115 982 et
1149 950 1191 981 de
1221 960 1275 981 re-

297 1004 560 1040 conciliatione,
603 1002 645 1033 ‹le
682 1000 913 1040 imputatione
948 1000 1118 1034 iusticiae,
1189 998 1282 1041 Quia

873 105 997 142 P111L.
1024 102 1140 142 MEL.
1167 101 1375 140 SCRIPTA
1404 102 1703 141 EXEGETICA.

2229 108 2304 144 888

1315 188 1428 233 dicto,
1465 189 1500 223 in
1530 203 1599 236 quo
1626 201 1786 235 expresse
1817 191 1854 226 fit
1879 193 2011 228 mentio
2036 193 2192 229 iusticiae
2218 194 2309 228 fidei.

1297 267 1300 286 ι
1326 238 1412 274 Vult
1438 241 1531 274 enim
1554 241 1682 275 Paulus
1709 243 1891 276 ostendere
1915 245 2110 278 doctrinam
2128 245 2164 278 in
2182 242 2307 279 Evan-

1324 289 1416 333 gelio
1435 292 1585 336 proponi
1604 304 1675 325 non
1697 292 1851 336 ignotam
1876 294 1983 327 veteri
2000 293 2192 336 Ecclesiae,
2215 294 2305 328 Pro-

1298 338 1508 386 ¹{phetarum
1543 350 1575 376 et
1606 342 1771 383 Patrum,
1811 345 1870 376 sed
1903 355 2010 377 unam
2041 353 2240 389 perpetuam
2273 353 2303 379 et

1325 393 1601 427 consentientem
1621 406 1738 427 vocem
1759 405 1831 427 esse
1849 393 2013 435 Pati-um,
2043 393 2308 438 Prophetarum

1324 439 1455 476 Christi
1483 451 1514 477 et
1541 442 1814 488 Apostolorum,
1840 445 1928 478 sicut
1954 445 2026 489 ipse
2051 445 2229 479 Dominus
2254 447 2309 479 in-

1325 493 1417 537 quit:
1447 492 1627 528 Abraham
1647 495 1736 529 vidit
1755 496 1847 528 diem
1871 507 2008 536 meum,
2035 502 2067 530 et
2083 495 2232 530 laetatus
2248 503 2312 538 est,

1426 550 1499 585 Etsi
1518 560 1632 586 autem
1651 552 1734 586 baec
1754 553 1982 587 confirmatio
1999 560 2070 587 tota
2096 554 2250 587 nascitur
2273 565 2314 587 ex

1327 602 1423 635 dicto
1441 603 1514 642 illo,
1531 603 1689 638 Credidit
1707 602 1886 637 Abraham
1899 603 1972 637 Deo
1991 611 2067 639 etc.:
2096 611 2212 638 tamen
2230 605 2314 650 quia

1331 653 1671 688 circumstantiarum
1707 655 1891 702 explicatio
1926 655 2037 698 gignit
2069 655 2179 689 multa
2211 666 2313 699 argu-

1328 711 1460 744 menta,
1488 705 1739 739 distribuemus
1762 718 1836 738 eam
1855 706 1891 738 in
1915 703 2000 739 haec
2026 705 2184 750 quinque
2208 717 2311 749 argu-

1304 777 1306 809 ,Ι
1328 762 1463 795 menta,
1491 768 1577 800 quae
1595 756 1717 790 sintin
1740 763 1948 800 conspectu,
1975 762 2008 790 et
2027 762 2064 789 ut
2090 768 2154 789 nos
2179 758 2222 789 de
2248 759 2312 789 do—

1329 805 1438 837 ctrini
1464 807 1691 845 confirment,
1736 814 1767 840 et
1791 807 1826 840 in
1857 807 2063 851 quotidiana
2089 807 2313 841 invocatione

1329 862 1359 887 et
1378 856 1617 889 consolatione
1637 858 1827 891 exuscitent
1850 857 1970 896 fidem,
1997 857 2078 902 quia
2104 869 2176 890 non
2201 864 2314 902 potest

1304 906 1401 952 [sieri
1429 907 1622 947 invocatio,
1657 908 1724 940 nisi
1754 907 1947 951 praeluceat
1970 905 2056 941 haec
2080 908 2184 949 fides,
2219 910 2314 953 quod

1304 969 1306 993 ῑ
1333 957 1546 1000 recipiamur
1563 966 1595 991 et
1615 959 1841 991 exaudiamur
1860 965 2001 1003 propter
2023 958 2153 1000 filium,
2186 965 2218 993 et
2236 959 2315 1004 qui-

1329 1008 1407 1040 dem
1426 1015 1569 1052 propter
1585 1008 1822 1042 obedientiam
1845 1008 1920 1044 filii.

298 1055 390 1087 enim
414 1066 559 1097 poenam
580 1065 642 1095 pro
661 1052 763 1085 nobis
783 1051 950 1094 persolvit
964 1077 971 1087 ,
999 1057 1031 1082 et
1051 1050 1153 1082 nobis
1171 1050 1283 1093 placat
1303 1054 1306 1081 i

299 1107 386 1138 iram
413 1105 544 1137 aeterni
572 1103 702 1146 patris,
743 1103 922 1134 donantur
952 1101 1176 1134 credentibus
1200 1113 1305 1144 pro-⁴

298 1163 374 1200 pter
393 1155 499 1199 ipsius
516 1154 742 1190 sacrificium,
771 1152 929 1184 remissio
957 1158 1198 1195 peccatorum,
1227 1163 1281 1183 re-

298 1206 516 1245 conciliatio,
558 1203 743 1247 imputatio
775 1203 957 1239 iusticiae‚

299 1258 409 1290 silium
449 1263 480 1289 et
513 1255 683 1299 Spiritum
720 1260 902 1293 sanctum,

302 1315 474 1341 aeternae.

401 1356 543 1398 Tertio,
564 1354 685 1397 implet
701 1354 793 1386 filius
811 1351 876 1386 Dei
891 1354 998 1395 legem
1018 1354 1202 1386 effectione
1224 1365 1284 1386 seu

300 1408 519 1441 restitutione
544 1406 579 1437 in
604 1405 715 1436 nobis.
770 1403 869 1437 Adeo
894 1404 987 1436 enim
1013 1404 1087 1437 vult
1110 1404 1205 1437 Deus
1228 1416 1283 1436 ra-

299 1467 368 1492 tam
385 1470 457 1491 esse
475 1459 602 1497 legem,
628 1462 665 1488 ut
686 1456 762 1487 ideo
789 1455 898 1487 filium
919 1454 1068 1494 miserit,
1093 1462 1181 1488 utet
1201 1467 1283 1498 poe-

301 1522 382 1542 nam
403 1521 465 1552 pro
482 1507 585 1540 nobis
601 1506 731 1542 lueret,
767 1513 799 1537 et
825 1505 981 1537 restituat
1010 1505 1046 1537 in
1073 1506 1175 1537 uobis
1199 1506 1284 1537 obe-

952 1259 980 1285 et
1016 1253 1158 1286 donatio
1193 1254 1283 1286 vitae

301 1560 467 1592 ‹lientiam
486 1569 545 1590 seu
567 1556 846 1589 conformitatem
872 1567 950 1587 cum
977 1555 1070 1598 ipso,
1099 1567 1187 1599 quae
1205 1555 1283 1600 qui·
1304 1553 1306 1557 ¹

302 1610 437 1642 demin
464 1607 528 1641 hac
555 1608 622 1639 vita
651 1607 821 1638 incoatur.

299 1712 365 1745 bus
383 1711 505 1744 beatis.

403 1761 556 1804 Quarto,
599 1758 719 1801 implet
754 1757 846 1790 filius
874 1755 940 1790 Dei
973 1757 1081 1799 legem
1104 1755 1286 1797 moralem,

302 1814 481 1850 docendo,
515 1822 575 1843 seu
604 1809 811 1847 sanciendo,
845 1819 906 1840 seu
931 1809 1119 1851 repetendo
1147 1807 1308 1840 decalo-³

303 1876 396 1903 gum.
450 1861 524 1894 Etsi
543 1861 636 1893 enim
656 1871 727 1891 non
744 1866 793 1892 est
811 1858 936 1891 missus
949 1886 957 1899 ‚
984 1865 1021 1891 ut
1041 1859 1084 1891 sit
1102 1858 1185 1900 legis
1201 1869 1286 1891 con-

304 1915 419 1953 ditor,
455 1924 536 1944 nam
560 1911 614 1943 lex
641 1917 743 1943 antea
762 1908 864 1942 initio
883 1909 949 1941 fuit
974 1909 1075 1941 insita
1103 1908 1285 1942 rationali·
1308 1935 1309 1938 ,

302 1967 369 1998 bus
387 1963 572 2002 creaturis,
609 1968 641 1994 et
666 1967 783 2004 postea
806 1971 941 2002 semper
964 1960 1000 1992 in
1020 1959 1173 1992 Ecclesia
1193 1959 1285 1992 divi·
1308 1969 1310 2001 t

304 2016 400 2048 nitus
418 2013 562 2057 repetita
583 2018 649 2052 est,
676 2018 707 2043 et
725 2011 870 2055 quidem
894 2010 930 2042 in
958 2011 1029 2043 sola
1047 2009 1112 2043 Dei
1131 2008 1286 2043 Ecclesia
1308 2025 1311 2037 v

306 2077 440 2109 semper
469 2065 521 2097 lex
553 2063 627 2096 sine
658 2061 866 2105 corruptelis
898 2067 1032 2094 retenta
1063 2068 1126 2094 est:
1170 2066 1312 2108 tamenss

309 2118 381 2159 ipse
408 2127 482 2148 eam
507 2113 647 2157 repetit,
691 2119 722 2144 et
755 2118 900 2144 testatur
923 2109 990 2144 hoc
1019 2123 1090 2145 esse
1116 2112 1286 2143 iudicium
1310 2110 1312 2140 ἶ

308 2166 392 2206 Dei,
417 2176 565 2208 arguens
589 2169 741 2207 peccata,
778 2169 810 2195 et
833 2163 1021 2195 ostendens
1050 2173 1149 2194 veros
1166 2162 1289 2203 cultos,

309 2225 339 2250 et
365 2229 437 2250 earn
472 2222 628 2257 enarrat,
671 2220 704 2246 et
729 2213 875 2256 detergit
909 2209 1122 2256 pharisaicas
1158 2213 1291 2254 sordes,

311 2268 437 2312 quibus
455 2268 563 2309 legem
583 2272 615 2298 et
638 2272 720 2297 tunc
738 2270 770 2297 et
794 2263 959 2297 omnibus
983 2263 1203 2307 temporibus
1226 2261 1290 2309 hy-

311 2319 462 2362 pocritae
487 2322 727 2360 corrumpunt.

675 2423 810 2476 Caput
848 2422 925 2463 1V.

314 2496 419 2547 Quid
439 2510 522 2543 ergo
545 2495 700 2530 dicemus
728 2496 906 2530 invenisse
932 2493 1126 2530 Abraham
1152 2503 1292 2543 patrem

523 2552 685 2580 nostrum
702 2545 896 2580 secundum
914 2546 1086 2580 carnem?

1003 1202 1188 1235 vivificatio
1223 1214 1284 1245 per

877 1604 944 1638 Sed
973 1606 1009 1637 in
1026 1604 1180 1638 Ecclesia
1205 1618 1284 1638 coe-
1305 1612 1307 1627 ¹

300 1661 378 1694 lesti
397 1660 462 1693 erit
481 1659 631 1701 integra,
661 1669 736 1689 curn
755 1656 851 1690 Deus
871 1656 935 1689 erit
963 1656 1082 1689 omnia
1106 1656 1142 1688 in
1168 1657 1285 1689 omni-
1306 1676 1307 1680 =

1303 1139 1305 1155 Ι
1563 1106 1746 1137 Primum
1772 1111 2087 1147 argumentum.

1303 1158 1305 1209 Ξ
1429 1164 1610 1200 Abraham
1635 1179 1707 1200 non
1732 1167 1799 1201 suit
1824 1168 1934 1201 iustus
1957 1175 2100 1212 propter
2127 1180 2233 1211 opera
2259 1180 2317 1201 co-

1303 1211 1306 1274 j
1329 1228 1403 1250 ram
1429 1216 1523 1256 Deo,
1552 1219 1611 1251 sed
1635 1218 1719 1256 fide,
1761 1216 1856 1261 Ergo
1882 1230 1946 1251 nec
1972 1218 2097 1252 caeteri
2129 1226 2209 1252 sunt
2236 1219 2316 1252 iusti

1331 1275 1474 1310 propter
1511 1281 1634 1311 opera,
1676 1270 1734 1301 sed
1772 1269 1851 1302 fide.
1914 1268 2017 1302 Valet
2051 1270 2316 1314 consequentia:

1303 1295 1306 1348 i
1330 1318 1422 1360 Quia
1446 1317 1627 1351 Abraham
1656 1327 1693 1353 ut
1719 1320 1915 1362 exemplum
1942 1320 2124 1353 doctrinae
2144 1320 2316 1364 proponi-

1304 1375 1396 1415 ¹tur.
1462 1370 1683 1402 Antecedens
1718 1371 1886 1413 probatur
1920 1381 1959 1402 ex
1992 1370 2106 1404 dicto:
2150 1369 2311 1404 Credidit

1304 1460 1306 1473 ἱ
1330 1416 1510 1452 Abraham
1531 1419 1616 1453 Deo.

1304 1490 1306 1511 2
1695 1517 1940 1549 Secundum.

1305 1573 1307 1611 Ι
1434 1577 1638 1613 lustificatio
1658 1586 1709 1613 est
1728 1580 1913 1623 imputatio
1938 1579 2116 1619 iusticiae,
2142 1590 2210 1624 qua
2224 1579 2318 1614 Deus

1331 1640 1393 1675 per
1419 1629 1697 1662 misericordiam
1720 1641 1784 1662 nos
1810 1630 1935 1673 recipit
1962 1637 1995 1663 et
2028 1630 2202 1671 vivificat,
2238 1628 2317 1664 Non

1306 1704 1307 1710 ,
1331 1679 1439 1723 igitur
1456 1691 1577 1714 sumus
1593 1681 1676 1714 iusti
1695 1676 1824 1713 nostris
1840 1680 2006 1724 operibus
2023 1687 2083 1714 aut
2101 1681 2246 1717 meritis.

1307 1786 1309 1813 g
1722 1777 1923 1810 Tertium.

1307 1833 1309 1871 ἰ
1434 1839 1642 1872 Iustificatio
1678 1846 1728 1872 est
1764 1838 1923 1871 remissio
1962 1845 2184 1882 peccatorum
2201 1866 2210 1880 ‚
2251 1852 2320 1885 qua

1305 1894 1309 1923 ⁴]
1331 1888 1426 1923 Deus
1452 1901 1517 1923 nos
1541 1889 1665 1932 recipit
1695 1896 1727 1922 et
1746 1889 1898 1922 vivificat
1920 1896 2064 1933 propter
2081 1889 2321 1932 mediatorem,

1308 1957 1309 1967 π
1333 1948 1364 1974 et
1381 1952 1443 1984 per
1462 1952 1542 1974 eum
1556 1967 1564 1981 ‚
1598 1939 1710 1983 Igitur
1727 1952 1799 1973 non
1818 1951 1938 1973 sumus
1957 1940 2039 1974 iusti
2056 1941 2186 1974 nostris
2202 1942 2320 1986 operi—

1308 2008 1310 2019 ι
1333 1992 1398 2025 bus
1417 1998 1477 2025 aut
1495 1991 1640 2026 meritis.

1712 2087 1938 2126 Quartum.

1310 2175 1313 2210 1
1436 2148 1616 2184 Abraham
1636 2156 1687 2183 est
1702 2150 1769 2182 fide
1786 2150 1898 2183 iustus
1914 2156 1994 2183 ante
2009 2150 2319 2192 circumcisionem,

1311 2212 1314 2244 ι
1336 2199 1430 2246 Ergo
1447 2214 1519 2235 non
1538 2208 1588 2235 est
1609 2201 1720 2235 iustus
1737 2201 2017 2235 circumcisione.

1727 2299 1933 2339 Quintum.

1441 2359 1592 2406 Oportet
1622 2361 1889 2406 promissionem
1919 2359 2050 2403 gratiae
2080 2371 2140 2393 seu
2165 2361 2320 2395 reconti-

1340 2413 1497 2447 liationis
1511 2424 1583 2445 esse
1600 2418 1742 2446 certam.

1440 2462 1635 2497 Promissio
1655 2463 1810 2506 pendens
1827 2473 1866 2494 ex
1882 2461 2084 2495 conditione
2103 2461 2188 2504 legis
2204 2462 2240 2497 fit
2265 2463 2321 2496 in-

1339 2521 1450 2555 certa,
1479 2514 1560 2559 quia
1583 2514 1638 2547 lex
1655 2514 1742 2547 iram
1759 2512 1881 2552 efficit,

1444 2564 1555 2608 Igitur
1601 2563 1784 2608 promissio
1824 2562 1955 2606 gratiae
1994 2574 2066 2596 non
2117 2563 2246 2606 pendet
2280 2575 2319 2597 ex

412 2616 454 2650 In
473 2622 595 2661 quarto
613 2615 723 2658 capite
739 2615 900 2648 incoatur
923 2615 1142 2650 confirmatio
1161 2629 1293 2661 propo·
1338 2616 1541 2649 conditione
1565 2615 1671 2659 legis,
1702 2615 1760 2648 sed
1783 2614 1888 2657 gratis
1914 2614 2035 2656 datur,
2071 2619 2103 2648 et
2135 2613 2203 2647 fide
2231 2615 2319 2648 acci-

313 2668 469 2707 sitionis,
511 2673 623 2700 sumta
654 2678 692 2699 ex
726 2666 882 2710 exemplo
917 2664 1081 2701 Abrahae
1113 2675 1144 2702 et
1177 2669 1292 2713 primo

1309 2693 1315 2716 1
1337 2668 1464 2712 pienda
1481 2673 1541 2700 est.
