2415 2942
243 106 317 141 615

343 189 407 225 Est
423 200 502 232 ergo
518 187 703 221 sententia:
735 185 941 219 Gloriamur
958 187 994 219 in
1018 186 1221 220 afflictioni-

246 244 331 282 bus,
359 242 394 273 id
421 247 488 278 est,
521 239 682 271 ducimus
706 237 914 270 afflictiones
940 248 1012 271 esse
1037 249 1092 270 res
1115 239 1225 270 bonas

247 305 318 325 non
337 289 606 332 ignominiosas,
634 300 705 320 nou
722 288 1005 332 maledictiones,
1032 300 1105 322 non
1130 288 1226 331 signa

247 344 318 375 irae
335 349 367 374 et
384 340 600 377 reiectionis,
625 346 654 372 et
680 339 852 372 sustinere
870 350 946 379 eas,
973 340 1134 372 ducimus
1157 350 1228 372 esse

248 404 334 436 opus
349 392 482 424 bonum
495 417 503 429 ,
531 397 561 423 et
578 390 711 422 cultum
728 389 802 422 Deo
820 390 1010 433 placentem
1022 416 1031 430 ,
1059 401 1130 423 non
1147 401 1228 434 pro-

248 451 324 487 pter
347 442 524 485 propriam
550 441 754 483 dignitatem
784 447 843 474 aut
867 440 1134 484 perfectionem,
1168 440 1227 473 sed

249 493 330 537 quia
353 491 421 525 fide
447 503 593 535 persona
621 491 689 523 iam
715 497 765 524 est
787 498 943 535 accepta,
970 492 1058 524 sicut
1080 491 1165 524 alias
1189 492 1231 523 de

250 544 386 576 incoata
405 542 605 575 obedientia
628 542 793 575 diximus.

354 599 416 634 Est
435 611 518 642 ergo
540 600 726 633 sententia:
755 599 938 633 Habemus
963 599 1136 643 duplicem
1157 600 1233 644 glo-

252 653 356 692 riam,
392 651 547 685 Alteram
565 650 805 695 praecipuam,
840 652 898 683 sed
916 648 1031 682 adhuc
1047 657 1232 694 speratam,

253 704 289 736 id
314 710 380 742 est,
408 713 535 734 novam
561 708 723 734 naturam
749 708 781 734 et
809 701 914 733 vitam
939 708 1115 734 aeternam
1133 727 1142 740 ,
1175 700 1233 733 sed

254 752 345 786 hanc
362 753 510 795 gloriam
528 749 642 784 adhuc
658 763 716 794 spe
734 752 960 795 possidemus,
987 749 1144 784 Alteram
1161 750 1235 793 glo-

254 805 342 837 riam
372 802 540 836 bibemus
571 808 807 845 praesentem,
842 801 876 833 id
902 808 970 838 est,
1013 801 1234 834 afflictiones.

255 854 411 887 Tametsi
446 853 539 885 enim
574 853 725 884 mundus
759 852 889 885 iudicat
921 852 1128 884 afflictiones
1165 862 1237 884 esse

255 906 352 947 signa
368 905 439 936 irae
454 901 535 936 Dei:
563 910 677 935 tamen
695 914 758 934 nos
775 902 901 935 scimus
919 913 989 934 esse
1008 902 1104 945 signa
1125 903 1237 934 bonae

253 954 444 987 voluntatis
470 951 557 992 Dei,
596 960 626 985 et
652 953 890 986 obedientiam
913 953 951 985 in
975 953 1239 992 afflictionibus,

254 1016 324 1038 esse
342 1016 472 1038 novum
493 1003 625 1036 cultum
644 1002 720 1038 Dei.

326 1103 485 1139 Scienles
504 1102 603 1152 quod
615 1103 774 1152 afflicltb
788 1103 1008 1151 patientiam
1024 1104 1162 1150 pariat,

354 1173 444 1209 Cum
466 1180 566 1206 antea
590 1174 733 1206 dixisset
758 1181 977 1218 praesentem
1005 1174 1151 1217 gloriam
1173 1186 1239 1206 no·

255 1232 360 1260 stram
377 1236 449 1258 esse
466 1224 694 1264 afflictiones,
723 1226 804 1269 quia
822 1226 935 1258 donec
961 1226 1132 1258 morimur
1156 1222 1240 1257 haec

253 1277 325 1310 vita
345 1283 394 1309 est
411 1283 616 1319 perpetuum
632 1283 826 1315 certamen,
854 1283 886 1309 et
905 1287 983 1308 caro
1011 1275 1165 1308 subiecta
1189 1282 1239 1308 est

254 1326 522 1365 afflictionibus,
558 1333 597 1359 ut
619 1326 788 1370 reliquiae
815 1326 945 1368 peccati
974 1326 1238 1358 mortificentur.

254 1376 328 1410 Has
344 1377 628 1410 mortificationes
655 1377 706 1408 lex
733 1376 863 1409 iudicat
888 1387 960 1408 esse
977 1376 1238 1408 maledictiones

255 1435 290 1461 et
316 1427 412 1470 signa
445 1427 524 1460 irae.
591 1427 658 1460 Sed
690 1424 920 1468 Evangelium
956 1433 1096 1459 econtra
1129 1427 1239 1465 docet,

254 1478 442 1512 translatas
468 1489 540 1510 esse
574 1477 612 1509 iu
644 1477 746 1509 aliam
778 1478 948 1517 formam,
984 1477 1166 1516 videlicet,
1201 1483 1239 1509 ut

254 1529 325 1561 sint
339 1528 436 1570 signa
454 1528 568 1560 bonae
586 1527 777 1560 voluntatis
794 1526 870 1560 Dei.
904 1527 985 1560 Ideo
1003 1527 1072 1559 iam
1088 1527 1135 1560 ait
1154 1539 1238 1559 con-

253 1579 460 1612 solationem
480 1579 516 1610 in
538 1575 629 1610 hanc
645 1578 874 1618 senteutiam,
902 1585 933 1611 et
950 1578 1179 1612 concionatur
1196 1579 1238 1610 de

253 1629 322 1662 fine
339 1636 373 1662 et
390 1641 455 1661 usu
473 1629 720 1662 afflictionum.

353 1687 484 1721 Paulus
517 1687 759 1728 gradationem
783 1687 948 1723 contexit.
1018 1685 1238 1721 Asssictiones

254 1738 458 1783 patientiam
476 1739 650 1778 efficiunt,
678 1738 845 1782 patientia
864 1738 1127 1781 probationem,
1156 1750 1238 1781 pro-

252 1790 348 1823 batio
365 1801 460 1833 spem
477 1796 541 1823 etc.
577 1788 672 1822 Haec
690 1789 792 1822 verba
812 1789 847 1821 in
865 1800 1001 1822 summa
1019 1786 1084 1822 hoc
1103 1789 1237 1827 volunt,

255 1841 350 1885 quod
373 1840 582 1873 afflictiones
604 1839 674 1873 sint
704 1839 866 1873 exercitia
893 1839 962 1873 fide
987 1851 1047 1873 seu
1076 1841 1171 1884 spei,
1205 1847 1237 1873 et

253 1891 348 1936 quod
373 1889 467 1923 Dens
498 1890 646 1935 requirit
672 1890 933 1930 obedientiam,
975 1897 1009 1924 et
1045 1891 1149 1923 fidem
1176 1902 1235 1923 seu

251 1953 347 1984 spem
364 1941 401 1973 in
419 1940 685 1974 afflictionibus:
713 1953 785 1974 non
810 1948 891 1974 suut
914 1941 1022 1983 igitur
1039 1942 1135 1984 signa
1153 1941 1236 1976 irae.

252 1990 347 2024 Haec
365 1998 416 2025 est
431 2002 567 2025 summa
588 1989 691 2024 huius
714 1992 923 2034 sententiae,
951 1993 1009 2025 sed
1033 1993 1236 2037 priusquam

254 2042 391 2085 singula
411 2043 515 2074 verba
540 2048 744 2082 tractamus,
773 2043 870 2086 prius
895 2043 1054 2076 doctrina
1078 2045 1122 2075 de
1144 2043 1233 2075 affli-

254 2093 430 2126 ctionibus
445 2093 698 2126 consideranda
724 2100 786 2128 est.
839 2092 931 2127 Sunt
954 2101 1068 2126 autem
1087 2100 1238 2137 quatuor

255 2151 446 2187 praecepta,
464 2155 552 2188 quae
569 2145 611 2176 de
628 2143 879 2176 afflictionibus
895 2144 981 2176 scire
999 2156 1134 2176 necesse
1152 2151 1210 2178 est.

310 2206 341 2236 1.
386 2201 563 2242 Primum,
598 2203 691 2247 quod
714 2203 938 2235 statuendum
963 2209 1032 2241 est,
1071 2202 1142 2235 Nos
1166 2215 1235 2235 non

258 2252 363 2296 affligi
389 2265 488 2291 casu,
517 2253 574 2286 sed
594 2260 687 2286 certo
705 2253 852 2286 consilio
871 2260 901 2286 et
920 2253 1147 2297 permissione
1161 2251 1237 2286 Dei.

309 2313 343 2345 2.
376 2310 596 2349 Secundum,
625 2309 705 2344 Non
730 2311 843 2343 solnm
868 2312 1091 2344 statuendum
1115 2319 1164 2345 est
1186 2313 1237 2344 af-

259 2360 431 2394 flictiones
447 2360 511 2394 Dei
527 2361 673 2394 consilio
693 2362 864 2401 accidere,
892 2363 948 2394 sed
975 2362 1078 2396 etiam
1103 2363 1235 2395 adden-

260 2411 343 2444 dum
373 2419 441 2452 est,
468 2413 560 2456 quod
577 2411 672 2446 Deus
689 2413 832 2456 puniat,
858 2425 930 2446 non
950 2420 986 2445 ut
1006 2414 1147 2456 perdat,
1175 2414 1232 2446 sed

258 2468 297 2494 ut
322 2469 458 2495 revocet
483 2474 545 2495 nos
568 2465 610 2495 ad
637 2463 906 2504 poenitentiam,
939 2476 998 2496 seu
1021 2471 1057 2497 ut
1081 2471 1232 2497 exerceat

256 2512 358 2545 fidem
384 2518 549 2545 nostram.
618 2513 794 2558 Quodque
823 2515 1031 2547 afflictiones
1059 2526 1131 2547 non
1162 2515 1232 2548 sint

254 2563 350 2605 signa
367 2563 457 2602 irae,
483 2564 540 2595 sed
560 2563 669 2596 honae
687 2564 876 2598 voluntatis
895 2564 979 2605 Dei,
1008 2566 1099 2598 iuxta
1124 2565 1228 2598 illud:

252 2611 344 2647 Nolo
361 2620 507 2646 mortem
524 2614 723 2655 peccatoris.
776 2614 820 2649 Et
838 2618 975 2659 prodest
993 2617 1028 2649 in
1052 2613 1106 2649 his
1130 2628 1227 2659 prae-

251 2665 359 2709 ceptis
375 2662 502 2698 habere
520 2664 555 2697 in
572 2671 713 2708 promtu
729 2677 832 2710 quam
849 2667 1000 2711 plurima
1018 2667 1226 2703 testimonia.

808 100 933 135 PHlL.
964 101 1077 138 MEL.
1105 100 1315 136 SCRIPTA
1344 99 1640 136 EXEGETICA.

2191 103 2266 138 616

1331 187 1364 219 5.
1399 185 1561 220 Tertium
1588 193 1828 230 praeceptum,
1861 186 1967 230 Quod
1995 187 2088 221 Deus
2112 188 2268 231 requirat

1280 237 1517 271 obedientiam
1536 237 1573 269 in
1592 237 1865 276 afflictionibus,
1892 245 1926 272 et
1951 240 2045 283 quod
2071 238 2267 281 indignati)

1282 295 1313 322 et
1338 287 1565 332 impedientia
1590 288 1662 321 sint
1686 294 1886 331 peccatum,
1913 295 1945 322 et
1969 290 2063 333 quod
2083 289 2270 333 praecipue

1282 339 1377 372 Deus
1395 337 1587 372 Ecclesiam
1610 338 1798 372 subiecerit
1817 338 2088 377 afflictionibus,
2116 347 2150 373 et
2173 340 2269 385 quod

1284 388 1368 423 haec
1384 389 1584 422 obedientia
1602 395 1746 433 propter
1767 388 1879 422 Deum
1900 390 2108 433 praestanda
2125 391 2178 424 sit.

1336 450 1370 483 4.
1405 447 1601 491 Quartum,
1629 448 1708 482 Non
1730 448 1813 482 satis
1839 455 1888 481 est
1913 448 2148 481 obedientiam
2171 461 2271 493 prae-

1286 506 1395 539 stare,
1423 501 1481 532 sed
1507 500 1585 544 plus
1611 499 1822 544 requiritur,
1857 499 2018 532 videlicet
2047 499 2132 531 fides
2156 505 2188 532 et
2215 499 2271 532 in-

1287 550 1442 589 vocatio,
1485 563 1552 594 qua
1584 551 1752 583 auxilium
1789 549 1938 593 petimus
1976 557 2008 583 et
2043 556 2274 593 expectamus,

1287 601 1381 633 iuxta
1399 600 1504 633 illud:
1536 600 1662 634 Invoca
1681 612 1735 633 me
1757 600 1793 633 in
1813 601 1937 634 diebus
1948 600 2189 633 tribulationis
2201 608 2264 635 etc.

1390 658 1484 692 Haec
1521 667 1672 704 quatuor
1705 666 1887 703 praecepta
1929 660 2077 692 tenenda
2117 665 2201 693 sunt
2235 659 2272 692 in

1289 710 1455 743 omnibus
1478 710 1729 744 afflictionibus
1745 735 1753 748 ,
1789 718 1820 744 et
1840 708 1966 743 horum
1993 710 2157 752 cogitatio
2183 710 2275 754 parit

1289 772 1407 793 veram
1436 761 1640 804 patientiam
1670 758 1935 801 Christianam,
1988 772 2076 805 quae
2104 760 2222 794 differt
2254 772 2273 793 a

1292 808 1546 854 philosophica.
1609 810 1699 844 Nam
1730 809 1976 855 philosophica
2002 817 2053 844 est
2074 811 2274 844 obedientia

1291 872 1369 904 erga
1395 862 1567 895 rationem
1591 862 1628 895 in
1655 862 1871 906 perferendis
1894 861 2047 895 adversis
2074 862 2199 902 rebus,
2234 873 2274 895 ex

1291 912 1408 957 aliqua
1439 909 1585 945 honesta
1610 924 1721 945 causa.
1785 912 1853 946 Sed
1878 913 2043 956 patientia
2070 910 2273 946 Christiana

1292 970 1341 995 est
1360 963 1577 1002 obedientia,
1608 975 1696 1007 quae
1713 971 1906 1006 praestatur
1926 970 2068 1007 propter
2086 961 2218 1003 Deum,
2241 969 2274 996 et

1293 1015 1333 1045 ad
1351 1025 1455 1057 quam
1472 1014 1603 1046 accedit
1621 1014 1705 1045 fides
1722 1026 1781 1046 seu
1799 1025 1893 1057 spes,
1920 1021 1952 1047 et
1968 1013 2158 1057 expectatio
2175 1013 2275 1045 auxi-

1294 1063 1345 1096 lii.
1398 1062 1473 1096 Hae
1490 1063 1643 1096 breviter
1664 1064 1828 1106 repetivi,
1855 1066 1947 1109 quod
1966 1065 2047 1097 inde
2064 1063 2200 1096 facilius
2219 1063 2276 1096 in-

1292 1113 1402 1156 telligi
1426 1113 1535 1158 possit
1559 1114 1730 1148 sententia
1755 1113 1867 1148 Pauli.
1936 1113 2039 1148 Nunc
2069 1114 2113 1146 ad
2142 1120 2276 1148 textum

1294 1166 1408 1199 redeo.

1392 1223 1594 1257 Tribulatio
1623 1223 1722 1257 affert
1749 1222 1966 1267 patientiam.
2041 1221 2137 1256 Haec
2170 1224 2276 1258 verba

1292 1286 1364 1306 non
1380 1281 1516 1307 tantum
1535 1286 1632 1307 more
1650 1273 1733 1317 legis
1760 1274 1915 1317 intellige
1941 1274 2091 1314 debent,
2119 1274 2214 1318 quod
2239 1275 2276 1308 in

1292 1325 1542 1357 afflictionibus
1571 1325 1772 1369 requiratur
1803 1325 2003 1357 obedientia
2024 1351 2033 1364 ,
2079 1326 2138 1357 sed
2169 1325 2274 1358 etiam

1293 1382 1459 1420 tanquam
1482 1375 1685 1410 consolatio.
1738 1374 1827 1407 Nam
1853 1387 1932 1408 cum
1957 1373 2051 1407 Deus
2071 1375 2275 1418 patientiam

1292 1434 1323 1459 et
1347 1437 1442 1468 spem
1468 1426 1600 1468 exigat,
1639 1425 1865 1457 manifestum
1889 1432 1938 1458 est
1963 1425 2169 1457 afflictiones
2201 1437 2274 1458 nou

1293 1488 1364 1509 esse
1387 1476 1484 1518 signa
1516 1476 1611 1515 irae,
1652 1476 1710 1508 sed
1735 1475 1918 1515 exercitia,
1966 1475 2003 1507 in
2029 1476 2157 1519 quibus
2181 1474 2275 1509 Deus

1294 1527 1367 1560 vult
1387 1526 1622 1559 obedientiam
1640 1533 1671 1558 et
1687 1527 1789 1558 fidem
1808 1532 1962 1558 nostram
1982 1538 2151 1560 exercere.
2186 1525 2273 1559 Nam

1294 1577 1426 1610 iudicio
1451 1577 1536 1619 legis
1561 1588 1621 1609 seu
1644 1576 1790 1609 rationis
1817 1576 1961 1609 afflictio
1987 1588 2059 1609 non
2086 1576 2188 1610 affert
2212 1588 2274 1620 pa-

1294 1628 1474 1668 tientiam,
1500 1628 1558 1659 sed
1577 1627 1878 1669 indignationem,
1904 1638 1971 1671 qua
1992 1633 2117 1659 natura
2135 1627 2275 1660 infirma

1291 1678 1408 1713 fremit
1430 1679 1595 1711 adversus
1615 1677 1725 1711 Deum
1750 1683 1783 1710 et
1800 1677 1979 1718 irascitur,
2006 1678 2101 1722 quod
2118 1675 2201 1710 haec
2218 1677 2273 1709 in-

1293 1730 1392 1762 firma
1426 1736 1551 1761 natura
1579 1728 1685 1762 tantis
1718 1727 1975 1761 calamitatibus
2007 1735 2200 1769 oneratur,
2243 1734 2276 1762 et

1291 1780 1376 1822 fugit
1410 1791 1466 1813 eas
1490 1786 1659 1822 quantum
1683 1785 1815 1822 potest:
1851 1779 1908 1811 sed
1936 1779 2066 1812 iudicio
2085 1776 2279 1822 Evangelii,

1291 1831 1435 1864 afflicto
1471 1830 1571 1863 affert
1607 1830 1832 1874 patientiam,
1871 1842 1948 1862 cum
1984 1830 2145 1862 videlicet
2178 1841 2277 1863 mens

1291 1881 1444 1925 agnoscit
1460 1893 1531 1913 esse
1548 1881 1644 1923 signa
1664 1881 1775 1913 bonae
1794 1880 1982 1913 voluntatis
2004 1879 2090 1920 Dei,
2118 1880 2203 1913 etin
2220 1878 2274 1913 his

1291 1932 1464 1966 exercitiis
1480 1932 1699 1964 excitandam
1719 1942 1791 1964 esse
1808 1930 1911 1962 fidem
1933 1937 1965 1964 et
1980 1930 2250 1966 invocationem.

1543 2027 1732 2064 Patientia
1756 2028 2024 2078 probationem.

1390 2106 1428 2140 ld
1455 2112 1530 2147 est,
1569 2106 1772 2140 exercitium
1806 2117 1865 2139 seu
1899 2106 2201 2150 explorationem,
2236 2107 2272 2140 in

1291 2169 1357 2202 qua
1377 2158 1588 2191 exuscitatur
1603 2157 1704 2196 fides,
1730 2163 1855 2189 utnon
1870 2157 1913 2190 sit
1929 2158 2050 2198 otiosa,
2075 2170 2146 2190 non
2164 2158 2273 2190 simu-

1293 2209 1379 2246 lata,
1413 2210 1471 2241 sed
1496 2220 1595 2249 vera,
1631 2220 1694 2241 nec
1718 2208 1918 2250 languescat
1942 2215 2005 2243 etc.
2073 2207 2131 2241 Sic
2163 2207 2269 2240 etiam

1297 2261 1302 2289 Ι
1323 2266 1416 2292 etrus
1435 2259 1567 2303 inquit:
1595 2257 1699 2291 Fides
1719 2265 1829 2291 vestra
1845 2265 2028 2303 postquam
2046 2257 2190 2302 probata
2208 2265 2269 2299 est,

1291 2310 1317 2341 si
1335 2310 1536 2342 inveniatur
1551 2311 1593 2341 ad
1611 2309 1769 2349 laudem,
1795 2309 1829 2341 id
1857 2315 1924 2346 est,
1961 2316 2143 2353 postquam
2169 2320 2267 2342 exer-

1291 2361 1391 2394 citata
1409 2367 1456 2393 est
1470 2388 1479 2401 ‚
1506 2367 1541 2393 ut
1561 2366 1649 2393 esset
1664 2371 1743 2393 vera
1763 2366 1795 2392 et
1811 2371 1882 2391 non
1901 2355 2072 2392 simulata.

1387 2409 1608 2444 Describitur
1624 2421 1704 2453 ergo
1723 2408 1778 2442 hic
1795 2409 1874 2441 finis
1890 2409 2138 2452 afflictionum,
2164 2410 2264 2454 quasi

1287 2464 1394 2496 dicat:
1422 2462 1504 2495 ldeo
1522 2461 1729 2494 afflictiones
1752 2472 1823 2492 nou
1841 2466 1922 2493 sunt
1947 2460 2043 2501 signa
2068 2460 2155 2500 irae,
2183 2461 2265 2504 quia

1285 2521 1367 2547 sunt
1392 2513 1639 2555 probationes,
1673 2511 1706 2543 id
1731 2516 1803 2549 est,
1846 2510 2025 2551 exercitia,
2068 2510 2105 2543 in
2136 2511 2265 2555 quibus

1284 2565 1366 2596 fides
1384 2565 1554 2597 excitatur
1569 2569 1599 2595 et
1617 2562 1852 2595 confirmatur.
1897 2559 1941 2594 Et
1960 2573 2022 2593 nos
2043 2573 2158 2594 veram
2175 2573 2262 2594 con-

1282 2616 1486 2648 solationem
1506 2621 1538 2647 et
1556 2625 1675 2645 verum
1700 2619 1875 2645 certamen
1900 2613 2108 2654 experimur.
2161 2612 2262 2646 Sicut

1278 2663 1400 2700 Esaias
1422 2665 1554 2711 iuquit:
1596 2663 1738 2698 Clamor
1761 2664 1798 2696 in
1825 2663 1984 2706 angustia
2010 2670 2060 2697 est
2082 2663 2131 2697 eis
2155 2662 2259 2696 disci-
