2415 2942
213 114 258 147 11

213 197 339 232 fuisse,
367 205 443 226 cum
471 190 625 223 mundus
648 187 877 222 conderetur,
904 195 985 226 ergo
1004 183 1096 215 fitius
1114 187 1196 214 ante

802 100 926 135 PHtL.
953 97 1069 134 MEL.
1098 95 1307 131 SCRIPTA
1336 88 1636 129 EXEGETICA.

2180 94 2232 128 12³

1250 181 1322 214 dita
1339 187 1433 214 sunt.
1485 179 1542 212 Ad
1559 178 1654 213 Heb.
1676 179 1723 212 1.:
1750 175 1819 210 Per
1838 189 1942 222 quem
1958 185 1992 212 et
2007 179 2121 212 secula
2139 178 2232 213 feeit.v

214 246 451 281 conditionem
473 240 597 273 mundi
621 238 705 275 fuit,
730 243 763 269 et
780 242 859 268 ante
877 240 1072 271 creaturas,
1096 243 1196 265 eoae-1
1220 218 1222 251 ἶ
1248 233 1386 265 Arcana
1415 229 1584 274 sapientia
1610 236 1679 268 est,
1711 235 1744 261 et
1767 227 1869 270 longe
1895 229 2006 272 posita
2028 237 2123 263 extra
2144 241 2230 263 con..

215 307 334 332 ternus
352 294 460 339 patri,
488 292 546 324 sed
563 298 688 322 tamem
706 300 723 318 a
743 293 838 328 patre
854 285 990 318 dicente
1009 283 1158 326 genitus.

392 384 443 418 Et
470 380 632 417 Verbum
657 382 733 412 erat
757 375 860 424 apud
882 375 1016 410 Deum.

316 462 409 495 Haec
442 457 631 502 particula,
669 455 779 502 apud,
822 453 988 487 discernit
1020 463 1196 496 personas.

1220 302 1224 364 Ι

1247 289 1406 326 spectum
1439 281 1598 314 omnium
1625 286 1884 318 creaturarum,
1915 279 2113 314 intellectus
2134 291 2231 313 crea—

1249 333 1375 372 tionis,
1402 343 1506 376 quam
1532 338 1648 363 tamen
1665 328 1760 363 Deus
1778 329 1947 362 revelavit
1964 331 2086 370 nobis,
2111 337 2150 365 ut
2165 341 2232 367 nos

1222 402 1224 424 ι,
1249 384 1433 418 confirmet
1452 383 1495 414 de
1523 381 1762 425 providentia,
1789 381 1883 424 quod
1907 391 1989 412 vere
2012 388 2106 414 curet
2133 392 2231 414 crea-

1221 429 1224 470 1

216 514 390 552 Verbum,
426 510 461 542 id
494 516 562 547 est,
596 507 689 540 filius
711 513 783 539 erat
808 505 898 548 apud
926 511 1060 548 patrem
1086 510 1196 536 aeter·
1224 525 1225 533 1

215 577 311 598 num.

216 623 250 649 et
268 615 359 648 filius
375 612 440 646 Dei
461 617 663 643 coaeternus
681 607 817 650 genitus
834 618 852 639 a
867 612 973 649 patre.

459 701 511 736 Et
537 700 641 735 Deus
669 705 745 733 erat
773 697 949 734 Verbum.

319 779 508 824 Postquam
531 787 697 821 personas
717 774 898 813 discrevit,
926 784 968 805 ne
985 771 1063 817 quis
1081 769 1199 803 existi-

218 839 289 866 met
314 831 425 863 filium
449 841 520 862 esse
545 833 759 862 creaturam,
794 832 853 857 aut
877 836 917 856 ex
939 821 1052 855 nihilo
1077 820 1199 853 condi-

219 892 309 922 tum,
335 883 461 914 diserte
483 879 638 911 additur:
667 876 827 909 Verbum
851 881 921 907 erat
939 873 1052 910 Deus,
1080 871 1115 903 id
1139 877 1200 908 est,

219 935 262 967 de
285 932 431 965 essentia
457 929 562 973 patris
589 935 620 960 et
638 923 842 971 ὁμοούσιος.
898 923 966 956 Hie
983 929 1099 955 autem
1116 921 1201 954 dili-

220 991 341 1028 genter
369 980 587 1014 observanda
623 985 671 1010 est
707 975 839 1009 Graeca
870 974 993 1013 lectio,
1030 984 1118 1017 quae
1151 978 1202 1005 est

220 1033 402 1066 illustrior.
454 1029 543 1063 Nam
574 1027 741 1061 articulus
769 1026 912 1058 adiuvat
938 1023 1202 1067 interpretatio-

220 1096 320 1124 nem,
348 1082 409 1127 qui
432 1086 578 1114 testatur
605 1078 641 1110 in
666 1075 731 1110 hoc
755 1077 865 1115 dicto,
892 1084 929 1109 ut
943 1073 1126 1108 Dialectici
1150 1074 1203 1106 lo-

221 1141 397 1180 quuntur,
439 1131 604 1167 verbum,
648 1139 718 1161 esse
749 1127 962 1164 subiectum,
997 1132 1029 1158 et
1058 1124 1202 1157 alteram

222 1196 363 1223 vocem,
398 1182 527 1215 scilicet
552 1179 665 1218 Deus,
694 1190 764 1211 esse
789 1177 1040 1221 praedicatum.
1089 1174 1141 1208 lta
1166 1174 1204 1207 fit

223 1235 331 1278 magis
356 1233 536 1277 perspicua
554 1230 664 1263 oratio
678 1257 685 1269 ,
712 1241 788 1262 cum
807 1227 901 1261 Deus
919 1227 1048 1260 dicitur
1065 1226 1108 1258 de
1126 1237 1204 1258 ver-

222 1288 291 1325 bo,
324 1292 491 1329 tanquam
522 1281 732 1314 vocabulum
759 1279 980 1312 communius
1005 1276 1205 1310 describens

223 1335 450 1370 substantiam
481 1332 597 1365 verbi:
633 1330 679 1364 Et
709 1338 832 1364 natura
857 1329 1028 1362 sermonis
1053 1327 1206 1371 postulat

223 1386 392 1421 vocabula
409 1383 621 1427 augustioria
636 1382 672 1414 in
688 1381 842 1414 subiecto
861 1379 1036 1420 collocari,
1065 1386 1098 1412 et
1110 1390 1206 1410 com-

223 1438 386 1471 muniora
418 1437 453 1468 in
481 1435 556 1467 loco
581 1432 780 1477 praedicati.
843 1430 937 1464 Haec
963 1431 1071 1473 igitur
1095 1429 1207 1462 collo-

223 1489 312 1522 catio
335 1487 485 1520 multum
512 1485 598 1517 lucis
623 1483 723 1516 affert
744 1481 826 1516 huic
844 1482 953 1515 dicto:
984 1480 1140 1513 Verbum
1158 1486 1208 1512 est

223 1539 340 1577 Deus,
374 1537 472 1582 quasi
494 1537 602 1568 dieat:
639 1533 702 1566 llla
727 1534 799 1576 ipsa
827 1533 940 1575 imago
965 1544 983 1564 a
1009 1538 1106 1575 patre
1134 1543 1206 1563 non

224 1596 274 1623 est
296 1595 407 1621 creata
428 1600 467 1620 ex
486 1584 619 1625 nihilo,
649 1586 707 1617 sed
728 1592 776 1617 est
796 1585 838 1616 de
855 1583 1049 1616 substantia
1068 1588 1206 1614 aeterna

224 1640 332 1684 patris
345 1667 352 1678 ,
381 1645 411 1670 et
430 1649 510 1669 vere
531 1635 635 1670 Deuf.
690 1634 778 1667 Nam
797 1632 854 1666 hic
871 1633 966 1666 Deus
983 1645 1056 1665 non
1073 1632 1208 1665 intelli-

225 1691 318 1735 gitur
335 1688 536 1731 allegorice,
564 1689 621 1719 sed
644 1687 800 1731 proprie,
830 1685 992 1717 videlicet
1009 1685 1051 1716 de
1067 1690 1207 1716 aeterno

227 1748 260 1774 et
284 1740 524 1783 omnipotente
551 1736 638 1771 Deo.
694 1736 787 1779 Quia
812 1733 871 1769 hic
896 1734 1105 1767 describitur
1130 1746 1208 1766 vera

227 1791 404 1824 divinitas.
458 1788 528 1821 Nec
557 1795 638 1820 sunt
667 1787 938 1831 significationes
969 1783 1027 1818 hic
1058 1785 1102 1817 de
1126 1786 1207 1817 sul)-

227 1842 351 1874 stantia
377 1840 441 1872 Dei
466 1840 713 1881 discrepantes.
762 1837 886 1870 Postea
910 1837 1033 1878 repetit
1056 1836 1208 1879 primum

226 1893 376 1925 dictum:
405 1890 482 1923 Hoc
499 1896 571 1922 erat
589 1890 624 1921 in
642 1889 816 1932 principio
834 1889 926 1931 apud
939 1887 1063 1921 Deum.
1111 1885 1208 1920 Rur-

226 1954 283 1975 sus
315 1942 406 1974 enim
439 1941 603 1973 admonet
637 1941 723 1972 duas
754 1951 825 1972 esse
857 1949 1041 1982 personas,
1084 1949 1209 1981 easque

228 2000 444 2032 coaeternas,
474 1992 531 2024 sed
553 1991 597 2023 ita
616 1998 653 2023 ut
673 1990 906 2033 intelligatur,
937 1996 1032 2032 pater
1047 1995 1209 2021 aeternus

227 2044 287 2087 qui
305 2043 422 2085 genuit
435 2069 444 2082 ,
472 2049 504 2075 et
521 2042 613 2074 filius
629 2044 777 2084 genitus,
805 2041 863 2085 qui
882 2047 931 2073 est
946 2040 1060 2083 imago
1077 2038 1210 2072 aeterni

225 2094 350 2137 patris,
378 2099 439 2126 etc.

279 2182 420 2218 Omnia
450 2196 512 2231 per
545 2185 662 2232 ipsum
689 2183 800 2231 facta
828 2187 930 2222 sunl,
973 2186 1003 2214 el
1029 2180 1107 2214 sine
1132 2180 1210 2226 ipso

322 2235 470 2283 sactum
495 2241 543 2268 est
567 2233 684 2275 nihil,
718 2232 819 2283 quod
833 2233 980 2282 sactum
1006 2237 1067 2266 est.

332 2312 411 2345 'Non
436 2313 585 2345 dubium
610 2322 677 2353 est,
707 2311 790 2345 haec
814 2312 918 2344 verba
944 2316 1056 2343 sumta
1082 2321 1152 2341 csse
1171 2321 1211 2341 ex

231 2363 380 2403 Genesi,
412 2363 473 2395 nbi
506 2364 674 2395 creationi
705 2375 840 2406 semper
870 2361 1098 2406 praeponitur
1124 2360 1212 2393 dixit

229 2412 336 2448 Deus.
391 2413 472 2446 ldeo
487 2411 544 2445 hic
559 2414 702 2451 dicitur,
731 2414 846 2446 omnia
864 2425 923 2456 per
939 2413 1051 2456 ipsum
1070 2411 1211 2443 condita

231 2476 321 2502 esse,
347 2472 379 2497 et
402 2463 533 2496 Paulus
560 2465 742 2509 aliquoties
765 2466 886 2497 eodem
915 2464 1018 2496 modo
1044 2462 1212 2506 loquitur,

230 2516 272 2547 ad
291 2512 450 2550 Corinth.
467 2515 517 2549 8.:
548 2514 646 2547 Unus
666 2523 714 2548 est
732 2515 822 2548 Deus
843 2522 938 2558 pater
951 2541 959 2554 ,
985 2525 1024 2546 ex
1042 2525 1111 2557 quo
1130 2520 1212 2546 sunt

231 2566 369 2605 omnia,
404 2572 435 2598 et
461 2577 523 2599 nos
548 2565 585 2598 in
610 2579 707 2606 eum,
742 2565 787 2598 Et
811 2578 901 2598 nnus
926 2565 1091 2597 dominus
1116 2564 1212 2596 Iesus

231 2613 407 2655 Christus,
435 2628 496 2659 per
519 2629 621 2661 quem
647 2625 727 2650 sunt
746 2617 882 2654 ownia,
910 2623 941 2649 et
962 2628 1025 2648 nos
1044 2627 1106 2659 per
1123 2627 1210 2647 eum.

230 2665 316 2700 Item
335 2666 466 2700 Coloss.
487 2668 535 2702 1.:
564 2665 696 2701 Omnia
719 2679 780 2712 per
799 2667 912 2711 ipsum
931 2675 962 2699 et
980 2668 1015 2698 in
1034 2667 1109 2709 ipso
1126 2678 1210 2699 con-

365 561 455 596 Sunt
472 560 578 602 igitur
594 559 682 590 duae
698 568 883 600 personae,
910 562 1072 588 aeternus
1090 560 1198 598 pater,
1224 562 1225 592 ξ
1355 585 1362 592 ,
1601 584 1608 590 ,
1732 583 1739 589 ,
1768 583 1776 589 ,
1809 583 1816 589 ,

1224 612 1225 620 ,
1251 587 1410 619 doctrina
1437 585 1479 617 de
1505 591 1680 616 creatione
1704 584 1877 615 divnmtus
1897 583 2049 615 revelata
2073 589 2135 616 est.

1225 770 1227 798 i

1249 441 1364 471 turas,
1393 433 1488 478 quod
1511 433 1594 465 velit
1618 431 1806 475 respicere,
1831 430 1970 470 iuvare,
1997 431 2090 463 alere
2111 438 2145 464 et
2163 431 2232 464 sa}-

1251 496 1331 517 vare
1362 485 1565 516 invocantes
1589 483 1724 526 ipsum,
1759 488 1792 514 et
1815 481 1941 524 punire
1967 488 2233 514 contemnentes

1251 548 1349 573 eum,
1383 541 1422 567 ut
1453 531 1537 566 haec
1562 533 1599 565 in
1624 533 1727 566 nobis
1755 532 1838 564 fides
1865 533 2094 574 accendatur,
2126 532 2234 565 etiam

2185 579 2236 615 Et

1224 650 1225 655 ¹
1252 636 1402 669 tenenda
1427 642 1476 667 est
1498 634 1616 676 regula
1640 634 1696 676 pia
1720 640 1753 666 et
1770 633 1882 665 utilis:
1910 631 2095 667 Creaturas
2111 643 2234 665 omnes

1251 698 1270 719 a
1288 692 1358 719 tota
1383 684 1586 723 divinitate,
1611 684 1655 716 ab
1673 690 1814 716 aeterno
1831 690 1947 726 patre,
1975 683 2069 723 filio,
2103 690 2137 716 et
2153 682 2235 726 Spi-

1253 736 1323 769 ritu
1348 741 1466 768 sancto
1491 734 1621 777 pariter
1643 733 1802 766 conditas
1826 745 1909 767 esse.
1960 732 2062 766 Hanc
2080 733 2236 775 regulam

1253 786 1438 819 confirmat
1474 786 1626 823 dictum,
1664 781 1739 816 lob.
1755 782 1804 818 5.;
1847 782 1952 816 Pater
1989 795 2088 816 meus
2126 793 2237 827 usque

1253 838 1360 870 modo
1385 842 1566 880 operatur,
1594 841 1626 868 et
1644 846 1704 876 ego
1723 845 1860 877 operor.
1915 834 1990 867 Cur
2008 840 2124 866 autem
2141 833 2238 866 dica-

1254 894 1312 920 tur
1335 899 1373 919 ex
1398 893 1494 930 patre
1513 893 1546 918 et
1564 897 1624 928 per
1639 885 1771 925 filium,
1800 891 1832 917 et
1847 885 1986 917 fovente
2005 883 2140 928 Spiritu
2157 895 2238 917 san-

1255 945 1330 977 ct0,
1357 944 1395 970 ut
1419 938 1456 969 in
1480 934 1628 976 Genesi,
1657 934 1723 969 hoc
1747 947 1820 968 non
1842 935 2052 979 perspicitur
2074 935 2149 968 acie
2171 931 2240 967 hu-

1256 1000 1379 1021 manae
1404 988 1549 1027 mentis,
1574 994 1606 1020 et
1623 994 1739 1020 tamen
1755 998 1819 1019 nos
1835 993 2012 1019 teneamus
2029 983 2092 1018 has
2108 986 2240 1018 formas

1256 1038 1426 1083 loquendi
1448 1038 1619 1071 divinitus
1643 1038 1799 1072 traditas,
1869 1036 1910 1070 ln
1934 1035 2065 1069 Genesi
2090 1037 2134 1068 de
2156 1046 2242 1068 con-

1257 1091 1391 1123 ditione
1415 1086 1572 1121 hominis
1595 1089 1778 1128 scribitur,
1806 1087 1894 1121 dixit
1917 1086 2028 1120 Deus:
2057 1086 2241 1120 Faciamus

1258 1138 1453 1173 hominem.
1516 1138 1584 1171 Hic
1615 1139 1848 1181 significatur,
1883 1138 1988 1171 condi
2012 1149 2066 1171 res
2089 1137 2242 1182 quadam

1258 1190 1511 1224 deliberatione
1528 1191 1659 1222 aeterni
1678 1189 1803 1232 patris,
1830 1188 1912 1228 filii,
1939 1195 1972 1221 et
1990 1188 2144 1231 Spiritus
2161 1198 2242 1220 san-

1258 1242 1315 1275 cti.
1366 1240 1580 1274 Conduntur
1610 1251 1690 1282 ergo
1722 1246 1918 1278 creaturae,
1952 1239 2033 1283 quia
2064 1239 2157 1271 lucet
2180 1238 2243 1270 de-

1259 1299 1390 1326 cretum
1416 1292 1452 1324 in
1477 1291 1548 1323 filio
1574 1298 1605 1324 et
1631 1291 1782 1333 imagine
1807 1289 1934 1322 mentis
1961 1296 2137 1333 paternae.
2191 1287 2243 1321 lta

1259 1343 1398 1383 dicitur,
1423 1354 1485 1386 per
1503 1342 1612 1375 filium
1631 1342 1734 1374 condi
1752 1353 1817 1374 res.
1867 1339 1972 1382 Quod
1990 1346 2106 1373 autem
2124 1338 2245 1372 omnia

1260 1394 1401 1427 condita
1424 1405 1496 1426 esse
1521 1393 1606 1426 dicit
1631 1404 1692 1437 per
1714 1392 1846 1431 filium,
1874 1391 2040 1433 intelligit
2058 1397 2090 1424 et
2109 1396 2246 1424 creatu-

1259 1457 1315 1478 ras
1338 1456 1480 1484 omnes,
1507 1451 1539 1477 et
1556 1444 1673 1476 omnia
1694 1455 1797 1487 opera
1814 1441 1878 1475 Dei
1898 1442 1935 1473 in
1954 1440 2129 1481 Ecclesia,
2156 1441 2246 1473 sicut

1259 1503 1377 1540 postea
1414 1496 1580 1529 dicemus,
1649 1493 1752 1526 Prius
1782 1493 1875 1525 enim
1908 1493 2153 1534 exponendum
2182 1497 2247 1534 est,

1261 1558 1369 1592 quare
1394 1547 1499 1578 addat
1523 1546 1618 1578 velut
1643 1545 1899 1588 exceptionem:
1927 1543 1972 1577 Et
1994 1543 2069 1576 sine
2093 1543 2168 1586 ipso
2194 1542 2246 1574 fa-

1262 1605 1354 1631 ctum
1374 1603 1424 1630 est
1441 1594 1550 1636 nihil,
1578 1597 1672 1640 quod
1690 1596 1819 1628 factum
1836 1601 1895 1629 est.

1363 1647 1440 1680 Hoc
1462 1648 1540 1680 ideo
1565 1647 1712 1687 dicitur,
1739 1646 1820 1691 quia
1844 1646 1953 1678 multa
1977 1644 2132 1686 ingentia
2155 1642 2246 1676 mala

1262 1705 1344 1732 sunt
1379 1699 1416 1731 in
1454 1704 1660 1741 conspectu,
1708 1708 1796 1741 quae
1834 1708 1912 1729 cnm
1950 1695 2052 1727 valde
2083 1700 2248 1726 moveant

1262 1750 1421 1782 omnium
1462 1748 1618 1788 animos,
1658 1748 1835 1779 mirantur
1865 1757 2005 1783 omne5‚
2047 1745 2142 1777 unde
2178 1744 2249 1777 sint

1262 1807 1349 1834 orta.
1401 1798 1489 1832 Cum
1505 1798 1613 1841 igitur
1629 1805 1729 1830 antea
1746 1797 1899 1837 dixisset,
1923 1795 2042 1828 omnia
2061 1807 2122 1839 per
2135 1795 2248 1827 filium

1263 1851 1329 1884 Dei
1353 1850 1492 1883 condita
1512 1861 1602 1889 esse,
1627 1860 1764 1881 necesse
1784 1847 1850 1880 fuit
1869 1847 1951 1880 addi
1966 1844 2057 1879 hanc
2073 1845 2248 1889 exceptio-

1263 1913 1362 1941 nem,
1390 1913 1434 1933 ne
1454 1900 1532 1946 quis
1550 1898 1633 1932 hinc
1652 1899 1882 1932 ratiocinetur
1899 1898 2001 1930 etiam
2021 1903 2198 1940 peccatum
2215 1902 2250 1930 et

1264 1959 1411 1986 mortem
1444 1951 1585 1984 condita
1611 1962 1684 1983 esse
1707 1962 1767 1993 per
1789 1949 1900 1982 filium
1925 1947 2009 1989 Dei;
2045 1947 2124 1980 ideo
2149 1947 2248 1980 addit

1263 2003 1522 2046 exceptionem,
1548 2001 1608 2034 illa
1632 2001 1796 2046 inquam,
1826 2012 1914 2045 quae
1930 2000 2017 2032 facta
2034 2005 2134 2038 sunt,
2161 2009 2248 2031 con-

1265 2054 1337 2087 dita
1378 2061 1459 2086 sunt
1498 2065 1560 2097 per
1596 2052 1707 2085 filium
1741 2050 1818 2084 Dei.
1889 2050 1958 2084 Sed
1992 2050 2163 2094 quaedam
2198 2049 2248 2081 ir-

1265 2112 1439 2148 ruperunt
1469 2104 1505 2136 in
1538 2110 1700 2136 naturam
1731 2114 1803 2135 non
1833 2102 1985 2135 condita.
2051 2098 2146 2133 Haec
2177 2111 2251 2132 non

1265 2162 1347 2188 sunt
1378 2156 1466 2189 facta
1496 2167 1556 2199 per
1584 2155 1695 2187 filiurn
1721 2152 1798 2186 Dei.
1866 2151 1933 2185 Hic
1955 2159 2063 2185 totam
2086 2157 2249 2184 naturam

1266 2219 1401 2247 rerum,
1429 2214 1462 2240 et
1479 2213 1639 2239 naturam
1657 2205 1863 2247 angelorum
1881 2210 1915 2237 et
1930 2201 2116 2235 hominum
2135 2208 2251 2234 mente

1266 2259 1488 2301 intueamur,
1513 2257 1550 2289 in
1574 2268 1642 2301 qua
1667 2256 1866 2288 videbimus
1888 2255 2064 2297 ingentem
2082 2259 2115 2286 et
2132 2250 2251 2286 horri-

1266 2310 1372 2342 bilem
1406 2308 1663 2341 deformitatem
1690 2313 1722 2340 et
1748 2306 2012 2345 confusionem,
2046 2305 2083 2336 in
2107 2303 2250 2336 diabolo

1268 2360 1388 2392 odium
1409 2358 1493 2399 Dei,
1521 2366 1553 2392 et
1576 2359 1800 2404 tyrannidem
1826 2356 2063 2401 impellentem
2088 2352 2250 2388 homines

1267 2412 1310 2443 ad
1327 2411 1443 2443 omnia
1464 2410 1612 2452 flagitia,
1638 2417 1671 2442 et
1687 2409 1899 2442 saevientem
1919 2408 1954 2440 in
1974 2405 2135 2439 homines
2151 2405 2250 2438 omni

1267 2474 1392 2504 genere
1416 2461 1653 2494 calamitatum
1681 2468 1712 2494 et
1737 2468 1860 2494 morte.
1913 2458 2053 2492 Deinde
2079 2457 2115 2489 in
2133 2455 2249 2490 homi·

1267 2514 1371 2545 nibus
1388 2512 1618 2546 tristissimam
1635 2512 1849 2550 servitutem,
1875 2522 1942 2554 qua
1960 2508 2102 2541 diabolo
2114 2509 2252 2541 obtem-

1266 2570 1409 2607 perant,
1438 2570 1547 2596 ruunt
1568 2569 1745 2596 contemtu
1762 2562 1830 2595 Dei
1851 2562 1888 2593 in
1908 2558 2092 2593 horribilia
2110 2560 2249 2599 scelera,

1266 2622 1298 2648 et
1321 2614 1477 2647 exitium.
1530 2613 1626 2646 Haec
1648 2613 1738 2645 mala
1762 2612 1879 2645 omnia
1901 2618 1980 2643 sunt
1999 2611 2249 2653 conspectiora,

1266 2678 1370 2711 quam
1393 2665 1486 2709 ipsae
1513 2672 1690 2698 creaturae
1708 2662 1793 2704 Dei,
1821 2674 1928 2708 quare
1950 2661 2097 2695 loannes
2123 2660 2252 2705 excipit
