2415 2942
123 95 197 129 935
380 92 478 128 Xlll.
534 94 568 128 3.
598 92 896 129 ENARRATtO
924 93 1076 133 Epts'r.
1105 95 1253 132 PAULI
1282 96 1348 133 AD
1376 96 1637 136 ROMANOS.
1693 101 1792 141 CAP.
1825 103 1884 139 VI.
2082 107 2154 143 934

223 179 392 223 Quaestio
412 186 461 214 est
480 179 605 223 igitur,
633 191 679 214 an
704 180 827 214 eodem
855 180 960 214 modo
979 181 1111 215 intelli·
1169 183 1298 226 gratia,
1326 184 1386 230 qui
1405 185 1462 219 dat
1480 186 1581 221 nobis
1596 187 1780 223 victoriam
1798 202 1859 235 per
1874 189 2069 226 Dominum
2089 205 2153 228 no-

120 238 220 275 gatur
238 231 401 264 liberatio
427 243 446 265 a
473 231 548 274 lege
574 233 617 264 de
640 231 955 273 ceremonialibus,
991 233 1110 266 foren-
1168 241 1277 267 strum
1297 234 1410 269 Iesum
1426 235 1619 274 Christum.
1658 239 1815 275 Tantum
1832 243 1939 287 igitur
1956 243 2010 276 illi
2025 245 2069 278 ab
2088 242 2153 278 lioc

119 282 213 316 sibus
234 288 267 316 et
282 282 477 315 moralibus
494 282 652 326 legibus?
1166 284 1299 318 iudicio
1326 287 1411 329 legis
1442 289 1606 330 moralis,
1641 290 1675 323 id
1702 299 1772 333 est,
1809 305 1828 326 a
1854 294 2152 329 condemnatione

223 331 455 377 Respondeo:
486 333 592 377 Quod
611 335 654 366 ad
671 330 956 366 iustificationem
974 339 1006 366 et
1022 345 1109 366 con·
1164 334 1304 369 liberati
1330 345 1430 376 sunt,
1466 339 1526 383 qui
1552 340 1728 376 iustificati
1745 351 1827 378 sunt
1845 344 1930 388 fide,
1960 346 2002 378 de
2021 346 2150 391 quibus

119 384 383 417 demnationem
409 385 555 424 attinet,
590 385 713 417 eodem
736 384 842 416 modo
873 384 916 416 de
940 384 1108 417 omnibus
1162 396 1266 430 supra
1293 387 1425 422 dictum
1452 395 1518 422 est:
1547 389 1727 426 Iustificati
1746 394 1814 427 fide
1829 407 1947 438 pacem
1968 393 2150 431 habemus.

119 435 254 478 legibus
278 435 490 479 intelligitur
515 435 696 475 liberatio,
738 434 773 466 id
807 440 874 474 est,
911 434 1000 468 sicut
1033 447 1104 468 non
1163 434 1250 469 Item
1276 437 1384 471 infra:
1418 438 1523 472 Nulla
1541 452 1636 475 nunc
1666 444 1844 478 damnatio
1865 453 1914 480 est
1930 443 2003 487 his,
2031 448 2093 492 qui
2113 448 2150 480 in

119 486 212 519 vesci
233 486 336 520 suilla
361 498 465 519 carne
492 498 564 519 non
588 491 743 519 meretur
763 485 1005 518 remissionem
1024 498 1104 530 pec·
1161 485 1306 522 Cliristo
1325 488 1403 523 lesu
1421 491 1615 527 ambulant.
1652 492 1755 527 Item:
1780 494 1861 528 Non
1881 497 1961 530 estis
1979 499 2043 532 sub
2061 499 2148 542 lege,

120 543 299 575 catorum,
327 543 359 570 et
374 549 447 571 non
471 544 521 571 est
540 536 693 576 iusticia,
720 547 787 580 qua
814 548 931 569 coram
957 535 1031 570 Deo
1056 538 1103 570 si-
1129 506 1133 564 l
1158 539 1217 571 sed
1238 539 1303 572 sub
1329 541 1452 582 gratia.
1508 540 1616 574 Item:
1645 542 1718 586 Qui
1742 542 1847 579 habet
1875 545 2006 589 filium,
2042 547 2149 582 habet

119 599 196 621 nius
227 587 377 632 accepti,
419 589 467 621 sic
508 599 570 620 nec
601 599 706 630 opera
735 587 892 629 decalogi
923 595 1103 621 merentur
1159 590 1285 631 vitam,
1323 590 1396 633 Qui
1432 603 1505 624 non
1537 590 1641 626 hahet
1672 594 1783 628 filium
1816 595 1899 637 Dei,
1934 610 2007 631 non
2044 597 2148 633 habet

117 639 377 679 remissionem,
412 651 474 672 nec
499 644 579 671 sunt
603 638 759 678 iusticia,
788 649 857 682 qua
883 650 1001 671 coram
1026 638 1100 672 Deo
1156 640 1284 681 vitam,
1320 640 1424 683 Item,
1460 642 1489 675 si
1522 654 1583 676 vos
1607 644 1701 678 filius
1734 646 1956 687 liberaverit,
1993 661 2072 683 vere
2104 651 2148 683 li—

117 701 265 732 persona
285 690 328 723 sit
343 696 494 733 accepta:
529 689 589 723 sed
617 689 711 734 quod
731 689 775 721 ad
794 689 1033 723 obedientiam
1049 697 1100 723 at-
1125 701 1129 763 ι
1156 691 1231 725 beri
1250 692 1358 728 eritis,

117 740 224 780 tinet,
260 740 447 773 discrimen
481 746 531 773 est
562 739 678 783 legum
704 740 1013 781 ceremonialium,
1046 741 1099 773 fo-
1273 758 1457 795 obiicitur
1479 768 1613 795 autem:

117 791 272 824 rensium
298 797 331 824 et
357 791 556 829 moralium.
609 789 840 835 Nequaquam
866 798 985 824 manet
999 792 1099 825 debi-

117 849 190 875 tum
211 842 430 874 obedientiae
449 841 486 874 in
511 841 826 882 ceremonialihus‚
853 842 943 876 sicut
967 843 1004 875 in
1022 855 1098 875 mo-

115 892 268 930 ralibus,
310 892 390 936 quia
421 892 542 936 politia
567 891 722 925 Mosaica
756 893 927 936 singulari
951 894 1098 927 consilio

113 942 161 975 sic
177 942 363 976 constituta
382 949 452 982 est,
476 951 515 977 ut
533 944 674 977 duraret
694 950 845 985 tantum,
871 945 984 978 donec
1002 944 1097 977 Mes-

116 993 181 1025 sias
203 993 255 1026 ibi
281 994 570 1032 concionaretur,
599 996 715 1028 ederet
739 995 959 1034 testimonia,
992 996 1097 1028 offer-

115 1052 164 1077 ret
183 1044 409 1083 sacrifidum,
435 1052 630 1087 resurgeret
646 1057 685 1078 ex
703 1053 833 1086 morte,
862 1053 895 1079 et
910 1047 993 1079 inde
1015 1047 1097 1080 mit—

115 1101 199 1127 teret
219 1093 418 1139 Apostolos.
463 1095 577 1129 Simul
594 1096 701 1139 igitur
716 1097 888 1140 collapsae
908 1104 989 1131 sunt
1008 1098 1097 1140 leges

115 1146 365 1178 ceremoniales
391 1153 425 1179 et
450 1147 627 1186 forenses,
663 1159 751 1192 quae
776 1155 856 1181 sunt
874 1149 946 1192 ipsa
970 1148 1096 1182 Politia

113 1208 174 1229 seu
190 1197 288 1229 nervi
308 1197 458 1240 politiae.
513 1197 581 1231 Sed
604 1198 658 1231 lex
673 1198 816 1231 moralis
843 1206 891 1232 est
909 1207 1048 1233 aeterna
1065 1207 1097 1233 et

114 1247 260 1280 immota
284 1248 453 1291 sapientia
470 1247 507 1280 in
524 1248 598 1281 Deo
624 1255 657 1282 et
680 1261 802 1282 norma
827 1250 1006 1291 iusticiae,
1036 1263 1094 1283 cu-

113 1299 168 1330 ius
186 1298 305 1331 radius
322 1305 499 1332 creaturae
517 1299 682 1333 rationali
701 1299 827 1333 insitus
846 1300 930 1341 fuit,
947 1308 985 1334 ut
1005 1313 1094 1334 esse-

112 1359 190 1380 mus
211 1349 407 1381 conformes
422 1347 515 1389 Deo,
548 1356 580 1383 et
598 1347 655 1383 liic
672 1351 759 1383 ordo
781 1357 943 1384 aeternus
961 1359 1029 1390 est,
1058 1359 1096 1385 ut

115 1406 270 1432 creatura
287 1399 469 1432 rationalis
485 1401 528 1433 sit
547 1401 738 1433 conformis
756 1399 843 1436 Deo.
904 1401 1093 1447 Nunquam

110 1450 218 1492 igitur
235 1450 310 1483 vult
327 1448 421 1482 Deus
439 1457 630 1494 peccatum.
690 1450 903 1496 Quanquam
928 1453 1021 1486 enim
1039 1466 1094 1486 re-

111 1501 194 1542 cipit
235 1497 416 1533 hominem
459 1501 629 1534 immensa
668 1502 909 1536 misericordia
945 1512 1095 1547 propter

111 1552 241 1588 filium,
270 1558 387 1584 tamen
407 1563 479 1584 non
500 1553 575 1586 vult
602 1559 797 1596 peccatum:
830 1555 890 1587 sed
932 1556 1093 1595 remittit,

110 1602 192 1646 quia
210 1613 319 1644 poena
336 1613 398 1645 per
414 1602 526 1635 filium
544 1603 717 1646 persoluta
735 1610 803 1642 est,
831 1611 863 1638 et
887 1605 934 1638 ita
958 1617 1022 1638 nos
1039 1618 1094 1639 re-

111 1653 212 1695 cipit,
241 1659 279 1685 ut
301 1652 407 1685 simul
424 1652 704 1686 conformitatem
729 1665 808 1686 cum
826 1654 900 1688 Deo
919 1657 1092 1695 restituat,

110 1710 143 1736 et
156 1702 249 1735 Deus
264 1702 367 1735 nobis
389 1703 425 1734 in
452 1709 522 1736 tota
538 1703 741 1737 aeternitate
757 1715 829 1738 sese
846 1707 1092 1741 communicet.
1118 1737 1119 1751 χ

110 1753 161 1786 Ita
178 1761 210 1787 et
231 1751 296 1786 hoc
314 1753 390 1786 loco
407 1752 536 1786 Paulus
554 1761 819 1797 argumentatur
843 1768 860 1789 a
878 1769 978 1790 causa
996 1758 1090 1790 finali
1117 1756 1120 1788 2
1146 1748 1416 1794 Prophetarum·

110 1817 170 1838 seu
199 1804 358 1844 formali,
385 1816 587 1849 quanquam
614 1804 911 1840 similitudinibus
939 1809 1091 1852 politicis
1243 1817 1365 1852 Esaiae
1384 1818 1468 1864 Cap,
1486 1819 1563 1855 52:
1590 1819 1710 1855 Gratis
1728 1824 2034 1866 venundatiesfis’
2063 1839 2133 1860 non

109 1867 193 1889 USUS
210 1862 280 1895 est,
308 1855 481 1912 quas-lpse
499 1856 802 1914 ffl}⁶]²¹“f}¹dl⁰¹'⁰5
819 1869 901 1894 ‘³⁵⁵⁹-
1146 1877 1288 1911 argento
1322 1871 1558 1911 rediinimini,
1594 1873 1629 1905 id
1659 1879 1726 1910 est,
1763 1886 1840 1906 cuin
1875 1875 2037 1909 diabolus
2071 1891 2131 1911 vos

260 1905 332 1939 lam
350 1913 431 1964 9⁵¹·'S
451 1918 538 1939 serm
557 1916 729 1964 ¹¹J⁵¹¹c¹³⁹³
1146 1921 1282 1964 decepit
1300 1921 1336 1954 in
1355 1922 1427 1955 suis
1445 1923 1645 1966 promissis,
1679 1923 1798 1957 Gratis
1827 1928 2019 1960 venundati
2038 1929 2132 1970 estis,

258 1955 354 2000 Ergo
372 1963 440 1990 ⁵¹⁰¹
460 1969 563 2001 ΟΡΕΜ
581 1964 680 1992 ”ma-
764 2010 770 2015 Ι
793 2009 798 2015 Π
843 2010 848 2016 Ι
906 2010 912 2016 Ι
1146 1971 1180 2003 id
1208 1979 1274 2012 est,
1308 1984 1380 2006 non
1406 1974 1586 2018 accepistis
1607 1974 1666 2007 illa
1689 1975 1857 2019 promissa
1872 2003 1880 2017 ‚
1909 1975 2018 2011 Eritis
2042 1980 2130 2013 sicut

207 2007 245 2041 ld
271 2015 337 2048 est,
372 2019 473 2041 causa
498 2009 611 2041 finalis
634 2009 931 2042 reconciliationis
959 2018 1027 2051 est,
1052 2018 1089 2045 ut
1115 2006 1118 2051 l
1144 2020 1221 2056 Dii:
1265 2025 1324 2056 sed
1363 2024 1480 2068 potius
1520 2025 1685 2059 omnibus
1724 2026 1824 2059 malis
1862 2029 1998 2062 onerati
2037 2031 2129 2066 estis·

107 2059 311 2092 restituatur
346 2065 485 2092 aeterna
520 2060 749 2094 conformitas
781 2072 859 2093 cum
891 2059 983 2101 Deo,
1021 2062 1088 2096 sint
1115 2055 1117 2120 ἒ
1146 2072 1311 2107 vendens
1335 2082 1450 2108 autem
1477 2076 1580 2110 debet
1604 2076 1738 2122 aliquid
1769 2078 1854 2110 boni
1879 2080 2033 2123 recipere
2064 2094 2128 2125 pm

107 2110 215 2152 igilur
230 2116 383 2142 ³⁶l¹⁰¹³e⁵
400 2111 607 2167 conformes.
734 2161 739 2168 ,
1007 2164 1013 2170 -
1062 2164 1068 2171 ·
1114 2124 1118 2160 l
1144 2136 1180 2157 re
1196 2126 1356 2159 vendita:
1387 2125 1425 2159 ld
1453 2139 1524 2160 non
1550 2127 1680 2161 factum
1706 2135 1775 2169 est,
1803 2141 1881 2161 cum
1908 2142 1967 2163 vos
1993 2133 2128 2166 venditi

211 2159 315 2200 hem,
341 2160 431 2193 (ἣρω
465 2161 618 2194 (ῘΝΟῙῊΟ
654 2162 782 2195 mUher
806 2169 857 2195 est
887 2170 1088 2205 9⁰⁵t⁹¹⁸¹⁰¹⁸¹⁵
1114 2164 1117 2176 ⁵
1143 2175 1222 2209 estis
1246 2177 1402 2212 diabolo.
1469 2177 1608 2212 Rursus
1637 2179 1740 2212 etiam
1773 2179 1830 2212 fiet
1856 2182 2024 2215 redemtio
2055 2195 2127 2217 non

105 2211 193 2252 viri,
222 2223 294 2244 non
312 2211 449 2254 prioris.
503 2210 562 2245 Sic
579 2223 698 2245 sumus
717 2213 785 2245 iam
805 2210 938 2247 Christi
954 2221 987 2248 et
1003 2227 1087 2248 con-
1142 2233 1256 2260 vesu-0
1272 2229 1405 2272 pretio,
1432 2230 1492 2262 sed
1510 2229 1602 2263 filius
1619 2230 1792 2274 persolvet
1809 2227 1935 2277 λύτρα,

103 2263 232 2295 formes
257 2259 414 2301 Cliristo,
449 2262 508 2307 qui
533 2268 582 2295 est
607 2262 720 2306 imago
743 2265 875 2297 aeterni
901 2266 1027 2308 patris,
1055 2274 1087 2300 et

106 2313 202 2347 venit
216 2320 254 2346 ut
272 2313 431 2346 restituat
449 2313 486 2345 in
504 2313 608 2346 nobis
626 2314 812 2356 imaginem
830 2314 907 2350 Dei.

205 2362 294 2397 Cum
318 2371 433 2397 autem
453 2364 502 2397 sic
525 2364 672 2398 dicitur:
702 2364 831 2399 Sumus
851 2366 953 2399 liberi
975 2379 993 2400 a
1014 2367 1086 2411 lege

104 2415 247 2453 morali,
274 2417 368 2460 quod
388 2416 429 2447 ad
449 2415 780 2449 condemnationem
799 2416 940 2458 attinet,
969 2418 1004 2451 id
1022 2430 1085 2452 ne—

105 2476 277 2509 quaquam
302 2466 512 2510 intelligitur
535 2467 578 2500 de
604 2464 678 2505 his,
715 2467 774 2511 qui
799 2479 871 2500 non
896 2475 976 2503 sunt
1000 2481 1085 2503 con-

104 2516 196 2548 versi
213 2517 254 2548 ad
272 2516 384 2550 Deum
397 2544 406 2558 ,
431 2529 493 2551 nec
517 2517 585 2550 fide
600 2524 682 2551 sunt
708 2517 873 2552 vivificati
894 2530 955 2563 per
972 2519 1083 2553 filium

105 2563 191 2604 Dei,
234 2567 314 2611 quia
339 2569 382 2601 de
422 2565 476 2601 his
499 2568 630 2602 dictum
658 2575 722 2602 est:
761 2567 832 2611 Qui
863 2581 936 2603 non
961 2572 1084 2612 credit,

104 2617 172 2649 iam
190 2617 362 2652 iudicatus
379 2625 439 2652 est.
473 2619 578 2653 Item:
596 2619 749 2653 Aculeus
765 2620 887 2653 mortis
906 2628 1083 2664 peccatum

104 2674 171 2708 est,
204 2669 358 2712 potentia
383 2681 465 2704 vero
492 2671 622 2714 peccati
647 2672 701 2704 lex
721 2677 788 2712 est,
817 2669 890 2704 Deo
907 2679 1022 2719 autem
1039 2674 1083 2707 sit

1307 812 1379 845 Lex
1399 819 1448 846 est
1466 820 1607 847 aeterna
1625 820 1658 848 et
1678 814 1841 857 immota,

1304 861 1397 905 Ergo
1423 865 1618 898 necessario
1648 874 1765 900 manet
1789 868 2056 912 condemnatio,
2082 871 2145 905 ubi

1362 923 1479 949 manet
1506 923 1696 959 peccatum.
1749 916 1978 963 Respondent

1256 970 1386 1006 Omnis
1412 974 1465 1007 lex
1490 975 1642 1018 obligat,
1670 976 1725 1008 vel
1743 978 1786 1009 ad
1805 978 2062 1019 obedientiam,
2090 983 2146 1015 vel

1152 1024 1194 1056 ad
1220 1035 1368 1067 poenam
1393 1025 1642 1061 voluntariam.
1711 1025 1801 1060 Cum
1834 1036 1951 1062 autern
1986 1031 2142 1066 derivata

1122 1078 1127 1083 '
1152 1075 1195 1108 sit
1216 1087 1325 1117 poena
1344 1076 1379 1108 in
1398 1076 1529 1115 filium,
1550 1077 1615 1119 legi
1632 1078 1845 1112 satisfactum
1863 1087 1929 1121 est,
1954 1081 2049 1116 'sicut
2073 1083 2144 1127 ipse

1121 1089 1126 1312 Ι
1155 1125 1287 1169 inquit:
1331 1126 1411 1159 Non
1445 1129 1525 1159 veni
1562 1129 1698 1161 solvere
1728 1129 1858 1171 legem,
1901 1133 1960 1164 sed
1987 1132 2144 1177 implere.

1152 1174 1199 1210 Et
1215 1178 1296 1221 quia
1317 1177 1410 1210 filius
1428 1177 1597 1211 innocens
1614 1186 1645 1212 et
1672 1180 1793 1213 volens
1813 1181 1962 1224 patitur,
1990 1185 2143 1227 applica-

1152 1234 1209 1260 tur
1241 1228 1300 1260 illa
1334 1228 1526 1271 persolutio
1559 1242 1712 1274 poenae,
1764 1238 1797 1265 et
1838 1233 1991 1267 donatur
2029 1236 2143 1271 nobis.

1151 1275 1320 1311 Ostendit
1340 1286 1456 1313 autem
1479 1277 1564 1313 haec
1584 1281 1656 1324 ipsa
1677 1294 1808 1325 poena,
1827 1281 1942 1316 Deum
1959 1297 2031 1317 non
2053 1287 2142 1319 velle

1151 1340 1213 1361 nec
1231 1329 1426 1372 approbare
1447 1337 1647 1373 peccatum,
1677 1334 1734 1365 sed
1751 1332 1858 1377 recipi
1880 1332 2042 1368 homines
2061 1349 2142 1380 pro-

1152 1386 1226 1421 pter
1242 1376 1371 1424 λύτρα,
1389 1392 1477 1425 quae
1496 1381 1588 1415 filius
1608 1383 1715 1420 dedit,
1746 1389 1777 1416 et
1797 1383 1843 1417 ita
1862 1385 1982 1429 recipi,
2010 1394 2049 1420 ut
2066 1400 2141 1421 ma-

1151 1437 1229 1464 neat
1264 1432 1351 1463 ordo
1381 1438 1412 1465 et
1433 1430 1490 1465 lex
1516 1432 1552 1465 in
1571 1441 1685 1467 niente
1702 1434 1841 1475 divina,
1866 1448 1955 1480 quae
1975 1449 2046 1471 non
2064 1439 2140 1472 vult

1150 1488 1345 1524 peccatum,
1391 1489 1424 1516 et
1456 1483 1581 1528 recipit
1614 1496 1678 1517 nos
1712 1486 1753 1518 ad
1780 1486 2030 1521 restituendam
2055 1490 2139 1523 obe-

1148 1532 1328 1565 (lientiam.

1248 1596 1345 1631 Haec
1372 1599 1427 1642 pia
1453 1600 1684 1634 meditatione
1710 1613 1810 1645 saepe
1839 1603 2025 1646 cogitanda
2042 1613 2135 1647 sunt,

1147 1656 1180 1682 et
1200 1655 1238 1682 ut
1256 1649 1416 1683 doctriua
1442 1650 1502 1684 fiat
1525 1651 1714 1690 illustrior,
1752 1660 1784 1686 et
1803 1665 1902 1686 verae
1924 1657 2137 1691 consolatio-

1148 1711 1208 1731 nvs
1229 1706 1320 1733 recte
1338 1700 1580 1744 intelligantur
1605 1709 1668 1736 etc.
1728 1701 1772 1737 Et
1799 1704 2027 1740 conferantur
2044 1709 2135 1743 dicta

1244 2293 1368 2329 Esaiae
1383 2294 1460 2329 43.:
1488 2294 1529 2329 In
1541 2297 1688 2340 peccatis
1708 2297 1774 2330 tuis
1793 2299 1922 2331 servire
1941 2301 2126 2341 meseeisti,

1140 2345 1318 2379 Laborare
1338 2359 1393 2380 me
1411 2347 1524 2381 fecisti
1542 2348 1577 2379 in
1594 2348 1840 2393 iniquitatibus
1857 2351 1942 2392 tuis,
1960 2349 2034 2394 Ego
2052 2354 2125 2397 ipse

1141 2397 1239 2431 deleo
1265 2398 1390 2431 delicta
1415 2405 1473 2432 tua
1492 2405 1635 2442 propter
1658 2410 1729 2439 me,
1756 2405 1788 2432 et
1806 2408 2028 2443 peccatorum
2046 2410 2125 2438 tuo-

1140 2459 1217 2481 rum
1237 2460 1309 2481 non
1325 2449 1551 2483 recordabor.

1240 2506 1365 2542 Esaiae
1377 2507 1454 2544 53.-
1479 2507 1590 2542 Ponet
1607 2508 1760 2541 animam
1778 2521 1874 2543 suam
1893 2507 2043 2547 hostiam
2061 2526 2123 2559 pro

1139 2566 1290 2602 peccato.

1239 2622 1486 2659 Observentur
1503 2625 1539 2658 in
1549 2623 1616 2659 hoe
1632 2624 1744 2669 capite
1762 2632 1795 2659 et
1810 2626 2031 2662 dulcissimae
2048 2630 2120 2663 for-

1137 2675 1254 2709 mulae
1278 2676 1465 2718 loquendi:
1500 2676 1668 2711 Praebete
1693 2678 1850 2712 membra
1883 2686 1997 2713 vestra
2023 2692 2120 2715 arma

1291 2723 1369 2759 59*
