2415 2942
16 512 19 529 ‘-
12 335 28 479 τέ’-49*

29 145 31 150 ,
58 99 133 137 445

519 100 550 135 1.
578 98 971 136 ANNOTATIONES
998 99 1048 135 IN

909 185 956 220 Et
979 183 1045 218 ho-

364 99 464 138 XIII.

62 200 144 222 nam
164 187 287 221 irridet
309 199 348 221 ac
373 188 516 221 damnat
540 199 614 221 non
633 187 855 222 intellectam.

29 232 30 243 ¹
62 240 173 272 mines
197 236 418 282 philosophi,
460 238 489 270 si
516 239 575 283 qui
600 239 724 272 volunt
752 238 863 271 videri
889 249 962 270 non
985 237 1046 269 ab-

63 288 208 323 horrere
242 302 260 323 a
295 287 496 323 Christiana
530 290 676 334 pietate,
719 296 835 323 tamen
868 288 1047 322 somniant

62 339 295 384 Evangelium
329 339 422 373 nihil
456 341 580 374 docere
611 340 727 380 aliud,
766 340 835 372 nisi
866 339 1045 383 politicam

65 392 259 433 iusticiam,
297 392 388 426 sicut
419 391 618 425 Aristotelis
650 389 762 424 ethica
796 391 947 430 docent,
988 394 1047 422 aut

64 441 173 484 Cato,
207 449 267 476 aut
294 440 513 489 Phocylides.
572 441 620 474 Hi
644 441 831 475 sententias
854 441 1046 484 scripturae

64 495 107 527 de
126 494 262 527 iusticia
280 494 378 535 fidei,
402 494 496 527 varie
514 493 725 526 cavillantur
741 499 773 526 et
791 494 949 526 eludunt.
999 488 1047 524 At

65 545 176 578 sancti
201 545 268 577 viri
293 551 423 578 norunt
446 543 575 577 territis
602 543 780 577 mentibus
814 543 949 576 nullam
973 553 1046 574 esse

64 595 279 640 propositam
309 596 443 628 firmam
475 593 770 635 consolationem,
816 595 883 627 nisi
909 595 944 626 in
967 594 1044 626 fide.

62 644 180 690 Opera
218 653 334 679 nostra
377 658 449 679 non
488 651 635 688 possunt
674 645 925 678 conscientiam
965 644 1046 676 red-

62 699 142 730 dere
175 697 421 742 tranquillam,
463 696 551 729 sicut
594 702 739 729 testatur
774 695 914 729 David:
964 694 1045 728 Non

62 748 269 791 ingredieris
287 749 322 780 in
341 747 508 780 iudicium
527 759 605 779 cum
626 758 727 780 servo
747 754 819 780 tuo.
871 746 958 781 Cum
978 746 1045 778 ita-

62 811 130 842 que
168 805 261 832 tanta
294 799 337 831 sit
373 797 542 830 dissensio
582 797 711 830 rationi
752 796 926 830 humanae
965 809 1043 829 cum

61 848 274 893 Evangelio,
309 848 438 882 Paulus
467 848 605 891 scripsit
631 849 812 892 epistolam
845 851 887 882 ad
911 847 1046 882 Roma-

61 912 143 939 nos,
179 901 215 932 in
241 912 308 943 qua
336 897 425 932 banc
451 900 727 932 controversiam
757 900 959 943 complexus
985 905 1046 939 est,
1071 919 1073 952 ἱ

59 958 99 984 ut
123 952 165 983 de
194 951 270 982 loco
301 951 488 994 praecipuo
515 947 736 983 Christianae
766 952 948 984 doctrinae
972 961 1045 982 non

61 1009 196 1035 tantum
220 999 400 1034 Romanos
417 1026 425 1039 ,
454 1002 512 1033 sed
546 1013 668 1033 omnes
691 999 863 1034 Ecclesias
892 1003 1045 1034 doceret.
1070 1039 1073 1045 ι

60 1051 148 1085 Nam
173 1052 240 1083 nisi
265 1049 329 1084 hoc
355 1052 430 1084 loco
455 1051 613 1093 cognito,
649 1064 719 1084 non
749 1059 859 1095 potest
884 1051 1044 1093 intelligi,

62 1115 124 1135 cur
147 1103 280 1135 venerit
303 1100 475 1136 Clu-istim.
530 1103 656 1136 Voluit
683 1103 787 1145 igitur
812 1102 942 1136 Paulus
968 1109 1045 1134 tan-

60 1166 163 1198 quam
189 1151 395 1185 methodum
424 1151 609 1196 Evangelii
642 1165 848 1197 proponere.
920 1153 1044 1196 Quan-

60 1212 134 1238 tum
152 1210 266 1236 autem
288 1204 460 1236 conducat
483 1203 520 1235 in
545 1204 641 1236 omni
659 1205 818 1236 doctriua
839 1202 1043 1236 methodum

59 1263 196 1294 tenere,
219 1266 291 1286 non
309 1254 471 1296 ignorant
488 1251 649 1287 homines
667 1255 889 1288 mediocriter
903 1254 1044 1287 literati.
1069 1253 1071 1295 ξ

60 1306 151 1339 Tota
176 1305 334 1337 doctriua
352 1302 550 1337 Christiana
574 1313 732 1337 versatur
756 1306 845 1338 circa
870 1303 965 1338 huuc
989 1305 1043 1337 lo-

59 1369 157 1393 cum,
186 1356 363 1399 quomodo
385 1366 499 1387 coram
515 1354 589 1387 Deo
609 1355 849 1399 iustificemur,
880 1367 940 1388 seu
957 1355 1042 1399 quid
1069 1395 1070 1400 1

59 1408 103 1440 sit
130 1406 263 1438 iusticia
289 1403 501 1438 Christiana.
575 1404 671 1438 Ilaec
698 1406 855 1440 definitio
882 1413 984 1450 caput
1010 1412 1043 1439 et

58 1468 192 1490 summa
209 1462 258 1489 est
274 1456 458 1488 universae
473 1456 653 1489 doctrinae
671 1454 907 1497 Christianae,
935 1468 1043 1501 quare

58 1506 147 1541 hanc
172 1506 411 1540 definitionem
437 1507 709 1550 patefaciendam
738 1515 770 1541 et
792 1509 1042 1541 illustrandam

58 1559 218 1602 suscepit.
253 1557 347 1590 Haec
364 1558 444 1590 satis
460 1558 503 1590 sit
522 1555 586 1591 hoc
608 1559 683 1591 loco
700 1559 742 1591 de
761 1560 909 1593 consilio
928 1558 1042 1599 Pauli,

58 1617 91 1643 et
108 1611 149 1642 de
168 1614 372 1650 argumento
394 1607 569 1651 Epistolae
588 1609 727 1643 dixisse.

159 1659 330 1706 Propriae
352 1659 500 1701 pertinet
518 1656 602 1691 haec
617 1657 774 1702 Epistola
794 1660 835 1692 ad
860 1671 967 1702 genus
988 1659 1042 1691 di-

60 1710 255 1747 dacticum,
299 1709 378 1752 quia
410 1709 488 1741 sinis
524 1710 598 1741 eius
629 1717 696 1751 est,
738 1717 778 1743 ut
811 1710 933 1743 doceat
968 1722 1042 1751 nOS,

60 1761 144 1806 quid
169 1761 213 1794 sit
244 1759 379 1792 iusticia
413 1771 527 1791 coram
553 1759 637 1793 Deo.

59 1812 223 1845 iudiciale
248 1821 355 1852 genus
378 1811 519 1850 referri,
544 1811 623 1855 quia
650 1808 715 1843 hoc
739 1824 879 1856 quoque
905 1813 946 1844 ad
975 1812 1039 1844 do-
1066 1820 1068 1852 ξ

58 1864 206 1896 cendum
220 1862 519 1894 accommodatum
540 1868 598 1895 est.
635 1860 753 1894 Status
766 1860 943 1906 Epistolae
960 1863 1041 1894 fini-

56 1914 147 1946 tivus
165 1919 225 1947 est.
277 1911 365 1944 Nam
395 1911 531 1944 iusticia
548 1911 611 1944 Dei
640 1913 806 1945 definitur
831 1910 898 1946 hoc
922 1915 1038 1948 modo,

57 1964 196 1998 Iusticia
216 1962 279 1996 Dei
305 1969 353 1994 est
376 1963 515 1995 credere
530 1989 538 2002 ,
573 1964 666 2007 qnod
692 1955 834 2006 propter
856 1961 1038 1997 Christum

55 2015 265 2058 recipiamur
290 2013 326 2045 in
354 2014 498 2056 gratiam
530 2014 653 2056 patris,
682 2015 756 2047 sine
782 2015 911 2047 nostris
933 2015 1038 2047 meri-

56 2066 120 2108 tis,
149 2071 210 2099 etc.
264 2064 372 2096 Vocat
400 2071 513 2097 autem
540 2076 599 2097 sua
625 2063 742 2109 phrasi
772 2065 944 2099 iusticiam
972 2065 1037 2098 Dei

56 2115 163 2155 haue,
190 2127 257 2160 qua
275 2113 370 2147 Dens
396 2121 531 2157 reputat
557 2127 620 2148 nos
641 2117 768 2156 iustos,
798 2128 857 2149 sen
879 2129 946 2161 qua
973 2128 1037 2149 nos

57 2178 177 2200 sumus
211 2165 291 2198 iusti
325 2177 441 2197 coram
472 2165 572 2206 Deo,
615 2167 807 2211 opponitur
835 2168 928 2200 enim
962 2180 1038 2200 car-

53 2218 124 2250 nali
147 2229 204 2249 seu
230 2214 404 2249 humanae
428 2216 602 2257 iusticiae,
642 2230 730 2262 quae
760 2219 808 2251 sic
839 2219 1037 2261 appellatur

54 2271 97 2301 al»
129 2268 299 2301 efficiente
329 2279 429 2300 causa
449 2294 456 2308 ,
500 2280 566 2313 qua
593 2280 671 2301 caro
700 2281 734 2301 se
762 2269 942 2310 iustificat,
977 2277 1036 2304 aut

53 2320 177 2353 iustam
203 2319 320 2352 efficit.

155 2369 197 2402 Et
233 2371 313 2413 quia
346 2368 517 2411 optimum
554 2369 808 2412 interpretandi
843 2382 952 2412 genus
986 2378 1034 2404 est

57 2418 271 2464 οἲκοινομιάν
293 2419 462 2452 orationis
486 2422 686 2460 ostendere,
727 2422 851 2453 seriem
874 2422 1033 2454 omnium

55 2475 232 2512 tororum,
260 2470 539 2515 propositionum
560 2478 592 2504 et
616 2479 903 2514 argmnentornm
922 2485 1034 2505 anno-

53 2524 221 2561 tavimus,
248 2530 287 2555 ut
305 2521 456 2564 genuina
479 2522 648 2555 sententia
673 2522 770 2555 Pauli
797 2524 890 2556 cerni
914 2525 1032 2566 possit,

54 2582 87 2609 et
110 2573 255 2615 intelligi
283 2573 458 2617 quomodo
484 2574 706 2606 consentiant
725 2574 817 2606 inter
838 2586 873 2607 se
895 2575 1031 2617 singula

48 2625 205 2660 membra
224 2623 481 2666 disputationis.
533 2623 622 2657 Nam
640 2625 873 2658 conscientiae
889 2626 936 2659 ita
953 2638 1032 2659 niu-

2 2681 3 2687 *
50 2677 199 2713 niendae
221 2680 320 2714 sunt,
347 2680 386 2708 ut
402 2681 494 2710 certo
512 2675 624 2711 sciant
648 2676 857 2711 sententiam
881 2676 1032 2722 scriptu-

713 1760 832 1794 Potest
856 1767 972 1793 tamen
998 1763 1041 1794 ad
1067 1788 1068 1791 ,

1075 98 1228 137 EPIST.
1256 97 1404 135 PAULI
1431 99 1498 135 AD
1526 99 1788 140 ROMANOS.

1102 197 1161 218 rae
1186 187 1229 218 de
1259 186 1363 220 tantis
1388 187 1492 220 rebus
1508 214 1517 228 ‚
1558 194 1597 221 ut
1621 188 1719 222 firma
1744 196 1776 223 et
1803 196 1894 224 certa
1919 190 2091 234 praesidia

1101 234 1277 278 habeant,
1304 239 1347 271 ad
1369 251 1457 283 quae
1475 239 1511 270 in
1531 240 1784 274 tentationibus
1804 253 1838 275 se
1855 242 2039 286 recipiant.

2019 105 2093 140 446

1448 319 1545 356 Loci
1570 323 1727 359 exordii.

1202 386 1399 421 Exordium
1427 390 1585 424 continet
1609 392 1705 425 locos
1723 419 1732 434 ‚
1771 395 1902 440 quibus
1933 396 2090 430 benevo-

1099 436 1207 472 lentia
1231 439 1273 471 de
1290 451 1386 472 more
1404 447 1573 484 captatur.

1455 523 1730 564 Benevolenlz‘a.

1202 590 1243 624 In
1264 592 1381 636 priore
1398 593 1542 627 affectus
1565 602 1635 634 est,
1664 597 1874 631 coniunctus
1892 611 1969 632 cum
1990 612 2089 643 prae—

1099 642 1202 675 conio
1221 642 1485 677 Romanorum:
1532 645 1609 689 Ago
1628 647 1755 688 gratias
1777 647 1872 688 Deo,
1898 652 1990 694 quod
2015 664 2091 683 cre-

1072 719 1073 724 ,
1099 693 1193 728 ditis.
1253 693 1451 728 Posteriore
1475 696 1552 729 loco
1576 697 1730 730 officium
1759 700 1871 733 desert
1894 701 1981 734 illis:
2019 701 2091 735 Cu-

1099 744 1247 787 piebam¹
1262 746 1304 777 ad
1330 757 1391 778 vos
1416 746 1614 791 proficisci,
1658 756 1696 782 ut
1718 762 1778 782 vos
1807 752 1985 791 docerem,
2027 753 2086 785 scd

1071 811 1073 863 1
1098 806 1174 827 sum
1195 796 1395 839 impeditus.
1450 795 1495 830 Et
1515 799 1710 832 subiectum
1738 808 1787 834 est
1806 802 1925 844 legans
1942 801 2090 846 epipho-

1070 864 1073 914 ι
1099 857 1200 878 nema
1220 858 1257 879 ex
1278 848 1432 888 generali
1450 850 1623 882 sententia
1646 862 1684 882 ex
1709 852 1823 884 officio
1841 853 2003 897 Apostoli
2023 855 2090 886 du-

1098 903 1212 929 ctum:
1258 896 1404 930 Graecis
1430 906 1462 932 et
1485 897 1652 933 Bai-haris
1688 903 1905 945 sapientibus
1937 911 1969 937 et
2003 904 2090 937 insi-

1098 948 1276 991 pientibus
1300 949 1439 982 debitor
1465 961 1553 982 sum.
1610 951 1699 985 Nam
1724 954 1808 987 boni
1830 952 1995 998 Episcopi
2020 968 2084 999 pro

1097 998 1234 1031 viribus
1259 999 1353 1033 iuxta
1383 1012 1505 1033 omnes
1530 1001 1662 1035 discere
1688 1005 1885 1047 cupientes,
1922 1007 2089 1039 adiuvare

1071 1047 1073 1076 ἶ
1098 1050 1245 1090 debent,
1274 1057 1306 1083 et
1323 1058 1551 1094 attemperare
1570 1065 1605 1085 se
1623 1055 1737 1097 captui
1754 1057 1974 1089 discentium.
2011 1058 2090 1090 Ali-

1070 1138 1072 1156 )
1098 1107 1151 1132 ter
1177 1102 1348 1133 tractandi
1374 1102 1445 1135 sint
1470 1103 1683 1146 imbecilles,
1710 1105 1813 1140 aliter
1834 1106 1891 1140 isti
1916 1118 2002 1152 quos
2026 1119 2088 1151 ap-

1070 1193 1071 1200 *
1097 1159 1194 1194 paret
1212 1163 1283 1184 esse
1299 1152 1484 1188 firmiores.

1070 1220 1072 1245 ξ
1504 1238 1675 1273 Attentio.

1068 1296 1071 1357 4
1198 1300 1260 1335 Est
1287 1309 1319 1336 et
1343 1304 1484 1337 additus
1509 1306 1607 1339 locus
1625 1308 1828 1341 attentionis
1844 1311 1886 1343 ab
1903 1308 2086 1355 Evangelii

1097 1353 1292 1395 dignitate:
1353 1353 1433 1387 Non
1471 1358 1577 1399 pudet
1609 1370 1663 1390 me
1693 1358 1904 1402 Evangelii,
1950 1364 2087 1396 tametsi

1069 1406 1070 1412 ¹
1096 1406 1250 1437 mundus
1273 1405 1407 1443 oderit,
1434 1414 1494 1439 aut
1519 1417 1733 1450 aspernetur.
1803 1410 1918 1454 Quam
1945 1422 2087 1447 senten·

1096 1455 1179 1487 tiam
1209 1455 1427 1488 confirmatio
1460 1469 1518 1490 seu
1553 1458 1757 1507 αἰτιολογία
1791 1463 1968 1507 sequitur,
2004 1466 2086 1510 quia

1068 1529 1069 1536 1
1094 1505 1327 1548 Evangelium
1353 1514 1402 1539 est
1426 1510 1582 1551 potentia
1609 1510 1693 1549 Dei,
1724 1512 1757 1544 id
1786 1520 1854 1554 est,
1884 1526 1945 1557 per
1966 1515 2086 1549 Evan-

1095 1557 1224 1599 gelium
1241 1556 1335 1589 Deus
1361 1564 1409 1590 est
1436 1559 1574 1597 efficax,
1604 1569 1719 1594 movet
1746 1566 1849 1596 corda
1878 1567 1918 1597 ad
1939 1568 2085 1599 creden-

1096 1609 1199 1644 dum,
1236 1614 1266 1639 et
1291 1620 1365 1639 eam
1391 1608 1490 1640 fidi-in
1511 1610 1658 1654 imputat
1679 1625 1741 1655 pro
1762 1614 1907 1648 iusticia.
1952 1615 1999 1650 Et
2019 1619 2084 1650 ad-

1067 1680 1069 1693 .
1095 1658 1168 1690 dita
1192 1665 1241 1691 est
1270 1658 1342 1691 eius
1372 1660 1517 1693 rationis
1543 1665 1786 1705 comprobatio
1812 1677 1850 1698 ex
1874 1666 2083 1702 definitione

1067 1729 1069 1732 -
1093 1707 1277 1751 Evangelii
1294 1734 1303 1747 ,
1347 1722 1427 1742 nam
1471 1709 1703 1754 Evangelium
1750 1717 1850 1748 docet
1894 1718 2083 1760 iusticiam,

1095 1771 1183 1804 quae
1207 1771 1323 1792 coram
1340 1759 1414 1793 Deo
1433 1761 1607 1798 iustificat.
1661 1764 1845 1800 Dialectici
1872 1777 1974 1812 caput
1998 1771 2083 1804 artis

1095 1822 1166 1842 esse
1180 1811 1334 1850 docent,
1363 1819 1453 1845 recte
1479 1814 1643 1856 definire,
1671 1829 1709 1848 ac
1734 1818 1973 1852 definitionem
1999 1822 2083 1854 dili-

1065 1853 1068 1898 Ῐ
1097 1867 1218 1903 genter
1247 1862 1422 1895 inculcare
1449 1863 1606 1900 discenti.
1659 1866 1728 1900 Hic
1752 1869 1858 1911 igitur
1883 1872 2083 1906 meminerit

1097 1912 1205 1944 lector
1222 1913 1304 1957 quid
1321 1911 1553 1957 Evangelium
1576 1917 1638 1958 sit,
1665 1918 1750 1963 quid
1776 1920 1812 1952 in
1838 1932 1971 1956 summa
1996 1935 2082 1956 con-

1093 1963 1227 2004 tineat,
1270 1964 1348 2008 quis
1389 1966 1552 2010 proprius
1580 1978 1619 2000 ac
1658 1970 1867 2014 praecipuus
1896 1972 2081 2016 Evangelii

1092 2013 1188 2046 locus
1207 2014 1260 2047 sit.
1313 2014 1362 2048 lta
1383 2016 1483 2049 facile
1500 2018 1649 2062 intelligi
1677 2022 1825 2063 poterit,
1854 2026 2036 2068 quomodo
2062 2039 2080 2059 a

1091 2064 1191 2106 lege,
1230 2067 1408 2109 quomodo
1444 2079 1462 2100 a
1500 2066 1725 2114 philosophia
1762 2074 1913 2109 differat.
1989 2075 2079 2110 Nam

1089 2114 1322 2157 Evangelium
1342 2118 1503 2160 patefacit
1522 2120 1692 2154 iusticiam
1717 2124 1815 2164 fidei,
1844 2127 1935 2169 quod
1962 2139 2078 2160 coram

1089 2165 1164 2199 Deo
1181 2167 1261 2199 iusti
1281 2165 1494 2210 habeantur,
1522 2171 1582 2215 qui
1601 2174 1748 2207 credunt
1764 2186 1799 2207 se
1816 2183 1956 2219 propter
1972 2175 2079 2211 Chri-

1089 2224 1180 2250 stum
1198 2217 1233 2250 in
1253 2219 1399 2260 gratiam
1420 2221 1539 2265 recipi.
1578 2221 1650 2256 Lex
1668 2224 1771 2257 aliam
1784 2229 1960 2270 quandam
1979 2229 2079 2263 iusti-

1089 2268 1176 2301 ciam
1204 2270 1321 2311 docet,
1357 2267 1581 2316 philosophia
1610 2274 1814 2308 civilitatem
1843 2290 1982 2312 morum
2007 2287 2078 2314 tra-

1088 2319 1158 2360 dit,
1187 2321 1308 2364 procul
1337 2321 1445 2364 igitur
1470 2324 1514 2356 ab
1532 2322 1725 2367 Evangelio
1753 2327 1896 2364 distant.
1952 2330 2077 2373 Quan-

1089 2382 1193 2414 quam
1220 2379 1336 2405 autem
1363 2373 1458 2405 iufra
1481 2381 1634 2418 ponatur
1657 2378 1876 2424 propositio,
1911 2387 1943 2414 et
1970 2383 2077 2416 totius

1088 2421 1338 2464 disputationis
1355 2430 1462 2456 status
1479 2425 1661 2469 aliquanto
1689 2428 1851 2472 pluribus
1871 2433 1988 2465 verbis
2015 2435 2076 2467 d-e-

1088 2480 1321 2514 monstretur,
1354 2482 1469 2507 tamen
1492 2482 1525 2508 et
1555 2472 1612 2508 hic
1635 2480 1779 2512 exordio
1804 2492 1976 2515 suminam
2004 2485 2076 2517 dis-

1087 2525 1297 2566 putationis,
1326 2525 1420 2558 velut
1445 2538 1663 2570 proponens,
1693 2529 1859 2565 brevibus
1885 2535 2004 2567 verbis
2020 2536 2075 2568 iu>-

1086 2575 1219 2614 seruit,
1262 2577 1355 2620 quod
1391 2575 1628 2620 Evangelium
1665 2581 1849 2622 patefaciat
1889 2583 2073 2626 iusticiam,

1085 2637 1210 2669 nempe
1253 2627 1347 2672 quod
1390 2629 1532 2662 credere
1576 2629 1614 2663 in
1659 2628 1858 2674 Christum,
1911 2635 2071 2671 iustificet

1082 2683 1116 2709 et
1137 2677 1294 2724 pacificet
1312 2678 1432 2726 CPTQ·
