2415 2942
281 102 354 137 759

282 186 415 220 stianus
432 184 533 225 longe
552 181 652 214 aliter
669 178 798 212 sentire
815 178 936 214 debet,
964 177 1024 221 qni
1045 176 1107 209 scit
1123 187 1262 208 cansam
1288 189 1292 205 ι

284 234 495 269 infirmitatis
518 232 554 264 in
579 238 729 274 utroque
761 241 844 262 sexu
874 240 946 261 esse
972 235 1117 261 naturae
1143 238 1264 259 corru-

286 288 459 331 ptionem,
486 289 518 316 et
542 289 658 315 tamen
684 287 825 324 propter
849 279 959 312 Deum
985 278 1083 311 sexui
1106 278 1266 310 tribuen-
1291 298 1295 330 ἱ

288 340 370 369 dum
389 346 459 367 esse
477 331 660 371 honorem,
687 338 719 364 et
736 342 814 364 cum
834 330 931 363 Deus
949 342 1020 362 nou
1038 329 1165 362 frustra
1183 340 1268 361 cou-
1292 332 1295 348 ³

288 386 416 420 diderit
434 383 528 418 hunc
544 395 681 422 sexum,
709 381 967 424 agnoscendum
991 391 1063 413 esse
1087 391 1174 423 opus
1191 378 1268 416 Dei,
1294 380 1295 397 l

290 445 322 471 et
350 436 610 470 ordinationem
636 433 792 466 divinam
816 431 1145 474 magnifaciendam.
1199 428 1270 462 Nec
1294 431 1297 467 ἶ

292 495 339 521 est
365 487 482 519 minor
497 484 683 519 infirmitas
699 484 900 516 animorum
920 483 955 514 in
975 481 1078 522 viris,
1104 481 1140 513 in
1163 491 1270 521 nego-

292 539 350 572 tiis
370 549 458 582 quae
474 536 559 570 viris
575 534 758 568 commissa
772 540 864 567 sunt.
919 530 1140 567 Christianus
1157 539 1271 564 autem

293 596 435 633 propter
451 587 565 621 Deum
581 586 647 619 sert
663 592 696 618 et
713 585 848 628 mitigat
865 584 1139 617 imbecillitatem
1160 582 1195 613 iu
1217 593 1273 614 so-

295 640 356 673 ciis
377 637 480 672 buius
503 638 594 672 vitae
610 636 781 669 divinitus
801 635 994 674 adiunctis,
1021 641 1053 666 et
1069 631 1273 666 cohaeredi-

295 693 360 724 bus
375 697 535 722 aeternae
554 688 703 731 gloriae‚
731 694 763 720 et
781 686 845 719 scit
863 685 975 719 Deum
1002 684 1107 723 velle,
1135 689 1173 715 ut
1199 682 1275 714 ill-ns

295 752 473 779 curemus,
498 747 665 782 tanquam
689 744 820 780 partem
843 735 980 778 generis
1004 732 1168 773 humani,
1202 744 1275 765 non

296 791 529 834 despiciamus
547 788 719 821 diabolica
746 786 920 829 superbia.
975 784 1069 817 Haec
1090 791 1193 827 atque
1209 782 1276 815 alia

297 844 333 875 iu
349 840 439 875 hanc
464 839 669 873 sententiam
687 838 722 870 in
740 834 941 870 Christiana
959 834 1196 878 disputatione
1215 845 1277 876 po-

297 894 366 927 tius
390 891 537 924 dicenda
566 896 684 927 erant,
712 899 817 931 quam
843 887 905 920 illa
931 886 1093 919 scurrilia
1118 884 1276 918 convicia

298 954 396 977 sexus
416 949 449 975 et
467 941 608 974 divinae
623 938 868 972 ordinationis.

397 992 450 1025 De
486 991 688 1024 discrimine
727 989 888 1022 ciborum
924 987 1043 1020 laudat
1074 987 1162 1019 ritus
1204 985 1279 1018 sine

299 1045 406 1078 verbo
433 1043 499 1075 Dei
525 1042 724 1080 institutos,
760 1046 927 1083 tauquam
952 1039 1066 1071 cultus
1086 1035 1174 1076 Dei,
1206 1036 1277 1068 imo

299 1104 465 1140 tanquam
490 1092 748 1137 perfectionem.
815 1089 981 1123 Ridicula
1011 1101 1078 1121 vox
1101 1094 1152 1120 est
1175 1099 1279 1131 quam

299 1147 415 1190 ponit:
450 1144 488 1178 Si
515 1144 565 1175 vis
594 1142 764 1186 perfectus
791 1152 883 1180 esse,
920 1141 1052 1173 bonum
1082 1145 1133 1172 est
1155 1138 1278 1170 vinum

299 1209 372 1230 non
392 1196 528 1233 bibere,
551 1201 584 1227 et
602 1204 742 1226 carnem
760 1203 830 1225 non
853 1191 1086 1229 manducare,
1114 1188 1175 1223 ubi
1192 1188 1281 1220 male

301 1247 447 1281 detorsit
475 1245 608 1278 dictum
633 1243 751 1282 Pauli,
786 1243 845 1287 qui
869 1254 947 1275 cum
971 1241 1104 1286 inquit:
1140 1238 1281 1272 Bonum

303 1306 353 1332 est
378 1308 518 1330 carnem
548 1306 620 1327 non
654 1295 773 1333 edere,
814 1294 931 1331 addit,
974 1292 1002 1324 si
1030 1291 1128 1324 fratri
1160 1297 1282 1322 noceat
1307 1298 1309 1312 <¹

303 1348 512 1391 exemplum.
571 1344 657 1379 Cum
681 1351 797 1376 autem
823 1354 958 1375 necesse
982 1343 1026 1374 sit
1051 1342 1136 1373 tales
1160 1351 1280 1382 super·
1308 1336 1310 1345 ’

304 1399 464 1432 §titiones
496 1397 534 1429 in
558 1393 714 1429 Ecclesia
746 1390 974 1436 reprebendi,
1016 1392 1158 1436 pariunt
1189 1390 1283 1422 enim

305 1450 391 1483 alios
411 1447 540 1481 multos
565 1456 717 1488 errores,
755 1446 946 1487 prudenter
971 1444 1013 1476 de
1036 1442 1106 1474 illis
1131 1441 1284 1474 inconsi-
1310 1437 1311 1473 l

306 1503 424 1533 derate
441 1498 542 1531 dictis
560 1496 788 1529 iudicandum
809 1502 869 1529 est.

408 1549 449 1582 ln
465 1548 604 1590 dialogo
621 1553 741 1578 contra
753 1544 930 1587 Pelagium
950 1550 1042 1576 recte
1060 1543 1215 1585 disputat
1232 1553 1286 1573 re·
1311 1542 1313 1570 l

308 1601 534 1634 novationem
559 1609 629 1630 non
651 1596 725 1629 fieri
756 1603 892 1628 tantum
918 1595 1052 1626 viribus
1071 1593 1172 1625 liberi
1193 1591 1287 1624 arbi·
1312 1588 1313 1593 ¹

307 1652 365 1685 trii
379 1678 388 1692 ‚
415 1651 473 1683 sed
494 1660 582 1693 opus
599 1659 670 1680 esse
688 1646 818 1680 auxilio
836 1645 990 1689 Spiritus
1007 1644 1128 1677 sancti.
1179 1642 1288 1676 Recte

873 90 998 125 PHlL.
1026 89 1142 126 MEL.
1168 88 1375 125 SCRIPTA
1404 86 1702 125 EXEGETICA.

1296 490 1298 516 ῑ
1325 479 1609 513 monasticarum.

1301 777 1302 782 1
1329 739 1417 766 ctam
1443 732 1610 772 restitnit,
1638 739 1670 765 et
1695 743 1816 765 rursus
1843 733 2011 767 accendit.

1313 1620 1315 1623 .
1341 1589 1442 1622 valde
1473 1600 1562 1632 opus
1595 1589 1663 1621 suit
1692 1588 1876 1621 Ecclesiae.

2229 92 2303 127 760

1319 182 1434 208 torum
1470 175 1580 207 iustos
1610 185 1703 216 esse,
1751 181 1784 207 et
1810 177 1936 210 mereri
1973 178 2079 212 vitam
2113 184 2305 211 aeternam.

1320 224 1419 260 lx‘ihil
1437 225 1480 258 de
1497 226 1564 258 fide
1583 225 1619 257 in
1637 222 1820 259 Christum
1835 253 1843 266 ‚
1869 226 1962 262 nihil
1978 229 2021 262 de
2038 229 2169 262 auxilio
2187 228 2304 272 Spiri-

1320 277 1407 311 ritus
1431 276 1541 309 sancti
1567 276 1724 310 docebat.
1779 275 1873 310 Haec
1889 277 2020 321 Pelagii
2045 280 2204 313 doctrina
2230 290 2305 312 non

1293 359 1295 373 Ι
1321 327 1537 370 evangelica,
1577 327 1634 359 sed
1664 324 1907 370 philosophica
1930 336 2025 368 erat,
2060 330 2148 364 sicut
2180 341 2307 374 prope-

1322 379 1465 411 modum
1494 375 1781 410 scholasticornm
1808 379 1991 412 doctorum
2017 381 2186 413 sententia
2214 381 2308 413 idem

1323 429 1418 466 vult,
1446 428 1513 461 nisi
1532 430 1625 473 quod
1652 426 1686 460 hi
1704 429 1836 473 aliquid
1856 437 2000 463 assuunt
2017 430 2308 473 superstitionum

1662 478 1706 513 Et
1722 491 1816 513 nunc
1834 491 1954 513 rursus
1971 480 2071 514 multi
2096 480 2309 514 delabuntur

1326 530 1362 562 in
1398 530 1587 572 opiniones
1621 528 1823 572 pelagianas
1845 557 1854 571 ,
1896 531 1978 576 quia
2004 538 2086 565 sunt
2108 530 2311 575 plausibiles

1299 613 1301 617 ,
1326 580 1469 615 rationi.

1416 630 1634 672 Augustinus
1651 630 1758 674 igitur
1777 641 1837 664 sua
1855 638 1966 664 aetate
1983 631 2180 664 doctrinam
2190 627 2312 664 Evan-

1327 680 1408 724 gelii
1432 682 1475 714 de
1499 682 1607 723 gratia
1646 689 1679 715 et
1703 682 1769 714 fide
1800 681 1836 713 in
1862 679 2043 715 Christum
2079 693 2167 724 pene
2202 682 2315 714 extin—

2071 731 2222 776 Propter
2248 729 2314 765 hoc

1330 782 1536 815 beneficium
1552 781 1707 815 Ecclesia
1725 783 1755 815 ei
1776 783 1966 827 plurimum
1990 783 2104 819 debet.
2155 782 2210 815 De
2234 793 2314 826 pec-

1303 870 1304 876 *
1330 839 1405 866 cato
1431 832 1575 875 originis
1599 833 1711 867 multo
1735 834 1893 877 loquitur
1910 834 2035 867 maiori
2053 833 2312 878 perspicuitate,

1331 895 1436 928 quam
1457 883 1580 916 caeteri
1600 895 1732 918 omneS.
1782 883 1992 918 Distinctius
2012 886 2118 919 etiam
2136 891 2168 918 et
2186 884 2315 917 rectius

1332 934 1490 978 loquitur
1514 934 1556 966 de
1580 934 1691 967 libero
1722 935 1890 975 arbitrio,
1925 936 2018 979 quod
2048 935 2183 968 viribus
2208 935 2313 967 liberi

1332 984 1471 1018 arbitrii
1490 981 1653 1017 homines
1670 985 1780 1017 facere
1799 986 1933 1028 possint
1960 993 2100 1018 externa
2123 985 2208 1028 legis
2233 996 2317 1029 ope-

1333 1047 1369 1068 ra
1382 1062 1390 1076 ‚
1416 1041 1448 1068 et
1465 1032 1610 1068 honesta
1630 1046 1736 1078 opera
1752 1035 1868 1068 civilia
1880 1062 1888 1076 ‚
1916 1036 1974 1068 sed
1993 1036 2067 1069 sine
2084 1035 2221 1080 Spiritu
2237 1047 2319 1068 san-

1305 1091 1307 1132 j
1332 1093 1386 1119 cto
1403 1097 1474 1118 non
1494 1085 1628 1128 possint
1654 1083 1782 1118 habere
1811 1092 1926 1119 motus
1951 1086 2169 1130 spirituales,
2196 1097 2320 1119 verum

1334 1137 1499 1170 timorem
1515 1135 1600 1176 Dei,
1627 1148 1743 1169 veram
1761 1137 1922 1169 fiduciam
1935 1161 1944 1175 ,
1971 1148 2087 1169 veram
2106 1137 2320 1180 patientiam,

1333 1185 1400 1219 boc
1423 1194 1490 1225 est,
1515 1187 1725 1227 novitatem,
1760 1199 1864 1231 quam
1895 1194 2032 1231 oportet
2049 1187 2086 1219 in
2101 1188 2144 1221 iis
2163 1188 2320 1228 existere,

1307 1260 1308 1270 1
1337 1237 1397 1282 qui
1427 1244 1508 1271 sunt
1533 1237 1703 1271 salvandi.

1438 1287 1565 1320 Tradit
1583 1288 1669 1321 utile
1687 1289 1875 1321 discrimen
1894 1288 2013 1322 literae
2031 1295 2063 1322 et
2081 1288 2235 1333 spiritus,
2253 1289 2320 1322 do-

1336 1344 1389 1371 cet
1406 1339 1448 1370 de
1467 1339 1614 1380 gratuita
1634 1339 1858 1378 remissione,
1885 1346 2005 1372 monet
2027 1340 2206 1383 quomodo
2227 1338 2319 1372 Pau-

1309 1412 1311 1434 ξ
1338 1390 1390 1421 lus
1417 1389 1668 1430 intelligendus
1694 1390 1757 1428 sit,
1797 1400 1877 1422 cum
1907 1389 2040 1433 inquit:
2073 1386 2124 1421 Ex
2153 1389 2319 1432 operibus

1339 1439 1424 1482 legis
1447 1451 1549 1471 nemo
1574 1439 1798 1482 iustificatur‚
1833 1440 1928 1483 quod
1958 1438 2121 1472 videlicet
2145 1450 2219 1471 non
2241 1445 2320 1472 tan-

1310 1496 1415 1534 {tum
1451 1487 1611 1523 detrabat
1652 1489 1935 1522 iustificationem
1977 1489 2212 1528 ceremoniis,
2262 1489 2322 1522 sed

1338 1540 1443 1573 etiam
1481 1540 1674 1571 moralibus
1717 1540 1893 1580 operibus.
1967 1538 2044 1572 Hac
2079 1538 2322 1572 admonitione

1960 1587 2050 1622 Nam
2083 1586 2268 1632 Origenes·
2289 1596 2323 1622 et

1341 1640 1445 1673 multi
1467 1651 1545 1672 eum
1568 1639 1677 1673 secuti
1702 1645 1901 1683 sparserant
1923 1639 2046 1672 falsam
2063 1639 2324 1683 interpretatio-

310 1703 412 1736 etiam
436 1706 538 1742 negat
565 1705 702 1732 sanctos
727 1709 799 1730 esse
829 1697 904 1729 sine
931 1701 1089 1739 peccato,
1132 1700 1166 1727 et
1191 1692 1289 1737 ponit
1314 1704 1317 1745 2
1342 1703 1423 1724 nem
1439 1691 1476 1723 in
1492 1688 1667 1729 Ecclesia,
1694 1696 1830 1723 tantum
1846 1689 2053 1723 ceremoniis
2069 1688 2207 1724 detrahi
2224 1690 2325 1724 iusti-

310 1751 538 1786 memorabile
562 1751 710 1782 dictum:
739 1748 842 1781 Tunc
868 1747 949 1780 iusti
974 1756 1112 1785 sumus,
1149 1744 1289 1789 quando
1315 1759 1318 1793 L
1343 1741 1561 1782 ficationem,
1590 1748 1621 1774 et
1643 1741 1816 1774 finxerant
1840 1738 2002 1774 homines
2024 1741 2093 1784 legi
2115 1741 2324 1782 satisfacere,

311 1815 376 1837 nos
393 1809 589 1847 peccatores
605 1811 676 1833 esse
694 1800 853 1837 fatemur,
882 1806 913 1831 et
931 1797 1064 1829 iusticia
1083 1804 1199 1828 nostra
1218 1806 1291 1827 non
1316 1799 1319 1848 ἰ
1345 1800 1378 1826 et
1407 1793 1516 1825 iustos
1541 1804 1614 1824 esse
1647 1799 1789 1835 propter
1813 1803 1929 1834 opera.
1995 1790 2079 1824 Ideo
2104 1792 2325 1834 Augustinus

313 1866 352 1887 ex
376 1853 519 1898 proprio
542 1851 688 1890 merito,
719 1852 775 1882 sed
803 1862 842 1881 ex
865 1848 928 1881 Dei
946 1846 1182 1879 misericordia
1209 1857 1293 1878 con-
1317 1860 1320 1895 ἦ
1346 1844 1475 1877 diserte
1497 1840 1587 1876 hauc
1614 1842 1853 1887 quaestionem
1875 1848 2000 1875 tractat
2023 1842 2061 1874 in
2085 1842 2176 1875 libro
2195 1843 2237 1875 de
2254 1843 2326 1886 spi-

312 1905 428 1947 tingit.
480 1903 550 1937 Sed
575 1909 692 1946 postea
715 1913 787 1933 non
811 1900 892 1933 satis
916 1899 1016 1931 dicit:
1054 1904 1190 1940 peccata
1213 1908 1294 1928 san—

315 1962 450 1989 ctorum
475 1953 638 1995 intelligit
662 1953 704 1983 de
729 1950 924 1984 actualibus
950 1948 1114 1992 peccatis,
1140 1954 1178 1980 ut
1195 1947 1292 1979 ssam-
1320 1954 1321 1962 ³

315 2006 382 2038 mis
397 2005 608 2043 libidinum,
635 2013 692 2035 aut
711 2002 912 2034 iracundiae
933 2007 965 2033 et
982 1999 1169 2032 similibus.
1214 1996 1294 2030 Non

317 2056 482 2098 intelligit
500 2056 542 2087 de
559 2054 725 2086 interiore
743 2059 775 2085 et
794 2058 959 2095 perpetua
977 2050 1215 2087 dubitatione,
1243 2059 1296 2080 se-

318 2107 481 2143 curitate,
513 2104 804 2145 concupiscentia.
867 2102 1012 2134 Constat
1036 2100 1142 2141 igitur
1168 2099 1297 2131 multos

317 2169 389 2191 esse
406 2157 442 2190 in
459 2156 595 2200 scriptis
611 2153 820 2198 Hieronymi
838 2165 908 2184 non
926 2152 1066 2193 exiguos
1082 2150 1210 2194 lapsus.

667 2235 720 2270 De
745 2234 955 2278 Augustino.
1322 2238 1323 2251 ¹

422 2305 639 2350 Augustinus
662 2304 790 2336 multas
814 2300 1025 2335 necessarias
1043 2301 1297 2334 controversias
1322 2297 1323 2321 1

319 2357 497 2395 tractavit,
530 2355 695 2390 refutavit
719 2354 907 2390 Arrianos‚
942 2349 1189 2390 Manichaeos,
1223 2351 1323 2385 D0-‹

318 2409 460 2441 natistas
488 2414 520 2440 et
544 2406 758 2448 Pelagianos.
811 2403 899 2437 'Nam
926 2402 1138 2444 irrepserant
1162 2402 1228 2434 iam
1259 2403 1296 2435 in

316 2458 507 2492 Ecclesiam
527 2454 788 2500 philosophicae
807 2454 1005 2498 opiniones,
1033 2465 1118 2497 quas
1135 2452 1296 2493 Pelagius
1319 2450 1322 2476 ἕ

316 2508 555 2549 confirmavit,
583 2506 815 2547 Evangelinm
843 2504 1098 2538 transformans
1120 2504 1155 2535 in
1177 2501 1293 2546 philo·
1318 2510 1321 2560 ὲ

316 2557 493 2601 sophiam,
528 2559 760 2590 contendebat
786 2556 878 2588 enim
903 2552 993 2586 nibil
1019 2565 1091 2586 esse
1115 2563 1292 2597 peccatum
1318 2561 1320 2569 ¹

314 2610 481 2653 originis,
521 2605 681 2640 homines
713 2607 778 2648 legi
804 2606 867 2638 Dei
892 2605 1087 2638 satisfacere
1110 2616 1228 2648 posse,
1261 2612 1294 2638 et

316 2661 374 2693 illa
396 2668 537 2693 externa
554 2657 754 2692 obedientia
769 2656 896 2689 mereri
916 2655 1155 2689 remissionem
1172 2668 1291 2700 pecca-

1347 1895 1417 1928 ritu
1442 1900 1474 1926 et
1497 1894 1619 1933 litera,
1661 1900 1693 1926 et
1728 1893 1877 1926 affirmat
1904 1892 2055 1925 Paulum
2081 1892 2327 1926 universaliter

1347 1945 1446 1989 loqui
1471 1945 1574 1977 etiam
1597 1945 1640 1977 de
1670 1943 1881 1983 moralibus,
1919 1954 1998 1975 cum
2026 1950 2128 1985 negat
2157 1954 2225 1976 nos
2254 1943 2327 1986 lege

1348 1996 1458 2029 iustos
1483 2006 1567 2028 esse.
1624 1994 1709 2027 ltem
1733 2000 1837 2037 negat
1861 1991 2022 2027 homines
2046 1993 2113 2036 legi
2132 1993 2328 2027 satisfacere

1349 2045 1452 2080 Rom.
1480 2046 1591 2088 capite
1608 2045 1642 2080 8,

1450 2095 1549 2128 Hanc
1567 2094 1844 2128 admonitionem
1861 2094 2072 2137 Augustini,
2101 2101 2134 2129 et
2159 2093 2254 2128 hunc
2276 2096 2328 2128 lo-

1322 2188 1323 2191 *
1350 2159 1428 2180 cum
1446 2147 1556 2189 ipsius
1574 2146 1766 2190 plurimum
1783 2145 1889 2178 refert
1905 2145 2122 2186 meminisse,
2146 2146 2228 2191 quia
2247 2158 2325 2180 cum

1350 2197 1439 2230 ratio
1462 2209 1533 2229 non
1564 2196 1646 2230 satis
1676 2196 1861 2239 perspiciat
1893 2196 2171 2238 magnitudinem
2199 2197 2328 2239 peccati

1322 2278 1324 2288 ,
1351 2248 1516 2290 originis,
1542 2254 1574 2280 et
1591 2246 1761 2280 naturalis
1785 2246 2039 2290 corruptionis,
2065 2246 2166 2279 facile
2193 2247 2328 2280 delabi-

1322 2329 1324 2339 ‚
1349 2306 1408 2332 tur
1427 2299 1469 2331 ad
1490 2298 1567 2330 illas
1586 2298 1789 2341 opiniones,
1817 2303 1858 2330 ut
1882 2303 1980 2340 putet
2003 2296 2069 2339 legi
2094 2297 2271 2337 satisfieri,
2296 2304 2329 2331 et

1351 2347 1510 2383 homines
1535 2357 1677 2392 propter
1693 2359 1796 2391 opera
1816 2347 1924 2380 iustos
1949 2358 2030 2380 esse.
2084 2346 2134 2381 lta
2153 2360 2171 2381 e
2188 2347 2329 2391 regione

1349 2401 1557 2433 obscuratur
1574 2407 1606 2432 et
1625 2399 1798 2432 amittitur
1818 2398 1953 2431 iusticia
1977 2398 2057 2430 fidei
2078 2404 2110 2432 et
2130 2411 2210 2432 vera
2231 2411 2327 2432 exer-

1348 2451 1428 2484 citia
1459 2450 1653 2494 spiritualia
1688 2449 1927 2489 excutiuntur,
1961 2448 2091 2482 scilicet
2122 2461 2201 2482 vera
2226 2449 2330 2482 invo-

1347 2503 1456 2542 catio,
1485 2513 1588 2545 quam
1605 2506 1742 2543 oportet
1759 2499 1823 2532 niti
1840 2499 1912 2532 sola
1928 2498 2180 2535 misericordia.
2230 2499 2328 2534 Sicut

1347 2564 1441 2585 nunc
1476 2552 1679 2584 deridemur
1706 2551 1750 2582 ab
1778 2550 2002 2589 adversariis,
2037 2551 2097 2594 qui
2121 2551 2245 2583 volunt
2275 2551 2329 2582 vi·

1346 2603 1422 2636 deri
1457 2601 1728 2646 prudentiores,
1770 2612 1809 2634 ac
1844 2600 2080 2633 vociferantur
2115 2613 2180 2634 nos
2211 2600 2328 2644 inepte

1346 2664 1549 2698 exaggerare
1581 2651 1847 2692 infirmitatem,
1891 2657 1923 2685 et
1955 2650 2104 2685 ridicule
2144 2648 2327 2685 detrahere
