2415 2942
314 111 388 146 979

420 189 510 225 Ecce
534 200 595 232 ego
619 187 800 220 vobiscum
818 182 902 218 ¹sum
932 194 1043 228 usque
1067 183 1109 216 ad
1135 193 1298 216 consum-

321 244 511 277 mationem
538 239 656 273 seculi.

423 292 525 325 ltem:
552 288 646 323 Oves
664 299 761 320 meae
779 297 896 319 vocem
913 296 1025 318 meam
1042 283 1203 318 audiunt.
1248 282 1299 315 Ac

323 354 458 385 semper
490 353 561 374 esse
584 340 719 383 aliquos
744 338 869 369 electos
895 342 1064 369 testantur
1087 332 1171 368 haec
1195 334 1299 373 dicta,

325 392 451 427 Mauh.
475 392 545 426 14.:
574 391 611 423 lu
629 391 779 422 adventu
797 388 858 419 silii
878 384 1032 419 bominis
1049 387 1119 418 (luo
1143 391 1246 417 erunt
1264 385 1299 416 in

323 456 422 484 agro,
447 455 536 476 uuus
560 447 772 475 assumetur,
800 438 887 471 alter
909 437 1140 480 relinquetur.
1195 434 1298 468 Item:

326 494 472 537 Propter
508 493 633 525 electos
667 489 969 522 abbreviabuntur
1005 485 1041 519 hi
1082 487 1166 520 (lies.
1230 484 1301 517 Nec

325 552 405 578 sunt
437 544 534 576 electi
571 550 662 575 extra
693 548 828 572 coetum
860 545 1062 571 vocatorum
1097 534 1302 581 quaerendi,

325 597 381 628 sed
402 595 623 628 retinendum
641 598 690 624 est
706 588 965 623 dictumPauli:
994 587 1092 630 Quos
1109 587 1221 629 elegit,
1239 583 1302 618 lios

594 643 697 681 ltem⁷
741 638 861 673 lolian.
888 639 938 674 8.:
975 638 1045 680 Qui
1070 644 1119 670 est
1147 649 1186 669 ex
1213 636 1302 678 Deo,

326 697 469 729 verbum
496 695 559 727 Dei
583 693 693 726 audit.
746 690 790 723 lit
815 697 956 733 propter
982 688 1086 721 talem
1111 687 1301 720 Ecclesiam

325 753 508 779 servantur
539 745 677 789 aliquae
711 741 879 784 politiae,
930 749 1130 783 quanquam
1175 737 1302 781 passim

324 799 413 830 liunt
455 807 598 838 magnae
639 792 795 836 gentium
836 789 1083 833 dissipationes
1116 795 1148 822 et
1191 794 1304 820 vasta-

323 848 447 881 tiones.

426 896 586 930 Secunda
611 892 816 927 admonitio.
870 890 937 924 Sed
963 891 1074 930 dices,
1108 886 1193 921 baec
1220 900 1304 920 con-

325 949 447 982 solatio
468 959 505 979 eo
531 946 691 990 prodest,
720 943 815 988 quod
839 941 909 974 scio
935 942 1012 974 aliis
1036 940 1167 973 servari
1184 938 1305 972 Eccle-

325 1000 428 1040 siam,
462 996 617 1030 fortassis
643 1001 756 1028 autem
780 991 868 1025 mihi
898 993 933 1024 id
959 989 1051 1024 nihil
1076 991 1236 1034 prodest,
1273 995 1306 1022 ct

324 1050 501 1095 quomodo
520 1048 624 1080 sciam
642 1045 702 1090 qui
717 1045 785 1077 sint
802 1043 927 1076 electi?
966 1041 1198 1085 Respondeo:
1221 1039 1305 1072 Tibi

325 1112 464 1146 quoque
490 1097 573 1131 haec
599 1095 769 1140 generalis
797 1093 990 1127 consolatio
1017 1093 1178 1136 prodest,
1224 1090 1305 1135 quia

325 1152 466 1184 credere
490 1150 594 1182 debes
619 1147 683 1180 tibi
710 1156 849 1190 quoque
876 1143 1004 1176 servari
1029 1141 1241 1181 Ecclesiam,
1274 1147 1306 1173 et

324 1203 529 1234 mandatum
554 1198 618 1232 Dei
642 1204 822 1230 aeternum
844 1201 877 1228 et
894 1195 1077 1227 immotum
1102 1199 1171 1234 est,
1206 1198 1245 1225 ut
1269 1198 1306 1224 tu

326 1264 465 1297 quoque
483 1250 603 1283 audias
619 1249 747 1285 filium,
768 1257 847 1288 agas
866 1245 1117 1288 poenitentiam
1139 1250 1170 1276 et
1187 1243 1307 1275 credas

326 1312 358 1335 te
381 1302 487 1345 recipi
505 1313 523 1334 a
539 1299 612 1333 Deo
637 1304 779 1342 propter
802 1296 1047 1335 mediatorem,
1075 1294 1152 1328 talis
1170 1306 1247 1326 cum
1273 1303 1307 1325 es

326 1354 507 1386 discedens
533 1363 572 1383 ex
594 1347 657 1382 hac
683 1349 772 1387 vita,
809 1352 942 1379 certum
965 1353 1014 1378 est
1037 1352 1070 1378 te
1094 1345 1130 1376 in
1159 1355 1306 1375 numero

328 1405 516 1438 electorum
545 1412 634 1440 esse,
671 1399 760 1432 sicut
790 1397 957 1439 scriptum
984 1403 1049 1430 est:
1079 1394 1178 1436 Quos
1207 1393 1307 1426 iusti-

327 1456 424 1494 ficat,
457 1453 594 1486 eosdem
621 1456 652 1482 et
677 1447 856 1491 glorificat.

431 1504 533 1537 Item:
576 1500 676 1533 Beati
701 1498 855 1537 mortui,
896 1496 957 1541 qui
983 1496 1019 1528 in
1046 1493 1204 1529 Domino
1230 1504 1308 1525 mo-

326 1556 479 1589 riuntur.

431 1604 517 1638 Item
531 1630 538 1643 ,
557 1601 700 1645 Apocal.
716 1600 768 1633 2:
797 1596 881 1631 Esto
900 1595 1011 1629 fidelis
1029 1605 1139 1640 usque
1154 1594 1195 1626 ad
1214 1605 1309 1626 mor-

329 1665 417 1697 tem,
446 1662 478 1688 et
497 1654 587 1687 dabo
607 1652 669 1685 tibi
691 1660 868 1684 coronam.

432 1706 531 1748 Item,
551 1706 584 1738 2.
602 1699 763 1736 Corinth.
781 1697 833 1734 5.:
861 1697 1183 1742 Superinduemur,
1211 1695 1239 1728 si
1257 1701 1310 1728 ta-

331 1770 411 1791 men
437 1768 508 1789 non
533 1754 618 1787 nudi
645 1752 871 1796 reperiemur.

431 1807 488 1841 Sic
515 1804 649 1850 quoties
673 1803 865 1845 cogitamus
888 1800 931 1832 de
948 1797 1135 1837 electione,
1172 1796 1309 1829 intuea—

332 1871 412 1892 mur
434 1858 579 1890 verbum
604 1854 670 1887 Dei
700 1854 909 1893 revelatum,
946 1848 1182 1888 vocationem,
1210 1858 1310 1879 man-

334 1911 452 1943 datum
471 1910 512 1941 de
530 1905 704 1939 audiendo
729 1902 938 1944 Evangelio,
967 1901 1009 1932 de
1036 1898 1248 1942 poenitentia
1277 1904 1309 1930 ot

335 1962 377 1992 (le
395 1960 473 1992 fule.

335 2011 431 2043 electi
452 2015 549 2045 sunt,
572 2013 605 2039 et
623 2007 669 2038 ita
689 2012 768 2038 sunt
788 2003 906 2041 electi,
929 2009 967 2035 ut
983 2005 1172 2043 agnoscant
1187 1999 1309 2038 filium,

334 2063 376 2093 ad
402 2072 479 2093 eum
505 2057 725 2099 confugiant,
758 2062 790 2087 et
816 2056 857 2086 de
882 2051 935 2085 his
959 2050 1242 2093 confugientibus
1266 2051 1308 2081 ad

335 2113 449 2155 ipsum
467 2109 639 2153 loquitur,
668 2118 745 2139 cum
767 2106 830 2138 ait:
860 2103 970 2136 Nemo
989 2101 1099 2145 rapiet
1117 2112 1198 2133 oves
1218 2111 1309 2132 meas

335 2175 374 2195 ex
401 2161 562 2194 manibus
585 2158 680 2190 meis.

335 2214 408 2244 eius
437 2212 619 2249 audimus,
659 2209 752 2240 iuxta
784 2205 992 2249 praecedens
1022 2202 1170 2235 dictum:
1213 2199 1310 2234 Oves

335 2275 430 2296 meae
458 2272 575 2294 vocem
598 2270 709 2291 meam
733 2257 892 2290 audiunt.

324 654 357 679 et
384 645 530 679 xocavit.

436 2311 558 2345 Tertia
574 2309 778 2342 admonitio,
812 2306 899 2340 Cum
917 2305 1046 2338 dictum
1064 2303 1125 2343 sit,
1153 2313 1309 2335 necessa·
1336 2334 1337 2338 ,

335 2364 387 2396 rio
412 2362 636 2395 iudicandum
655 2371 726 2392 esse
744 2360 783 2391 ile
805 2358 984 2390 voluntate
1002 2354 1066 2387 Dei
1085 2366 1123 2386 ex
1143 2354 1248 2386 verbo
1266 2354 1309 2385 al)

336 2416 410 2457 ipso
437 2413 581 2451 traditu,
623 2423 696 2442 non
723 2422 761 2442 ex
789 2405 1099 2448 imaginationibus
1128 2401 1308 2442 humanis,
1335 2443 1337 2445 ‚

336 2464 485 2497 tenenda
513 2469 561 2494 est
581 2462 682 2494 etiam
707 2458 790 2492 haec
813 2458 946 2500 regula:
975 2455 1055 2489 Non
1078 2466 1148 2487 esse
1173 2466 1307 2497 ponen-

336 2517 396 2547 ‹las
413 2512 698 2547 contradictorias
716 2511 911 2543 voluntates
930 2508 966 2540 in
987 2505 1080 2545 Deo,
1110 2505 1190 2549 quia
1214 2504 1308 2537 Deus

335 2577 436 2597 verax
462 2570 520 2595 est.
575 2561 662 2594 Cum
688 2562 792 2601 igitur
818 2559 1001 2602 promissio
1027 2557 1069 2589 sit
1098 2555 1305 2587 universalis

335 2623 365 2648 et
391 2614 556 2657 gratuita,
590 2619 622 2644 et
649 2612 870 2643 manifestum
895 2610 954 2647 sit,
989 2607 1190 2641 mandatum
1215 2605 1305 2637 divi-

335 2679 417 2699 num
442 2671 619 2699 aeternum
645 2669 676 2694 et
704 2661 885 2693 immotum
909 2671 997 2700 esse,
1025 2665 1063 2692 ut
1087 2656 1159 2690 filio
1183 2656 1303 2690 creda·
1331 2666 1334 2700 ς
1359 2667 1483 2689 errare.

914 96 1039 134 PHIL.
1067 95 1182 132 MEL.
1209 92 1419 131 SCRIPTA
1447 92 1745 132 EXEGETICAa

526 1956 617 1999 Quia
637 1966 756 1987 omnes
780 1952 936 1986 salvandi
956 1956 1097 1994 propter
1115 1949 1224 1981 filium
1243 1947 1309 1980 Dei
1335 1955 1337 1978 ἶ

1336 2053 1337 2059 ’
1363 2049 1420 2081 sed
1439 2048 1592 2091 ipsorum
1611 2045 1806 2080 homiuum.

734 2156 791 2190 Sic
815 2165 932 2187 sumus
957 2164 1056 2191 oves,
1086 2163 1163 2184 cum
1189 2162 1309 2183 vocem
1335 2176 1337 2184 ,

2253 100 2328 135 980

1352 191 1444 222 πως,
1477 181 1755 224 obtemperemus
1782 179 1864 215 huic
1888 183 2070 224 mandato,
2108 190 2141 218 et
2168 184 2329 220 includa-

1353 243 1429 265 mus
1459 243 1522 265 nos
1549 243 1688 275 quoque
1714 232 1751 264 in
1776 233 2042 276 promissionem
2078 235 2328 269 universalem:

1353 280 1507 327 (Venite
1531 283 1573 314 ad
1601 293 1655 314 me
1679 280 1825 328 omnes)
1854 290 1886 316 et
1910 295 1983 316 eam
2010 286 2050 318 ad
2073 298 2136 319 nos
2157 287 2329 330 pertinere

1353 339 1554 366 statuamus,
1608 331 1683 365 llac
1708 333 1774 365 lide
1801 334 1860 377 qni
1878 345 1912 366 se
1930 341 2126 369 sustentant
2149 337 2330 370 disceden—

1354 389 1403 440 tes
1421 395 1460 415 ex
1478 380 1540 415 bac
1558 383 1627 416 vita
1640 410 1648 423 ‚
1675 383 1832 417 sentiunt
1851 384 2142 426 consolationem,
2169 399 2256 431 quae
2280 395 2330 421 est

1355 434 1494 466 nntium
1525 434 1614 466 vitae
1639 440 1816 471 aeternae,
1856 434 1949 467 iuxta
1975 435 2125 468 dictum:
2161 435 2255 471 Haec
2279 446 2330 471 est

1355 484 1424 516 vita
1450 491 1611 523 aeterna,
1649 491 1688 517 ut
1711 491 1899 526 agnoscant
1920 491 1954 518 te
1979 484 2093 519 Deum
2122 498 2243 520 verum
2269 494 2331 522 etc.

1355 533 1459 566 Tales
1477 541 1559 567 sunt
1576 535 1610 566 in
1628 546 1774 567 numero
1792 535 1994 571 electorum.

1455 583 1521 617 Sed
1550 585 1669 618 obiicit
1693 585 1828 629 trepida
1853 597 1964 618 mens:
1994 585 2073 620 Non
2093 599 2233 630 possum
2257 600 2330 622 cre-

1356 635 1461 688 dere,
1495 634 1563 667 nisi
1592 634 1665 668 Deo
1693 635 1796 668 fidem
1825 637 2047 670 accendente.
2099 636 2332 682 Respondeo:

1358 684 1489 717 Yerum
1516 692 1565 718 est
1591 684 1750 718 homines
1774 698 1791 718 a
1818 685 1892 719 Deo
1916 684 2026 728 trabi,
2060 689 2116 720 sed
2143 686 2332 723 trahuntur

1357 747 1418 779 per
1438 747 1556 767 vocem
1573 733 1774 779 Evangelii,
1802 737 1857 769 cui
1882 737 1955 770 vult
1982 744 2014 770 te
2039 736 2133 771 Deus
2158 739 2333 780 assentiri,

1358 793 1391 818 et
1426 786 1530 818 simul
1565 792 1682 829 petere
1716 788 1906 827 auxilium,
1941 788 2029 820 sicut
2063 789 2230 832 scriptum
2267 797 2332 824 est:

1359 836 1502 878 Quanto
1519 837 1626 878 magis
1643 837 1739 870 dabit
1756 837 1926 881 Spiritum
1946 846 2102 872 sanctum
2122 841 2332 883 petentibus.

1357 886 1436 919 Non
1467 886 1575 928 igitur
1599 898 1768 930 repugnes
1800 886 2010 930 Evangelio,
2052 901 2123 922 non
2151 890 2333 934 indulgeas

1358 936 1595 977 diffidentiae,
1622 948 1694 969 non
1719 937 1863 980 cogites,
1890 946 1929 971 ut
1953 941 2130 973 somniant
2154 938 2334 974 enthusia—

1359 995 1447 1027 stae‚
1481 988 1732 1031 expectandum
1764 999 1835 1021 esse
1861 988 2054 1022 violentum
2079 996 2231 1031 motum,
2264 1004 2333 1036 quo

1359 1045 1392 1071 te
1422 1037 1534 1081 rapiat
1563 1037 1658 1071 Deus
1687 1038 1790 1071 etiam
1815 1046 2084 1082 repugnantem,
2130 1048 2163 1074 et
2205 1041 2332 1075 iterum

1358 1094 1517 1122 ruentem
1542 1087 1579 1121 in
1603 1089 1748 1128 scelera,
1775 1089 1836 1122 sed
1861 1090 2058 1123 assentiaris
2082 1091 2159 1124 voci
2182 1092 2335 1133 divinae,

1359 1146 1392 1173 et
1414 1139 1518 1172 simul
1542 1139 1651 1182 petito
1677 1139 1865 1180 auxilium,
1908 1140 1997 1174 sicut
2029 1141 2089 1174 ille
2115 1143 2209 1185 apud
2236 1141 2335 1176 Mar-

1359 1201 1456 1223 cum:
1493 1188 1605 1223 Credo
1629 1188 1800 1230 Domine,
1835 1191 1894 1222 sed
1910 1202 2010 1234 opem
2030 1192 2080 1224 fer
2101 1192 2335 1227 imbecillitati

1359 1252 1465 1275 meae.
1520 1239 1595 1273 Hoc
1613 1252 1690 1273 cum
1709 1241 1764 1279 fit,
1800 1248 1932 1274 certum
1949 1248 1998 1275 est
2014 1248 2046 1275 te
2063 1255 2079 1275 a
2098 1244 2169 1276 Deo
2187 1241 2279 1276 trahi
2303 1251 2336 1277 et

1360 1291 1536 1331 adiuvari,
1572 1292 1661 1325 sicut
1684 1291 1791 1324 iurat:
1822 1290 1912 1324 Vivo
1929 1303 2008 1335 ego,
2041 1293 2125 1327 dicit
2149 1292 2337 1336 Dominus,

1361 1342 1443 1373 nolo
1465 1348 1614 1374 mortem
1641 1342 1848 1384 peccatoris,
1887 1344 1946 1375 sed
1978 1349 2016 1376 ut
2045 1351 2270 1378 convertatur
2303 1353 2337 1379 et

1361 1392 1468 1427 vivat,
1522 1391 1562 1423 In
1589 1389 1678 1424 hanc
1709 1392 1914 1424 sententiam
1945 1399 1977 1426 et
2005 1391 2089 1427 haec
2121 1394 2212 1427 dicta
2240 1401 2336 1428 sunt:

1360 1441 1456 1473 Deus
1480 1439 1607 1481 trahit,
1643 1442 1700 1474 sed
1727 1442 1900 1474 volentem
1927 1440 2046 1478 trahit.
2101 1442 2204 1477 Item:
2241 1444 2338 1478 Tan-

1362 1499 1435 1524 tum
1453 1492 1558 1532 velis,
1586 1498 1618 1524 et
1634 1490 1728 1524 Deus
1751 1493 2005 1535 praeoccurrit,
2033 1499 2068 1526 ut
2084 1492 2236 1528 Basilius
2254 1495 2339 1528 dicit

1363 1541 1399 1574 in
1425 1542 1593 1574 concione
1617 1542 1660 1574 de
1683 1541 1755 1574 filio
1779 1543 1944 1585 prodigo,
1975 1543 2030 1575 cui
2055 1545 2217 1578 redeunti
2240 1553 2339 1588 pater

1362 1592 1501 1625 obviam
1527 1592 1683 1635 procedit
1701 1598 1733 1624 et
1751 1592 1882 1626 involat
1900 1593 1937 1624 in
1961 1593 2192 1636 complexum.
2243 1594 2340 1629 Haec

1362 1642 1510 1676 dicimus
1527 1643 1568 1674 ad
1584 1641 1816 1675 consolandos
1835 1653 1908 1683 eos,
1943 1643 2003 1687 qui
2019 1651 2101 1677 sunt
2118 1644 2155 1676 in
2171 1642 2339 1688 Ecclesia,

1365 1700 1396 1727 et
1414 1704 1449 1726 se
1470 1693 1671 1735 intelligunt
1696 1693 1813 1725 vocari
1839 1704 1921 1726 voce
1938 1691 2138 1737 Evangelii,
2165 1701 2197 1728 et
2214 1696 2338 1731 volunt

1363 1743 1531 1778 converti.
1586 1743 1623 1777 Si
1647 1743 1708 1787 qui
1724 1750 1838 1777 autem
1862 1744 1937 1776 sine
1960 1745 2174 1786 poenitentia
2198 1755 2340 1781 movent

1363 1794 1518 1828 curiosas
1541 1794 1780 1839 quaestiones,
1805 1806 1884 1828 cum
1909 1794 2038 1828 talibus
2062 1796 2190 1830 frustra
2215 1797 2337 1842 dispu-

1363 1852 1469 1879 tatur.

1465 1895 1569 1938 Quod
1596 1902 1711 1929 autem
1736 1895 1842 1938 longo
1867 1901 2022 1939 tempore
2044 1903 2161 1940 gentes
2184 1898 2220 1931 in
2238 1898 2337 1942 igno-

1362 1946 1476 1980 rantia
1500 1947 1680 1986 vixerunt,
1706 1953 1764 1979 aut
1790 1958 1884 1978 nunc
1907 1959 2046 1992 quoque
2069 1949 2198 1982 multae
2220 1956 2338 1992 gentes

1363 2009 1504 2041 prorsus
1521 1999 1682 2039 ignorant
1701 1995 1950 2039 Evangelium,
1977 1999 2077 2042 culpa
2095 2006 2145 2032 est
2167 2011 2238 2032 non
2257 1999 2336 2041 Dei,

1859 2046 1951 2089 Quia
1970 2046 2064 2082 Deus
2077 2060 2212 2093 semper
2228 2050 2265 2083 in
2281 2062 2339 2094 ge—

1363 2110 1445 2131 nere
1467 2096 1621 2131 humano
1641 2095 1783 2138 habuit,
1814 2105 1845 2131 et
1864 2095 1969 2131 habet
1985 2097 2197 2141 Ecclesiam,
2224 2108 2258 2134 et
2279 2113 2337 2134 ve-

1362 2150 1415 2182 lut
1440 2160 1552 2182 arcem
1578 2148 1614 2180 in
1641 2149 1772 2181 excelso
1798 2149 1873 2181 loco
1898 2149 2059 2189 collocat,
2086 2163 2190 2195 quam
2215 2152 2337 2185 audire

1363 2198 1522 2233 homines
1536 2199 1727 2241 debebant,
1747 2200 1805 2232 sed
1824 2200 1988 2232 omnibus
2003 2202 2218 2244 temporibus
2235 2203 2336 2237 multi

1362 2257 1443 2284 sunt
1459 2249 1576 2293 impii,
1601 2250 1660 2294 qui
1679 2250 1800 2283 audire
1814 2262 1932 2283 vocem
1950 2250 2012 2282 filii
2030 2250 2093 2284 Dei
2112 2263 2184 2285 non
2201 2253 2337 2293 volunt,

1362 2302 1404 2334 de
1423 2300 1550 2345 quibus
1569 2301 1699 2333 dictum
1720 2307 1784 2333 est:
1812 2299 2033 2334 Osculamini
2057 2302 2178 2336 filium.
2234 2303 2337 2337 Item:

1362 2350 1467 2385 Hunc
1483 2352 1609 2386 audite.
1656 2350 1860 2385 Accusanda
1878 2357 1928 2384 est
1945 2351 2052 2393 igitur
2067 2350 2250 2386 hominum
2269 2355 2335 2387 im-

1363 2403 1486 2486 pietaISJ:
1521 2413 1585 2435 nos
1607 2414 1688 2435 vero
1714 2402 1861 2436 sciamus
1885 2402 2096 2436 audiendam
2122 2415 2193 2437 esse
2217 2417 2335 2438 vocem

1361 2453 1424 2486 filii
1485 2453 1526 2487 ei.

1460 2503 1563 2536 Nunc
1587 2503 1627 2536 ad
1655 2509 1783 2535 textum
1812 2502 1925 2536 venio.
1978 2502 2090 2547 Supra
2114 2511 2228 2539 autem
2253 2506 2336 2547 dixt,

1334 2566 1335 2574 ¹
1360 2565 1465 2598 quare
1492 2551 1548 2586 hic
1572 2554 1809 2598 quaestionem
1833 2554 1875 2585 de
1894 2551 2046 2587 Ecclesia
2067 2563 2223 2597 moveat,
2251 2557 2332 2601 quia

1333 2617 1334 2622 ¹
1360 2603 1479 2637 ludaei
1504 2604 1747 2646 disputabant,
1782 2615 1816 2636 se
1840 2616 1918 2636 cum
1947 2605 2018 2638 sint
2047 2604 2220 2648 Ecclesia,
2259 2618 2331 2640 non

1543 2654 1747 2698 Respondet
1777 2653 1924 2697 Paulus,
1964 2656 2229 2692 discernendam
2260 2669 2331 2692 esse
