2415 2942
210 55 283 92 515
800 48 922 84 run„
950 47 1065 86 MEL.
1091 46 1303 85 SCR1PTA
1329 45 1629 84 EXEGETtCA.
2153 46 2229 84 516

215 153 301 175 voco
321 141 363 174 ad
381 146 544 172 sanorum
561 140 594 168 et
608 133 828 168 eruditorum
845 133 994 175 iudicia,
1023 133 1085 180 qui
1107 133 1198 168 rela-

216 194 287 227 tiva
305 189 496 224 secuudum
517 185 605 226 diei,
631 192 671 218 ut
687 191 878 226 vocantur,
911 185 1138 229 intelligunt,
1164 192 1199 220 et

218 241 506 276 animadvertunt
535 235 614 280 quis
643 235 687 268 sit
718 247 801 269 usus
841 233 966 269 harum
1006 236 1198 279 puerilium

218 289 504 336 praeceptionum
530 287 565 318 in
590 286 839 319 controversiis
863 287 1098 329 gravioribus.
1154 285 1200 321 Ut

219 343 324 383 igitur
341 338 424 372 haec
444 338 555 370 oratio
574 337 780 370 correlative
796 337 1022 381 intelligitur:
1052 336 1199 371 Fiducia

218 390 372 425 thesauri
398 388 451 422 sui
476 388 573 420 dives
599 394 649 420 est
674 388 865 432 tranquillo
891 388 1009 421 animo
1027 388 1064 421 in
1088 400 1201 421 anuo-

220 453 286 476 nae
304 439 527 476 difficultate,
556 439 590 470 id
610 445 682 476 est,
711 445 852 482 propter
870 436 1073 472 thesaurum
1097 449 1200 472 suum

220 493 318 526 dives
339 498 389 523 est
412 489 603 533 tranquillo
630 489 764 522 animo:
803 489 850 522 ita
874 502 953 523 cum
968 489 1083 523 audis:
1115 488 1202 522 Fide

220 542 469 580 iustificamur,
496 552 576 572 mox
607 539 723 572 veniat
749 539 786 572 in
811 547 961 574 mentem
985 540 1202 578 correlafiva,

223 593 292 626 l‘er
314 591 589 624 misericordiam
615 598 756 634 propter
775 588 956 624 Christum
992 591 1073 623 iusti
1099 601 1203 632 repu—

222 651 347 676 tamur.
400 641 482 674 Ideo
505 641 597 674 enim
624 641 752 674 dicitur
777 640 881 681 Fide,
914 641 950 673 id
975 647 1043 680 est,
1078 638 1204 672 fiducia

224 688 258 726 C
275 690 297 725 Ιι
319 705 336 724 r
353 692 365 725 i
382 697 425 726 st
445 691 475 731 i,
522 703 582 723 seu
612 690 736 723 fiducia
771 690 1031 723 misericordiae
1062 696 1206 733 propter

223 742 401 777 Christum
429 742 638 786 promissae,
675 741 755 774 iusti
785 752 915 774 sumus,
982 741 1034 772 Ac
1059 739 1206 772 memini

225 794 410 839 aliquoties
435 804 487 824 me
512 792 764 833 interrogatum
792 802 882 831 esse,
922 802 984 823 cur
1015 791 1205 823 dicendum

227 846 286 878 sit:
315 844 400 877 fide
424 854 542 875 sumus
569 842 669 881 iusti,
705 841 732 873 si
762 841 910 874 velimus
935 838 1119 874 homiuum
1147 852 1208 884 per

227 893 499 928 inisericordiam
535 902 607 924 esse
644 892 787 925 iustum.
848 890 905 924 Ad
937 891 973 924 id
1002 892 1207 935 respondeo,

228 945 290 979 has
314 956 385 977 esse
413 942 636 976 correlativas
653 942 844 975 orationes:
875 941 960 975 Fide
977 953 1097 975 sumus
1114 942 1208 981 iusti,

229 1004 276 1029 ct:
305 995 372 1027 Per
387 993 662 1027 misericordiam
682 1004 800 1026 sumus
818 992 910 1026 iusti.
975 991 1045 1026 Sed
1071 1004 1208 1025 necesse

229 1054 280 1079 est
305 1045 385 1078 fidei
412 1044 625 1077 mentionem
653 1043 743 1082 fieri,
784 1043 864 1088 quia
888 1050 1029 1087 oportet
1054 1042 1208 1088 aliquem

229 1103 365 1130 motum
394 1107 485 1135 esse,
510 1106 579 1139 quo
598 1095 786 1138 accipimus
804 1105 950 1135 munus,
977 1100 1010 1127 et
1026 1094 1131 1127 nobis
1147 1106 1209 1138 ap-

230 1148 412 1192 plicamuS.
465 1144 511 1179 Et
536 1157 614 1178 cum
636 1145 737 1177 fidem
766 1145 1008 1185 nominamus,
1036 1156 1133 1177 meus
1154 1145 1209 1177 in-

231 1205 370 1232 tucatur
385 1194 564 1230 Christum
576 1221 586 1238 ‚
615 1201 647 1227 et
664 1196 789 1238 cogitet
806 1196 993 1238 gratuitam
1012 1195 1210 1228 misericor-

233 1250 325 1281 diam
354 1254 495 1291 propter
521 1258 599 1279 eum
628 1246 853 1289 promissam,
894 1258 932 1278 ac
955 1252 1083 1279 statuas
1108 1253 1140 1279 te
1157 1246 1212 1279 iu-

233 1306 324 1332 stum
350 1297 522 1342 reputari,
557 1308 629 1329 non
658 1303 800 1339 propter
830 1296 919 1329 ullas
952 1302 1029 1329 tuas
1057 1296 1213 1335 virtutes,

236 1362 295 1382 seu
316 1349 489 1388 actiones,
518 1348 574 1379 sed
595 1354 736 1390 propter
755 1346 847 1379 aliud
868 1352 961 1378 extra
978 1358 1059 1386 nos,
1090 1346 1214 1379 videli-

237 1407 307 1439 cet,
336 1406 477 1443 propter
495 1395 673 1431 ChrIstum
698 1397 946 1436 mediatorem,
972 1397 1149 1429 sedentem
1173 1397 1213 1429 ad

238 1452 392 1483 dextram
411 1449 535 1492 patris,
552 1447 832 1490 interpellantem
852 1459 913 1490 pro
931 1447 1042 1481 nobis.
1080 1447 1215 1480 Interea

238 1500 295 1534 liic
322 1502 392 1544 ipse
417 1506 532 1531 motus
560 1498 638 1530 fidei
662 1498 699 1530 in
725 1497 850 1530 animis
881 1497 1030 1536 nostris,
1066 1509 1138 1529 non
1165 1504 1214 1530 est

239 1553 347 1585 otiosa.
369 1549 551 1592 cogitatio,
579 1549 636 1581 sed
655 1549 808 1581 luctatur
826 1559 904 1580 cum
924 1547 1117 1580 terroribus
1140 1559 1218 1590 pec-

239 1603 326 1644 cati,
353 1613 430 1634 cum
448 1606 578 1639 morte,
605 1599 748 1632 dimicat
770 1610 848 1631 cum
871 1597 1031 1636 diabolo,
1058 1598 1118 1642 qui
1137 1595 1220 1630 hor-

242 1653 407 1687 ribilibus
424 1651 536 1683 modis
553 1656 735 1693 oppugnat
753 1648 907 1681 infirmas
927 1655 1077 1689 mentes,
1101 1656 1139 1681 ut
1166 1648 1219 1680 vel

243 1705 284 1737 ad
306 1708 520 1736 contemtum
537 1700 622 1741 Dei,
652 1700 706 1732 vel
724 1700 765 1732 ad
785 1699 1061 1743 desperationem
1082 1710 1136 1732 eas
1152 1699 1222 1731 im-

242 1755 369 1799 pellat:
399 1754 485 1785 sicut
505 1752 612 1791 Cain,
640 1750 743 1790 Saul,
771 1749 892 1790 Iudas,
924 1756 956 1783 et
982 1749 1222 1782 innumerabi-

245 1807 293 1838 les
322 1804 401 1843 alii,
444 1810 628 1847 postquam
655 1807 852 1834 statuerunt
874 1812 908 1833 se
933 1812 950 1833 a
975 1798 1049 1832 Deo
1073 1800 1226 1833 abiectos

244 1867 333 1895 esse,
360 1856 518 1887 furenter
537 1854 687 1885 oderunt
710 1849 808 1884 Dea
818 1863 863 1884 m.
925 1849 997 1884 Alii
1014 1851 1102 1884 fiunt
1120 1848 1226 1884 Athei

247 1919 307 1940 seu
324 1903 507 1948 Epicurei,
535 1910 573 1936 ut
590 1901 745 1943 Pharao,
782 1914 859 1935 cum
881 1901 917 1934 in
938 1902 1071 1944 magnis
1089 1914 1225 1935 aerum-

247 1958 302 1990 nis
327 1962 557 1999 aspernantur
589 1954 735 1986 verbum
761 1952 846 1992 Dei,
885 1959 917 1986 et
952 1952 1225 1985 consolationem

249 2008 423 2041 divinam:
452 2017 514 2037 nec
531 2010 724 2037 sustentant
739 2015 773 2036 se
792 2004 877 2043 fide,
905 2003 962 2035 sed
983 2002 1081 2035 fracti
1102 2002 1229 2034 animis

249 2060 376 2092 cedunt
409 2055 569 2094 diabolo,
611 2055 699 2087 sicut
730 2054 909 2086 clamitant
936 2053 1035 2096 impii
1065 2053 1101 2085 in
1125 2053 1229 2086 rebus

251 2108 420 2142 adversis:
450 2106 541 2139 Sunt
558 2105 660 2137 nobis
680 2105 774 2136 nulla
796 2104 950 2147 profecto
969 2103 1127 2143 numina,
1151 2115 1228 2135 cum

252 2172 351 2192 cacco
379 2157 558 2200 rapiantur
590 2155 702 2188 secula
730 2167 820 2187 casu.
889 2153 957 2186 Sed
990 2154 1048 2197 qui
1081 2154 1229 2186 audiunt

254 2209 501 2250 Evangvtium,
535 2207 595 2250 qui
621 2213 751 2238 norunt
775 2204 839 2237 Dei
863 2215 966 2247 opera
991 2215 1061 2235 esse
1078 2231 1085 2243 ,
1120 2205 1230 2236 dedu-

255 2273 329 2292 xere
348 2261 389 2292 ad
409 2259 537 2290 inferos
563 2264 594 2289 et
614 2257 794 2296 reducere,
820 2255 856 2287 in
882 2255 943 2287 tali
967 2266 1077 2297 agone
1097 2262 1231 2287 susten-

255 2318 328 2342 tant
362 2322 394 2342 se
434 2310 518 2346 fule,
562 2307 769 2348 confugiunt
803 2307 843 2338 ad
879 2306 1000 2337 ducem
1036 2302 1231 2338 Christum.

257 2360 358 2393 ll'iuc
381 2366 511 2391 nui-unt
543 2370 613 2390 esse
649 2359 831 2395 xictorem,
874 2355 934 2400 qui
960 2356 1107 2388 conterit
1132 2363 1231 2399 caput

258 2410 448 2454 serp-sutis:
486 2421 563 2448 seu,
599 2415 635 2440 ut
662 2408 745 2439 alihi
772 2407 921 2446 dicitur,
957 2407 1103 2439 destruit
1129 2418 1232 2449 opera

257 2461 404 2499 diaboli,
449 2472 486 2490 ac
515 2470 648 2501 semper
681 2459 761 2490 inde
788 2469 897 2500 usque
927 2457 970 2489 ab
998 2457 1097 2489 initio
1124 2457 1233 2490 adsuit

260 2512 340 2545 suis.
404 2510 435 2551 Q
454 2522 521 2541 iare
548 2508 655 2541 adiuti
681 2521 696 2540 a
723 2509 793 2541 silio
820 2507 904 2547 Dei,
939 2507 1083 2540 xiucunt
1111 2508 1235 2539 diabo-

260 2564 350 2601 lum,
376 2572 437 2592 nec
455 2560 622 2591 deficiunt
639 2572 654 2589 a
673 2557 757 2591 Deo.
810 2557 897 2590 Nam
925 2556 987 2590 hac
1011 2559 1053 2590 de
1076 2570 1110 2590 re
1131 2558 1235 2590 dimi-

258 2620 372 2652 catur,
400 2611 560 2643 diabolus
581 2617 677 2651 urget
696 2609 848 2648 animos,
875 2616 911 2642 ut
929 2620 946 2641 a
965 2608 1042 2641 Deo
1062 2609 1236 2642 deficiant:

1249 139 1392 167 econtra
1423 132 1511 166 fides
1536 131 1680 167 dimicat
1709 144 1754 166 ne
1782 133 1944 169 admittat
1975 132 2145 174 Deum,
2185 143 2229 166 ne

1251 181 1564 224 avellaturaDe0‚
1591 182 1713 217 statuit
1735 194 1808 217 esse
1823 183 1955 227 Deum,
1987 185 2050 230 qui
2075 184 2138 217 etsi
2163 195 2230 227 pu-

1251 234 1324 276 nit,
1351 241 1468 268 tamen
1485 233 1622 267 addidit
1638 233 1906 278 promissionem
1923 235 2109 278 gratuitam
2126 235 2232 267 mise-

1252 285 1424 319 ricordiae
1449 292 1592 329 propter
1615 284 1726 317 filium
1751 296 1872 325 suum,
1913 286 2009 319 dedit
2031 285 2144 318 filium
2168 285 2232 317 ad-

1254 336 1426 378 iutorem,
1462 335 1623 380 promisit
1645 341 1822 368 aeternam
1847 335 2006 371 salutem.
2064 334 2232 369 Cernitur

1254 398 1334 430 ergo
1351 384 1446 420 Deus
1468 387 1505 418 in
1529 387 1637 419 verbo
1661 397 1742 426 suo,
1767 392 1801 419 et
1822 397 1920 418 mens
1944 385 1982 418 in
2005 386 2150 419 verbum
2175 386 2233 418 in-

1255 444 1356 471 tuens
1373 463 1383 478 ,
1425 437 1493 470 fide
1519 436 1723 469 confirmata
1753 448 1825 469 non
1851 436 1966 470 deficit
1998 448 2016 469 a
2038 434 2131 474 Deo,
2173 435 2233 469 sed

1255 498 1446 530 agnoscens
1471 488 1545 520 eius
1571 486 1847 521 misericordiam
1880 487 2020 520 invocat
2044 497 2142 526 eum,
2176 497 2237 518 ex—

1256 543 1370 582 pectat
1392 537 1655 578 liberationem,
1681 544 1714 570 et
1739 537 1882 571 subiicit
1905 549 1939 570 se
1961 537 2134 570 voluntati
2157 534 2237 574 Dei,

1257 600 1320 621 nec
1345 588 1389 620 ab
1409 599 1449 620 eo
1477 588 1561 621 sinit
1587 599 1623 620 se
1649 588 1765 622 avelli.
1828 586 1874 621 Et
1897 588 1974 622 laus
1998 587 2165 621 victoriae
2188 592 2239 619 est

1257 638 1357 671 ducis
1380 636 1536 676 Christi,
1575 638 1636 682 qui
1661 639 1803 671 adiuvat
1835 650 1935 680 suos,
1976 638 2065 671 sicut
2086 638 2161 682 ipse
2182 636 2239 669 in-

1259 689 1352 734 quit:
1380 688 1465 722 Sine
1482 700 1537 721 me
1555 686 1646 720 nihil
1665 688 1807 732 potestis
1826 689 1950 724 facere.
2002 687 2098 721 Haec
2114 688 2176 732 qui
2201 687 2239 719 in

1259 739 1330 772 vita
1345 746 1377 772 et
1394 739 1431 771 in
1449 739 1671 772 invocatione
1689 740 1936 784 experiuntur,
1964 739 2160 782 intelligere
2176 738 2241 770 do-

1259 789 1408 823 ctrinam
1429 790 1473 822 de
1493 790 1560 822 fide
1585 796 1749 833 possunt,
1777 797 1810 823 et
1833 790 1936 824 simul
1960 789 2154 823 diiudicare
2175 799 2242 820 no-

1260 846 1361 881 runt,
1385 841 1478 884 quod
1499 840 1599 881 iusti,
1626 841 1662 874 id
1680 847 1748 881 est,
1775 842 1907 885 accepti
1928 840 2002 874 Deo
2027 841 2135 874 simus
2160 850 2244 883 pro-

1260 897 1337 935 pter
1351 888 1550 931 Christum,
1579 897 1612 924 et
1629 897 1746 924 tamen
1763 891 1893 925 interea
1912 892 1948 924 in
1972 891 2076 924 nobis
2099 888 2244 923 accendi

1260 947 1399 984 oportet
1424 942 1546 981 fidem,
1589 953 1676 985 quae
1708 948 1757 974 est
1788 954 1867 975 vera
1897 942 2029 984 agnitio
2053 939 2139 982 Dei,
2179 949 2245 971 nec

1262 992 1336 1025 sine
1352 991 1521 1024 acerrimo
1539 991 1728 1024 certamine
1744 992 1885 1025 retineri
1902 999 2028 1036 potest.

1362 1040 1465 1074 Nunc
1490 1041 1597 1083 igitur
1620 1042 1747 1073 addam
1773 1043 1992 1084 testimonia,
2020 1054 2108 1088 quae
2127 1047 2246 1074 osten-

1262 1093 1354 1126 dunt
1366 1092 1468 1125 fidem
1491 1103 1564 1124 non
1582 1098 1719 1125 tantum
1736 1092 1931 1135 significare
1948 1093 2114 1126 noticiam
2133 1089 2245 1124 histo-

1263 1143 1335 1176 riae
1348 1169 1356 1184 ,
1395 1143 1456 1175 sed
1491 1142 1654 1175 fiduciam
1690 1142 1949 1176 misericordiae
1966 1167 1975 1182 ,
2016 1142 2243 1176 dimicantem

1265 1206 1343 1227 cum
1363 1192 1604 1237 desperatione
1618 1200 1651 1226 et
1667 1200 1845 1227 contemtu
1860 1192 1938 1229 Dei.

1369 1243 1476 1278 Rom.
1503 1242 1553 1278 4.:
1595 1242 1727 1277 Paulus
1757 1245 1893 1278 confert
1922 1241 2192 1289 promissionem
2216 1246 2251 1274 et

1268 1295 1370 1328 fidem
1390 1318 1399 1332 ,
1445 1300 1610 1338 tanquam
1647 1295 1880 1335 correlativa‚
1929 1296 2059 1328 docens
2089 1298 2253 1337 oportere

1269 1343 1538 1388 promissionem
1562 1343 1673 1390 accipi
1699 1345 1778 1379 fide.
1849 1343 1944 1388 Ergo
1972 1345 2055 1377 fides
2079 1343 2252 1386 significat

1271 1394 1450 1434 fiduciam,
1478 1405 1566 1438 quae
1590 1394 1716 1430 nititur
1741 1396 1972 1438 promissione
1990 1394 2122 1429 divina.
2175 1391 2253 1426 Hoc

1270 1444 1511 1479 testimonium
1535 1444 1621 1477 adeo
1646 1446 1870 1489 perspicuum
1895 1453 1964 1487 est,
2002 1453 2040 1480 ut
2063 1444 2170 1478 nullis
2195 1454 2254 1476 ca·-

1273 1496 1418 1529 lurnniis
1436 1495 1636 1527 labefactari
1656 1497 1774 1538 possit.
1826 1495 1908 1529 ldeo
1929 1508 1968 1529 ex
1983 1496 2049 1529 fide
2067 1502 2099 1529 et
2124 1505 2252 1528 secun-

1274 1548 1357 1579 dum
1377 1547 1541 1588 gratiam,
1570 1552 1608 1578 ut
1628 1545 1725 1579 firma
1746 1547 1789 1580 sit
1805 1547 2010 1590 promissio,
2037 1547 2071 1579 id
2091 1553 2155 1586 est,
2189 1544 2254 1577 fla-

1279 1597 1348 1639 gito
1381 1598 1510 1636 fidem,
1556 1606 1624 1640 qua
1658 1596 1848 1640 accipiatur
1882 1597 2066 1641 promissio
2096 1594 2256 1629 reconci-

1278 1647 1442 1680 liationis.

1377 1695 1505 1740 EpheS.
1525 1697 1575 1731 3.:
1605 1696 1672 1730 Per
1688 1709 1791 1742 quem
1809 1698 1977 1731 audemus
1991 1698 2152 1731 accedere
2170 1708 2256 1730 con-

1279 1749 1426 1781 fidenter
1443 1760 1503 1791 per
1520 1749 1622 1780 fidem
1640 1748 1724 1783 eius.
1778 1746 1882 1791 Quod
1900 1748 2050 1794 requiris
2075 1748 2183 1782 lector
2206 1756 2258 1781 te-

1280 1799 1485 1832 stimonium
1511 1798 1707 1832 illustrius?
1747 1799 1814 1831 iam
1837 1799 1931 1832 enim
1953 1810 2024 1831 non
2050 1811 2128 1832 cum
2159 1810 2259 1844 syco-

1282 1847 1422 1894 phantis
1439 1849 1555 1892 litigo,
1583 1850 1641 1882 sed
1669 1849 1744 1892 pios
1766 1857 1799 1883 et
1820 1850 1987 1882 candidos
2002 1849 2147 1882 lectores
2170 1849 2259 1881 allo-

1281 1912 1391 1945 quor,
1423 1898 1487 1932 hos
1508 1897 1695 1940 adhortor,
1732 1906 1764 1932 et
1787 1907 1929 1943 propter
1953 1898 2085 1934 Christi
2113 1899 2259 1942 gloriam

1282 1952 1454 1989 obtestor,
1480 1957 1519 1983 ut
1535 1948 1618 1982 haec
1635 1950 1831 1983 testimonia
1849 1951 2036 1994 diligenter
2053 1952 2262 1994 expendant.

1283 2001 1412 2034 Paulus
1442 1998 1497 2033 hic
1522 2000 1602 2033 fidei
1628 2007 1788 2034 naturam
1813 2001 1966 2035 declarat
1983 2001 2095 2034 tribus
2112 2001 2261 2044 insigui-

1283 2053 1348 2085 bus
1380 2051 1575 2084 vocabulis:
1620 2051 1668 2084 ait
1699 2063 1763 2084 nos
1797 2052 1863 2085 fide
1891 2049 2020 2085 habere
2045 2049 2261 2097 παρῥησίαν,

1283 2099 1535 2149 προσαγωγὴν
1557 2099 1619 2135 καὶ
1652 2100 1885 2147 πεποίθησιν.
1953 2101 2049 2136 Haec
2071 2115 2143 2136 non
2167 2115 2262 2136 com-

1286 2160 1408 2198 petunt
1425 2152 1573 2186 noticiae
1592 2151 1775 2194 historiae,
1802 2165 1890 2198 quae
1907 2154 2021 2196 potius
2038 2154 2206 2193 deterret,
2232 2153 2261 2185 si

1285 2204 1511 2247 cogitandum
1527 2210 1595 2242 est,
1624 2210 1707 2237 tunc
1724 2216 1787 2237 nos
1804 2215 1998 2237 accessuros
2015 2204 2056 2236 ad
2073 2201 2265 2244 Christum,

1286 2267 1363 2288 cum
1380 2255 1511 2287 erimus
1526 2254 1635 2297 digni.
1686 2254 1832 2288 Necesse
1847 2262 1895 2287 cst
1914 2255 2019 2296 igitur
2037 2254 2138 2287 fidem
2159 2254 2265 2288 intel-

1286 2305 1348 2348 ligi
1370 2305 1532 2338 fiduciam
1556 2305 1826 2339 misericordiae.
1879 2303 1950 2338 Nee
1966 2302 2129 2338 Cochlaei
2157 2305 2265 2338 cavil-

1288 2357 1416 2390 latione
1433 2356 1633 2388 labesactari
1658 2356 1785 2399 poterit
1806 2354 1889 2388 haec
1912 2355 2175 2399 interpretatio,
2202 2355 2264 2401 qui

1288 2407 1420 2452 inquit:
1458 2406 1495 2440 Si
1522 2407 1614 2439 idem
1635 2414 1747 2440 essent
1771 2405 1857 2439 fides
1880 2414 1911 2439 et
1933 2406 2076 2446 fiducia,
2104 2418 2176 2440 non
2200 2407 2264 2439 ad-

1288 2459 1444 2499 iungeret
1471 2464 1637 2501 tanquam
1662 2457 1840 2495 effectum,
1878 2457 2040 2489 fiduciam
2065 2468 2126 2500 per
2147 2457 2263 2491 fidem.

1289 2507 1322 2542 Ο
1340 2519 1484 2541 acumen
1499 2506 1752 2541 Carneadeum.
1804 2506 1926 2540 Motus
1947 2507 1983 2539 in
2007 2508 2111 2540 corde
2135 2508 2266 2541 descri-

1290 2559 1384 2592 bitur
1400 2570 1489 2591 unus
1506 2558 1665 2602 pluribus
1682 2558 1806 2591 verbis.
1860 2556 1906 2591 Et
1926 2570 2004 2591 cum
2029 2558 2114 2591 fides
2138 2559 2182 2591 sit
2207 2555 2265 2591 hic

1290 2617 1404 2644 motus
1419 2621 1488 2654 quo
1507 2610 1549 2642 ad
1566 2608 1679 2642 Deum
1706 2608 1916 2650 accedimus,
1945 2615 2035 2642 certe
2057 2620 2130 2642 non
2155 2615 2267 2652 potest
