2415 2942
96 95 169 134 145
503 93 586 131 XII.

94 183 210 217 fidunt
232 192 267 215 se
292 185 437 225 propter
453 179 564 212 filium
585 179 713 224 recipi,
741 185 775 213 et
794 179 831 211 in
850 176 905 212 his
921 190 1002 211 vere
1018 178 1086 212 tol-

95 235 145 267 lat
173 239 352 277 peccatum
384 237 417 264 et
446 237 608 265 mortem.
676 229 798 263 Toties
822 226 912 262 hanc
937 230 1084 262 eandem

95 283 304 318 sententiam
327 288 421 315 tanta
438 281 685 325 perspicuitate
701 280 825 324 repetit
842 277 1021 318 Christum,
1047 285 1086 312 ut

95 334 218 371 ludaei
246 333 365 379 quaeri
390 344 462 365 non
491 331 687 376 potuerint,
714 342 788 363 non
814 331 896 363 satis
916 329 1084 373 explicate

96 386 166 419 dici
191 386 234 418 de
256 383 432 417 beneficiis
456 382 625 422 Messiae,
655 388 687 415 et
710 380 786 415 iure
809 377 1085 424 reprehenditur

94 436 305 481 perversitas
331 446 470 474 eorum,
506 433 567 478 qui
591 430 645 465 his
669 439 738 466 tam
764 431 958 479 perspicuis
981 431 1084 464 dictis

95 487 301 521 offuderunt
337 484 522 528 caliginem
558 489 676 527 postea
714 482 753 515 in
783 482 944 516 doctrina
975 481 1083 514 eccle-

95 538 245 572 siastica.

181 617 476 656 ,Murmurahant
499 621 619 651 autem
643 613 782 651 Iudaei
803 614 845 650 de
870 627 909 650 eo
931 620 991 651 etc.

196 686 325 722 Adhuc
341 698 521 720 versamur
539 686 575 718 in
594 692 688 719 sexto
705 685 802 725 loco,
830 685 926 719 iuxta
943 684 1081 725 seriem,

96 752 201 786 quam
240 738 468 772 instituimus,
555 736 719 780 Repetita
760 736 853 768 enim
896 734 1082 778 EvangeIIi

96 801 230 824 summa
260 790 374 833 prius,
411 800 489 820 cum
522 788 609 820 dixit
643 785 733 820 hanc
764 798 835 820 esse
861 787 1079 820 voluntatem

95 841 221 886 patris,
246 848 286 874 ut
310 840 368 884 qui
392 839 501 872 credit
517 838 554 870 in
573 838 683 870 filium
705 835 830 870 habeat
848 838 954 871 vitam
972 845 1081 870 aeter-

95 904 194 924 nam:
235 890 337 923 Nunc
367 896 541 922 crescente
571 889 767 921 offensione
799 899 919 921 rursus
948 888 1083 921 confert

94 940 284 975 humanam
303 941 508 984 sapientiam
528 947 560 973 et
578 938 832 982 Evangelium‚
859 946 889 971 et
911 939 1082 983 populum

95 993 180 1036 legis
210 998 244 1025 et
270 991 482 1031 Ecclesiam,
523 997 561 1022 ut
594 988 732 1023 Pharao
763 1002 835 1023 non
870 990 1082 1029 flectebatur,

95 1045 154 1077 sed
186 1055 255 1087 quo
288 1042 421 1075 diutius
452 1041 616 1074 audiebat
642 1039 788 1081 Mosen,
824 1052 865 1073 eo
892 1041 1002 1083 magis
1028 1040 1082 1072 in-

95 1094 342 1127 flammabatur
358 1093 478 1125 odium
499 1092 664 1124 adversus
683 1092 757 1124 eius
776 1091 985 1126 doctrinam.
1032 1089 1082 1123 lta

97 1143 155 1178 hic
180 1145 390 1188 procedente
414 1142 651 1186 disputatione
669 1139 872 1187 hypocritae
890 1142 998 1183 magis
1014 1141 1083 1173 fre-

96 1196 248 1228 mebant.
302 1193 386 1233 Cnr,
404 1193 585 1237 inquiunt,
613 1192 697 1225 dicit
714 1204 749 1225 se
765 1193 808 1225 de
823 1192 920 1225 coelo
938 1193 1083 1224 descen-

97 1245 212 1279 disse?
274 1243 366 1286 Quia
399 1242 517 1275 ludaei
550 1243 749 1285 cogitabant
779 1255 881 1275 suum
914 1241 1080 1274 Messinm

98 1308 172 1329 non
198 1295 301 1327 aliam
326 1301 486 1327 naturam
512 1290 716 1326 habiturum
740 1304 831 1331 esse,
867 1292 934 1325 nisi
958 1290 1083 1325 huma-

98 1358 199 1383 nam,
232 1351 265 1378 et
295 1351 520 1386 regnaturum
547 1344 584 1376 in
607 1341 672 1376 hac
697 1344 837 1376 mortali
863 1343 952 1382 vita,
987 1354 1084 1375 more

97 1397 248 1430 aliorum
279 1392 562 1429 monarcharum.
632 1393 717 1427 Istas
747 1394 854 1438 igitur
878 1405 979 1426 voces
1006 1405 1084 1426 exe-

97 1448 286 1482 crabantur
315 1452 482 1490 tanquam
512 1442 732 1488 blasphemas
757 1451 789 1479 et
814 1444 1084 1477 contumeliosas

99 1500 264 1532 adversus
274 1497 390 1529 Deum
402 1523 410 1535 ‚
438 1496 474 1527 in
491 1495 620 1540 quibus
631 1493 789 1529 Christus
806 1496 943 1528 dicebat
959 1507 994 1528 se
1011 1507 1083 1528 esse

99 1549 211 1582 filium
226 1546 311 1585 Dei,
339 1554 371 1580 et
395 1548 436 1579 de
459 1546 556 1579 coelo
572 1547 802 1582 descendisse.
853 1545 1084 1589 Interrumpit

98 1600 206 1643 igitur
225 1596 387 1632 Christus
409 1597 632 1637 concionem,
660 1604 692 1631 et
717 1603 836 1630 monet
854 1599 895 1629 de
911 1608 1012 1629 causa
1030 1609 1085 1629 er-

100 1651 201 1685 roris.
255 1648 347 1690 Quia
373 1648 534 1681 videlicet
558 1659 655 1680 mens
672 1646 825 1681 humana
843 1648 918 1680 sine
935 1648 1012 1680 luce
1031 1647 1084 1680 di-

102 1701 204 1739 vina,
240 1705 272 1731 et
301 1699 376 1730 sine
404 1705 502 1730 motu
526 1699 647 1730 divino
670 1710 743 1730 non
767 1699 954 1731 assentitur
976 1699 1084 1730 verbo

103 1750 188 1787 Dei,
216 1746 282 1781 hoc
305 1749 399 1786 vult,
425 1760 503 1780 cum
522 1749 586 1781 ait:
614 1747 726 1780 Nemo
741 1749 837 1781 venit
857 1750 896 1780 ad
917 1760 989 1788 me,
1016 1748 1086 1780 nisi

103 1807 201 1844 pater
230 1799 372 1832 traxerit
402 1809 491 1831 eum.
545 1797 590 1830 Et
623 1798 748 1831 citatur
778 1799 1016 1831 testimonium
1046 1811 1086 1831 ex

103 1850 226 1884 Esaiae
250 1849 325 1882 54:
361 1849 460 1882 Dabo
492 1849 676 1882 universos
705 1849 794 1881 filios
819 1855 898 1882 tuos
924 1850 1046 1881 doctos
1070 1860 1088 1881 a

102 1901 259 1935 domino„
313 1898 379 1931 Hic
403 1899 500 1931 locus
521 1899 729 1942 peculiarem
757 1897 932 1932 Ecclesiae
958 1899 1089 1932 doctri-

104 1964 183 1986 nam
207 1951 380 1988 continet,
409 1950 569 1986 videlicet
592 1950 634 1982 de
650 1950 798 1991 caligine
818 1957 848 1983 et
868 1950 1086 1983 contumacia

103 2010 248 2036 naturae
287 1998 479 2040 humanae,
522 2012 610 2044 quae
641 2007 690 2033 est
724 2008 898 2044 peccatum
930 2001 1088 2043 originis.

103 2053 198 2087 Haec
224 2052 333 2093 caligo
357 2060 405 2084 est
429 2062 502 2083 non
521 2051 633 2084 solum
654 2051 814 2093 ignorare
831 2050 944 2083 Deum
963 2058 994 2083 et
1015 2051 1088 2083 eins

105 2103 357 2144 Evangelinui,
383 2102 440 2134 sed
461 2102 562 2135 etiam
582 2102 655 2134 sine
672 2102 748 2134 luce
766 2108 799 2135 et
818 2109 914 2136 motu
935 2102 1088 2145 Spiritus

106 2154 214 2188 sancti
239 2165 307 2184 non
335 2152 494 2184 assentiri
510 2152 713 2195 Evangelio.

105 2207 199 2238 locus
212 2203 412 2244 pelagianas
429 2204 598 2242 tenebras,
627 2215 714 2247 quae
730 2215 872 2247 prorsus
889 2209 1088 2245 congruunt

105 2268 182 2289 curn
217 2252 421 2298 pharisaicis
453 2254 700 2297 opinionibus,
741 2262 773 2287 et
802 2262 883 2287 sunt
916 2256 1085 2298 quaedam

106 2308 214 2340 diluta
249 2302 482 2348 philosophia.
544 2304 636 2346 Quia
668 2304 761 2336 enim
794 2303 901 2337 homo
935 2305 1086 2337 naturali

106 2357 236 2391 iudicio
261 2362 439 2399 utcunque
465 2356 572 2400 legem
598 2355 781 2398 intelligit,
811 2362 843 2388 et
860 2357 933 2388 sine
952 2355 1086 2398 Spiritu

104 2415 222 2443 sancto
238 2414 414 2439 externam
432 2406 652 2449 disciplinam
668 2413 840 2449 praestare
853 2413 975 2449 potest.
1006 2405 1086 2438 Ideo

106 2461 280 2492 finxerunt
300 2455 477 2489 Pharisaei
500 2464 530 2490 et
548 2456 745 2499 pelagiani,
774 2464 806 2489 et
822 2454 927 2489 hodie
943 2457 991 2489 sic
1009 2468 1087 2489 sen-

107 2511 198 2544 tiunt
231 2508 393 2551 plurimi,
437 2505 617 2540 hominem
649 2508 709 2540 illa
740 2508 924 2550 disciplina
955 2508 1085 2540 iustum

109 2572 197 2600 esse,
231 2571 293 2591 nec
318 2559 412 2590 aliud
441 2571 512 2592 esse
539 2558 734 2591 doctrinam
760 2559 802 2590 de
828 2558 982 2598 iusticia,
1019 2558 1088 2591 nisi

107 2613 203 2646 illam
233 2607 503 2653 philosophiam.
564 2609 633 2643 Sed
663 2606 825 2642 Christus
857 2607 913 2641 hic
943 2615 1089 2642 testatur

108 2674 186 2701 eos,
214 2660 274 2704 qui
297 2661 338 2691 ad
362 2659 472 2692 Deum
496 2666 771 2701 convertuntur,
798 2657 891 2693 trahi
911 2667 1009 2694 motu
1032 2660 1088 2693 di-

160 2716 337 2746 MELANTn.
367 2712 469 2745 Onna,
510 2713 592 2744 Vor.
618 2713 694 2745 XV.

638 89 937 130 ENARRATIO
965 90 1015 126 IN
1041 87 1226 128 EVANG‚
1253 86 1469 125 IOANNIS.

764 2151 909 2186 Refutat
933 2164 1012 2195 ergo
1031 2150 1088 2185 bic
1112 2176 1114 2182 ,

1520 87 1625 125 CAP.
1654 88 1717 126 VI.
2058 92 2128 128 146

1139 176 1236 211 vino.
1290 173 1465 211 Trahitur
1485 187 1585 210 mens
1603 174 1739 219 Spiritu
1762 182 1880 209 sancto
1899 187 1961 220 per
1978 177 2125 211 verbum

1139 227 1224 270 Dei,
1251 234 1283 261 et
1301 234 1349 261 est
1366 228 1484 260 efficax
1500 225 1653 267 Spiritus
1669 233 1808 260 sanctus
1824 227 1860 260 iu
1879 224 1949 269 his,
1976 228 2125 273 quinon

1139 285 1336 321 repugnant
1377 279 1484 311 verbo
1516 275 1602 316 Dei,
1647 278 1736 311 sicut
1777 284 1911 311 veteres
1943 279 2123 313 dixerunt:

1139 327 1249 360 Nemo
1269 328 1366 361 venit
1383 329 1426 360 ad
1446 340 1517 368 me,
1544 328 1611 360 nisi
1630 335 1728 372 pater
1744 329 1888 362 traxerit
1907 341 1999 364 eum.
2032 328 2124 362 Tra-

1138 375 1190 411 hit
1212 385 1327 411 autem
1351 379 1548 420 volentem,
1576 379 1665 412 sicut
1691 386 1723 413 et
1745 390 1849 423 supra
1867 380 1955 413 dixi:
1984 379 2124 414 Volun—

1137 435 1240 462 tatem
1258 429 1294 460 in
1312 426 1377 461 hac
1393 429 1529 461 difficili
1547 429 1638 462 lucta
1656 441 1728 462 non
1747 441 1819 462 esse
1836 430 1995 464 otiosam.

1237 486 1281 521 Et
1305 488 1483 531 quomodo
1502 487 1560 519 fiat
1579 484 1636 519 hic
1652 494 1799 527 tractus,
1827 489 2007 533 sequentia
2025 488 2122 522 indi-

1137 545 1235 578 cant,
1268 538 1415 570 scilicet:
1451 537 1551 570 Dabo
1580 537 1764 570 universos
1786 538 1876 571 filios
1898 547 1976 572 tuos
2000 541 2121 574 doctos

1136 602 1154 623 a
1179 589 1340 622 domino.
1395 587 1498 620 Item:
1527 586 1599 629 Qui
1625 588 1760 621 audivit
1785 595 1817 622 et
1840 589 1995 622 didicita
2012 598 2122 633 patre,

1137 640 1233 673 venit
1251 641 1293 672 ad
1312 651 1379 674 me.
1406 638 1463 672 Fit
1480 645 1595 671 autem
1615 638 1703 670 illud
1722 639 1845 671 docere
1861 646 1894 672 et
1912 640 2043 674 discere
2061 653 2122 684 per

1136 691 1283 724 verbum
1301 702 1361 723 seu
1380 701 1497 722 vocem
1516 687 1717 730 Evangelii,
1745 701 1833 733 quae
1850 696 1917 729 est,
1943 697 1981 723 ut
2000 691 2046 724 ita
2065 692 2121 724 di-

1136 753 1228 780 cam,
1270 742 1566 778 instrumentum,
1610 751 1680 784 quo
1719 738 1872 782 Spiritus
1909 749 2048 775 sanctus
2082 742 2120 774 in

1137 799 1252 825 mente
1277 803 1404 824 novam
1429 791 1542 824 lucem
1566 796 1597 823 et
1622 791 1658 822 in
1685 791 1789 822 corde
1808 802 1917 823 novos
1933 799 2047 825 motus
2063 803 2120 825 ac-

1136 843 1271 882 cendit,
1296 849 1333 875 ut
1356 843 1398 874 ad
1417 841 1599 876 Romanos
1615 841 1647 875 8.
1675 840 1820 874 dicitur:
1850 840 1922 883 Qui
1943 843 2122 876 ducuntur

1136 894 1261 937 spiritu
1285 893 1367 933 Dei,
1404 891 1439 925 hi
1464 898 1547 925 sunt
1571 891 1634 924 filii
1660 890 1739 924 Dei.
1790 890 1923 924 Eadem
1948 893 2121 927 sententia

1135 944 1301 977 discernit
1319 944 1488 987 populum
1507 942 1609 984 legis,
1637 949 1668 975 et
1685 954 1742 974 eos
1760 943 1819 986 qui
1837 943 1874 975 in
1891 943 2023 988 populo
2041 951 2123 978 sunt

1136 997 1213 1027 viva
1239 995 1395 1027 membra
1420 992 1606 1028 Ecclesiae.
1666 991 1822 1036 Populus
1845 993 1930 1036 legis
1955 1001 2024 1034 est,
2059 996 2122 1040 qui

1136 1053 1315 1080 coercetur
1345 1051 1485 1077 externa
1515 1043 1722 1087 disciplina,
1763 1044 1822 1076 sed
1854 1044 1932 1077 viva
1964 1046 2121 1079 membra

1136 1096 1311 1129 Ecclesiae
1334 1102 1417 1129 sunt
1442 1094 1497 1134 hi,
1532 1096 1575 1126 de
1599 1095 1727 1138 quibus
1751 1091 1806 1126 hic
1831 1095 1916 1127 dicit
1941 1093 2119 1129 Christus:

1136 1146 1271 1180 Omnes
1291 1153 1393 1179 erunt
1410 1145 1502 1178 docti
1518 1157 1535 1177 a
1553 1143 1647 1186 Deo,
1677 1150 1709 1176 et
1725 1141 1870 1177 Zachar.
1888 1145 1965 1180 12:
1993 1145 2122 1180 Effun-

1137 1199 1216 1230 dam
1240 1209 1344 1240 super
1362 1197 1506 1229 domum
1526 1194 1638 1227 David
1660 1194 1823 1238 spiritum
1843 1197 1973 1237 gratiae
1992 1204 2022 1229 et
2044 1208 2123 1241 pre-

1137 1261 1236 1286 cum,
1264 1248 1299 1279 id
1327 1253 1394 1285 est,
1423 1246 1595 1289 Spiritum
1621 1252 1799 1284 sanctum,
1827 1258 1896 1290 quo
1922 1248 2032 1280 renati
2054 1255 2123 1281 sta-

1137 1306 1237 1332 tuant
1255 1310 1289 1331 se
1307 1310 1378 1330 esse
1397 1297 1431 1328 in
1448 1296 1578 1338 gratia,
1606 1302 1638 1329 et
1657 1296 1791 1338 placere
1801 1294 1894 1334 Deo,
1922 1305 1952 1330 et
1969 1310 2037 1342 quo
2057 1299 2123 1330 im-

1138 1350 1314 1393 pellantur
1339 1349 1380 1380 ad
1407 1359 1523 1379 veram
1549 1346 1809 1379 invocationem
1827 1353 1859 1380 et
1875 1349 2122 1383 obedientiam.

1137 1399 1225 1433 Nam
1242 1398 1477 1443 appellatione
1494 1409 1647 1440 precum,
1675 1408 1734 1430 seu
1752 1398 1997 1436 invocationis,
2026 1412 2122 1433 com-

1138 1451 1301 1495 plectitur
1318 1461 1419 1482 veros
1436 1449 1550 1483 cultus
1571 1459 1692 1481 omnes
1711 1450 1794 1481 novi
1813 1450 2022 1485 testamenti.

1188 1556 1276 1594 Non
1307 1555 1407 1605 quod
1429 1560 1570 1604 patrem
1600 1556 1683 1605 quis
1711 1555 1856 1599 viderit,
1892 1556 1969 1590 nisi
1988 1558 2055 1606 qul
2077 1565 2127 1594 est

1240 1621 1285 1643 ex
1311 1608 1407 1642 Deo.

1241 1684 1384 1728 Insigne
1406 1684 1538 1717 dictum
1560 1690 1627 1724 est,
1652 1690 1683 1717 et
1702 1684 1901 1728 oppositum
1918 1686 2127 1720 revelationi

1139 1737 1253 1777 Mosi,
1281 1737 1323 1769 de
1338 1748 1407 1780 qno
1424 1735 1553 1767 dicitur
1571 1734 1740 1770 Ex0.33.:
1771 1735 1995 1780 Loquebatur
2009 1745 2126 1771 autem

1140 1788 1304 1821 dominus
1335 1788 1377 1819 ad
1403 1785 1530 1818 Mosen
1564 1787 1650 1818 facie
1674 1787 1715 1819 ad
1741 1787 1880 1827 faciem,
1916 1787 2003 1820 sicut
2028 1788 2126 1833 loqui

1141 1839 1227 1871 solet
1251 1836 1356 1870 homo
1382 1838 1423 1869 ad
1442 1837 1593 1869 amicum
1613 1849 1726 1869 sunm.
1781 1836 1825 1870 Et
1845 1836 1963 1870 Iudaei
1984 1847 2126 1882 propter

1142 1887 1231 1921 hanc
1253 1888 1529 1930 praerogativam
1549 1888 1648 1919 valde
1667 1887 1857 1921 efferebant
1876 1900 1910 1920 se
1927 1900 2030 1931 supra
2048 1902 2126 1922 cae-

1141 1946 1231 1972 teras
1253 1945 1392 1981 gentes,
1420 1945 1452 1971 et
1476 1935 1560 1970 haec
1585 1939 1734 1970 carnalis
1760 1939 1883 1971 fiducia
1903 1940 2124 1973 securitatem

1142 1990 1178 2022 in
1203 1990 1249 2022 eis
1273 1989 1446 2033 parit-bat,
1482 1995 1514 2021 et
1540 1989 1766 2022 confirmabat
1790 1989 2014 2032 pertinaciam
2038 1991 2125 2024 reti-

1141 2041 1275 2074 nendae
1295 2039 1398 2082 legis,
1426 2040 1686 2081 persuasionem
1707 2040 1860 2072 iusticiae
1881 2048 2022 2082 propter
2038 2054 2125 2085 qua-

1141 2092 1348 2135 lemcunque
1387 2090 1627 2132 disciplinam,
1668 2103 1771 2134 quam
1810 2091 2006 2123 imitatione
2039 2092 2125 2135 legis

1141 2143 1375 2184 praestabant.
1431 2140 1523 2173 Huic
1549 2141 1652 2172 falsae
1676 2142 1876 2183 gloriationi
1895 2150 2125 2185 opponuntur

1142 2191 1224 2225 haec
1256 2193 1378 2232 verba,
1413 2204 1483 2224 non
1517 2192 1609 2236 quod
1634 2190 1747 2224 Deum
1776 2192 1900 2224 viderit
1926 2193 2123 2235 quisquam,

1141 2244 1207 2276 nisi
1224 2244 1284 2288 qui
1303 2250 1350 2275 est
1367 2256 1382 2275 a
1397 2242 1481 2281 Deo,
1510 2241 1565 2274 hic
1582 2242 1668 2274 vidit
1689 2249 1831 2284 patrem.
1878 2241 1980 2275 Item:
2009 2243 2121 2276 Nemo

1139 2294 1253 2326 Deum
1272 2294 1359 2326 vidit
1378 2305 1551 2337 unquam,
1584 2293 1674 2324 hlins
1690 2292 1910 2335 unigenitus,
1939 2294 1998 2337 qui
2018 2301 2065 2326 est
2085 2294 2120 2327 iu

1140 2346 1218 2377 sinn
1242 2345 1369 2389 patris,
1396 2345 1468 2387 ipse
1485 2344 1670 2376 enarravit.
1711 2341 1755 2375 Et
1775 2342 1887 2375 Lucae
1906 2343 1978 2377 lO.:
2008 2344 2120 2377 Nemo

1141 2397 1238 2429 novit
1263 2396 1340 2440 quis
1368 2396 1410 2428 sit
1434 2395 1544 2431 filins,
1573 2393 1638 2424 nisi
1663 2400 1775 2434 pater,
1805 2400 1834 2425 et
1855 2394 1932 2437 quis
1951 2395 1995 2428 sit
2013 2402 2121 2438 pater,

1140 2448 1207 2480 nisi
1226 2447 1335 2486 filius,
1361 2453 1395 2479 et
1412 2445 1467 2477 cui
1486 2444 1633 2476 voluerit
1651 2443 1741 2475 filius
1760 2444 1924 2479 revelare.

1241 2504 1307 2537 Sed
1326 2504 1418 2536 dicas
1434 2502 1610 2546 quomodo
1626 2498 1709 2533 haec
1725 2502 1766 2533 ad
1786 2502 1899 2534 locum
1911 2499 2024 2534 Exodi
2038 2514 2123 2533 con-

1140 2555 1306 2589 veniant?
1365 2553 1598 2595 Respondeo,
1635 2551 1671 2583 in
1690 2554 1810 2583 eodem
1830 2564 1900 2595 cap.
1918 2553 1977 2586 33.
1995 2553 2122 2584 diserte

1140 2607 1287 2639 dicitur:
1323 2604 1401 2637 Non
1430 2602 1558 2646 poteris
1583 2602 1700 2634 videre
1725 2603 1847 2635 faciem
1872 2615 2004 2639 ineam,
2040 2603 2121 2646 quia

1140 2669 1212 2690 non
1244 2656 1375 2690 videbit
1408 2667 1463 2687 Ine
1494 2650 1619 2694 homo,
1661 2659 1693 2686 et
1725 2655 1829 2688 vivet.
1903 2652 2021 2695 Quare
2050 2653 2121 2696 ipse

1452 2704 1498 2738 10
