2415 2942
59 70 133 106 689
252 67 349 104 XIII.

65 163 115 190 est
142 156 299 195 credere,
330 154 424 199 quod
451 160 594 199 propter
617 151 797 188 Christum
824 154 933 187 simus
958 153 1052 197 iusti,

65 209 100 240 id
119 213 187 246 est,
215 206 346 249 accepti
363 204 451 239 Deo.

166 257 261 290 Hinc
287 263 400 301 potest
431 255 585 300 conspici
612 254 801 289 discrimen
836 253 914 286 fidei
943 261 976 287 et
1000 254 1053 286 di-

64 308 242 348 lectionis,
271 315 302 341 et
320 319 427 352 quare
445 308 633 340 dicendum
657 306 716 338 sit:
747 303 833 336 Fide
859 315 978 338 sumus
999 306 1052 337 iu—

63 359 118 393 sti.
190 358 302 399 Item,
340 355 610 403 quomodolloc
639 354 788 397 intelligi
821 355 944 388 debeat
980 368 1050 387 non

62 417 114 443 est
146 410 238 441 enim
263 410 549 452 imaginandum,
586 407 672 440 Fide
700 417 819 439 sumus
843 405 944 445 iusti,
986 403 1052 438 hoc

63 467 131 498 est,
168 459 316 505 Propter
340 460 529 493 novitatem
556 465 730 493 nostram,
759 467 819 488 sen
845 469 953 489 novas
981 457 1051 488 vir-

65 519 153 544 tutes
171 523 290 544 sumus
306 511 387 544 iusti
403 537 411 551 ,
436 510 494 542 sed
514 509 740 547 correlative,
764 507 797 539 id
817 514 882 547 est,
910 515 1052 551 propter

64 559 244 594 Christum
268 573 387 595 sumus
411 560 513 600 iusti,
541 559 602 604 qui
629 566 743 593 tamen
769 570 839 590 non
866 558 967 591 aliter
990 570 1051 601 ap—

64 610 236 655 prehendi
260 619 391 656 potest,
425 611 493 644 nisi
519 610 597 643 fide.
650 608 777 643 Dicere
800 615 935 650 autem,
963 609 1051 641 dile-

64 663 179 695 ctione
204 663 286 696 iusti
311 673 449 701 sumus,
485 668 536 694 est
561 661 653 693 idem
679 660 813 702 dicere,
849 661 942 705 quod
970 671 1052 703 pro-

63 719 139 756 pter
165 720 300 747 nostras
323 714 486 753 virtutes,
530 722 588 744 seu
619 711 859 754 impletionem
885 711 969 754 legis
993 723 1049 744 su-

64 776 139 796 mus
158 764 250 797 iusti.
305 763 450 797 Constat
466 771 582 796 autem
600 762 668 805 legi
688 774 759 794 non
777 762 953 802 satisfieri,
973 762 1050 794 ideo

63 826 201 847 necesse
227 821 276 847 est
301 812 367 847 hoc
385 815 518 847 dictum
544 825 631 857 pure
649 813 812 846 retineri:
844 812 930 845 Fide
947 825 1050 856 repu-

62 871 179 898 tamur
194 865 276 899 iusti
288 867 353 906 ‚'ut
370 865 604 908 intelligatur,
622 864 716 909 quod
735 875 807 897 non
826 870 969 908 propter
986 876 1051 896 no-

61 922 149 948 stras
168 916 330 956 virtutes,
359 917 415 948 sed
442 922 586 959 propter
609 915 837 948 mediatorem
854 913 1050 954 Christum,

62 977 124 1009 per
141 967 416 999 misericordiam
436 967 543 1009 gratis
560 977 680 999 sumus
707 965 940 1009 imputatione
959 965 1052 1005 iusti,

63 1017 97 1048 id
118 1023 187 1057 est,
215 1017 357 1061 accepti.
411 1016 506 1050 Haec
530 1017 605 1050 vult
622 1016 753 1049 Paulus
769 1017 805 1048 in
825 1014 888 1049 hac
904 1028 965 1049 sua
991 1017 1051 1048 de-

63 1067 239 1109 finitione,
271 1080 376 1113 quam
409 1068 556 1100 mirifice
587 1067 812 1111 amplificavit
836 1067 949 1100 citatis
974 1067 1053 1111 qui-

62 1118 210 1152 busdam
230 1119 347 1153 verbis
371 1131 410 1152 ex
437 1119 728 1154 Deuteronomio.

270 1196 329 1233 Ne
345 1194 549 1232 dixerisin
577 1196 680 1232 corde
698 1203 760 1232 luo
777 1203 837 1232 etc.

166 1266 297 1300 Paulus
322 1274 504 1300 mutuatur
529 1267 801 1309 descriptionem
833 1266 912 1298 fidei
936 1278 974 1299 ex
997 1267 1051 1298 di-

64 1324 120 1350 cto
146 1316 261 1358 Mosi,
293 1329 356 1350 nec
388 1319 573 1361 detorquet
608 1318 697 1350 illud
729 1318 771 1349 ad
796 1317 968 1349 diversam
993 1324 1052 1350 aut

64 1379 136 1400 non
163 1368 429 1400 convenientem
457 1367 675 1402 sententiam.
747 1367 836 1400 Nam
864 1374 895 1400 et
919 1366 1052 1401 Moises

64 1418 194 1450 ibidem
224 1418 408 1458 describit,
443 1425 477 1451 et
500 1418 648 1463 requirit
674 1418 790 1452 fidem.
852 1416 921 1451 Sed
945 1430 1053 1461 gene-

63 1468 135 1501 rale
161 1468 291 1502 dictum
316 1476 365 1503 est
388 1470 431 1502 de
448 1469 556 1502 verbo
575 1476 607 1503 et
629 1469 672 1502 de
697 1469 782 1509 fide,
810 1470 903 1513 quod
921 1468 1052 1502 Paulus

63 1519 213 1562 applicat
239 1521 281 1552 ad
307 1517 374 1552 hoc
398 1520 545 1553 verbum
569 1521 612 1553 de
636 1517 799 1561 Christo,
827 1527 860 1553 et
883 1521 925 1553 ad
947 1521 1050 1553 fidem

63 1570 100 1602 in
120 1567 311 1604 Christum.

166 1619 325 1652 Primum
359 1619 466 1662 igitur
498 1620 630 1653 dictum
664 1619 774 1653 Moisi
813 1620 1050 1664 inspiciamus,

65 1670 125 1715 qui
152 1670 351 1703 illustribus
377 1671 495 1713 figuris
521 1670 737 1713 impietatem
765 1669 910 1704 humani
934 1673 1049 1705 cordis

66 1721 241 1764 depingit,
266 1722 359 1765 quod
379 1721 515 1754 etiamsi
533 1721 660 1763 cogitat
678 1732 749 1754 esse
766 1721 884 1755 Deum
897 1749 904 1761 ,
931 1729 1049 1756 tamen

65 1772 224 1812 dubitat,
257 1783 300 1804 an
327 1771 423 1804 Deus
449 1778 546 1805 curet
575 1783 658 1812 nos,
693 1779 797 1814 negat
829 1773 1047 1807 voluntatem

64 1821 130 1856 Dei
149 1833 226 1864 erga
250 1834 314 1855 nos
337 1823 498 1865 cognosci
524 1833 642 1865 posse,
669 1830 770 1865 negat
794 1824 949 1856 exaudiri
973 1836 1048 1863 nos,

63 1880 123 1906 aut
145 1873 284 1907 salvari.
344 1871 418 1905 Has
441 1873 678 1906 dubitationes
706 1871 848 1907 haerere
873 1875 909 1906 in
933 1873 1049 1907 homi-

64 1936 149 1957 num
175 1923 303 1956 animis
327 1923 409 1956 satis
433 1930 587 1967 apparet.
648 1923 731 1957 Ideo
755 1925 809 1957 lex
827 1923 891 1957 Dei
919 1938 974 1958 eas
992 1939 1048 1959 ar—

65 1974 160 2017 guit,
189 1981 222 2007 et
237 1974 385 2018 requirit
404 1974 520 2008 fidem.
573 1973 626 2008 Ne
645 1975 773 2008 dixeris
791 1975 826 2007 in
847 1978 950 2009 corde
971 1984 1048 2010 tuo:

64 2024 154 2066 Quis
178 2027 338 2058 ascendet
364 2025 401 2057 in
427 2025 586 2058 coelum?
618 2025 653 2059 id
678 2033 747 2066 est,
774 2038 818 2059 ne
842 2027 888 2059 sis
916 2025 1047 2071 Epicu-

65 2087 163 2114 reus,
198 2086 243 2107 ne
266 2075 415 2117 cogites,
443 2074 535 2108 nihil
560 2087 631 2109 esse
653 2077 791 2118 Deum,
826 2085 885 2111 aut
911 2079 1048 2120 nesciri,

65 2138 110 2158 an
128 2126 171 2159 sit
190 2124 304 2166 Deus,
332 2138 376 2158 an
397 2133 492 2159 curet
511 2124 683 2160 humana:
719 2140 762 2160 ne
786 2129 916 2171 cogites
933 2129 1046 2163 Deum

65 2176 111 2210 ita
137 2177 262 2217 latere,
297 2183 334 2210 ut
359 2188 431 2209 non
457 2183 549 2211 extet
582 2178 657 2210 eins
680 2179 844 2212 voluntas
869 2180 905 2212 in
928 2181 1047 2225 aliquo

63 2228 189 2260 verbo:
226 2239 270 2260 ne
295 2227 423 2270 cogites
450 2228 523 2260 eius
547 2228 765 2262 voluntatem
791 2230 945 2272 ignotam
965 2243 1047 2270 esse,

65 2278 146 2324 quia
172 2278 245 2322 ipse
276 2290 348 2311 non
377 2279 533 2312 cernitur
561 2279 674 2311 oculis
703 2282 962 2323 corporalibus:
1004 2295 1048 2315 ne

65 2329 192 2371 cogites
208 2341 286 2362 eum
304 2341 376 2362 non
397 2329 581 2370 exaudire,
608 2341 680 2362 non
701 2331 878 2373 misereri,
903 2345 975 2365 non
993 2346 1047 2365 re-

66 2379 204 2423 quirere
229 2378 322 2413 hunc
347 2380 499 2419 cultum,
544 2392 650 2425 quem
687 2381 724 2413 in
756 2382 862 2415 verbo
888 2394 949 2416 suo
976 2391 1047 2417 tra-

64 2429 155 2463 didit
174 2436 237 2465 etc.

167 2479 354 2522 Quomodo
372 2481 478 2525 igitur
495 2481 649 2514 inveniri
666 2489 697 2515 et
714 2480 931 2526 apprehendi
950 2485 1048 2518 Deus

66 2532 203 2573 potest?
255 2531 367 2576 Prope
390 2540 451 2574 est,
471 2533 597 2578 inquit,
625 2534 771 2567 verbum
797 2541 862 2569 etc.
913 2534 992 2569 Huc
1016 2543 1048 2569 te

66 2582 201 2615 deduco
224 2583 265 2615 ad
290 2584 454 2624 verbum,
480 2581 548 2616 hoc
575 2584 677 2622 audi,
708 2585 756 2617 sic
780 2586 901 2617 credas
923 2597 1049 2630 appre-

66 2628 176 2664 hendi
201 2630 312 2666 Deum
344 2641 377 2667 et
406 2635 623 2668 voluntatem
655 2634 728 2668 eius
758 2636 933 2680 conspici,
969 2649 1047 2671 cum

114 2685 291 2720 Mamm.
319 2686 422 2720 Ormi.
461 2687 544 2718 Vm..
569 2686 647 2720 XV.

401 70 438 104 2.
468 64 833 104 COMMENTARH
862 66 911 102 IN
939 65 1093 103 EPIST.
1121 64 1272 101 PAULI
1300 64 1366 101 AD
1396 65 1657 105 ROMANOS.
1711 69 1813 108 CAP.
1844 74 1887 111 X.

2012 78 2088 113 690

1107 152 1254 186 verbum
1285 152 1403 194 audis,
1440 160 1472 187 et
1504 155 1616 188 credis
1645 153 1736 191 hanc
1766 171 1838 193 esse
1871 162 2090 196 voluntatem

1108 203 1199 244 eins,
1224 203 1313 236 velle
1331 204 1378 236 sic
1395 216 1472 237 eum
1491 206 1574 246 coli,
1602 208 1691 241 velle
1709 212 1882 252 exaudire,
1903 214 1992 246 sicut
2009 226 2089 257 pro.

1108 254 1215 287 misit:
1243 253 1344 287 Hanc
1369 266 1441 287 esse
1465 259 1674 291 sententiam
1694 261 1778 293 dicti
1807 262 1844 294 in
1867 262 1981 297 Moise
2007 266 2091 299 satis

1106 303 1227 348 liquet.
1270 303 1341 337 Nec
1369 306 1519 339 dubium
1545 315 1612 348 est,
1649 311 1734 354 quin
1759 312 1801 344 de
1818 314 1884 346 fide
1902 315 2088 349 concione-

1106 360 1163 386 tur
1188 352 1244 386 hic
1270 353 1422 393 moises,
1458 363 1491 389 et
1517 359 1671 402 requirat
1696 361 1819 403 fidem,
1852 377 1940 408 quae
1972 368 2089 400 credat

1107 416 1178 436 non
1214 405 1327 436 solum
1364 417 1435 438 esse
1466 406 1596 448 Deum,
1640 412 1698 442 sed
1724 413 1827 445 etiam
1859 414 1972 448 Deum
2001 418 2089 450 velle.

1105 455 1244 497 agnosci
1271 455 1305 487 in
1329 457 1435 488 verbo
1463 468 1545 498 suo,
1583 465 1614 492 et
1646 461 1694 493 sic
1718 462 1891 505 invocari,
1920 467 2008 500 velle
2033 480 2090 501 ex-

1105 507 1247 546 audire,
1275 513 1307 539 et
1333 508 1489 540 misereri
1524 510 1618 542 iuxta
1643 513 1934 557 promissionem,
1970 519 2090 563 requi-

1104 568 1181 589 rere
1204 555 1267 589 hos
1287 557 1412 590 cultus.

1204 606 1300 640 Haec
1319 608 1529 651 generaliter
1547 610 1637 644 dicta
1650 637 1658 650 ,
1678 614 1739 646 etsi
1758 616 1940 650 continent
1959 619 2091 652 doctri-

1104 670 1184 691 nam
1203 659 1246 691 de
1265 659 1353 699 fide,
1383 666 1496 692 tamen
1522 669 1603 695 sunt
1627 661 1742 696 adhuc
1768 667 1936 709 obscura,
1964 676 1995 702 et
2013 678 2094 703 sunt

1104 721 1205 742 voces
1230 710 1326 752 legis.
1380 709 1462 743 Ideo
1480 709 1611 745 Paulus
1628 717 1795 758 proponit
1819 718 1913 750 aliud
1934 722 2093 758 verbum,

1108 767 1141 793 et
1167 761 1329 793 nominat
1348 759 1603 804 Mediatorem,
1639 772 1675 798 ut
1705 776 1878 810 proponat
1906 771 2093 812 gratuitam

1104 811 1399 851 misericordiam,
1454 820 1596 857 propter
1644 814 1825 850 Christum
1873 822 2094 863 promissam.

1103 861 1205 895 Hanc
1241 875 1319 895 cum
1343 864 1583 905 agnoscimus,
1619 866 1703 900 fides
1738 869 1774 902 fit
1806 877 1916 909 certa,
1953 873 2096 912 scilicet,

1105 913 1200 957 quod
1220 914 1328 956 gratis
1346 922 1489 957 propter
1504 912 1705 959 Christum,
1732 931 1804 952 non
1821 928 1967 966 propter
1984 924 2094 967 legem

1105 965 1352 1004 exaudiamur,
1382 965 1558 998 salvemur
1575 974 1638 1003 etc.

1329 1045 1388 1081 Ne
1405 1045 1507 1081 dicas
1527 1047 1565 1081 in
1595 1048 1698 1084 corde
1718 1055 1779 1084 tuo
1804 1057 1865 1089 etc.

1206 1115 1458 1150 Accommodat
1483 1117 1590 1159 igitur
1615 1116 1682 1151 hoc
1707 1121 1829 1153 modo:
1862 1121 1916 1155 Ne
1941 1124 2037 1157 dicas
2056 1125 2093 1159 in

1106 1166 1210 1198 corde
1228 1173 1306 1207 tuo,
1333 1167 1412 1211 quis
1429 1169 1590 1202 ascendet
1608 1169 1643 1201 in
1660 1170 1822 1204 coelum?
1849 1172 1915 1206 hoc
1932 1182 1982 1208 est
1999 1177 2093 1210 enim

1105 1214 1285 1250 ChrIStum
1304 1218 1400 1250 coelo
1421 1219 1612 1260 deducere,
1640 1220 1674 1252 id
1693 1228 1760 1262 est,
1789 1223 1959 1265 primum,
1987 1239 2031 1260 ne
2049 1229 2095 1261 sis

1104 1266 1316 1310 Epicureus:
1346 1269 1494 1309 deinde,
1515 1281 1559 1302 ne
1579 1271 1738 1313 dubites,
1767 1274 1853 1317 quin
1872 1272 1955 1309 haec
1973 1278 2017 1311 sit
2034 1292 2096 1312 vo-

1106 1317 1221 1350 luntas
1239 1317 1324 1359 Dei,
1354 1326 1391 1352 ut
1416 1317 1580 1353 Christus
1604 1322 1648 1354 sit
1674 1324 1868 1365 mediator,
1896 1329 1991 1370 quod
2012 1330 2096 1364 velit

1105 1380 1169 1400 nos
1186 1367 1280 1401 Deus
1300 1370 1433 1403 salvare
1454 1378 1597 1414 propter
1618 1370 1813 1409 Christum.
1869 1375 1906 1410 Si
1925 1390 1995 1411 non
2020 1392 2095 1413 cre-

1104 1420 1158 1451 dis
1177 1417 1358 1453 Christum
1379 1433 1449 1454 esse
1467 1422 1696 1456 mediatorem
1709 1448 1717 1462 ‚
1742 1432 1780 1458 ut
1796 1426 1906 1460 salvet
1922 1440 2002 1471 nos,
2030 1432 2092 1464 de-

1104 1467 1214 1503 trahis
1236 1483 1315 1503 eum
1339 1472 1382 1504 de
1406 1472 1523 1513 coelo,
1550 1485 1654 1517 negas
1681 1486 1761 1509 eum
1788 1489 1952 1520 regnare,
1982 1488 2014 1515 et
2038 1495 2095 1516 ar-

1103 1521 1180 1563 guis
1209 1519 1323 1555 Deum
1357 1523 1552 1563 mendacii,
1591 1525 1699 1569 quasi·
1727 1529 1915 1570 promissio
1948 1532 2021 1566 eius
2051 1535 2095 1568 sit

1104 1579 1215 1606 irrita.

1180 1651 1245 1688 'Ne
1270 1652 1393 1700 dicas,
1422 1653 1518 1703 Quis
1537 1655 1723 1693 descendet
1744 1659 1782 1694 in
1809 1661 2013 1709 abyssum?

1203 1721 1243 1756 Id
1265 1731 1334 1764 est,
1361 1736 1406 1757 ne
1431 1726 1561 1769 cogites
1580 1725 1726 1772 Epicuri
1751 1742 1866 1772 more,
1894 1742 1970 1776 post
1997 1748 2092 1769 mor-

1102 1779 1171 1806 tem
1189 1785 1261 1806 non
1277 1782 1406 1808 restare
1423 1777 1528 1810 aliam
1554 1778 1660 1811 vitam
1673 1804 1682 1817 ,
1711 1793 1754 1813 ne
1779 1783 1907 1825 cogites
1927 1782 2090 1821 homines

1102 1836 1174 1856 non
1199 1837 1297 1868 posse
1321 1826 1466 1860 liberari
1490 1840 1508 1861 a
1533 1836 1645 1863 morte
1664 1837 1697 1865 et
1715 1843 1733 1864 a
1761 1841 1914 1876 peccato.
1966 1836 2004 1870 Si
2022 1839 2090 1871 du-

1102 1875 1252 1915 bitabis,
1296 1878 1439 1920 negabis
1473 1876 1654 1913 Christum
1695 1885 1939 1926 resurrexisse,
1982 1889 2090 1931 finges

1102 1923 1281 1960 Christum
1301 1926 1417 1961 adhuc
1433 1928 1545 1962 iacere
1564 1932 1773 1973 extinctum,
1801 1934 1916 1969 adhuc
1935 1941 2089 1972 resusci-

1102 1978 1249 2010 tandum
1270 1990 1363 2020 esse,
1384 1991 1448 2013 nec
1475 1992 1547 2014 esse
1564 1982 1731 2016 victorem
1756 1987 1879 2020 mortis
1897 1995 1929 2020 et
1946 1991 2088 2032 peccati.

1100 2025 1232 2073 Estque
1248 2040 1385 2063 summa
1406 2032 1617 2074 sententiae,
1644 2046 1688 2067 ne
1710 2036 1850 2078 dubita,
1878 2039 1963 2083 quin
1982 2039 2087 2074 Chri-

1101 2086 1174 2112 stus
1193 2080 1236 2113 sit
1254 2081 1428 2114 mediator
1444 2089 1475 2115 et
1492 2091 1635 2126 regnet,
1664 2097 1707 2118 ne
1730 2087 1873 2127 dubita,
1897 2090 1983 2134 quin
2002 2104 2086 2135 pro-

1101 2137 1177 2173 pter
1194 2131 1308 2174 ipsum
1335 2144 1415 2165 vere
1433 2133 1639 2167 misereatur
1666 2138 1778 2170 nostri
1793 2137 1905 2180 Deus,
1931 2143 2087 2177 remittat

1102 2188 1257 2223 peccata,
1285 2184 1447 2217 exaudiat
1473 2192 1506 2218 et
1529 2185 1639 2220 salvet
1665 2199 1740 2222 nos.
1796 2188 1847 2222 Ita
1871 2191 1969 2226 addit
1992 2192 2086 2228 Pau·

1101 2231 1154 2263 lus
1173 2232 1265 2265 dicto
1284 2232 1377 2266 Mosi
1393 2233 1625 2278 Evangelium
1645 2238 1688 2270 de
1705 2239 1916 2283 mediatore,
1938 2250 1971 2277 et
1989 2256 2085 2278 com-

1101 2283 1265 2326 plectitur
1280 2285 1510 2325 exclusivam‚
1539 2293 1578 2320 ut
1597 2287 1679 2320 fides
1694 2289 1736 2322 sit
1754 2298 1857 2325 certa.

1203 2331 1436 2378 Opponamus
1461 2337 1567 2379 igitur
1590 2338 1784 2374 infirmitati
1815 2348 1847 2376 et
1871 2344 2085 2381 dubitationi

1100 2391 1239 2417 nostrae
1257 2383 1347 2419 hanc
1370 2388 1608 2429 gravissimam
1627 2388 1728 2423 Pauli
1746 2393 1969 2437 concionem,
1996 2405 2029 2432 et
2049 2399 2085 2432 in

1101 2447 1138 2468 ea
1165 2437 1462 2480 contemplemur,
1485 2446 1614 2483 quanta
1639 2440 1682 2474 sit
1707 2441 1888 2486 impietas,
1912 2447 2086 2490 dubitare,

1101 2498 1146 2519 an
1164 2485 1259 2520 Deus
1275 2488 1359 2521 velit
1376 2489 1552 2522 remittere
1570 2499 1725 2532 peccata,
1747 2505 1791 2526 an
1808 2496 1891 2529 velit
1908 2500 2086 2541 exaudire,

1101 2537 1240 2578 iuvare,
1264 2539 1416 2577 salvare,
1441 2540 1592 2584 denique
1615 2549 1789 2584 praestare
1814 2546 1896 2591 illa,
1916 2561 2004 2593 quae
2022 2563 2084 2594 per

1100 2585 1282 2621 Christum
1301 2589 1487 2632 promisit?
1541 2589 1579 2623 In
1597 2593 1694 2625 omni
1712 2594 1933 2632 invocatione
1955 2601 2084 2643 cogite-

1101 2650 1178 2672 mus
1196 2637 1280 2673 haec
1298 2640 1420 2673 verba:
1444 2638 1497 2674 Ne
1511 2640 1660 2685 dixeris,
1675 2645 1754 2689 quis
1770 2650 1930 2683 ascendet
1948 2650 1985 2683 in
2005 2663 2084 2685 coe.

1407 2689 1458 2724 44
