2415 2942
73 117 147 154 549

75 211 195 238 natum
221 215 260 236 ex
286 201 487 246 posteritate
512 200 628 235 David
649 227 657 245 ‚
695 201 790 236 iuxta
824 201 1071 246 promisiones,

73 254 246 288 accdivina
266 255 422 297 potentia
444 265 507 287 nos
525 253 798 287 sanctificantem
826 253 898 286 vita
917 259 1072 290 aeterna.

73 305 168 339 Haec
183 305 342 338 membra
361 304 538 347 copiosius
556 304 648 337 infra
672 303 962 338 declarabuntur·

175 354 258 388 Ideo
278 362 393 388 autem
405 355 534 389 Paulus
554 355 656 388 initio
672 354 789 387 statim
808 354 994 398 proposuit
1009 355 1071 387 de-

72 405 282 447 finitionem,
299 414 336 440 ut
347 407 514 440 sciremus
526 406 611 451 quid
625 405 799 449 professus
808 405 866 446 sit,
876 411 908 438 et
919 405 1070 448 diligen-

73 464 125 492 ter
141 458 419 491 discerneremus
430 458 539 501 legem
559 458 604 490 ab
615 454 820 499 Evangelio,
845 456 945 501 quasi
964 456 1068 498 dicat,

73 507 206 541 Paulus
229 508 401 542 divinitus
433 514 575 542 vocatus
607 508 648 539 ad
679 507 876 539 docendum
904 504 1068 551 Evange-

72 558 159 591 lium
184 560 226 592 de
250 557 392 593 Christo
409 586 418 601 ‚
461 570 533 592 non
565 557 609 591 ad
635 558 834 590 docendum
860 558 971 601 legem
1007 565 1067 593 aut

74 607 345 654 philosophiam.

169 692 242 728 Per
257 690 461 740 Prophetas
479 691 517 726 in
535 691 729 739 scripturis
747 691 889 725 sanclis
907 696 969 728 elc-

176 763 258 797 Ideo
285 762 427 803 inserit,
455 768 494 795 ut
519 761 643 795 tacitae
671 761 865 794 obiectioni
892 768 1063 796 occurrat.

73 813 162 848 Cum
188 826 318 848 novum
342 825 452 856 genus
480 812 661 845 doctrinae
687 812 930 857 profiteretur,
967 811 1061 847 haud

73 866 180 899 dubie
205 865 453 908 obstrepebant
478 860 670 896 Pharisaei.
737 862 826 896 Cum
856 875 993 908 semper
1018 864 1061 897 ab

72 915 173 950 initio
198 915 323 949 mundi
349 915 463 960 aliqua
491 914 597 948 suerit
619 912 776 947 Ecclesia
802 913 886 955 Dei,
920 927 1060 949 necesse

71 973 121 1000 est
148 978 222 999 eam
248 966 401 999 tenuisse
424 965 621 998 doctrinam
646 965 877 998 necessariam
901 967 944 999 ad
965 966 1060 999 salu-

70 1024 150 1051 tem.
180 1016 405 1060 Quaerebant
417 1016 525 1059 igitur
539 1015 732 1057 Pharisaei,
749 1028 793 1049 an
806 1015 1060 1060 Apostolorum

71 1069 266 1103 doctrinam
293 1067 483 1102 tenuerint.
535 1068 573 1101 Si
601 1079 674 1100 non
702 1073 909 1109 tenuerunt,
937 1067 1061 1101 clami-

71 1117 347 1160 tantPharisaei‚
372 1130 500 1152 novam
521 1124 552 1151 et
569 1118 844 1151 commentitiam
861 1130 943 1154 esse.
984 1118 1060 1154 Re-

72 1172 222 1214 spondet
239 1170 385 1203 Paulus:
422 1168 497 1201 Imo
521 1181 632 1202 unum
659 1176 690 1203 et
715 1169 806 1202 idem
827 1167 1059 1213 Evangelium

73 1228 122 1254 est
139 1222 182 1253 de
202 1220 349 1261 Messia,
377 1221 470 1265 quod
486 1219 648 1253 Patribus
662 1220 875 1268 promissum
887 1247 894 1260 ‚
922 1228 954 1254 et
971 1220 1059 1253 Pro-

72 1269 188 1315 phetis
205 1278 457 1311 monstratum,
485 1277 516 1303 et
531 1283 626 1303 nunc
643 1268 837 1304 exhibitum
860 1278 922 1305 est.
977 1271 1058 1304 Non

71 1322 261 1355 adferimus
277 1322 472 1355 doctrinam
494 1321 648 1363 ignotam
667 1321 830 1354 Patribus
846 1328 878 1354 et
897 1321 1059 1365 Prophe-

73 1373 136 1412 tis,
161 1374 218 1405 sed
245 1385 262 1405 a
290 1373 388 1406 vobis
414 1373 575 1404 obrutam
597 1384 659 1415 per
683 1369 853 1404 humanas
871 1373 1059 1415 opiniones

70 1424 114 1455 (le
130 1423 266 1455 iusticia
287 1423 390 1465 legis,
418 1423 460 1455 de
479 1434 586 1465 regno
603 1422 745 1466 politico
767 1421 929 1458 Messiae.

71 1473 282 1506 execramini
309 1472 376 1507 hoc
400 1484 509 1516 genus
533 1473 714 1506 doctrinae
738 1479 904 1517 tanquam
924 1485 1057 1506 novum

71 1531 103 1558 et
126 1525 427 1565 commentitium,
462 1523 544 1568 quia
568 1535 640 1556 non
664 1523 861 1566 intelligitis
878 1551 886 1564 ,
920 1525 963 1558 de
987 1537 1056 1569 qua

70 1575 280 1608 liberatione
306 1575 426 1609 Patres
460 1582 491 1608 et
516 1573 711 1618 Prophetae
747 1575 946 1609 concionati
978 1576 1059 1609 sint.

72 1625 222 1670 Fingitis
249 1639 310 1659 vos
336 1638 408 1658 csse
434 1626 545 1658 iustus
563 1626 653 1668 lege,
684 1624 849 1658 Messian,
866 1633 1056 1660 venturum

71 1689 163 1717 esse,
191 1684 228 1710 ut
245 1685 388 1721 occupet
404 1676 527 1708 mundi
551 1676 756 1719 imperium,
784 1676 884 1709 vobis
902 1678 957 1710 det
976 1689 1058 1721 pro-

71 1728 204 1760 vincias
221 1730 400 1771 regendaS,
428 1734 466 1760 ut
484 1726 610 1770 opibus
628 1734 660 1760 et
678 1726 918 1770 voluptatibus
934 1728 1058 1760 afflua-

71 1779 130 1812 tis:
156 1777 250 1812 Haec
269 1786 317 1811 cst
337 1778 517 1818 liberatio,
546 1789 650 1822 quam
672 1789 733 1810 vos
755 1778 939 1811 temulenti
965 1789 1059 1811 som-

72 1830 188 1864 niatis.
242 1828 288 1863 At
310 1830 362 1862 illi
387 1829 613 1872 expectabant
633 1827 816 1868 Messiam,
851 1829 910 1873 qui
938 1829 1059 1862 divina

71 1881 226 1925 potentia
259 1881 396 1914 aboleat
427 1885 605 1924 peccatum
634 1885 665 1912 et
700 1886 871 1919 mortem,
915 1880 975 1924 qui
997 1881 1060 1912 de-

74 1939 185 1965 struat
209 1943 354 1974 regnum
381 1931 532 1964 diaboli:
565 1930 600 1963 id
625 1929 764 1963 volebat
788 1931 995 1974 promissio,
1022 1931 1059 1964 in
1086 1946 1087 1965 ἢ

76 1995 143 2028 qua
167 1983 386 2027 promittitur
402 1993 542 2022 semen,
570 1981 663 2026 quod
682 1988 836 2015 conteret
859 1988 962 2025 caput
986 1993 1061 2015 ser-

74 2034 198 2077 pentis.
254 2032 387 2066 Eodem
413 2035 518 2066 modo
543 2044 637 2065 nunc
663 2031 765 2065 nobis
788 2040 974 2076 opponunt
992 2032 1059 2065 Pa-

76 2084 185 2127 pistae
201 2082 407 2116 Ecclesiam:
440 2083 688 2116 vociferantur
710 2094 775 2116 nos
797 2084 936 2116 adferre
952 2095 1061 2126 genus

77 2135 255 2166 doctrinae
276 2134 433 2175 ignotum
451 2132 637 2167 Ecclesiae.
687 2132 759 2167 Nos
776 2135 1007 2167 reclamamus
1026 2141 1059 2169 et

77 2191 245 2218 testamur
268 2184 405 2217 fulsisse
436 2184 634 2216 doctrinam
665 2192 820 2218 nostram
844 2186 881 2218 in
903 2183 1061 2223 ,Ecclesia

78 2235 242 2276 Patrum,
278 2232 555 2279 Prophetarum,
590 2232 863 2278 Apostolorum,
899 2248 938 2270 ac
959 2237 1062 2269 dein·
1086 2246 1088 2252 ’

79 2298 157 2331 ceps
181 2287 271 2330 apud
299 2286 386 2330 pios.
438 2285 641 2329 Allegamus
658 2283 834 2319 Ecclesiae
851 2288 1062 2328 testimonia,

80 2388 232 2431 piorum.

81 2439 200 2478 debet,
227 2441 320 2484 quod
341 2451 442 2472 verae
457 2437 632 2471 Ecclesiae
649 2436 783 2472 Christi
809 2450 946 2482 semper
963 2440 1064 2483 igno-

80 2495 155 2523 tum
178 2490 254 2524 fuit.

83 2552 183 2574 verae
201 2538 372 2574 Ecclesiae
389 2540 596 2574 sententiae:
624 2539 713 2574 Nam
731 2541 933 2584 pontifices,
959 2541 1066 2574 sacri-

83 2591 199 2632 ficuli,
226 2589 407 2632 monachi,
440 2598 644 2635 sparserunt
669 2591 706 2623 in
728 2590 884 2625 Ecclesia
907 2591 1010 2625 falsas
1034 2599 1068 2627 et

82 2639 303 2686 pharasaicas
326 2643 530 2686 opiniones,
556 2644 599 2676 de
616 2642 752 2676 iusticia
776 2654 943 2687 operum,
967 2655 1068 2677 exco-
1092 2667 1094 2672 ,

83 2693 283 2737 gitaverunt
308 2691 632 2741 ἐθελοθρησκείας,
658 2694 930 2728 cumulaverunt
952 2691 1068 2728 ethni-

275 115 375 151 Xlll.
427 117 463 153 2.
499 114 861 152 COMMENTARII
892 113 941 152 IN
967 115 1122 156 EPIST.
1149 115 1298 155 PAULI
1325 117 1393 154 AD
1421 117 1685 166 ROMANOS²
1738 122 1844 164 CAP.
1870 126 1900 164 1.

988 1422 1060 1456 Vos
1084 1453 1086 1463 ,,

1087 2325 1089 2330 ¹
1113 2288 1337 2332 pellationem
1357 2292 1420 2324 filii
1437 2291 1512 2326 Dei.

80 2337 242 2371 videlicet
264 2334 544 2380 Prophetarum,
576 2336 827 2379 Apostolorum
855 2345 888 2372 et
911 2338 1062 2372 aliorum
1087 2333 1089 2345 ²

293 2388 440 2422 Nullum
465 2387 572 2420 einim
603 2399 710 2430 genus
744 2388 923 2421 doctrinae
955 2389 1063 2433 recipi
1088 2400 1090 2420 t

305 2489 375 2524 Sed
399 2489 518 2523 multis
541 2490 610 2522 iam
639 2490 764 2522 seculis
788 2490 972 2523 obscurata
997 2490 1065 2524 fuit
1090 2501 1091 2511 ¹

2041 127 2115 166 550

1126 216 1180 238 cas
1225 205 1490 249 superstitiones
1507 234 1515 248 ‚
1569 207 1829 244 invocationem
1877 218 2112 256 mortuorum,

1124 255 1376 290 idolomaniam
1401 259 1641 300 manifestam,
1681 269 1711 294 et
1743 259 1907 297 horribili
1929 263 2111 309 impietate

1124 305 1437 352 prophanaverunt
1458 321 1600 343 coenam
1618 311 1774 349 Domini.

1223 356 1319 391 Haec
1342 359 1467 401 partim
1492 362 1757 408 superstitione,
1784 364 1911 407 partim
1935 373 2109 412 quaestus,

1122 406 1250 449 partim
1283 409 1496 443 muniendae
1531 414 1730 456 tyrannidis
1754 427 1874 456 causa,
1916 418 2109 461 excogitata

1121 466 1212 490 sunt.
1266 457 1332 491 Hic
1349 466 1466 493 coetus
1491 461 1678 505 impiorum
1704 465 1907 507 pontificum
1928 475 1961 501 et
1983 481 2108 502 mona·

1120 504 1267 541 chorum
1292 521 1363 542 non
1398 517 1446 543 est
1472 509 1627 545 Ecclesia
1654 512 1803 556 Christi,
1845 529 1952 561 quare
1978 519 2108 554 iniuste

1120 555 1215 592 hunc
1238 557 1524 594 honestissimum
1553 563 1694 597 titulum
1718 566 1785 599 sibi
1811 576 1993 611 arrogant,
2025 583 2106 604 cum

1118 621 1216 642 suam
1243 612 1465 644 autoritatem
1493 615 1788 657 commentitiam,
1822 629 1895 651 non
1920 631 2022 653 verae
2039 621 2107 656 Ec-

1118 660 1241 694 clesiae
1259 663 1481 695 autoritatem
1495 690 1504 703 ,
1532 665 1634 698 nobis
1650 675 1847 710 opponunt.
1900 668 2025 704 Monet
2041 672 2107 714 igi-

1117 717 1175 745 tur
1192 711 1322 746 Paulus
1347 711 1413 747 hoc
1438 714 1534 755 loco,
1562 728 1605 748 ne
1630 716 1705 750 sine
1730 719 1938 753 testimoniis
1956 722 2106 765 scriptu-

1115 774 1174 796 rae
1203 763 1343 797 divinae
1377 766 1538 808 dogmata
1572 767 1806 811 recipiantur,
1850 779 1969 805 monet
1998 773 2104 806 etiam

1088 856 1089 859 ¹
1116 821 1154 847 ut
1171 826 1271 847 verae
1282 814 1459 849 Ecclesiae
1473 818 1662 851 sententias
1680 821 1911 867 requiramuS,
1935 830 1967 857 et
1985 836 2104 857 veram

1114 862 1307 899 Ecclesiam
1326 879 1343 900 a
1361 867 1445 901 falsa
1463 869 1715 906 discernamus.

1467 949 1529 984 De
1559 948 1644 996 filio
1676 965 1755 989 suo,

1218 1011 1382 1061 Opponit
1409 1025 1440 1052 et
1465 1015 1556 1052 hanc
1582 1020 1789 1064 particulam
1816 1023 2020 1066 vulgaribus
2045 1023 2103 1058 Iu-

1113 1065 1282 1099 daeorum
1300 1070 1596 1112 persuasionibus,
1632 1071 1753 1105 Iudaei
1770 1075 2103 1117 expectabantMes-

1113 1116 1219 1161 siam,
1253 1119 1315 1163 qui
1342 1132 1413 1153 non
1441 1129 1526 1154 esset
1552 1130 1674 1155 natura
1699 1123 1792 1157 filius
1822 1123 1908 1166 Dei,
1935 1127 1993 1159 sed
2020 1133 2102 1160 tan-

1115 1175 1190 1201 tum
1220 1166 1348 1211 homo,
1387 1173 1529 1205 caeteris
1555 1171 1742 1216 Prophetis
1772 1175 1915 1217 similis,
1949 1174 2015 1210 hoc
2039 1185 2101 1217 est,

1111 1220 1323 1253 antecellens
1352 1222 1475 1265 vulgus
1504 1223 1695 1266 sapientia,
1733 1224 1891 1267 iusticia,
1934 1235 1966 1261 et
1989 1228 2101 1262 felici-

1085 1285 1086 1288 *
1111 1275 1181 1303 tate
1200 1270 1237 1302 in
1258 1272 1363 1305 rebus
1385 1274 1564 1315 gerendis,
1599 1281 1637 1308 ut
1662 1275 1763 1308 sacile
1791 1278 1887 1310 orbis
1911 1278 2098 1322 imperium

1111 1329 1307 1364 occuparet.
1359 1323 1407 1356 At
1434 1323 1556 1357 Patres
1579 1332 1613 1358 et
1630 1324 1825 1370 Prophetae
1851 1337 1980 1363 norant
2002 1329 2100 1364 Mes-

1109 1371 1196 1404 siam
1223 1384 1295 1405 esse
1321 1372 1432 1406 filium
1457 1373 1541 1416 Dei,
1575 1383 1659 1409 tunc
1689 1390 1830 1423 quoque
1853 1380 1945 1423 ipsos
1971 1382 2099 1424 guber-

1109 1429 1252 1456 nantem
1271 1430 1303 1456 et
1321 1424 1512 1458 iuvantem.
1569 1426 1672 1461 Iacob
1690 1429 1822 1474 inquit:
1856 1430 2014 1475 Angelus
2038 1433 2099 1478 qui

1110 1473 1239 1517 eripuit
1255 1486 1310 1506 me
1330 1488 1369 1508 ex
1387 1477 1553 1511 omnibus
1572 1479 1693 1519 malis,
1725 1480 1909 1515 benedicat
1935 1480 1988 1516 his
2013 1496 2099 1527 pue-

1109 1523 1178 1564 ris,
1210 1525 1272 1558 ubi
1297 1526 1469 1568 significat
1496 1540 1531 1561 se
1559 1529 1656 1574 loqui
1683 1531 1725 1563 de
1751 1531 1958 1573 liberatore,
1993 1547 2098 1579 quem

1108 1582 1210 1609 norat
1226 1578 1438 1619 promissum
1460 1590 1543 1614 esse.
1588 1580 1676 1613 Nam
1697 1579 1802 1614 huius
1819 1585 2002 1627 proprium
2021 1598 2099 1619 mu-

1108 1637 1175 1658 nus
1200 1633 1250 1659 est
1277 1627 1426 1661 liberare
1451 1642 1490 1662 ex
1513 1631 1679 1664 omnibus
1696 1633 1809 1665 malis.
1862 1633 1913 1667 Ac
1932 1636 2097 1671 viderunt

1109 1688 1187 1708 eum
1201 1675 1314 1717 Iacob,
1326 1677 1444 1712 Moses
1459 1688 1491 1714 et
1503 1679 1638 1714 Daniel.
1670 1681 1751 1716 ldeo
1766 1683 1926 1726 loannes,
1945 1693 1980 1719 ut
1993 1694 2096 1721 teste-

1108 1733 1166 1759 tur
1190 1727 1356 1761 Messiam
1382 1742 1453 1763 esse
1479 1732 1588 1765 filium
1618 1734 1706 1775 Dei,
1733 1741 1765 1767 et
1787 1747 1922 1782 semper
1945 1738 2097 1772 adfuisse

1109 1779 1279 1822 patribus,
1297 1779 1431 1825 inquit:
1459 1781 1498 1814 ln
1516 1783 1691 1827 principio
1709 1793 1782 1818 erat
1798 1788 1955 1827 verbum,
1977 1789 2096 1822 omnia

1108 1840 1170 1872 per
1186 1829 1300 1873 ipsum
1320 1831 1409 1865 facta
1428 1841 1509 1867 sunt
1528 1841 1588 1867 etc.
1644 1834 1854 1877 Significans
1877 1851 1998 1873 omnes
2021 1840 2097 1883 glo-

1111 1879 1221 1912 riosas
1246 1881 1429 1924 victorias,
1464 1883 1578 1924 Noae,
1607 1883 1794 1928 Abrahae,
1820 1887 1963 1933 loseph,
1990 1890 2098 1932 Mosi,

1111 1930 1286 1965 Samuelis
1302 1957 1311 1971 ,
1353 1932 1521 1974 Davidis,
1564 1934 1708 1978 Esaiae,
1751 1937 1938 1981 Ieremiae,
1982 1949 2097 1985 partas

1111 1993 1183 2015 esse
1214 1980 1280 2016 hoc
1309 1984 1397 2017 duce
1429 1993 1461 2019 et
1492 1995 1753 2030 propugnatore
1780 1997 1900 2024 nostro
1931 1992 2098 2027 adversus

1111 2033 1307 2070 diabolum.
1358 2034 1476 2078 Quare
1500 2045 1533 2071 et
1556 2036 1622 2071 hoc
1647 2040 1724 2073 loco
1741 2040 1871 2074 Paulus
1895 2043 1938 2075 de
1961 2044 2099 2078 duabus

1111 2085 1246 2118 naturis
1273 2086 1309 2118 in
1332 2085 1460 2121 Messia
1480 2090 1727 2124 concionatur:
1765 2101 1865 2126 vocat
1889 2094 1999 2126 filium
2019 2093 2098 2135 Dei,

1111 2142 1149 2168 ut
1165 2133 1376 2170 ludaeorum
1395 2151 1548 2173 errorem
1569 2147 1670 2181 taxet,
1698 2143 1786 2176 sicut
1803 2141 2005 2178 etChristus
2024 2146 2098 2190 ipse

1111 2187 1242 2221 taxavit
1268 2186 1363 2224 toan.
1379 2188 1413 2224 5.
1440 2197 1473 2224 et
1496 2203 1596 2236 saepe
1621 2193 1718 2228 alias.
1778 2194 1954 2239 Loquitur
1978 2203 2098 2231 autem

1111 2236 1242 2271 Paulus
1265 2240 1309 2272 de
1332 2252 1501 2283 persona,
1536 2251 1569 2277 et
1592 2250 1670 2287 apte
1693 2244 1817 2279 tribuit
1845 2257 2012 2288 personae
2035 2260 2097 2292 ap-

1566 2293 1646 2326 Non
1674 2295 1768 2327 enim
1793 2303 1928 2330 tantum
1955 2299 2098 2333 divinae

1114 2346 1259 2373 naturae
1284 2342 1473 2376 tribuenda
1492 2350 1544 2377 est
1565 2341 1649 2377 haec
1664 2346 1869 2389 appellatio,
1896 2350 1954 2383 sed
1977 2361 2098 2393 perso-

1115 2402 1181 2422 nae
1198 2389 1341 2427 Christi.
1369 2392 1475 2427 Hunc
1494 2403 1608 2429 autem
1626 2402 1769 2430 testatur
1784 2405 1942 2433 constare
1960 2401 2098 2434 duabus

1115 2442 1269 2483 naturis,
1296 2443 1343 2477 ait
1365 2442 1460 2478 hunc
1476 2445 1586 2478 filium
1604 2449 1797 2481 secundum
1816 2461 1956 2482 carnem
1975 2459 2098 2485 natum

1116 2503 1187 2525 esse
1210 2505 1250 2526 ex
1275 2496 1407 2528 semine
1422 2495 1555 2529 David:
1591 2496 1751 2532 Affirmat
1776 2499 1883 2543 igitur
1898 2502 1934 2534 in
1957 2499 2098 2536 Christo

1116 2554 1188 2576 esse
1204 2541 1396 2579 humanam
1414 2554 1586 2580 naturam.
1625 2546 1671 2582 Et
1688 2546 1745 2583 hic
1762 2550 1860 2584 locus
1875 2553 2001 2586 refutat
2017 2552 2100 2587 Ma-

1117 2592 1283 2629 nichaeos
1299 2603 1331 2630 et
1349 2598 1533 2642 plerosque
1557 2599 1663 2640 alios,
1695 2601 1755 2645 qui
1780 2599 1971 2636 humanam
1995 2612 2098 2637 natu-

1118 2657 1193 2678 ram
1211 2643 1353 2681 Christo
1378 2649 1621 2690 detraxerunt,
1647 2659 1707 2684 aut
1728 2661 1901 2696 negarunt
1923 2661 2101 2698 acceptam

1120 2708 1192 2730 esse
1208 2698 1435 2743 ean-sanguiue
1451 2701 1573 2734 matris
1589 2701 1746 2746 virginis.
1799 2703 1935 2739 Deinde
1960 2705 2102 2739 concio-

1510 2749 1592 2786 35*
