2415 2942
314 95 408 130 1083

315 189 489 215 seramus,
515 174 573 208 sed
599 179 636 206 nt
663 169 823 205 rudiores
847 175 988 204 teneant
1013 167 1216 214 praecipuas
1242 179 1296 201 re-

317 232 413 276 gulas
432 226 535 261 buius
554 230 765 257 contractus.

418 286 469 319 De
505 283 707 317 conditione
741 279 887 313 honesta
913 285 946 312 et
971 278 1132 323 possibili
1167 278 1300 311 adiecta

319 341 422 372 etiam
446 334 531 369 baec
556 334 673 376 regula
692 338 872 369 teneatur,
899 337 937 363 ut
956 341 1033 363 curn
1053 330 1196 363 dicitnr:
1227 327 1300 361 Du—

318 402 392 423 cam
421 395 473 427 te,
506 386 534 419 si
564 384 664 418 dabis
686 379 773 415 mihi
799 389 950 414 centum.
1016 379 1115 414 Talis
1145 379 1302 412 conditio

321 438 468 482 impedit
485 435 707 477 coniugium,
737 433 764 465 si
782 443 853 464 non
871 431 1070 475 impleatur.
1122 429 1190 463 Sed
1219 429 1303 461 tales

319 489 540 523 conditiones
566 484 753 517 concubitu
777 483 974 515 abolentur.
1027 480 1166 515 Omitto
1187 487 1303 513 autem

321 538 575 583 disputationes
599 537 642 568 de
668 533 934 567 conditionibus
957 530 1154 566 inhonestis
1179 538 1211 563 et
1237 531 1304 562 im-

321 589 570 635 possibilibus,
599 585 680 631 quia
708 585 744 617 in
769 583 947 617 communi
972 584 1042 616 vita
1069 581 1224 625 exempla
1250 592 1305 613 ra-

321 643 412 674 riora
436 645 528 673 sunt.

426 689 604 723 Hactenus
621 687 662 719 de
680 691 861 719 contractu
878 682 1082 727 praecipuas
1098 680 1306 724 disputatio-

324 753 385 776 nes
409 739 566 774 recitavi-
629 736 731 769 Nunc
755 736 930 768 addantur
955 733 1094 775 regulae
1119 734 1162 764 de
1185 730 1309 763 officiis

325 791 569 833 coniugalibus
616 793 647 820 et
690 788 732 819 (le
770 784 1010 818 accidentibus
1052 783 1088 815 in
1133 781 1309 823 coniugio.

326 843 456 877 Paulus
477 841 512 872 in
532 845 626 872 textu
649 836 865 870 mentionem
884 835 965 868 facit
983 833 1089 867 officii
1107 831 1312 874 coniugalis,

326 894 419 939 qnod
439 890 583 924 honesta
602 887 837 931 appellatione
855 892 956 919 ornat
969 912 977 925 ‚
1002 884 1192 917 nominans
1212 882 1310 914 debi—

328 953 395 978 tam
417 939 709 975 benevolentiam.
762 936 855 970 Hinc
874 936 993 979 regula
1018 941 1191 968 sumatur:
1221 931 1312 966 Offi-

328 996 419 1027 cium
441 990 624 1032 coniugale
649 999 736 1032 opus
760 988 890 1020 iustum
914 998 1004 1023 esse,
1032 992 1066 1019 et
1091 983 1312 1028 superstitio-

329 1056 381 1078 sas
406 1043 590 1086 opiniones
620 1039 855 1077 damnandas,
890 1049 978 1082 quae
1003 1036 1090 1069 falso
1118 1036 1254 1077 fingunt
1277 1034 1313 1066 id

329 1106 416 1140 opus
441 1092 625 1135 displicere
643 1088 736 1129 Deo,
765 1100 843 1121 cum
869 1088 913 1121 sit
936 1087 1138 1128 conditum,
1165 1093 1197 1120 et
1220 1091 1313 1118 certo

330 1145 454 1180 ordine
474 1142 673 1175 institutum
695 1151 712 1172 a
732 1138 817 1172 Deo.

432 1200 483 1235 Ex
503 1199 558 1233 liis
578 1199 710 1232 verbis:
743 1197 805 1230 vir
823 1209 894 1230 non
912 1193 1017 1229 habet
1033 1201 1237 1240 potestatem
1263 1193 1315 1226 sui

332 1253 506 1297 corporis,
550 1250 659 1295 aliqui
696 1249 798 1282 etiam
833 1247 1089 1280 ratiocinantur
1124 1244 1316 1288 improbari

335 1300 573 1350 πολιγαμίαν
591 1325 601 1343 ,
637 1301 680 1332 de
710 1311 778 1343 qua
806 1310 909 1341 supra
937 1297 1091 1330 breviter
1117 1297 1206 1329 dixi:
1242 1295 1318 1327 Pir-

336 1368 432 1388 mum
460 1352 654 1385 institutam
687 1361 758 1382 esse
788 1349 985 1380 societatem
1020 1348 1126 1380 unius
1155 1346 1260 1379 maris
1288 1351 1319 1377 et

336 1406 416 1440 unis
440 1403 624 1436 foeminae.
676 1399 731 1433 Ab
757 1396 824 1431 hoc
855 1398 978 1431 ordine
1004 1405 1121 1441 postea
1148 1395 1321 1429 infirmior

340 1463 464 1489 natura
488 1451 662 1489 discessit,
689 1451 781 1494 quod
808 1455 979 1493 quatenus
1005 1445 1322 1491 permiseramus,

339 1508 390 1540 lex
419 1503 589 1541 ostendit,
617 1502 674 1533 sed
704 1499 935 1541 lix-angelium
961 1511 1024 1531 nos
1060 1500 1102 1530 de
1128 1500 1242 1542 prima
1268 1497 1321 1528 in-

339 1556 519 1590 stitutione
541 1551 819 1586 commonefacit.

444 1612 604 1647 Sccnnda
630 1610 748 1651 regula
782 1605 947 1652 prohibet
977 1607 1134 1650 vulgaria
1163 1605 1326 1645 divortia,

342 1677 430 1710 quae
449 1670 487 1696 ut
504 1674 597 1695 nuuc
614 1663 706 1704 apud
727 1659 874 1698 Turcas,
901 1659 946 1691 ita
964 1665 1047 1691 tunc
1068 1658 1159 1702 apud
1181 1655 1326 1689 ludaeos

343 1725 375 1750 et
399 1713 570 1748 Ethnicos
601 1712 675 1744 sine
701 1710 905 1744 discrimine
932 1721 1098 1753 prorsus,
1140 1714 1179 1740 ut
1210 1707 1326 1746 libuit,

342 1767 482 1800 fiebant.

428 1814 1328 1862 HanclicentiamrestringuntChristus‚M.·ttb.19.

348 1884 380 1910 et
397 1874 464 1909 hoc
481 1875 558 1907 loco
576 1872 721 1911 Paulus,
749 1877 781 1903 et
798 1870 922 1903 volunt
938 1869 1140 1911 coniugium
1160 1880 1230 1900 esse
1250 1879 1328 1911 per—

346 1935 485 1972 petuam
507 1931 539 1957 et
557 1921 837 1956 indissolubilem
850 1920 1149 1953 coniunctionem.
1178 1918 1260 1951 ldeo
1275 1918 1330 1949 in-

348 1979 439 2023 quit:
474 1975 553 2008 Non
579 1985 660 2016 ego,
689 1973 747 2005 sed
767 1970 943 2004 Dominus
969 1971 1155 2013 praecipit,
1184 1982 1226 2002 ue
1244 1979 1332 2001 uxor

348 2041 367 2062 a
393 2027 519 2061 marito
544 2030 740 2068 separetur,
768 2029 801 2055 et
827 2033 870 2053 ne
895 2021 1043 2055 maritus
1066 2032 1209 2054 uxorem
1235 2021 1332 2052 dese-

348 2086 412 2113 rat.
466 2076 567 2109 Hanc
584 2075 736 2117 regulam
758 2073 794 2104 in
815 2070 969 2106 Ecclesia
989 2072 1063 2105 vult
1080 2070 1173 2104 Deus
1191 2070 1333 2104 servari.

352 2129 420 2163 Sed
444 2127 606 2161 accidunt
631 2125 679 2157 ibi
705 2135 844 2168 quoqne
877 2123 1026 2154 divortia
1059 2134 1131 2154 non
1155 2122 1334 2154 voluntate

353 2181 510 2224 piorum,
545 2177 603 2210 sed
631 2175 772 2209 alterius
797 2173 955 2215 coniugis
982 2173 1118 2208 delicto.
1188 2171 1233 2205 Et
1257 2179 1334 2204 tan-

354 2240 428 2263 tum
460 2230 530 2261 duo
565 2237 662 2260 casus
696 2223 845 2268 expressi
880 2231 976 2256 sunt:
1020 2224 1107 2256 alter
1140 2235 1157 2256 a
1181 2221 1335 2262 Christo,

352 2281 439 2314 alter
454 2291 470 2312 a
490 2278 613 2311 Paulo.

455 2338 609 2371 Persona
642 2346 730 2380 quae
763 2333 904 2366 admisit
937 2331 1170 2370 adulterium,
1206 2331 1338 2375 rumpit

358 2390 479 2423 foedus
498 2386 665 2429 coniugii.
720 2384 761 2417 ln
779 2396 818 2417 eo
833 2395 912 2416 casu
930 2382 991 2415 etsi
1007 2382 1246 2415 reconciliatio
1263 2390 1339 2414 ten-

360 2441 465 2473 tanda
502 2445 579 2477 est,
620 2444 736 2470 tamen
775 2434 849 2477 cogi
887 2434 1055 2466 innocens
1088 2444 1235 2476 persona
1267 2445 1339 2466 non

360 2496 490 2535 potest,
517 2496 552 2520 ut
573 2488 743 2531 pollutam
762 2485 917 2528 recipiat.

462 2546 547 2581 Cum
566 2547 672 2588 igitur
688 2544 775 2589 petit
793 2544 963 2576 innocens
983 2541 1209 2586 pronunciari
1225 2542 1266 2573 de
1286 2542 1339 2573 di-

362 2598 498 2637 vortio,
525 2596 628 2628 iudex
647 2596 788 2627 damnat
808 2601 1011 2633 nocentem,
1040 2605 1127 2635 quae
1149 2592 1241 2635 rupit
1269 2593 1341 2624 soe-

363 2652 426 2682 dus
443 2646 612 2688 coniugii,
640 2652 672 2678 et
691 2646 899 2688 pronunciat
917 2645 1138 2676 innocentem
1157 2655 1340 2686 personam

896 82 1023 118 PHIL.
1050 81 1166 117 MEL.
1193 80 1400 118 SCRIPTA
1427 79 1728 120 ExEGETICA.

2229 86 2326 121 1084

1352 168 1498 202 liberam
1519 179 1608 209 esse,
1636 180 1724 213 quae
1740 180 1817 203 cum
1833 170 1876 204 sit
1898 183 2040 215 prorsus
2055 171 2201 205 liberata
2223 182 2242 205 a
2265 183 2329 204 no-

1354 226 1469 257 cente,
1496 226 1608 261 potest
1625 220 1719 252 aliud
1738 221 1939 263 coniugium
1957 221 2175 256 contrahere.

1455 269 1542 302 Tale
1566 270 1756 303 divortium
1782 282 1854 303 non
1878 272 1917 305 fit
1937 273 2125 316 cupiditate
2139 273 2258 317 aliqua
2275 271 2329 304 in-

1355 320 1531 360 nocentis,
1567 321 1625 352 sed
1651 321 1793 353 alterins
1816 322 1963 359 delicto,
2004 335 2092 367 quae
2115 323 2184 356 iarn
2207 323 2327 355 vincu-

1355 371 1473 404 culum
1498 371 1651 412 coniugii
1678 371 1849 405 dissolvit.
1911 372 2026 406 Facile
2051 372 2157 414 igitur
2181 371 2329 418 intelligi

1356 427 1487 465 potest,
1511 419 1578 454 hoc
1601 421 1792 454 divortium
1814 420 1964 456 Iudaicis
1992 420 2050 456 aut
2068 421 2240 457 Romanis
2261 423 2331 455 dis-

1357 471 1470 504 simile
1493 483 1574 505 esse⁴
1627 470 1715 505 Cato
1739 472 1829 505 cedit
1853 474 1974 506 volens
1991 472 2158 506 Mart-iam
2179 472 2334 506 Horten-

1357 523 1420 555 sio.
1475 520 1629 566 Agrippa
1653 522 1774 555 volens
1793 523 1937 557 dimittit
1955 523 2159 557 Marcellam
2173 550 2182 564 ‚
2209 526 2334 557 ductu-

1358 583 1416 605 rus
1435 571 1560 604 Iuliam
1577 572 1725 615 Augusti
1745 573 1864 608 filiam.
1919 573 2086 607 Tiberius
2106 574 2197 607 Nero
2214 574 2336 607 volens

1360 623 1451 656 cedit
1469 622 1603 656 Liviam
1619 623 1790 665 Auguste.

1461 673 1561 706 Alter
1579 685 1675 706 casus
1694 686 1712 706 a
1730 673 1839 707 Paulo
1856 685 2037 717 expressus
2051 680 2120 714 est,
2147 686 2227 707 cum
2251 686 2336 708 con-

1361 724 1475 766 iugem
1499 724 1574 756 sine
1598 724 1745 757 crimine
1768 725 1961 764 viventem,
1986 725 2074 758 alter
2097 725 2284 767 coniugum
2302 737 2339 758 re

1362 786 1441 807 vera
1459 774 1604 812 deserit,
1632 774 1679 807 ita
1703 781 1742 807 ut
1765 775 1927 808 voluntas
1949 776 2139 808 deserentis
2165 787 2205 807 ex
2228 777 2339 808 causis

1362 826 1463 867 fugae
1489 831 1523 857 et
1544 831 1700 868 tempore
1723 832 1753 857 et
1770 825 2023 866 arationibus,
2051 833 2084 859 et
2098 826 2175 859 aliis
2191 826 2340 858 circnm-

1363 875 1502 909 stantiis
1519 874 1668 908 indicari
1687 876 1813 918 possit,
1839 883 1877 909 ut
1894 876 2034 920 Ulysses
2051 888 2125 909 non
2151 882 2200 909 est
2225 877 2340 909 deser-

1365 933 1430 961 tor.
1483 923 1642 958 'l'heseus
1658 925 1862 970 relinquens
1878 927 2082 968 Ariadnen,
2112 933 2160 960 est
2178 928 2343 960 desertor.

1365 973 1599 1019 Demophoon
1619 976 1775 1009 desertor
1792 983 1842 1009 est
1858 975 2034 1021 Phyllidis
2052 978 2210 1012 mulieris
2227 974 2343 1010 Thra—

1367 1027 1455 1067 ciae,
1483 1038 1572 1071 quae
1588 1027 1701 1059 fuerat
1719 1027 1884 1061 coniunx.

1470 1077 1511 1110 ln
1527 1075 1593 1110 hoc
1608 1088 1689 1110 casu
1708 1077 1809 1110 etiam
1827 1076 2019 1120 Apostolus
2037 1077 2139 1119 dicit,
2160 1089 2344 1123 personam

1369 1128 1592 1161 innocentem
1629 1128 1818 1169 desertam,
1858 1128 2038 1161 liberatam
2070 1140 2153 1162 esse.
2213 1128 2346 1161 Eodem

1370 1179 1476 1221 igitur
1500 1179 1605 1211 modo
1629 1185 1666 1211 ut
1687 1190 1790 1222 supra
1812 1179 2005 1223 inquiritur
2030 1179 2210 1220 deserens,
2237 1191 2347 1225 quan-

1371 1236 1444 1262 tum
1469 1228 1544 1261 fieri
1569 1235 1699 1272 potest,
1736 1235 1767 1261 et
1794 1229 2033 1261 reconciliatio
2056 1236 2226 1270 tentatur,
2262 1241 2349 1274 quae

1372 1280 1399 1313 si
1418 1292 1489 1312 non
1510 1279 1688 1323 procedit,
1716 1279 1821 1311 iudex
1846 1280 2055 1322 pronunciat
2082 1281 2252 1314 desertam
2280 1291 2350 1313 esse

1373 1331 1533 1363 liberam.
1586 1330 1639 1362 Ac
1662 1330 1884 1363 manifestum
1909 1337 1958 1363 est
1983 1337 2016 1363 et
2037 1331 2074 1362 in
2100 1328 2168 1364 hoc
2192 1343 2272 1364 casu
2290 1331 2350 1363 de-

1373 1388 1500 1413 sertam
1528 1392 1599 1412 non
1631 1380 1821 1413 dissolvere
1844 1380 2043 1423 coniugium
2076 1392 2137 1414 sua
2163 1382 2351 1421 voluntate,

1375 1433 1432 1464 sed
1450 1431 1572 1464 foedus
1586 1437 1685 1463 antea
1703 1437 1844 1473 ruptum
1862 1437 1912 1463 est
1930 1431 2073 1473 perfidia
2091 1432 2288 1467 desertoris.

1479 1482 1533 1514 De
1556 1478 1611 1514 his
1635 1481 1774 1513 duobus
1801 1481 1938 1513 casibus
1962 1488 2080 1524 aperte
2096 1482 2256 1527 loquitur
2278 1490 2352 1517 tex-

1376 1539 1431 1566 tus
1447 1528 1576 1565 Matth.
1596 1531 1652 1566 19.
1674 1538 1707 1564 et
1724 1530 1760 1562 in
1778 1528 1843 1563 hoc
1861 1531 1985 1574 capite.

1479 1581 1690 1625 Quanquam
1708 1589 1823 1614 autem
1841 1580 2000 1615 Canones
2016 1588 2169 1615 recentes
2192 1582 2355 1616 fatentur.

1378 1632 1529 1665 divortia
1556 1631 1700 1664 concedi
1731 1631 1768 1663 in
1801 1629 1856 1663 his
1885 1632 2048 1677 casibus,
2083 1639 2199 1665 tamen
2230 1633 2357 1665 deinde

1378 1694 1547 1727 personae
1564 1682 1744 1715 innocenti
1763 1679 1952 1725 prohibent
1969 1683 2180 1725 coniugium.
2229 1681 2280 1716 De
2296 1681 2357 1716 hac

1381 1733 1583 1778 quaestione
1601 1732 1788 1765 dissimiles
1809 1739 1889 1765 sunt
1908 1733 2009 1766 etiam
2036 1741 2193 1767 veterum
2218 1726 2359 1767 senten-

1381 1785 1458 1818 tiae.
1511 1783 1578 1817 Sed
1599 1783 1753 1826 exempla
1771 1790 1851 1815 sunt
1874 1784 1966 1826 apud
1983 1783 2155 1817 lustinum
2178 1790 2211 1817 et
2229 1784 2358 1818 Hiero—

1382 1846 1544 1879 nymum,
1572 1845 1660 1878 quae
1677 1834 1878 1873 ostendunt,
1902 1834 2048 1877 primam
2065 1833 2256 1869 Ecclesiam
2274 1847 2357 1868 con-

1382 1885 1521 1918 cessisse
1557 1884 1757 1927 coniugium
1801 1884 1982 1917 innocenti
2018 1896 2211 1929 personae:
2254 1886 2360 1931 idque

1383 1936 1495 1968 sentio
1516 1935 1645 1967 iustum
1672 1942 1703 1968 et
1728 1935 1822 1978 pium
1846 1946 1936 1975 esse,
1963 1942 1993 1968 et
2015 1943 2288 1969 consentaneum
2307 1938 2357 1970 di-

1384 1987 1447 2020 ctis
1464 1984 1592 2020 Christi
1619 1992 1650 2018 et
1673 1984 1787 2019 Pauli.
1840 1984 1928 2018 Cum
1955 1987 2047 2018 enim
2071 1986 2129 2020 fiat
2157 1987 2361 2027 divortium,

1385 2048 1523 2070 necesse
1554 2043 1603 2069 est
1632 2036 1780 2077 intelligi
1812 2035 2030 2076 divortium,
2072 2038 2165 2081 quod
2195 2050 2233 2071 re
2268 2038 2362 2083 ipsa.

1386 2100 1458 2121 non
1487 2087 1585 2120 inani
1616 2086 1849 2130 appellatione
1881 2088 1925 2119 sit
1954 2087 2167 2129 divortium,
2209 2086 2275 2121 hoc
2302 2096 2362 2129 est,
2412 2125 2413 2129 ,

1387 2139 1424 2171 in
1449 2150 1519 2183 quo
1542 2149 1622 2170 vere
1646 2148 1793 2180 persona
1819 2138 1987 2171 innocens
2008 2138 2117 2171 libera
2142 2139 2203 2180 sit,
2230 2146 2263 2173 et
2281 2151 2361 2183 pos·

1386 2190 1431 2222 sit
1462 2189 1558 2221 aliud
1591 2188 1794 2230 coniugium
1826 2186 2056 2229 contrahere,
2096 2189 2184 2223 sicut
2208 2190 2280 2232 ipsa
2310 2190 2361 2223 le<

1389 2239 1507 2285 Moysi
1539 2239 1706 2281 intelligit
1730 2239 1940 2272 vocabulum
1967 2239 2123 2275 divortii.
2187 2238 2277 2273 Cum
2299 2241 2363 2284 igi-

1389 2297 1446 2324 tur
1468 2287 1630 2324 Christus
1663 2290 1700 2322 in
1725 2301 1825 2331 casu,
1859 2291 1902 2322 de
1924 2302 1994 2334 quo
2020 2289 2152 2323 dictum
2178 2298 2244 2331 est,
2280 2303 2364 2324 con-
2414 2328 2415 2331 Ἰ

1391 2342 1489 2374 cedat
1514 2340 1726 2379 divortium,
1763 2352 1900 2373 necesse
1924 2347 1973 2373 est
1999 2340 2065 2372 tale
2089 2352 2210 2374 verum
2236 2348 2267 2375 et
2293 2353 2363 2375 nou

1391 2391 1668 2425 commentitium
1691 2391 1881 2424 divortium
1907 2390 2066 2433 intelligi.
2135 2389 2179 2425 Et
2203 2392 2251 2425 sic
2273 2393 2365 2426 iudi--

1391 2455 1484 2476 casse
1502 2442 1741 2486 antiquitatem
1761 2454 1799 2474 ex
1819 2441 1950 2474 lustino
1970 2448 2129 2484 apparet,
2157 2443 2237 2487 qui,
2257 2451 2293 2477 ut
2313 2456 2366 2476 re-

1393 2494 1476 2527 citat
1493 2491 1675 2531 Eusebius,
1699 2499 1814 2524 narrat
1832 2492 2013 2524 mulierem
2031 2490 2210 2526 honestam
2227 2500 2258 2526 et
2274 2495 2367 2538 piam

1392 2556 1469 2577 cum
1495 2543 1620 2576 marito
1651 2542 1809 2575 adultero
1838 2549 1872 2576 et
1904 2543 2078 2576 obscoeno
2106 2543 2296 2577 divortium
2319 2546 2370 2578 fc-

1392 2595 1497 2631 cisse,
1523 2601 1561 2626 ut
1584 2601 1667 2627 tunc
1693 2593 1807 2628 fiebat.
1858 2591 1904 2626 Et
1930 2591 2167 2638 Hieronymus
2187 2594 2368 2628 Fabiolam

1364 2672 1367 2677 .
1392 2651 1547 2682 excusat,
1585 2645 1677 2688 quod
1712 2643 1863 2676 divortio
1890 2644 1979 2677 sacto
2006 2656 2083 2677 cum
2109 2645 2222 2688 primo
2244 2647 2369 2679 marito
