2415 2942
122 117 197 154 317
519 115 599 154 XII.

650 114 947 154 ENARRATIO
974 117 1024 154 IN
1051 116 1234 154 EVANG.
1260 117 1470 157 IOANNIS.
1528 121 1631 159 CAP.
1657 123 1756 160 xlv.

2085 127 2161 161 318

125 213 184 240 tur
205 202 308 238 nobis
329 201 488 236 remissio
514 210 736 247 peccatorum
764 211 797 237 et
821 205 916 249 quod
942 204 1010 237 fide
1036 217 1112 239 eam
1136 212 1144 271 ¹
1167 206 1390 248 peculiariter
1408 207 1595 247 revelavit,
1624 215 1657 243 et
1674 210 1748 243 vult
1765 221 1837 243 esse
1860 210 1945 253 legis
1972 211 2149 258 interpre—

125 255 235 298 accipi
251 259 421 297 oporteat.
475 252 576 287 Hanc
600 254 808 288 sententiam
834 265 972 287 necesse
998 262 1048 288 est
1075 256 1112 287 in

123 304 278 339 Ecclesia
302 303 368 337 Dei
400 311 535 345 extare,
574 312 607 338 et
637 304 863 348 propugnari.
924 304 1011 337 Nam
1045 303 1109 337 hac

127 356 205 389 luce
221 355 392 395 extincta,
418 367 492 388 non
516 355 717 398 agnoscitur
732 352 863 388 Christi
890 354 1110 394 beneficium,

126 418 190 439 nec
207 405 422 449 conspicitur
439 406 627 439 discrimen
654 405 739 447 legis
762 412 793 438 et
808 403 1011 448 Evangelii,
1045 417 1109 438 nec

125 457 280 490 cernitur
306 456 503 490 differentia
534 456 626 490 inter
646 454 824 489 Ecclesiae
851 456 1047 488 doctrinam
1075 463 1108 489 et

122 508 216 541 inter
233 504 389 539 ethnicas
406 506 603 550 opiniones-

223 556 319 590 Haec
334 557 510 597 recensui,
538 556 619 601 qnia
638 556 829 590 adversarii
855 569 954 601 saepe
979 558 1106 590 atroci-

119 616 174 643 ter
189 607 415 641 declamitant
432 607 467 639 in
484 618 619 650 genere,
634 614 764 652 quanta
783 608 872 640 mala
891 608 959 641 sint
972 609 1106 641 discor-

120 661 199 693 diae
214 665 247 692 et
264 658 473 698 seditiones,
499 664 531 690 et
546 657 723 691 interdum
742 659 779 690 in
795 656 1001 691 hominibus
1027 672 1104 691 mo-

119 709 269 748 deratis,
298 714 330 741 et
346 708 494 740 infirmis
513 708 727 741 conturbant
741 708 914 755 Spiritum
934 717 1103 744 sanctum.

118 760 171 794 Ne
192 767 306 793 autem
332 759 500 791 clamores
525 759 577 791 itti
600 759 764 802 frangant
785 759 922 792 animos
951 760 1102 803 piorum,

118 823 220 844 verae
233 835 242 849 ,
267 821 338 842 non
358 806 585 852 sophisticae,
600 821 673 842 non
688 810 827 842 fucosae
844 822 966 843 causae
982 818 1103 844 tenen-

118 863 182 894 dae
201 867 301 900 sunt,
328 861 421 904 quod
441 871 576 892 necesse
592 860 637 893 sit
654 872 717 892 nos
736 860 921 894 dissentire
938 874 955 894 a
980 862 1103 893 defen-

117 912 256 944 soribus
287 911 436 943 iniustae
470 910 685 943 crudelitatis
711 917 743 943 et
767 923 938 944 errorum.
999 911 1102 944 Nunc

115 962 225 1005 igitur
240 961 281 993 ad
302 961 543 993 definitionem
559 958 736 995 Ecclesiae
760 962 885 1002 redeo,
918 962 997 994 dico
1022 962 1101 994 alli-

118 1019 232 1055 gatam
250 1023 320 1044 esse
335 1009 528 1044 Ecclesiam
554 1011 596 1043 ad
614 1009 847 1054 Evangelium
872 1020 904 1046 et
926 1014 968 1045 ad
995 1013 1101 1044 mini-

116 1063 259 1096 sterium
277 1059 482 1104 Evangelii,
509 1063 569 1094 sed
595 1074 669 1094 non-
695 1064 737 1094 ad
752 1061 1001 1107 Episcopatum
1025 1062 1100 1097 Ro-

113 1124 257 1146 manum
287 1118 318 1146 et
342 1112 596 1145 successionem
620 1112 848 1145 ordinariam.
903 1113 994 1156 Quia
1021 1126 1099 1146 cum

112 1162 308 1207 Episcopus
324 1162 509 1196 Romanus
525 1163 581 1195 vel
597 1163 656 1194 alii
674 1170 756 1196 sunt
773 1160 888 1196 hostes
905 1163 1100 1206 Evangelii,

114 1214 300 1247 dissentire
318 1214 361 1245 ab
380 1213 431 1245 eis
448 1224 587 1245 necesse
602 1219 670 1252 est,
699 1214 786 1246 sicut
812 1214 902 1246 clare
929 1211 1011 1246 haec
1035 1226 1099 1246 vox

1128 925 1130 936 ι
1155 916 1195 943 ut
1220 911 1319 944 multi
1345 921 1570 954 enarrarunt,
1603 915 1661 947 sed
1688 916 1731 947 de
1752 914 1956 958 Evangelio.

115 1265 234 1297 docet:
261 1263 300 1296 Si
318 1263 395 1306 quis
411 1262 506 1295 aliud
526 1261 758 1305 Evangelium
778 1264 896 1304 docet,
913 1262 1099 1296 anathema

116 1315 178 1352 sit,
221 1325 285 1345 nec
315 1313 390 1345 leve
418 1312 616 1345 convicium
648 1320 699 1347 est
740 1314 857 1346 vocari
902 1312 1099 1354 anatliema,

114 1363 274 1397 omnium
294 1363 560 1395 maledictorum
581 1370 772 1396 extremum
789 1371 821 1396 et
837 1376 1011 1397 summum
1037 1372 1098 1402 est,
1124 1406 1125 1413 ἵ

113 1414 264 1448 sciamus
286 1413 431 1446 reiectos
456 1424 527 1446 esse
550 1425 569 1445 a
595 1412 670 1446 Deo
691 1414 890 1447 defensores
918 1414 1097 1448 idolorum
1123 1450 1125 1463 1

113 1472 146 1499 et
165 1464 354 1507 impiorum
383 1464 602 1506 dogmatum,
637 1476 699 1497 nec
726 1472 868 1508 propter
892 1465 1095 1509 opinionem

111 1515 309 1548 autoritatis
328 1526 447 1547 eorum
468 1514 728 1558 amplectendos
739 1526 810 1548 esse
821 1527 966 1549 errores.
996 1514 1098 1549 Hanc
1122 1503 1125 1528 ⁶

112 1566 220 1609 igitur
236 1565 444 1598 sententiam
462 1565 565 1598 nobis
581 1565 648 1609 ipsi
663 1566 896 1606 inculcemus,
930 1563 995 1599 hac
1013 1579 1097 1599 voce
1122 1538 1125 1630 1

112 1616 216 1649 Pauli
246 1627 310 1648 nos
341 1615 542 1648 muniamus
571 1623 691 1649 contra
718 1616 797 1649 illas
820 1617 1097 1660 vituperationes
1122 1639 1124 1658 5

113 1666 353 1705 dissidiorum,
372 1672 404 1698 et
419 1666 711 1708 respondeamus:
731 1666 860 1711 Siquis
871 1665 1095 1701 aliudEvan-

113 1717 240 1761 geliurn
258 1717 377 1756 docet,
403 1713 589 1749 anathema
607 1717 669 1758 sit,
696 1724 758 1750 etc.

215 1767 310 1800 Idem
329 1778 471 1810 prorsus
485 1766 521 1798 in
543 1764 606 1799 hac
624 1768 793 1800 concione
810 1765 972 1801 Christus
991 1769 1096 1802 dicit:

112 1818 151 1853 Si
168 1818 246 1863 quis
264 1817 378 1859 diligit
396 1828 467 1856 me,
502 1828 697 1850 sermonem
718 1830 834 1851 meum
856 1819 1030 1859 servabit,
1063 1826 1095 1852 et

109 1876 209 1913 pater
234 1878 331 1900 meus
348 1866 470 1909 diliget
485 1878 585 1907 eum,
612 1875 645 1901 et
662 1869 705 1901 ad
731 1880 809 1901 eum
834 1869 1036 1910 veniemus,
1063 1876 1095 1902 et

109 1919 328 1952 mansionem
347 1918 439 1960 apud
466 1929 544 1949 eum
566 1918 743 1952 faciemus.
798 1917 892 1952 Haec
921 1927 969 1953 est
993 1920 1095 1963 plana

109 1977 142 2003 et
158 1969 339 2014 perspicua
358 1966 533 2001 Ecclesiae
550 1968 754 2012 descriptio:
784 1968 855 2008 lbi,
884 1970 1010 2015 inquit,
1032 1969 1094 2004 ha-

109 2021 302 2055 bitabimus
325 2025 422 2063 pater
440 2025 470 2052 et
487 2030 567 2062 eg0‚
596 2026 628 2052 et
648 2018 711 2052 hos
731 2020 852 2063 diliget
873 2027 970 2064 pater
987 2033 1094 2061 meus,
1119 2043 1121 2062 4

110 2072 171 2116 qui
188 2082 385 2103 sermonem
411 2081 546 2108 meum,
580 2070 616 2102 id
642 2078 711 2111 est,
744 2069 998 2114 Evangelium‚
1032 2072 1093 2116 qui
1119 2101 1121 2127 ἲ

108 2120 446 2159 tradidiEcclesiae,
472 2120 745 2163 amplectentur,
779 2128 811 2154 et
835 2134 908 2154 non
934 2134 1093 2155 corrum-
1118 2150 1119 2176 ἢ

107 2179 191 2218 pent
207 2171 371 2205 admixtis
388 2171 503 2213 pravis
520 2171 758 2213 opinionibus.
804 2171 981 2206 Recensui
999 2173 1092 2206 nati-
1117 2177 1120 2240 ἦ

108 2235 187 2256 vam
204 2222 410 2255 sententiam
431 2228 560 2264 textus,
582 2234 684 2266 quern
701 2234 844 2265 prorsus
861 2231 1093 2267 corrumpunt
1117 2253 1119 2279 *

107 2275 316 2318 interpretes
331 2272 443 2315 ignari
461 2272 642 2304 doctrinae
657 2270 861 2315 Evangelii,
889 2274 949 2319 qui
970 2281 1092 2318 putant
1117 2314 1118 2320 ἵ

107 2336 179 2358 esse
198 2324 402 2358 concionem
422 2323 525 2366 legis,
553 2329 586 2356 et
603 2323 651 2356 sic
669 2331 849 2357 enarrant:
875 2324 912 2358 Si
937 2326 1015 2370 quis
1036 2326 1092 2357 di-
1117 2357 1118 2376 Χ

107 2376 183 2419 tigit
200 2388 266 2415 me,
285 2386 479 2408 sermonem
500 2386 615 2406 meum
633 2374 804 2414 servabit,
823 2375 858 2407 id
877 2383 945 2416 est,
967 2376 992 2408 si
1012 2376 1089 2419 quis
1116 2408 1118 2422 ἶ

108 2439 148 2460 ex
163 2433 234 2460 toto
254 2427 378 2468 corde,
411 2437 449 2458 ex
474 2431 545 2458 tota
570 2425 705 2465 anima,
741 2431 773 2458 et
798 2426 934 2459 omnib.
957 2426 1090 2460 viribus
1116 2461 1118 2466 ,

108 2477 222 2520 diligit
248 2477 379 2516 Deum,
416 2475 445 2508 is
482 2482 595 2509 servat
631 2475 761 2518 legem,
804 2475 832 2507 is
861 2477 973 2519 placet
1002 2476 1087 2511 Deo.

108 2527 202 2561 Haec
226 2528 398 2560 enarratio
422 2527 535 2559 aliena
559 2533 626 2567 est,
660 2538 723 2558 nec
751 2527 902 2569 pertinet
927 2528 967 2560 ad
996 2526 1088 2561 bunc

106 2581 233 2613 locum.
286 2576 446 2611 Christus
463 2584 561 2611 vocat
579 2589 774 2610 sermonem
791 2589 913 2617 suum,
939 2590 1010 2611 non
1032 2591 1088 2612 so-
1114 2571 1116 2587 ¹

106 2631 174 2662 lam
192 2630 300 2672 legem
314 2654 323 2670 ,
350 2630 406 2660 sed
426 2635 537 2662 totum
554 2627 809 2671 Evangelium,
844 2628 879 2661 id
899 2636 967 2670 est,
1004 2642 1087 2673 pro-
1113 2631 1115 2686 f

104 2681 305 2715 missionem
328 2679 457 2722 gratiae
484 2686 516 2713 et
541 2679 631 2714 vitae
654 2687 832 2721 aeternae,
860 2691 964 2725 quam
989 2681 1086 2715 Deus
1112 2687 1117 2726 i

1166 262 1249 289 tem.
1303 257 1430 290 Totam
1448 256 1538 292 hanc
1555 260 1749 294 doctrinam
1768 258 1825 295 hic
1853 262 1958 295 tradit
1972 261 2148 296 Ecclesiae

1164 316 1263 345 suae,
1291 314 1323 339 et
1340 309 1488 342 affirmat
1506 310 1555 342 ibi
1578 311 1654 343 fore
1681 312 1850 355 populum
1877 324 1998 353 suurn,
2031 320 2063 346 et
2094 313 2143 345 ibi

1163 366 1198 386 se
1225 352 1464 389 habitaturum
1496 371 1587 400 esse,
1620 361 1681 393 ubi
1707 360 1789 395 haec
1811 364 1969 397 doctrina
1995 364 2145 399 sonabit.

1161 403 1303 439 Norunt
1327 407 1430 439 etiam
1446 406 1591 442 Etbnici
1614 411 1724 453 legem
1749 420 1943 458 utcunque,
1979 416 2037 447 sed
2062 426 2144 458 pro-

1161 462 1238 498 pter
1253 453 1343 489 hanc
1359 470 1431 489 non
1459 466 1541 492 sunt
1565 461 1717 503 populus
1733 463 1812 497 Dei.
1866 463 1914 497 At
1940 465 1998 497 ille
2026 472 2143 498 coetus

1161 513 1210 539 est
1226 504 1381 540 Ecclesia
1399 506 1484 546 Dei,
1522 509 1558 542 in
1584 523 1653 554 quo
1674 519 1774 545 sonat
1797 526 1862 546 vox
1880 512 2082 557 Evangelii,
2109 522 2143 548 et

1159 556 1197 588 in
1215 568 1254 589 eo
1272 566 1371 591 coetu
1391 570 1528 592 necesse
1544 567 1594 593 est
1611 561 1748 605 aliquos
1775 574 1846 596 esse
1874 564 2000 598 electos
2023 567 2065 598 ad
2090 566 2142 598 vi—

1158 614 1228 640 tam
1247 615 1438 643 aeternam.
1490 609 1533 643 Et
1548 618 1630 644 sunt
1646 613 1724 645 viva
1742 614 1898 647 membra
1917 627 2057 655 omnes,
2080 617 2141 660 qui

1157 657 1225 689 fide
1241 659 1503 702 amplectuntur
1519 659 1772 704 Evangelium‚
1807 671 1839 697 et
1863 672 2005 708 propter
2030 666 2140 698 filium

1156 705 1223 740 Dei
1248 711 1394 742 credunt
1418 722 1453 742 se
1477 711 1612 754 placere
1630 713 1719 751 Deo,
1752 720 1785 747 et
1809 712 1940 748 habent
1967 716 2141 749 incoatam

1157 759 1418 800 obedientiam,
1461 762 1549 794 sicut
1582 764 1624 795 de
1657 763 1731 806 lege
1766 766 1865 798 docet
1892 764 2141 809 Evangelium.

1156 807 1252 842 Haec
1271 811 1466 845 admonitio
1485 813 1677 846 necessaria
1701 821 1749 847 est
1773 813 1839 848 hoc
1863 816 1959 856 loco,
1993 825 2031 850 ut
2053 817 2140 850 scia—

1156 871 1233 891 mus
1260 856 1451 893 Christum
1478 875 1550 895 non
1574 864 1617 896 de
1641 865 1713 897 sola
1738 865 1822 907 legis
1844 867 2003 900 doctrina
2031 868 2140 912 loqui,

2011 916 2057 951 Et
2083 917 2139 951 bic

1154 960 1316 994 universa
1334 963 1493 996 doctrina
1512 965 1554 996 de
1571 965 1774 998 discrimine
1799 967 1882 1009 legis
1904 975 1937 1002 et
1955 967 2140 1012 Evangelii

1153 1011 1191 1043 in
1211 1009 1274 1045 hac
1293 1014 1514 1047 enarratione
1531 1016 1719 1059 repetenda
1733 1023 1765 1050 et
1781 1018 2035 1053 consideranda
2051 1027 2114 1054 est.

1288 1093 1504 1132 Paracletus
1522 1102 1642 1132 aulem
1660 1099 1815 1147 spiritus
1835 1103 2013 1140 veritalzs.

1254 1163 1398 1208 Repetit
1414 1165 1652 1198 dulcissimam
1678 1169 1974 1213 consolationem,
2008 1173 2044 1205 in
2070 1185 2138 1217 qua

1126 1236 1127 1241 ,
1153 1221 1191 1247 nt
1209 1226 1312 1257 supra
1332 1215 1506 1258 promittit
1522 1215 1702 1259 Apostolis
1719 1226 1751 1252 et
1765 1220 1940 1255 Ecclesiae
1956 1234 2037 1256 suae
2055 1222 2139 1267 Spi-

1153 1265 1259 1298 ritum
1276 1272 1453 1305 sanctum,
1481 1272 1513 1299 et
1527 1267 1625 1301 addit
1645 1270 1739 1312 quod
1765 1271 1809 1304 sit
1833 1272 1905 1305 eius
1930 1274 2137 1307 beneficium

1153 1323 1185 1348 et
1203 1327 1341 1347 munus.
1394 1315 1553 1349 Primum
1578 1325 1695 1351 autem
1721 1321 1894 1356 discamus
1919 1321 1976 1357 hic
1999 1326 2041 1357 ad
2066 1325 2136 1359 Ee-

1152 1366 1292 1398 clesiam
1325 1366 1427 1398 etiam
1461 1368 1637 1410 pertinere
1669 1370 1846 1411 infirmos,
1888 1374 1978 1408 sicut
2006 1374 2137 1409 Paulus

1152 1423 1273 1449 monet
1307 1417 1350 1448 ad
1377 1415 1559 1450 Romanos
1585 1418 1662 1452 14:
1697 1421 1861 1456 Infirmos
1884 1424 1920 1456 in
1944 1425 2012 1458 fide
2039 1439 2138 1460 assu—

1151 1467 1253 1504 mite,
1290 1465 1385 1499 Deus
1411 1468 1504 1500 enim
1528 1471 1658 1517 recepit
1685 1483 1756 1505 eos.
1810 1473 1861 1506 lta
1886 1472 1942 1508 hic
1965 1477 2136 1519 significat

1150 1514 1312 1550 Christus
1337 1517 1527 1560 Apostolos
1559 1522 1718 1554 nondum
1742 1523 1939 1567 intelligere
1962 1524 2024 1560 has
2048 1540 2135 1561 con-

1151 1568 1285 1606 ciones,
1323 1568 1412 1601 sicut
1438 1576 1556 1612 postea
1577 1570 1734 1606 Eventus
1755 1577 1906 1609 ostendit
1928 1590 1998 1610 non
2030 1578 2135 1612 intel-

1149 1618 1254 1652 lectas
1273 1630 1358 1653 esse.
1411 1618 1480 1653 Sed
1504 1620 1584 1664 quia
1607 1634 1680 1655 non
1703 1631 1783 1658 sunt
1807 1623 1922 1660 hostes
1938 1626 2134 1671 Evangelii,

1150 1670 1209 1701 sed
1234 1669 1382 1702 audiunt
1404 1676 1437 1703 et
1459 1671 1577 1704 doceri
1603 1680 1784 1717 expetunt,
1817 1676 1895 1710 ideo
1920 1685 2001 1712 sunt
2022 1691 2135 1712 mem—-

1149 1720 1211 1752 bra
1228 1717 1416 1755 Ecclesiae,

1251 1769 1387 1804 Diserte
1402 1779 1516 1805 autem
1540 1773 1673 1818 inquit:
1704 1774 1806 1811 Pater
1829 1778 1942 1813 mittet
1958 1779 2135 1825 Spiritum

1149 1827 1305 1853 sanctum
1324 1822 1361 1853 in
1380 1823 1524 1856 nomine
1539 1836 1636 1868 meo,
1664 1825 1700 1859 id
1719 1834 1788 1868 est,
1820 1838 1964 1873 propter
1991 1844 2063 1871 me,
2099 1841 2131 1867 et

1149 1872 1418 1913 agnoscentibus
1436 1885 1502 1908 rne.
1557 1873 1684 1917 Ingens
1708 1874 1792 1911 haec
1815 1883 2056 1926 praerogativa
2081 1892 2132 1918 est

1148 1919 1343 1961 Ecclesiae,
1359 1920 1426 1956 hoe
1442 1931 1490 1957 est
1511 1926 1749 1968 profitentium
1767 1927 2019 1974 Evangelium,
2036 1936 2131 1978 quod

1149 1979 1241 2005 certo
1262 1973 1297 2004 in
1316 1970 1383 2005 hoc
1402 1981 1500 2007 coetu
1526 1977 1631 2009 datur
1646 1977 1800 2021 Spiritus
1822 1989 1972 2018 sanctus.
2026 1984 2131 2018 Sina-

1148 2034 1224 2055 mus
1242 2021 1430 2064 Etlmicos,
1457 2023 1681 2069 Haereticos‚
1700 2035 1732 2062 et
1748 2029 2013 2067 Mahometistas
2031 2047 2133 2077 prae-

1147 2073 1263 2105 dicare
1279 2085 1339 2106 sua
1360 2074 1524 2118 imperia,
1553 2089 1653 2121 opes,
1688 2080 1904 2124 voluptates,
1940 2085 2011 2117 imo
2036 2086 2131 2120 sina-

1146 2135 1224 2156 mus
1243 2123 1415 2158 Israelitas
1431 2127 1611 2169 magnifice
1628 2129 1694 2162 sibi
1720 2131 1856 2174 placere
1880 2142 2022 2177 propter
2048 2148 2130 2180 pro-

1145 2174 1347 2207 missionem
1375 2183 1487 2209 terrae
1519 2177 1673 2214 Canaan.
1741 2180 1836 2215 Haec
1865 2186 2050 2226 promissio
2085 2189 2131 2221 de

1146 2223 1282 2268 Spiritu
1300 2233 1419 2259 sancto
1437 2228 1540 2271 longe
1558 2231 1753 2271 antecellit,
1781 2233 1840 2276 qui
1864 2234 1972 2269 flectit
1997 2245 2131 2271 mentes

1145 2277 1186 2307 ad
1208 2274 1461 2319 Evangelium,
1489 2292 1552 2312 nec
1568 2280 1653 2314 sin-it
1678 2293 1734 2314 eas
1758 2283 1915 2318 intricari
1938 2288 2131 2329 erroribus,

1144 2327 1202 2358 sed
1230 2327 1345 2360 incoat
1370 2340 1495 2362 novam
1518 2330 1651 2368 lucem,
1685 2332 1855 2367 iusticiam
1884 2343 1917 2369 et
1942 2337 2048 2371 vitam
2063 2338 2130 2384 sae-

1144 2384 1298 2418 ternam,
1337 2385 1369 2411 et
1399 2387 1567 2414 sustentat
1597 2394 1635 2414 ac
1661 2384 1862 2418 consolatur
1885 2388 2065 2423 credentes
2088 2392 2128 2423 iis

1143 2429 1310 2460 omnibns
1327 2431 1516 2464 aerumnis.

1245 2478 1314 2512 Sed
1347 2480 1435 2512 illud
1470 2488 1520 2514 est
1553 2482 1746 2517 dolendum
1784 2493 1818 2520 et
1858 2489 2127 2532 deplorandum,

1142 2530 1235 2573 quod
1254 2542 1317 2562 nos
1334 2531 1412 2563 duri
1439 2538 1470 2564 et
1493 2533 1584 2565 caeci
1607 2546 1677 2567 non
1707 2548 1891 2571 movemur
1916 2548 1983 2573 tam
2009 2545 2125 2585 ampla

1141 2580 1393 2623 promissione:
1420 2580 1603 2616 Humanae
1621 2592 1752 2619 mentes
1773 2597 1916 2632 propter
1933 2594 2129 2626 naturalem

1141 2631 1394 2671 diffidentiam,
1438 2639 1470 2666 et
1493 2633 1668 2668 absterriti
1692 2637 1786 2679 lege,
1822 2651 2041 2685 nequaquam
2071 2656 2126 2676 as-

1142 2681 1344 2716 sentiuntur
1360 2689 1492 2717 tantam
1509 2695 1581 2719 esse
1598 2686 1793 2722 bonitatem
1811 2688 1875 2723 Dei
1887 2716 1896 2730 ,
1931 2699 1969 2726 ut
1987 2705 2050 2726 nos
2069 2707 2130 2728 va-
