2415 2942
214 88 237 121 s
1067 72 1369 111 PRAEFATlo.
2215 79 2241 115 4

215 178 354 204 aeterna
378 170 523 203 fruetur.
589 164 664 199 Etsi
688 172 802 199 autem
827 163 928 196 multi
954 163 1108 195 furentes
1133 157 1200 193 hoc

215 228 280 262 Dei
308 228 516 261 beneficium
547 230 793 257 contemnunt:

216 295 332 321 coetus
357 287 484 331 aliquis
508 281 769 320 θεοδίδακτος,
804 287 835 313 et
861 291 999 327 semper
1021 279 1106 321 erit,
1140 277 1200 322 qui

216 346 400 380 testabitur
416 344 610 377 doctrinam
628 342 670 373 de
689 339 763 373 Deo
784 339 946 372 traditam
968 350 1029 382 per
1039 335 1200 381 Prophe-

217 411 288 445 tas,
317 400 493 436 Christum
512 406 543 432 et
561 398 761 442 Apostolos,
789 409 861 429 non
881 408 951 429 esse
970 396 1109 428 inanem
1130 400 1201 428 tra-

940 453 987 489 Et
1008 453 1064 487 hic
1085 461 1202 487 coetus

216 520 342 554 unicus
368 518 591 561 amplectitur
614 516 810 550 doctrinam
833 515 929 547 illam
957 526 1019 558 per
1044 511 1203 557 Prophe-

836 229 952 254 tamen
982 231 1118 263 semper
1150 225 1200 252 est

217 462 398 505 goediam,
433 461 490 492 sed
514 470 631 491 veram
657 456 723 490 Dei
749 468 880 491 vocem.

217 586 289 617 tas,
316 575 496 610 Christum
516 583 546 608 et
565 575 753 619 Apostolos
779 574 962 613 traditam,
989 572 1146 616 agnoscit
1173 578 1204 604 et

217 637 367 670 celebrat
385 635 663 678 magnitudinem
682 631 788 666 huius
805 632 974 669 beneficii,
1004 632 1097 677 quod
1109 631 1206 664 Deus

217 707 256 728 ex
274 695 408 728 arcanis
425 694 567 727 latebris
583 694 654 726 suis
668 692 854 737 prodiens,
881 703 916 723 se
934 691 1036 724 nobis
1052 691 1204 724 familia-

217 754 302 787 riter
319 753 496 797 patefecit,
525 759 556 785 et
573 751 685 785 Deum
711 752 867 790 invocat,
895 751 982 784 sicut
1008 750 1080 794 ipse
1104 750 1206 782 invo-

218 813 368 845 candum
392 823 428 844 se
452 822 523 845 esse
546 810 686 850 docuit,
716 809 843 842 retinet
865 809 939 841 eius
958 806 1205 851 Evangelium,

219 879 251 906 et
267 873 444 917 experitur
460 884 542 905 voce
561 869 744 913 Evangelii
762 870 892 910 lucem,
921 875 952 902 et
970 868 1077 902 vitam
1095 874 1206 901 aeter—

220 932 354 966 namin
379 932 555 965 mentibus
579 931 739 964 accendi:
769 941 839 973 quo
856 929 893 963 in
916 935 1017 961 coetu
1039 939 1103 960 nos
1127 938 1206 960 cum

219 991 346 1029 simus,
388 991 535 1023 sciamus
567 989 781 1034 Cyclopum,
828 994 860 1020 et
886 987 1037 1020 aliorum
1070 987 1207 1019 furores

221 1048 431 1083 execrandos
464 1059 559 1088 esse,
605 1048 665 1092 qui
695 1059 761 1080 nos
792 1047 974 1088 derident,
1023 1053 1205 1091 propterea

219 1107 313 1152 quod
359 1107 485 1151 scripta
525 1103 730 1151 prophetica
763 1114 797 1140 et
827 1107 1016 1150 apostolica
1048 1107 1207 1149 legimus,

221 1166 480 1211 amplectimur,
509 1166 790 1210 interpretamur.

323 1241 410 1275 Nam
430 1239 591 1275 homines
608 1241 715 1276 ἄθεοι
733 1242 889 1275 iudicant
914 1252 978 1273 nos
1002 1238 1068 1274 hoc
1091 1246 1203 1274 totum

1031 1299 1100 1333 Sed
1125 1298 1207 1331 illo-

222 1371 299 1392 rum
329 1359 457 1393 iudicia
483 1372 729 1404 aspernemur,
766 1371 899 1405 nosque
923 1360 1134 1402 cogitatione
1152 1359 1206 1391 di-

222 1300 376 1333 studIum
403 1301 553 1345 quodam
577 1312 694 1334 errore
719 1300 845 1333 mentis
869 1299 978 1344 sequi.

221 1418 386 1451 vinorum
420 1420 701 1453 testimoniorum
737 1419 1010 1453 resuscitationis
1049 1425 1206 1452 mortuo-

221 1490 321 1516 rum,
354 1485 386 1511 et
409 1479 576 1513 similium
602 1480 854 1513 miraculorum
878 1479 1143 1520 confirmemus,
1169 1491 1207 1512 ac

222 1543 414 1570 statuamus
432 1546 662 1583 sequuturum
689 1551 760 1571 esse
785 1538 974 1576 iudicium,
1003 1538 1039 1570 in
1058 1551 1128 1583 quo
1147 1550 1206 1582 pa-

222 1597 290 1629 lam
309 1598 467 1630 ostendet
483 1595 578 1630 Deus
593 1599 757 1631 universo
775 1598 894 1640 generi
913 1595 1068 1631 humano
1086 1597 1207 1631 Eccle-

223 1656 307 1688 siam
327 1656 368 1687 ad
389 1663 564 1689 aeternam
585 1656 730 1690 salutem
751 1663 906 1689 vocatam
923 1668 1004 1689 esse.

323 1728 398 1762 Hac
430 1730 625 1763 confirmati
657 1730 850 1771 sententia,
891 1731 1046 1773 legamus
1080 1731 1209 1775 scripta

223 1789 393 1822 divinitus
416 1788 562 1827 tradita,
587 1788 668 1833 quia
694 1800 865 1834 nusquam
885 1796 943 1822 aut
959 1790 1043 1830 fuit,
1067 1797 1126 1823 aut
1142 1791 1208 1823 erit

222 1845 287 1880 Dei
302 1846 469 1887 Ecelesia,
498 1847 566 1880 nisi
584 1848 644 1880 ubi
661 1845 746 1881 haec
763 1849 890 1892 scripta
905 1850 1081 1893 leguntur.
1109 1848 1209 1882 Sicut

222 1905 316 1940 filius
326 1904 391 1938 Dei
404 1906 535 1950 inquit:
565 1906 636 1948 Qui
655 1906 769 1950 diligit
786 1920 853 1948 me,
878 1919 1073 1941 sermonem
1092 1920 1206 1941 meum

224 1966 395 2008 servabit,
434 1972 468 1998 et
492 1972 589 2009 pater
620 1978 716 1998 meus
740 1967 861 2009 diliget
883 1980 980 2008 eum,
1007 1975 1040 2001 et
1065 1969 1107 2000 ad
1128 1979 1206 2000 eum

225 2025 427 2063 veniemus,
471 2032 504 2058 et
533 2025 750 2059 mansionem
784 2028 876 2070 apud
910 2039 988 2060 eum
1028 2028 1207 2060 faciemus.

225 2082 325 2116 Hanc
357 2084 594 2117 dulcissimam
618 2086 886 2129 promissionem
908 2087 1051 2119 infixam
1082 2086 1210 2119 animis

225 2150 423 2183 teneamuS,
447 2155 534 2188 quae
557 2145 670 2188 palam
697 2145 845 2179 affirmat
870 2145 920 2178 ibi
943 2152 1036 2179 certo
1054 2147 1209 2179 futuram

226 2213 297 2235 esse
321 2200 388 2235 Dei
414 2199 624 2244 Ecclesiam,
666 2204 727 2238 ubi
753 2205 891 2238 sonabit
917 2218 983 2238 vox
1012 2203 1210 2249 Evangelii,

225 2261 287 2294 ubi
309 2259 345 2293 hi
365 2261 430 2305 ipsi
447 2261 548 2300 libri,
581 2264 641 2308 qui
665 2261 900 2307 Evangelium
924 2264 1124 2308 continent,
1160 2265 1209 2298 le-

227 2326 370 2363 gentur,
400 2321 608 2362 audientur,
634 2323 856 2358 amabuntur.

331 2387 425 2420 Haec
459 2400 536 2420 cum
577 2390 647 2423 sint
686 2392 893 2430 verissima,
949 2392 1050 2425 labor
1082 2397 1212 2429 noster,

230 2459 332 2492 quem
358 2447 393 2479 in
413 2447 561 2490 legendo
590 2454 621 2481 et
650 2452 846 2483 enarrando
870 2451 1101 2489 sustinemus,
1130 2462 1212 2494 pro-

228 2507 366 2539 bandus
383 2514 448 2547 est,
477 2508 536 2552 qui
554 2520 593 2541 eo
610 2509 816 2552 suscipitur,
843 2517 881 2544 ut
905 2511 948 2543 ad
973 2510 1211 2554 posteritatem

229 2564 312 2599 haec
329 2566 490 2600 coelestia
508 2568 634 2611 scripta
659 2568 791 2611 integra
817 2575 849 2601 et
871 2569 1073 2613 incorrupta
1098 2577 1212 2603 trans-

226 2625 420 2659 mittantur.
476 2625 562 2660 Vult
578 2626 672 2660 Deus
688 2625 752 2661 hos
767 2628 876 2661 libros
899 2629 936 2661 in
959 2629 1123 2663 manibus
1147 2626 1213 2662 ho-

1233 1950 1235 2031 ἓ

1233 2040 1237 2081 l

1234 2084 1237 2133 l

1234 2142 1237 2178 ε

1253 160 1390 194 minum
1408 172 1499 200 esse,
1530 168 1561 193 et
1589 171 1708 193 eorum
1730 159 1880 193 lectione
1904 159 1949 195 et*
1968 163 2180 205 cogitatione
2203 165 2241 197 in

1253 220 1429 253 mentibus
1446 219 1601 253 accendit
1619 230 1735 251 veram
1759 225 1794 252 et
1816 225 1991 253 aeternam
2014 221 2138 257 lucem.
2190 220 2239 257 Et

1253 286 1291 312 ut
1307 277 1343 312 hi
1361 279 1443 311 libri
1463 279 1533 313 sint
1555 279 1593 311 in
1616 276 1803 311 hominum
1829 279 2013 321 manibus,
2046 288 2179 322 servat,
2205 289 2239 316 et

1254 338 1404 371 subinde
1422 338 1592 370 instaurat
1610 335 1795 379 Evangelii
1813 336 2067 378 ministerium,
2094 337 2161 373 hoc
2178 347 2239 382 est,

1254 397 1331 429 vult
1347 407 1419 429 esse
1435 397 1596 429 doctores
1614 403 1644 428 et
1662 395 1880 439 interpretes.

1356 462 1428 496 Nec
1452 463 1693 507 interpretatio
1717 463 1760 495 sit
1786 462 1890 495 ludus
1912 462 2154 505 ingeniorum,
2181 466 2243 499 sed

1256 523 1300 555 sit
1324 534 1404 555 vera
1429 522 1625 562 enarratio,
1664 534 1769 566 quam
1795 522 1944 564 gignunt
1973 523 2098 557 collata
2130 536 2244 557 mem-

1257 582 1317 614 bra
1348 581 1520 614 sermonis
1543 580 1677 621 (livini,
1714 580 1789 625 qua'
1806 581 1843 612 in
1868 593 1904 613 re
1931 588 2045 614 tamen
2070 583 2243 627 interpres

1258 640 1445 673 adiuvatur
1468 640 1570 673 certis
1595 646 1749 672 vetustae
1773 646 1807 673 et
1830 640 1982 684 purioris
1999 639 2176 675 Ecclesiae
2193 649 2245 676 te-

1257 699 1444 733 stimoniis.

1359 755 1432 789 Etsi
1452 756 1545 788 enim
1571 767 1684 788 sermo
1711 755 1854 789 divinus
1878 768 1950 789 non
1975 763 2024 789 est
2049 757 2248 800 ambiguus,

1258 823 1290 849 et
1307 815 1432 847 similis
1456 814 1622 847 foliorum
1640 813 1814 860 Sibyllae:
1845 822 1962 848 tamen
1986 816 2148 849 rudiores
2170 816 2246 849 sine

1259 887 1341 908 voce
1388 874 1592 918 interpretis
1641 886 1714 907 non
1747 873 1880 919 ubique
1919 886 2029 918 genus
2063 871 2247 917 sermonis,

1258 933 1423 979 phrasin,
1455 935 1584 977 figuras
1606 935 1795 967 verborum
1818 935 2031 977 intelligunt.
2093 935 2139 969 Et
2165 935 2247 981 quia

1258 996 1299 1027 de
1325 994 1429 1027 rebus
1453 994 1574 1038 positis
1597 1001 1691 1027 extra
1723 1002 1946 1038 conspectum
1972 991 2166 1028 humanum
2191 993 2248 1028 di-

1258 1054 1366 1094 citur,
1395 1053 1496 1086 facile
1513 1054 1792 1094 transferuntur,
1816 1065 1877 1087 seu
1894 1054 2150 1099 detorquentur
2167 1062 2247 1088 coe-

1258 1113 1356 1146 lestia
1387 1113 1480 1145 dicta
1505 1113 1548 1145 ad
1581 1110 1752 1145 humanas
1782 1113 1978 1156 opiniones.
2039 1112 2080 1146 Id
2110 1125 2154 1147 ne
2177 1113 2248 1154 fiat,

1259 1173 1305 1216 pii
1327 1173 1536 1215 interpretes
1553 1184 1695 1204 monere
1715 1172 1855 1206 debent.

1361 1238 1585 1283 Depravabat
1602 1236 1668 1271 hoc
1684 1239 1815 1272 dictum
1832 1239 2098 1273 samosatenus:
2127 1238 2165 1274 ἐν
2183 1238 2248 1285 ἅρ-

1254 1301 1304 1344 χῇ
1326 1295 1371 1344 ἦν
1395 1295 1417 1333 ὅ
1440 1294 1567 1346 λόγος,
1603 1310 1666 1330 nec
1685 1298 1824 1331 volebat
1847 1294 1960 1345 λόγον
1984 1296 2134 1341 intelligi
2159 1295 2248 1344 ὑφι-

1259 1358 1454 1403 στάμενον.
1512 1357 1564 1390 Ne
1588 1357 1695 1400 igitur
1719 1358 1914 1401 corruptela
1940 1356 2162 1390 samosateni
2185 1357 2250 1390 de·-

1259 1420 1326 1453 leat
1342 1429 1459 1450 veram
1477 1417 1686 1450 sententiam
1698 1445 1706 1458 ,
1733 1429 1871 1450 necesse
1890 1424 1940 1450 est
1963 1417 2170 1460 interpretes
2185 1428 2248 1449 na-

1259 1479 1366 1512 tivam
1382 1477 1590 1510 sententiam
1612 1488 1834 1521 propugnare
1847 1503 1856 1517 ,
1883 1488 1972 1521 quae
1988 1476 2123 1510 collatis
2138 1487 2249 1508 mem-

1870 1534 1915 1569 Et
1933 1548 1971 1568 ea
1989 1546 2062 1568 non
2079 1541 2129 1568 est
2144 1542 2247 1579 prot·-

1260 1609 1316 1630 sus
1340 1596 1517 1636 inaudita,
1551 1596 1633 1640 quia
1657 1595 1740 1628 inde
1765 1607 1876 1640 usqne
1899 1596 1943 1628 ab
1965 1595 2068 1628 initio
2090 1595 2134 1627 ab
2149 1592 2248 1638 Apo-

1260 1656 1357 1689 stolis
1375 1662 1561 1699 propagata
1579 1662 1638 1689 est.

1260 1539 1354 1577 bris,
1381 1543 1419 1569 ut
1436 1543 1516 1569 ante
1534 1536 1625 1576 dixi,
1653 1536 1817 1570 cernitur.

1362 1722 1416 1756 Sit
1432 1723 1540 1766 igitur
1555 1730 1638 1755 nota
1664 1723 1846 1765 interpreti
1864 1727 2034 1758 vetustas,
2068 1720 2140 1753 sint
2164 1726 2247 1754 nota

1261 1782 1420 1815 omnium
1451 1788 1652 1823 temporum
1675 1779 1884 1819 certamina,
1919 1786 1957 1812 ut
1985 1790 2085 1812 verae
2108 1785 2249 1812 senten·

1261 1841 1327 1874 tiae
1345 1840 1513 1884 probatos
1530 1845 1633 1873 testes
1646 1835 1784 1873 habeat.
1837 1836 1938 1870 Hanc
1955 1838 2001 1871 ob
2020 1849 2157 1870 causam
2173 1837 2247 1870 ini-

1260 1901 1308 1934 tio
1329 1901 1486 1946 symbola
1511 1900 1650 1933 condita
1674 1906 1774 1938 sunt,
1809 1905 1848 1931 ut
1870 1898 2005 1942 primae
2029 1897 2248 1943 antiquitatis

1260 1973 1347 2006 pura
1365 1960 1536 1993 sententia
1553 1958 1719 1992 omnibus
1734 1964 1816 1991 nota
1835 1965 1934 1992 esset.

1363 2026 1422 2061 Sic
1452 2038 1531 2060 cum
1558 2025 1736 2070 Pelagiani
1767 2026 1978 2059 vocabulum
2004 2023 2148 2058 Gratiae
2175 2035 2252 2058 cor-

1262 2092 1452 2130 rumpunt,
1481 2098 1518 2118 ac
1543 2085 1666 2118 dicunt
1682 2085 1791 2127 legem
1811 2084 1880 2116 dici
1904 2083 2070 2126 gratiam,
2095 2083 2250 2116 ostendit

1262 2146 1434 2189 interpres
1451 2142 1541 2177 hanc
1559 2143 1791 2187 corruptelam
1812 2155 1889 2176 cum
1905 2142 2065 2177 fontibus
2083 2152 2250 2185 pugnare,

1264 2211 1296 2237 et
1329 2204 1475 2247 gratiam
1509 2203 1704 2246 significare
1738 2202 1979 2235 remissionem
2017 2208 2253 2245 peccatorum,

1265 2272 1296 2297 et
1317 2263 1639 2296 reconciliationem
1665 2263 1872 2305 gratuitam,
1908 2273 1985 2294 cum
2011 2272 2080 2305 qua
2103 2259 2250 2294 donatio

1264 2322 1417 2367 Spiritus
1439 2323 1549 2356 sancti
1566 2322 1751 2355 coniuncta
1772 2327 1831 2355 est.

1367 2390 1425 2423 Sic
1444 2403 1522 2423 cum
1541 2387 1709 2422 Monachi
1727 2395 1959 2432 corrumpunt
1981 2387 2133 2421 dictum:
2160 2386 2249 2420 Fide

1265 2450 1512 2488 iustificamur,
1539 2461 1578 2482 ac
1604 2449 1726 2482 iubent
1743 2449 1786 2481 de
1804 2448 2008 2481 remissione
2026 2453 2247 2491 peccatorum

1265 2516 1399 2541 mentes
1432 2509 1602 2541 luctantes
1626 2521 1703 2541 cum
1731 2508 1867 2550 magnis
1894 2507 2104 2552 pavoribus,
2137 2517 2176 2538 ac
2191 2504 2249 2538 su-

1265 2568 1398 2611 gientes
1421 2567 1554 2610 Deum,
1587 2568 1766 2609 dubitare,
1807 2568 1935 2602 refutet
1959 2567 2128 2609 interpres
2157 2561 2250 2597 hanc

1265 2628 1518 2672 corruptelam,
1545 2635 1578 2662 et
1594 2629 1753 2662 ostendat
1774 2626 1843 2662 fide
1868 2626 2075 2659 vincendam
2093 2635 2164 2657 esse
2183 2624 2252 2656 du-
