2415 2942
70 72 143 110 757
261 70 362 109 xm.

169 158 351 193 Secundo:
387 157 579 204 Postquam
615 158 748 192 dictum
780 165 849 197 est,
891 170 978 204 quae
1013 159 1057 192 sit

67 222 149 244 vera
170 208 345 250 Ecclesia,
386 210 454 242 iam
480 211 683 243 addendum
714 216 781 247 est,
818 208 908 241 banc
938 222 1055 241 veram

66 260 278 301 Ecclesiam,
311 273 399 305 quae
427 268 477 294 est
509 261 649 303 exigua,
685 272 724 293 ac
757 266 893 293 tantum
918 267 1056 292 sancto-

66 324 164 350 rum,
201 311 353 344 retinere
382 323 498 344 veram
526 312 722 344 doctrinam
749 309 953 352 Evangelii,
995 322 1055 343 seu

67 363 235 397 articulos
259 362 359 402 fidei,
395 363 483 396 sicut
509 361 641 395 Paulus
668 372 743 393 eam
778 368 896 400 vocat,
939 362 1053 394 sedem

67 413 235 447 veritatis.
289 412 357 446 Sed
384 410 468 447 haec
494 413 569 458 ipsa
593 424 672 444 vera
694 409 849 444 Ecclesia
869 409 971 445 babet
990 413 1054 445 do-

67 465 217 499 ctrinam
242 463 327 497 ali.·s
353 464 483 506 magis,
511 464 594 496 alias
618 462 734 495 minus
762 474 885 505 puram
914 469 946 496 et
974 475 1051 507 per-

67 516 238 561 spicuam.
307 513 423 547 Habet
448 521 480 548 et
506 514 615 546 multa
642 513 780 545 infirma
805 514 980 553 membra,
1014 520 1054 547 ut

68 566 234 611 Apostoli
258 573 356 598 erant
375 563 548 606 Ecclesia,
576 575 640 596 nec
666 570 783 596 tamen
809 563 1053 608 intelligebant

67 625 148 650 ante
165 615 293 651 Christi
313 616 624 654 resurrectionem,
651 614 753 658 quale
777 621 864 647 esset
892 616 1050 648 futurum

67 679 213 711 regnum
233 665 377 701 Christi.
429 665 552 698 Petrus
576 666 679 698 etiam
704 671 782 708 post
799 667 917 699 datum
936 666 1051 709 Spiri-

68 726 142 753 tum
171 725 329 751 sanctum
359 714 473 749 adbuc
503 715 783 758 imaginabatur,
811 716 926 750 cultus
963 718 1049 759 legis

65 768 279 802 necessarios
296 779 386 808 esse,
414 768 471 800 sed
495 769 536 799 de
559 766 658 799 coelo
677 767 900 808 admonitus,
928 768 1051 801 didicit

65 831 211 863 regnum
237 816 370 851 Christi
391 829 462 850 non
491 828 562 850 esse
587 817 744 861 politiam
765 816 965 861 Iudaicam,
993 821 1050 852 sed

63 871 178 904 cultus
196 869 394 912 spirituales
410 880 447 901 ac
466 875 672 912 perpetuos,
700 866 776 902 Act.
794 870 829 904 9.

164 919 287 952 Postea
321 919 458 952 incoata
494 920 755 963 praedicatione
787 919 1052 963 Apostolorum,

63 971 202 1005 lucebat
238 969 276 1001 in
307 969 391 1013 ipsis
424 971 584 1004 doctrina
617 983 702 1014 pura
728 977 761 1003 et
785 972 985 1014 perspicua,
1019 979 1051 1005 et

64 1028 180 1055 tamen
205 1019 337 1053 interea
362 1028 463 1054 erant
494 1021 597 1054 multi
634 1021 788 1065 infirmi,
830 1023 891 1066 qui
914 1023 1048 1056 tametsi

63 1078 176 1106 essent
192 1083 271 1104 vera
290 1073 445 1104 membra
465 1070 661 1112 Ecclesiae,
688 1079 720 1104 et
738 1079 895 1106 tenerent
916 1074 1048 1106 articu—

62 1123 115 1156 los
131 1123 230 1163 fldei,
258 1129 374 1155 tamen
398 1123 534 1167 aliquid
558 1124 735 1156 addebant
757 1124 903 1164 erroris,
932 1131 968 1157 ut
989 1125 1047 1169 qui

61 1174 294 1207 observabant
316 1173 429 1206 cultus
453 1174 557 1218 legis,
597 1186 660 1206 nec
690 1174 772 1207 satis
801 1175 1047 1217 intelligebant

61 1224 324 1267 abrogationem
342 1224 427 1266 legis
442 1234 473 1258 et
490 1236 590 1257 veros
607 1225 733 1258 cultus.
775 1224 843 1258 Ilic
859 1238 957 1259 error
974 1239 1047 1259 non

62 1282 135 1309 erat
151 1275 257 1316 levis,
287 1283 320 1309 et
344 1277 497 1318 aliquam
519 1276 702 1319 caliginem
734 1276 941 1310 offundebat
964 1277 1047 1310 arti·

62 1327 152 1360 culis
182 1326 275 1360 fidei.
351 1327 400 1359 Ita
427 1324 587 1360 Christus
618 1327 790 1370 praedicit
821 1328 864 1359 de
893 1326 1048 1360 Ecclesia

58 1377 227 1422 postremi
246 1377 433 1419 temporis,
452 1378 586 1411 futuras
604 1389 744 1420 magnas
764 1379 943 1419 tenebras,
961 1391 1048 1424 quae

60 1428 163 1462 etiam
191 1427 315 1461 electos
339 1427 551 1471 impedient,
587 1440 657 1474 quo
687 1429 804 1463 minus
833 1441 958 1473 puram
984 1431 1047 1463 do-

61 1479 210 1512 ctrinam
229 1477 384 1512 babituri
403 1479 485 1515 sint.

163 1529 286 1562 Manet
305 1529 411 1571 igitur
427 1530 544 1574 aliqua
559 1541 640 1562 vera
657 1528 830 1569 Ecclesia,
858 1543 946 1577 quae
965 1532 1047 1566 reti-

61 1587 120 1614 net
136 1580 302 1613 articulos
317 1581 415 1618 fidei,
443 1582 502 1613 sed
522 1581 699 1613 interdum
724 1582 842 1614 minus
864 1595 988 1626 puros,
1017 1590 1048 1616 et

63 1632 264 1664 obscuratos
309 1630 487 1674 aliquibus
533 1631 765 1664 incommodis
808 1634 1049 1675 opinionibus,

65 1689 99 1715 et
121 1679 334 1715 habentibus
359 1681 493 1725 aliquid
518 1682 658 1716 erroris.
710 1681 763 1715 Ae
785 1682 912 1728 loquor
933 1682 1047 1717 adbuc

62 1734 106 1766 de
131 1732 222 1765 veris
246 1729 423 1764 Ecclesiae
447 1732 632 1771 membris,
668 1738 700 1765 et
724 1734 870 1774 sanctis,
905 1747 977 1766 non
1005 1736 1047 1767 de

62 1783 159 1822 aliis,
195 1783 255 1827 qui
287 1782 411 1815 amissa
439 1782 516 1815 luce
546 1782 646 1815 verbi
680 1783 846 1817 amittunt
875 1783 1046 1828 Spiritum

60 1841 238 1874 sanctum,
267 1839 300 1866 et
318 1840 514 1877 sequuntur
534 1833 682 1866 rationis
704 1834 891 1874 iudicium,
918 1843 950 1869 et
967 1849 1043 1869 cum

61 1891 183 1928 putent
201 1896 235 1917 se
254 1885 444 1916 admodum
464 1883 519 1928 pia
545 1885 701 1924 tradere,
729 1885 850 1919 dicunt
873 1887 986 1919 aliena
1015 1894 1047 1921 et

59 1936 182 1980 impia.
234 1934 331 1968 Sicut
349 1946 442 1967 nnnc
466 1946 606 1979 quoque
632 1935 734 1968 multi
760 1944 841 1970 sunt
866 1945 1044 1980 praestan-

62 1994 111 2020 tes
128 1986 307 2025 doctrina‚
334 1986 438 2018 bonis
461 1986 637 2025 moribus,
663 1986 776 2029 specie
798 1988 954 2030 pietatis,
984 1990 1042 2034 qui

61 2038 227 2070 videntur
242 2036 308 2069 sibi
323 2035 538 2068 sanctissima
562 2036 696 2077 dicere,
723 2049 802 2070 cum
830 2039 956 2082 procul
981 2041 1044 2073 ah-

63 2088 132 2120 sint
157 2100 174 2120 a
198 2098 278 2118 vera
303 2087 399 2127 luce,
425 2084 491 2119 hoc
515 2094 582 2128 est,
609 2099 627 2120 a
646 2100 728 2120 vero
749 2089 929 2123 intellectu
947 2092 1044 2124 verbi

61 2138 141 2171 Dei.
193 2137 244 2170 De
270 2138 399 2170 talibus
423 2138 582 2170 nondum
607 2137 750 2182 loquor,
786 2152 905 2173 verum
931 2140 1046 2175 adhuc

60 2195 197 2222 tantum
228 2188 265 2220 fit
297 2187 430 2220 mentio
460 2188 502 2219 de
535 2188 626 2220 veris
658 2191 825 2224 membris
857 2189 1046 2235 Ecclesiae,

60 2252 148 2285 quae
166 2250 289 2281 magna
307 2251 347 2271 ex
364 2245 460 2282 parte
475 2244 556 2271 sunt
575 2238 723 2274 infirma.

164 2289 222 2324 Sic
258 2290 365 2332 igitur
402 2289 518 2333 inquit
552 2288 709 2324 Paulus:
759 2290 1043 2326 Fundamentum

62 2341 158 2374 aliud
183 2353 285 2373 nemo
312 2347 422 2383 potest
444 2351 595 2383 ponere,
626 2348 762 2383 praeter
781 2342 814 2374 id
835 2345 927 2387 quod
951 2346 1043 2388 posi—

62 2399 135 2425 tum
158 2398 219 2426 est.
274 2391 342 2425 Sed
367 2391 456 2423 alius
480 2391 743 2434 superaedificat
774 2405 918 2434 aurum,
956 2397 1044 2428 alius

63 2442 216 2484 lignum,
256 2442 401 2485 stipulas
426 2449 488 2475 etc.
562 2440 847 2476 Fundamentum
879 2445 1044 2488 iutelligit

62 2492 228 2525 articulos
243 2493 343 2533 fidei,
370 2490 436 2525 hoc
453 2499 521 2533 est,
547 2503 719 2525 summam
739 2495 918 2527 doctrinae
937 2494 1044 2530 Chri-

64 2544 215 2583 stianae,
250 2550 284 2577 et
309 2543 505 2577 doctrinam
529 2544 572 2576 de
598 2544 777 2577 beneficiis
801 2543 951 2587 Christi,
985 2549 1044 2581 sed

63 2595 105 2626 ad
134 2592 240 2634 banc,
273 2594 406 2638 inquit,
446 2594 579 2627 addent
608 2594 668 2626 alii
699 2596 820 2628 utilem
847 2598 1044 2632 doctrinam

65 2651 97 2678 et
116 2644 393 2687 explicationem,
412 2651 444 2678 et
458 2656 559 2677 veros
576 2645 690 2678 cultus
712 2647 926 2691 spirituales:
961 2646 1047 2684 haec

117 2697 293 2731 titulum.
322 2697 428 2730 Oriza,
473 2697 554 2728 Vox„
580 2698 657 2730 XV.

413 73 448 106 2.
476 69 840 108 COMMENTARII
866 71 917 108 IN
942 69 1093 109 EPIST.
1121 67 1267 106 PAULI
1292 66 1358 102 AD
1385 64 1649 104 ROMANOS.
1704 67 1805 108 CAP.
1832 71 1927 108 XIV.

2033 77 2105 113 758

1113 163 1213 189 vocat
1240 166 1376 190 aurum.
1427 151 1501 188 Alii
1524 154 1653 188 addent
1677 156 1841 199 stipulas,
1868 158 1904 191 id
1930 165 1995 200 est,
2026 162 2104 205 opi..

1110 207 1239 239 niones
1258 207 1521 246 incommodas,
1550 212 1582 238 et
1607 206 1743 247 aliquid
1768 209 1897 242 erroris
1922 207 2102 256 habentes,

1111 258 1199 290 sicut
1217 258 1319 290 initio
1337 257 1453 290 statim
1472 256 1634 289 conditae
1650 264 1731 290 sunt
1747 261 1985 304 ceremoniae,
2013 276 2101 308 quae

1110 319 1223 341 secum
1244 314 1425 341 traxerunt
1450 307 1553 339 f.·lsas
1570 307 1768 350 opiniones.

1212 358 1259 392 Ut
1284 356 1515 390 Ambrosium
1539 357 1700 390 existimo
1732 371 1804 392 esse
1837 373 1958 395 verum
1989 376 2099 396 mem-

1109 409 1210 442 brum
1230 407 1428 448 Ecclesiae,
1456 408 1485 440 is
1504 414 1620 440 tamen
1649 408 1764 453 inquit
1788 412 1830 443 de
1855 412 1987 446 ieiunio
2013 427 2099 458 qua-

1108 460 1340 502 dragesimae:
1368 457 1511 492 Caetera
1531 458 1661 490 ieiunia
1682 467 1763 492 sunt
1786 462 1996 503 voluntatis,
2031 463 2097 498 boc

1108 510 1321 544 necessitatis
1345 516 1404 542 est.
1473 508 1568 542 Ilaec
1600 509 1721 553 opinio
1747 517 1796 544 est
1819 513 1948 557 stipula
1977 516 2095 549 addita

1108 561 1287 595 doctrinae
1307 560 1400 594 fidei.

1209 611 1277 646 Sed
1307 609 1461 643 Basilius
1486 610 1623 644 addidit
1648 610 1871 646 Monasticen
1889 641 1897 654 ,
1925 621 2092 661 tanquam

1106 662 1273 707 stipulas,
1301 669 1333 695 et
1356 662 1475 694 laudat
1502 659 1568 694 boc
1590 672 1699 703 genus
1723 663 1814 695 vitae
1840 664 2039 700 immodicis
2063 676 2095 702 et

1106 714 1200 746 salsis
1223 713 1438 757 praeconiis,
1477 724 1556 745 cum
1588 712 1730 755 quidem
1762 714 1806 746 ab
1830 713 2006 760 Episcopo
2031 730 2094 751 suo

1106 763 1434 808 reprehenderetur.
1494 762 1600 805 Quod
1618 769 1733 796 autem
1753 776 1824 797 non
1843 766 1887 799 sit
1907 767 1982 799 leve
2001 780 2094 803 erra-

1106 823 1200 856 tum,
1235 816 1418 849 instituere
1441 825 1551 846 novos
1576 813 1708 854 cultuS,
1742 826 1843 859 saepe
1867 826 1985 852 monet
2008 820 2093 853 scri-

1107 874 1225 910 ptura,
1254 874 1286 900 et
1306 867 1387 899 satis
1406 864 1574 907 significat
1596 862 1679 897 haec
1695 877 1764 898 una
1782 869 1973 901 sententia:
2003 869 2093 904 Fru-

1104 925 1174 951 stra
1194 918 1316 951 colunt
1339 929 1394 949 me
1418 915 1592 949 mandatis
1618 913 1814 950 hominum.
1869 917 1987 953 Grave
2014 933 2092 964 pec-

1105 976 1219 1002 catum
1258 976 1309 1002 est
1349 974 1469 1001 contra
1507 967 1659 1010 primum
1697 976 1937 1012 praeceptum,
1978 972 2092 1005 cultus

1106 1033 1177 1053 non
1207 1021 1389 1052 mandatos
1423 1030 1441 1050 a
1472 1016 1547 1050 Deo
1579 1017 1761 1051 instituere
1793 1027 1852 1052 aut
1884 1023 2091 1064 approbare.

1105 1071 1192 1104 Nam
1220 1072 1374 1115 primum
1400 1075 1640 1114 praeceptum,
1666 1081 1743 1102 cum
1769 1068 1933 1114 prohibet
1957 1073 2090 1108 alienos

1105 1123 1229 1157 cultus,

1206 1172 1407 1218 Cyprianus
1431 1177 1530 1214 urget
1555 1183 1685 1215 poenas
1707 1173 1910 1215 canonicas,
1940 1187 2090 1220 quarum

1102 1233 1186 1257 tunc
1202 1231 1273 1257 erat
1291 1234 1392 1264 usus,
1419 1231 1449 1256 et
1469 1223 1653 1256 confirmat
1668 1224 1871 1266 opiniones,
1898 1227 1997 1270 quasi
2019 1228 2088 1261 sint

1104 1274 1337 1314 necessariae,
1376 1280 1407 1306 et
1439 1280 1582 1317 propter
1609 1285 1664 1307 eas
1689 1275 1914 1308 remittantur
1937 1286 2087 1320 peccata,

1102 1327 1279 1359 interdum
1305 1324 1423 1369 inquit
1448 1324 1707 1357 absolutionem
1730 1325 1805 1358 sine
1828 1326 1898 1358 iltis
1924 1327 2087 1362 inutilem

1102 1389 1184 1410 esse.
1237 1377 1397 1410 Fortasse
1413 1375 1585 1408 sentiebat
1599 1376 1836 1415 commodius,
1862 1390 1965 1422 quam
1985 1379 2085 1413 locu-

1103 1435 1157 1461 tus
1182 1435 1250 1469 est,
1287 1435 1404 1461 tamen
1438 1426 1491 1459 illi
1521 1438 1655 1459 errores
1681 1438 1753 1460 non
1778 1435 1859 1462 sunt
1884 1429 1996 1471 leves,
2029 1433 2087 1464 sed

1102 1481 1293 1512 admodum
1327 1479 1454 1510 densae
1487 1477 1664 1520 stipulae,
1704 1479 1932 1513 obscurantes
1963 1493 2087 1525 puram

1103 1531 1298 1565 doctrinam
1317 1530 1359 1562 de
1379 1528 1556 1561 beneficiis
1573 1525 1722 1569 Christi,
1752 1531 1844 1562 etde
1862 1531 1940 1565 tide.

1204 1581 1315 1613 Porro
1336 1591 1436 1623 saepe
1455 1579 1640 1622 scriptores
1661 1580 1879 1614 commodius
1904 1591 2088 1617 senserunt

1102 1644 1205 1677 quam
1225 1632 1432 1677 loquuntur,
1461 1631 1540 1674 quia
1563 1630 1721 1675 plerique
1735 1632 1876 1666 suerunt
1894 1634 2086 1667 admodum

1102 1684 1137 1715 in
1163 1684 1313 1715 dicendo
1348 1682 1561 1724 negligentes
1585 1688 1615 1714 et
1641 1683 1853 1726 improprii,
1896 1691 1927 1717 et
1957 1685 2086 1719 multas

1101 1734 1289 1766 sententias
1306 1745 1343 1765 ac
1361 1732 1531 1765 formulas
1548 1744 1564 1763 a
1581 1732 1687 1776 vulgo
1704 1741 1926 1772 mutuantur,
1950 1735 1985 1767 in
2005 1737 2085 1780 qui-

1100 1787 1164 1818 bus
1189 1784 1322 1829 aliquid
1348 1783 1435 1816 inest
1458 1794 1634 1823 errorum,
1670 1791 1708 1816 ut
1730 1797 1857 1818 nomen
1878 1786 2086 1820 satisfactio-

1101 1848 1185 1868 num
1209 1835 1316 1868 sumit
1343 1834 1564 1877 Augustinus
1588 1846 1605 1866 a
1631 1836 1755 1878 vulgo,
1791 1836 1925 1869 etiamsi
1951 1849 2084 1872 errores

1100 1889 1142 1920 de
1170 1886 1465 1919 satisfactionibus
1494 1885 1608 1928 palam
1634 1884 1871 1929 reprehendit.
1925 1886 2085 1934 Torquet

1099 1950 1134 1971 se
1161 1938 1198 1970 in
1225 1935 1289 1969 hac
1314 1937 1486 1968 sententia
1515 1936 1797 1980 interpretanda:
1826 1936 1944 1971 Omne
1963 1952 2084 1982 pecca-

1098 1996 1171 2023 tum
1191 1995 1240 2021 est
1258 1987 1517 2025 voluntarium,
1541 1987 1603 2019 ubi
1622 1988 1775 2030 disputat
1795 1990 1837 2021 de
1857 1997 1994 2032 peccato
2011 1991 2084 2023 ori-

1098 2040 1205 2083 giniS,
1233 2051 1310 2072 cum
1328 2045 1444 2071 tamen
1463 2038 1634 2072 sententia
1655 2039 1700 2073 sit
1723 2039 1826 2073 civile
1851 2041 2002 2082 dictum,
2039 2043 2082 2075 de

1098 2090 1250 2124 externis
1267 2089 1403 2122 delictis
1422 2089 1602 2124 traditum.

1200 2140 1258 2175 Sic
1275 2146 1401 2173 vocant
1424 2152 1566 2172 coenam
1584 2138 1730 2173 Domini
1753 2142 1986 2183 oblationem,
2016 2155 2081 2187 po-

1100 2192 1173 2235 puli
1200 2204 1316 2232 more,
1358 2203 1435 2224 cum
1469 2203 1541 2223 non
1573 2191 1615 2224 sit
1647 2191 1805 2226 instituta
1837 2194 1986 2234 oblatio,
2020 2197 2080 2228 sed

1098 2241 1261 2277 Christus
1275 2243 1346 2286 ipse
1364 2242 1468 2274 suerit
1488 2244 1665 2281 sacerdos,
1694 2242 1843 2276 offerens
1861 2245 2080 2282 sacrificium.

1099 2292 1151 2327 Ac
1175 2306 1218 2326 ne
1242 2295 1343 2328 fiebat
1371 2293 1513 2337 quidem
1539 2293 1622 2324 olim
1651 2293 1687 2325 in
1719 2295 1918 2328 ceremonia
1950 2308 2078 2330 coenae

1099 2346 1232 2378 oblatio
1251 2344 1406 2387 corporis
1428 2351 1460 2377 et
1484 2343 1682 2385 sanguinis,
1707 2345 1766 2376 sed
1794 2353 1873 2379 ante
1897 2358 2079 2381 consecra-

1099 2397 1231 2429 tionem
1252 2396 1493 2429 offerebantur
1511 2405 1616 2436 panes
1644 2401 1676 2427 et
1699 2395 1788 2428 aliae
1811 2408 1882 2437 res,
1915 2404 1946 2430 et
1965 2409 2079 2431 sacer-

1099 2448 1162 2479 dos
1178 2447 1364 2492 dicebat-se
1381 2445 1506 2478 offerre
1526 2456 1663 2488 preces,
1689 2446 1879 2487 gratiarum
1894 2449 2079 2487 actionem,

1099 2506 1129 2531 et
1149 2505 1259 2531 totum
1278 2498 1430 2535 cultum,
1460 2495 1521 2540 qui
1547 2495 1596 2527 ibi
1622 2495 1696 2528 fieri
1719 2497 1818 2533 solet.
1870 2496 1945 2532 Etsi
1973 2500 2081 2543 igitur

1098 2549 1230 2582 oblatio
1254 2561 1326 2581 non
1348 2559 1421 2580 uno
1443 2547 1547 2578 modo
1572 2546 1747 2580 intellecta
1770 2549 1855 2589 fuit,
1882 2556 1997 2582 tamen
2017 2563 2078 2594 po-

1099 2607 1169 2633 stea
1187 2611 1316 2632 nomen
1341 2600 1518 2631 detortum
1543 2603 1592 2630 est
1608 2597 1651 2630 ad
1675 2598 1891 2634 oblationem
1913 2601 2079 2645 corporis,

1099 2652 1193 2685 unde
1210 2650 1317 2684 secuti
1334 2655 1415 2683 sunt
1433 2648 1591 2690 ingentes
1610 2648 1750 2685 abusus.

1419 2698 1468 2733 47
