2415 2942
0 1626 3 1654 1

1 1667 3 1686 i

77 93 171 130 1181
252 90 352 127 XIII.

74 185 145 214 tem
168 177 283 212 omnis
297 175 429 216 carnis,
456 184 495 212 ut
512 189 638 219 omne,
663 177 759 222 quod
777 176 905 211 dedisti
923 177 974 218 ei,
1002 178 1060 211 det

74 230 124 264 eis
150 229 257 262 vitam
282 234 472 262 aeternam.

174 278 248 312 Has
272 278 427 312 actiones
450 276 556 311 habet
576 289 636 310 rex
652 275 831 319 Christus,
858 278 970 312 donec
995 279 1058 311 ad-

73 332 177 365 ducet
200 330 437 363 resuscitatam
463 328 653 362 Ecclesiam
676 329 718 361 ad
744 335 899 372 patrem,
927 329 962 361 id
988 336 1057 370 est,

73 383 185 415 donec
208 380 376 413 divinitas
399 379 600 412 immediate
624 390 658 412 se
682 380 841 413 ostendet
865 378 1055 414 Ecclesiae.

72 432 178 466 Tunc
201 431 325 464 offeret
351 441 497 473 regnum
523 429 631 473 patri,
657 429 692 461 id
711 436 780 472 est,
809 432 967 464 ostendet
993 429 1054 464 has

70 483 224 517 actiones
247 481 437 524 completas
459 491 543 515 esse.
595 479 642 513 Et
658 480 786 513 deinde
805 481 909 514 simul
928 493 1052 524 regna-

70 534 121 567 bit
137 540 175 567 nt
194 533 311 572 Deus,
338 531 540 565 immediate
558 530 781 564 divinitatem
803 532 906 564 nobis
933 539 1052 565 osten—

69 586 173 624 dens,
202 594 273 616 non
295 580 427 615 habens
444 582 513 615 iam
538 581 692 614 actiones
710 583 962 625 deprecatoris,
992 590 1051 617 aut

67 635 264 678 colligentis
284 632 476 666 Ecclesiam
502 644 564 677 per
587 632 835 668 ministerium.

141 714 305 764 Quando
329 714 490 749 abolebit
515 726 653 749 omnem
684 715 946 763 principatum.

168 785 291 831 Aliqui
316 785 566 818 intellexerunt
591 785 634 817 de
660 784 817 828 imperiis
844 784 988 826 mundi,
1016 792 1049 819 et

65 839 108 871 de
131 837 286 881 potentia
318 835 561 876 diabolorum,
595 835 684 868 sicut
709 835 866 868 Danielis
892 837 1047 869 secundo

65 896 98 923 et
115 887 262 932 septimo
287 887 330 919 de
355 885 500 919 interitu
524 886 752 929 imperiorum
777 886 918 921 dicitur.
971 885 1047 920 Etsi

63 945 179 972 autem
200 945 234 970 et
257 935 348 970 hanc
374 936 583 970 sententIam
608 937 892 980 complectimur,
928 943 1046 970 tamen

63 988 271 1032 generaliter
288 987 450 1032 intelligo
470 987 603 1021 aboleri
626 994 657 1020 et
672 987 818 1030 imperia
837 988 984 1029 mundi,
1012 994 1045 1021 et

62 1039 254 1083 potentiam
285 1038 527 1078 diabolorum,
560 1044 593 1070 et
620 1037 815 1071 ministeria
840 1039 1044 1081 angelorum

62 1096 95 1122 et
114 1088 302 1124 Ecclesiae.
357 1088 430 1121 lmo
450 1095 483 1122 et
503 1089 630 1121 auxilia
648 1089 734 1128 cibi,
762 1095 881 1132 potus,
909 1096 942 1123 et
958 1089 1044 1122 alia—

61 1152 140 1173 rum
170 1146 429 1179 creaturarum,
469 1139 550 1184 qnia
585 1146 668 1172 tunc
695 1138 789 1172 Deus
819 1151 854 1172 se
885 1141 1044 1174 ostendet

60 1191 282 1232 immediate,
324 1197 357 1223 et
381 1189 572 1223 vivificabit
596 1190 734 1233 beatos,
768 1190 969 1224 immediate
994 1191 1044 1223 es-

59 1242 213 1275 fundens
237 1241 275 1273 in
300 1252 358 1273 eos
383 1253 479 1273 suam
506 1241 637 1281 lucem,
681 1241 908 1284 sapientiam,
940 1241 1042 1275 iusti-

60 1292 149 1325 ciam
168 1299 201 1326 et
221 1292 402 1326 laetitiam.
458 1290 498 1324 ln
524 1289 613 1324 hanc
634 1292 842 1324 sententiam
868 1298 900 1325 et
923 1298 1040 1334 postea

58 1342 206 1378 dicitur:
244 1342 340 1376 Deus
369 1342 435 1375 erit
460 1342 579 1375 omnia
603 1342 639 1374 in
663 1343 849 1382 omnibus,
892 1342 1042 1383 scilicet,

57 1405 130 1427 non
154 1405 216 1438 per
241 1393 478 1426 ministerium
504 1392 690 1435 Evangelii
714 1404 855 1437 regenS,
891 1393 947 1425 sed
974 1394 1040 1425 im-

59 1444 210 1478 mediate
233 1455 269 1477 se
293 1444 502 1482 ostendens,
544 1443 745 1485 vivificans,
787 1450 820 1477 et
853 1443 1040 1476 effundens

56 1495 94 1528 in
111 1495 230 1529 beatos
245 1507 342 1528 suam
361 1495 558 1528 mirandam
576 1494 707 1536 lucem,
735 1494 961 1539 sapientiam,
985 1495 1041 1528 iu-

55 1546 189 1580 sticiam
214 1553 247 1578 et
271 1545 450 1580 laetitiam.

52 1626 149 1662 'Emi
176 1626 209 1662 τὶ
237 1624 429 1671 ποιήουσιν
464 1625 498 1661 οἱ
537 1623 801 1671 βαπτιζόμενοι
838 1624 929 1672 ὑπέρ
963 1631 1041 1663 τῶν

56 1681 210 1726 νεκρῶν.
265 1676 419 1725 Alioqui
434 1675 698 1725 quidfacient,
720 1678 785 1725 qui
802 1677 1040 1725 baplt'santur

421 1727 486 1776 qui
507 1728 673 1764 mortuis.

159 1798 305 1832 Constat
337 1809 450 1837 nunc,
500 1797 602 1830 etiam
637 1809 715 1830 cum
746 1796 896 1832 infantes
922 1799 1041 1844 bapti-

57 1856 199 1889 zantur,
227 1856 343 1882 tamen
368 1847 505 1881 recitari
525 1848 691 1881 articulos
716 1849 885 1893 symboli,
912 1857 951 1883 ut
977 1864 1038 1884 vo—

58 1908 148 1935 cant.
203 1899 241 1932 Id
267 1899 465 1942 exemplum
490 1905 643 1932 sumtum
670 1906 719 1932 est
741 1911 758 1930 a
782 1899 894 1942 prima
918 1900 1038 1935 Eccle-

54 1951 121 1992 sia,
161 1951 199 1983 in
226 1962 292 1995 qua
317 1950 449 1993 optimo
475 1950 622 1982 consilio
651 1949 848 1984 institutum
874 1951 958 1992 suit,
999 1960 1037 1986 ut

54 2002 151 2036 fieret
179 2001 379 2045 planissima
412 2001 583 2044 professio
615 2000 835 2043 singulorum
868 2003 1036 2036 articulo-

53 2065 142 2087 rum.
195 2052 240 2085 Et
264 2052 422 2084 scribunt
441 2051 604 2096 quidam,
633 2054 800 2085 adductos
825 2064 896 2085 esse
920 2054 1036 2098 bapti—

56 2104 185 2137 zandos
203 2103 245 2136 ad
264 2114 339 2136 ossa
365 2109 607 2143 mortuorum,
634 2110 664 2136 et
689 2102 737 2135 ibi
766 2104 937 2146 professos
962 2117 1035 2138 esse

3 2169 12 2179 ν
53 2154 241 2188 articulum
261 2154 303 2186 de
326 2153 580 2185 resurrectione
607 2162 846 2192 mortuorum,
875 2162 907 2188 et
925 2155 1035 2189 inter-

53 2212 209 2249 rogatos,
245 2216 290 2237 an
314 2205 495 2237 crederent
518 2201 583 2236 hos
608 2204 701 2247 ipsos
726 2204 918 2239 revicturos
943 2218 1032 2248 esse,

55 2268 204 2301 quorum
224 2255 274 2288 ibi
301 2266 376 2288 ossa
398 2255 640 2295 intuerentur,
668 2256 907 2298 respondisse,
935 2257 1032 2291 futu-

51 2319 148 2348 rum,
173 2313 212 2340 ut
228 2304 282 2339 his
300 2306 382 2350 ipsis
400 2306 468 2338 vita
487 2306 702 2341 restituatur.

153 2356 366 2401 Quanquam
391 2362 506 2390 autem
532 2354 588 2389 hic
606 2357 694 2390 ritus
714 2369 785 2389 non
803 2358 870 2391 fuit
886 2359 1031 2392 univer-

52 2408 151 2449 salis,
177 2415 294 2441 tamen
312 2419 433 2441 omnes
459 2407 496 2440 in
513 2408 687 2451 baptismo
712 2408 844 2453 ubique
866 2409 1030 2452 planissi-
1067 2413 1070 2415 ’

53 2471 108 2492 me
131 2458 276 2503 professi
303 2465 404 2499 sunt,
441 2470 477 2491 se
492 2458 690 2492 firmissima
715 2458 781 2491 fide
802 2461 1028 2494 resurrectio-

51 2521 130 2543 nem
155 2516 376 2543 mortuorum
401 2509 553 2545 credere.
604 2507 681 2543 Etsi
701 2509 832 2543 multae
855 2509 1028 2555 interpre-

49 2560 198 2594 tationes
216 2561 260 2594 de
276 2557 344 2593 hoc
360 2560 436 2593 loco
453 2561 661 2601 traduntur,
689 2566 807 2593 tamen
825 2560 926 2593 valde
941 2574 1028 2595 con-

50 2617 252 2645 sentaneum
271 2616 340 2652 est,
374 2608 464 2644 hanc
486 2611 681 2653 simplicem
701 2610 1027 2655 interpretationem

49 2661 201 2696 nativam
225 2668 259 2697 et
280 2672 399 2695 veram
423 2673 513 2695 esse:
546 2657 812 2707 βαπτιζό,ιιενοι
835 2658 928 2710 ὑπὲρ
951 2664 1028 2698 τῶν

403 88 439 126 4.
467 89 805 129 COMMENTAR.
830 89 880 126 IN
907 90 1060 129 EPIST.
1086 91 1235 127 PAULI
1261 88 1328 126 AD
1357 89 1679 127 CORINTHIOS.
1731 90 1832 128 CAP.
1861 90 1939 127 XV.

2011 92 2108 126 1182

1112 178 1274 222 νεκρῶν,
1322 176 1358 210 id
1384 183 1451 215 est,
1499 173 1765 223 ssamz'gduezfot
1793 175 2097 224 &optoloyofivug

1111 225 1204 274 ὑπὲρ
1221 229 1469 273 τῶννεκρῶν.
1523 228 1752 272 Baptisantur
1777 240 1839 271 pro
1865 228 2030 267 mortuis,
2057 229 2094 261 id

1111 285 1180 316 est,
1223 279 1425 322 profitentes
1456 280 1499 312 de
1535 280 1694 312 mortuis.
1759 278 1849 312 Nam
1880 278 2092 322 praepositio

1108 326 1201 375 ὑπὲρ
1230 328 1319 362 hanc
1343 330 1633 372 significationem
1664 329 1891 374 professionis
1922 330 2092 370 continet,

1109 392 1181 413 non
1203 380 1374 423 significat
1399 381 1507 420 vices,
1544 378 1638 415 cirri.
1690 380 1771 413 Non
1796 378 1861 413 hoc
1880 380 1962 412 inde
1980 380 2090 413 ratio-

1108 431 1216 464 cinari
1235 443 1371 464 necesse
1387 439 1453 471 est,
1482 431 1618 476 aliquos
1637 443 1698 474 per
1722 431 1884 463 vicariam
1904 442 2087 473 personam

1107 482 1281 525 baptismo
1306 482 1463 515 initiatos
1481 494 1562 516 esse.
1609 481 1663 514 lbi
1680 482 1772 514 enim
1790 482 1977 514 dicendum
2001 482 2088 514 fuis—

1107 539 1156 565 set
1184 530 1266 566 ἀντὶ
1293 534 1448 577 νεκρῶν.
1509 531 1603 565 Haec
1628 539 1806 576 utcunque
1831 532 2087 565 consideranti-

1105 584 1170 616 bus
1194 582 1347 616 Graecae
1374 584 1513 625 linguae
1538 594 1659 622 usum,
1686 583 1968 615 manifestissima
1993 589 2086 621 sunt,

1104 641 1143 667 ut
1168 631 1260 680 ὑπέρ
1289 633 1401 668 ἄλλοι)
1430 632 1706 680 ἀπολογοῦλιιαι,
1748 645 1820 665 non
1849 630 1932 666 ἀντὶ
1960 632 2084 666 ἄλλου.

1103 683 1243 717 Possem
1265 692 1298 718 et
1315 685 1400 718 alias
1416 685 1561 718 recitare
1579 684 1902 726 interpretationes:
1937 685 1994 716 sed
2019 681 2083 715 hac

1103 742 1287 769 contentus
1307 747 1364 768 cro
1377 760 1385 774 ‚
1404 736 1485 780 quia
1503 748 1574 768 non
1594 734 1741 767 dubium
1760 741 1826 774 est,
1847 734 1884 766 in
1908 734 2082 778 baptiSmo

1102 786 1233 831 ubique
1251 787 1377 820 factam
1395 798 1466 819 esse
1483 786 1736 830 professionem
1753 785 1916 830 symboli.

1307 867 1351 904 Ti
1378 868 1441 903 καὶ
1468 867 1571 915 ἡμεῖς
1603 866 1880 913 κινδυνεύομεν.

1201 935 1458 980 Argumentum
1492 939 1536 971 de
1577 937 1833 971 resurrectione
1875 942 2028 969 sumtum
2062 947 2081 968 a

1099 989 1340 1031 praesentibus
1358 990 1546 1022 aerumnis.
1602 989 1640 1023 Si
1663 1001 1735 1021 non
1753 994 1895 1022 restaret
1914 987 1980 1019 alia
1997 986 2081 1025 vita,

1099 1051 1171 1071 non
1198 1047 1283 1072 esset
1314 1040 1503 1072 discrimen
1530 1040 1621 1073 inter
1649 1041 1757 1073 iustos
1783 1046 1814 1072 et
1839 1039 2007 1078 iniustos,
2048 1044 2081 1070 et

1099 1089 1181 1123 iusti
1212 1090 1315 1123 stulte
1346 1090 1559 1124 sustinerent
1584 1092 1619 1124 in
1646 1091 1716 1124 vita
1748 1097 1863 1123 tantos
1887 1089 2023 1121 labores
2047 1095 2081 1122 et

1098 1146 1211 1175 tantas
1229 1153 1428 1174 aerumnas:
1464 1142 1638 1175 sustinent
1662 1149 1775 1175 autern
1794 1148 1884 1174 certa
1903 1151 1963 1183 spe
1983 1139 2080 1172 futu—

1097 1203 1155 1224 rae
1192 1192 1470 1236 tranquillitatis.
1524 1192 1635 1236 Igitur
1669 1191 1825 1225 Ecclesia
1854 1202 1934 1223 vere
1973 1189 2079 1222 sentit

1096 1249 1225 1275 restare
1252 1243 1355 1274 aliam
1382 1243 1502 1276 vitam.
1562 1243 1689 1276 Inserit
1719 1249 1835 1276 autem
1861 1240 2079 1274 admonitio-

1095 1304 1193 1330 nem,
1223 1299 1258 1325 ut
1276 1292 1385 1326 vitent
1405 1304 1510 1336 prava
1528 1294 1722 1339 colloquia,
1754 1300 1786 1327 et
1802 1304 1921 1327 versus
1938 1298 1988 1326 est
2004 1303 2077 1323 rne-

1095 1343 1206 1376 moria
1234 1343 1378 1385 dignus:

1225 1401 1417 1439 Φθείρουσιν
1439 1399 1506 1441 ’ἤθη
1525 1401 1643 1441 χρῆσθ’
1668 1398 1783 1439 ὁμιλίαι
1806 1399 1906 1431 κακαί.

1094 1450 1140 1486 Et
1163 1454 1255 1497 apud
1274 1451 1488 1498 Aeschylum
1519 1455 1666 1487 dicitur:

1224 1508 1324 1540 Οῧδέν
1346 1506 1450 1540 κάκιον
1472 1513 1567 1551 κακῆς
1590 1509 1721 1549 ὁμιλίας.

1088 1576 1179 1612 Ἀλλ’
1217 1577 1290 1624 ἐρεῖ
1320 1576 1374 1612 τὶς
1409 1582 1486 1618 πῶς
1519 1577 1721 1627 ἐγείρονται
1755 1578 1790 1614 οἱ
1815 1576 1952 1625 νεκροί.
2005 1577 2082 1613 Sed

1245 1627 1335 1662 dicet
1358 1628 1519 1677 aliquis,
1544 1628 1725 1678 quomodo
1747 1630 1934 1677 surgunt?

1196 1697 1285 1731 Voci
1316 1699 1457 1731 divinae
1491 1700 1704 1733 credendum
1733 1706 1800 1740 est,
1842 1698 1978 1733 etiamsi
2001 1710 2075 1731 non

1094 1748 1240 1787 scimus,
1281 1752 1458 1794 quomodo
1481 1750 1667 1784 effecturus
1692 1751 1735 1784 sit
1757 1751 1856 1785 Deus
1881 1762 1940 1791 ea,
1983 1761 2073 1794 quae

1092 1800 1288 1843 promittit,
1322 1808 1382 1834 aut
1407 1801 1577 1844 praedicit
1600 1813 1634 1835 se
1659 1802 1834 1835 facturum
1857 1813 1948 1842 esse,
1983 1801 2075 1834 sicut

1093 1850 1243 1895 Moysen
1266 1853 1406 1884 credere
1429 1853 1604 1895 oportuit,
1641 1859 1773 1897 petram
1797 1863 1996 1897 percussam
2020 1851 2072 1884 ef-

1091 1902 1246 1934 fusuram
1266 1913 1336 1935 esse
1354 1913 1479 1945 magna
1506 1903 1653 1937 flumina
1677 1915 1856 1949 aquarum.
1911 1902 1980 1937 Sed
2004 1899 2073 1935 hu-

1091 1964 1191 1985 mana
1210 1953 1409 1986 diffidentia
1432 1954 1646 1997 interrogare
1669 1956 1757 1988 solet
1782 1956 1825 1988 de
1849 1955 1973 1993 modo,
2000 1965 2070 1998 quo

1090 2002 1185 2036 Deus
1209 2015 1268 2036 sua
1294 2004 1462 2037 miracula
1482 2005 1667 2039 effecturus
1689 2013 1752 2039 est.
1804 2004 1983 2049 Reprimit
2007 2015 2071 2037 au-

1089 2061 1158 2088 tem
1180 2052 1236 2086 bic
1254 2055 1526 2098 interrogantes,
1554 2068 1737 2100 opponens
1759 2056 1933 2089 familiare
1954 2066 2069 2088 exem-

1088 2105 1185 2149 plum
1214 2105 1250 2137 in
1278 2113 1420 2139 natura:
1463 2105 1553 2139 Cum
1580 2120 1653 2140 non
1677 2108 1782 2149 scias,
1826 2107 2005 2152 quomodo
2030 2117 2070 2138 ex

1088 2168 1195 2199 grano
1218 2164 1358 2190 mortuo
1382 2157 1585 2191 exoriantur
1609 2159 1763 2199 culmus,
1792 2165 1824 2192 et
1841 2157 1972 2191 multae
1995 2156 2067 2200 spi-

1087 2219 1165 2248 cae,
1193 2214 1224 2240 et
1242 2219 1366 2251 grana,
1390 2220 1452 2241 cur
1467 2209 1605 2253 quaeris
1621 2211 1764 2242 modum
1780 2207 2070 2242 resurrectionis?

1085 2257 1200 2291 Simul
1222 2267 1335 2292 autem
1361 2260 1549 2301 significat,
1576 2272 1616 2293 ex
1642 2260 1758 2303 parvis
1782 2259 1988 2304 pulvisculis
2011 2270 2068 2291 re-

1085 2309 1194 2349 lictis,
1222 2316 1339 2342 tamen
1358 2316 1469 2343 totum
1488 2322 1612 2354 corpus
1630 2322 1750 2344 rursus
1772 2310 1960 2351 aedificari,
1979 2309 2068 2343 sicut

1083 2372 1124 2393 ex
1146 2361 1272 2394 nucleo
1289 2360 1413 2403 ingens
1429 2361 1535 2394 arbor
1550 2361 1674 2394 oritur.

1359 2442 1434 2478 Est
1461 2456 1588 2491 corpus
1615 2443 1792 2480 animale.

1182 2511 1318 2557 Corpus
1342 2509 1505 2559 ψυχικὸν
1526 2513 1698 2556 significat
1717 2514 1839 2548 vivens
1857 2514 1927 2549 vita
1940 2542 1949 2557 ,
1976 2527 2065 2562 quae

1080 2561 1187 2596 alitur
1209 2564 1289 2596 cibo
1316 2570 1350 2597 et
1375 2571 1480 2607 potu,
1522 2570 1556 2597 et
1589 2562 1694 2598 habet
1719 2565 1874 2599 actiones
1900 2567 2062 2600 omnium

1080 2614 1338 2656 potentiarum,
1365 2614 1468 2648 etiam
1484 2615 1686 2650 nutritivae.
1736 2614 1867 2650 Forma
1892 2617 2064 2662 loquendi

1079 2675 1119 2697 ex
1136 2662 1266 2698 Genesi
1282 2672 1395 2700 sumta
1413 2672 1478 2699 est:
1507 2664 1632 2700 Factus
1651 2673 1701 2700 est
1720 2664 1832 2701 Adam
1854 2667 1889 2700 in
1909 2668 2063 2702 animam
