<?xml version="1.0" encoding="UTF-8"?>
<!DOCTYPE html PUBLIC "-//W3C//DTD XHTML 1.0 Transitional//EN"
    "http://www.w3.org/TR/xhtml1/DTD/xhtml1-transitional.dtd">
<html xmlns="http://www.w3.org/1999/xhtml" xml:lang="en" lang="en">
 <head>
  <title>
</title>
<meta http-equiv="Content-Type" content="text/html;charset=utf-8" />
  <meta name='ocr-system' content='tesseract 3.04.00' />
  <meta name='ocr-capabilities' content='ocr_page ocr_carea ocr_par ocr_line ocrx_word'/>
</head>
<body>
  <div class='ocr_page' id='page_1' title='image "./operaquaesupersu15melauoft/operaquaesupersu15melauoft_0424.png"; bbox 0 0 2415 2942; ppageno 0'>
   <div class='ocr_carea' id='block_1_1' title="bbox 314 116 383 150">
    <p class='ocr_par' dir='ltr' id='par_1_1' title="bbox 314 116 383 150">
     <span class='ocr_line' id='line_1_1' title="bbox 314 116 383 150; baseline -0.014 0"><span class='ocrx_word' id='word_1_1' title='bbox 314 116 383 150; x_wconf 79' lang='lat'>851</span> 
     </span>
    </p>
   </div>
   <div class='ocr_carea' id='block_1_2' title="bbox 321 185 1303 235">
    <p class='ocr_par' dir='ltr' id='par_1_2' title="bbox 321 185 1303 235">
     <span class='ocr_line' id='line_1_2' title="bbox 321 185 1303 235; baseline -0.013 -3"><span class='ocrx_word' id='word_1_2' title='bbox 321 202 398 232; x_wconf 83' lang='lat' dir='ltr'>dem</span> <span class='ocrx_word' id='word_1_3' title='bbox 425 196 595 230; x_wconf 56' lang='lat' dir='ltr'>diuinitus</span> <span class='ocrx_word' id='word_1_4' title='bbox 617 192 759 232; x_wconf 88' lang='lat' dir='ltr'>insitae,</span> <span class='ocrx_word' id='word_1_5' title='bbox 795 201 884 235; x_wconf 87' lang='lat' dir='ltr'>quae</span> <span class='ocrx_word' id='word_1_6' title='bbox 908 187 1103 225; x_wconf 78' lang='lat' dir='ltr'>affirmant,</span> <span class='ocrx_word' id='word_1_7' title='bbox 1139 186 1233 230; x_wconf 88' lang='lat' dir='ltr'>qnod</span> <span class='ocrx_word' id='word_1_8' title='bbox 1260 185 1303 219; x_wconf 88' lang='lat' dir='ltr'>sit</span> 
     </span>
    </p>
   </div>
   <div class='ocr_carea' id='block_1_3' title="bbox 906 91 1730 136">
    <p class='ocr_par' dir='ltr' id='par_1_3' title="bbox 906 91 1730 136">
     <span class='ocr_line' id='line_1_3' title="bbox 906 91 1730 136; baseline -0.004 0"><span class='ocrx_word' id='word_1_9' title='bbox 906 102 1031 136; x_wconf 85' lang='lat' dir='ltr'>PHlL.</span> <span class='ocrx_word' id='word_1_10' title='bbox 1055 99 1172 135; x_wconf 80' lang='lat' dir='ltr'><strong>MEL.</strong></span> <span class='ocrx_word' id='word_1_11' title='bbox 1201 91 1406 135; x_wconf 58' lang='lat' dir='ltr'>SCRIPTA</span> <span class='ocrx_word' id='word_1_12' title='bbox 1434 98 1730 134; x_wconf 66' lang='lat' dir='ltr'>EXEGE‘siCA.</span> 
     </span>
    </p>
   </div>
   <div class='ocr_carea' id='block_1_4' title="bbox 2255 105 2331 139">
    <p class='ocr_par' dir='ltr' id='par_1_4' title="bbox 2255 105 2331 139">
     <span class='ocr_line' id='line_1_4' title="bbox 2255 105 2331 139; baseline 0 -1"><span class='ocrx_word' id='word_1_13' title='bbox 2255 105 2331 139; x_wconf 74' lang='lat'>852</span> 
     </span>
    </p>
   </div>
   <div class='ocr_carea' id='block_1_5' title="bbox 1359 183 2336 230">
    <p class='ocr_par' dir='ltr' id='par_1_5' title="bbox 1359 183 2336 230">
     <span class='ocr_line' id='line_1_5' title="bbox 1359 183 2336 230; baseline 0.008 -14"><span class='ocrx_word' id='word_1_14' title='bbox 1359 183 1514 224; x_wconf 67' lang='lat' dir='ltr'>Veritas,</span> <span class='ocrx_word' id='word_1_15' title='bbox 1543 197 1645 230; x_wconf 83' lang='lat' dir='ltr'>qnam</span> <span class='ocrx_word' id='word_1_16' title='bbox 1669 186 1718 219; x_wconf 89' lang='lat' dir='ltr'>sic</span> <span class='ocrx_word' id='word_1_17' title='bbox 1744 187 1952 224; x_wconf 84' lang='lat' dir='ltr'>nominavit.</span> <span class='ocrx_word' id='word_1_18' title='bbox 2012 189 2074 224; x_wconf 87' lang='lat' dir='ltr'>Est</span> <span class='ocrx_word' id='word_1_19' title='bbox 2098 189 2246 229; x_wconf 87' lang='lat' dir='ltr'>noticia,</span> <span class='ocrx_word' id='word_1_20' title='bbox 2279 190 2336 224; x_wconf 90' lang='lat' dir='ltr'>in-</span> 
     </span>
    </p>
   </div>
   <div class='ocr_carea' id='block_1_6' title="bbox 321 235 2337 291">
    <p class='ocr_par' dir='ltr' id='par_1_6' title="bbox 321 235 2337 291">
     <span class='ocr_line' id='line_1_6' title="bbox 321 235 2337 291; baseline -0.004 -9"><span class='ocrx_word' id='word_1_21' title='bbox 321 250 432 286; x_wconf 75' lang='lat' dir='ltr'>Dens,</span> <span class='ocrx_word' id='word_1_22' title='bbox 460 247 552 291; x_wconf 82' lang='lat' dir='ltr'>quod</span> <span class='ocrx_word' id='word_1_23' title='bbox 577 245 621 278; x_wconf 90' lang='lat' dir='ltr'>sit</span> <span class='ocrx_word' id='word_1_24' title='bbox 644 243 881 284; x_wconf 79' lang='lat' dir='ltr'>iudicaturus,</span> <span class='ocrx_word' id='word_1_25' title='bbox 908 246 942 273; x_wconf 87' lang='lat' dir='ltr'>et</span> <span class='ocrx_word' id='word_1_26' title='bbox 967 240 1095 272; x_wconf 87' lang='lat' dir='ltr'>docens</span> <span class='ocrx_word' id='word_1_27' title='bbox 1112 237 1226 282; x_wconf 84' lang='lat' dir='ltr'>qualis</span> <span class='ocrx_word' id='word_1_28' title='bbox 1246 236 1303 277; x_wconf 89' lang='lat' dir='ltr'>sit,</span> <span class='ocrx_word' id='word_1_29' title='bbox 1358 236 1451 280; x_wconf 87' lang='lat' dir='ltr'>quit,</span> <span class='ocrx_word' id='word_1_30' title='bbox 1479 236 1521 268; x_wconf 87' lang='lat' dir='ltr'>de</span> <span class='ocrx_word' id='word_1_31' title='bbox 1548 235 1641 276; x_wconf 71' lang='lat' dir='ltr'>Deo,</span> <span class='ocrx_word' id='word_1_32' title='bbox 1669 243 1702 270; x_wconf 91' lang='lat' dir='ltr'>et</span> <span class='ocrx_word' id='word_1_33' title='bbox 1726 244 1879 270; x_wconf 85' lang='lat' dir='ltr'>caeterae</span> <span class='ocrx_word' id='word_1_34' title='bbox 1902 241 2070 280; x_wconf 80' lang='lat' dir='ltr'><strong>noticiae,</strong></span> <span class='ocrx_word' id='word_1_35' title='bbox 2097 253 2184 286; x_wconf 85' lang='lat' dir='ltr'>quae</span> <span class='ocrx_word' id='word_1_36' title='bbox 2208 252 2337 274; x_wconf 85' lang='lat' dir='ltr'>vocan-</span> 
     </span>
    </p>
   </div>
   <div class='ocr_carea' id='block_1_7' title="bbox 317 290 1305 2355">
    <p class='ocr_par' dir='ltr' id='par_1_7' title="bbox 319 290 1305 533">
     <span class='ocr_line' id='line_1_7' title="bbox 323 290 1301 340; baseline -0.008 -11"><span class='ocrx_word' id='word_1_37' title='bbox 323 299 483 331; x_wconf 55' lang='lat' dir='ltr'>xidelicet</span> <span class='ocrx_word' id='word_1_38' title='bbox 504 296 660 340; x_wconf 83' lang='lat' dir='ltr'>sapiens,</span> <span class='ocrx_word' id='word_1_39' title='bbox 688 295 820 333; x_wconf 88' lang='lat' dir='ltr'>bonus,</span> <span class='ocrx_word' id='word_1_40' title='bbox 854 302 978 331; x_wconf 78' lang='lat' dir='ltr'>verax,</span> <span class='ocrx_word' id='word_1_41' title='bbox 1011 290 1139 329; x_wconf 84' lang='lat' dir='ltr'>iustus,</span> <span class='ocrx_word' id='word_1_42' title='bbox 1171 295 1301 321; x_wconf 85' lang='lat' dir='ltr'>castus:</span> 
     </span>
     <span class='ocr_line' id='line_1_8' title="bbox 319 338 1302 382; baseline -0.011 -1"><span class='ocrx_word' id='word_1_43' title='bbox 319 360 433 382; x_wconf 53' lang='lat' dir='ltr'>tamen</span> <span class='ocrx_word' id='word_1_44' title='bbox 454 349 489 380; x_wconf 85' lang='lat' dir='ltr'>in</span> <span class='ocrx_word' id='word_1_45' title='bbox 508 347 673 381; x_wconf 84' lang='lat' dir='ltr'>cordibus</span> <span class='ocrx_word' id='word_1_46' title='bbox 695 344 772 377; x_wconf 83' lang='lat' dir='ltr'>talis</span> <span class='ocrx_word' id='word_1_47' title='bbox 791 349 839 375; x_wconf 90' lang='lat' dir='ltr'>est</span> <span class='ocrx_word' id='word_1_48' title='bbox 864 342 998 374; x_wconf 77' lang='lat' dir='ltr'>aversio</span> <span class='ocrx_word' id='word_1_49' title='bbox 1016 352 1034 373; x_wconf 91' lang='lat' dir='ltr'>a</span> <span class='ocrx_word' id='word_1_50' title='bbox 1054 338 1146 379; x_wconf 87' lang='lat' dir='ltr'>Deo,</span> <span class='ocrx_word' id='word_1_51' title='bbox 1173 344 1213 372; x_wconf 88' lang='lat' dir='ltr'>ut</span> <span class='ocrx_word' id='word_1_52' title='bbox 1231 350 1302 370; x_wconf 90' lang='lat' dir='ltr'>non</span> 
     </span>
     <span class='ocr_line' id='line_1_9' title="bbox 325 390 1304 435; baseline -0.012 -3"><span class='ocrx_word' id='word_1_53' title='bbox 325 413 404 432; x_wconf 70' lang='lat' dir='ltr'>wre</span> <span class='ocrx_word' id='word_1_54' title='bbox 430 399 594 435; x_wconf 77' lang='lat' dir='ltr'>timeant,</span> <span class='ocrx_word' id='word_1_55' title='bbox 624 408 695 429; x_wconf 93' lang='lat' dir='ltr'>non</span> <span class='ocrx_word' id='word_1_56' title='bbox 721 406 802 427; x_wconf 74' lang='lat' dir='ltr'>vere</span> <span class='ocrx_word' id='word_1_57' title='bbox 826 393 975 435; x_wconf 72' lang='lat' dir='ltr'>diligant</span> <span class='ocrx_word' id='word_1_58' title='bbox 993 390 1106 425; x_wconf 83' lang='lat' dir='ltr'>Deum</span> <span class='ocrx_word' id='word_1_59' title='bbox 1132 401 1203 422; x_wconf 91' lang='lat' dir='ltr'>non</span> <span class='ocrx_word' id='word_1_60' title='bbox 1226 401 1304 421; x_wconf 77' lang='lat' dir='ltr'>vere</span> 
     </span>
     <span class='ocr_line' id='line_1_10' title="bbox 322 442 1305 487; baseline -0.011 -5"><span class='ocrx_word' id='word_1_61' title='bbox 322 451 497 482; x_wconf 79' lang='lat' dir='ltr'>confidant</span> <span class='ocrx_word' id='word_1_62' title='bbox 522 448 570 487; x_wconf 83' lang='lat' dir='ltr'>ei,</span> <span class='ocrx_word' id='word_1_63' title='bbox 602 459 674 480; x_wconf 86' lang='lat' dir='ltr'>non</span> <span class='ocrx_word' id='word_1_64' title='bbox 701 458 780 478; x_wconf 63' lang='lat' dir='ltr'>vere</span> <span class='ocrx_word' id='word_1_65' title='bbox 803 445 981 476; x_wconf 65' lang='lat' dir='ltr'>invocent:</span> <span class='ocrx_word' id='word_1_66' title='bbox 1010 443 1080 474; x_wconf 83' lang='lat' dir='ltr'>imo</span> <span class='ocrx_word' id='word_1_67' title='bbox 1107 442 1305 485; x_wconf 79' lang='lat' dir='ltr'>plerunque</span> 
     </span>
     <span class='ocr_line' id='line_1_11' title="bbox 323 494 1250 533; baseline -0.009 -1"><span class='ocrx_word' id='word_1_68' title='bbox 323 501 516 533; x_wconf 56' lang='lat' dir='ltr'>muniti-stis</span> <span class='ocrx_word' id='word_1_69' title='bbox 534 498 711 532; x_wconf 80' lang='lat' dir='ltr'>furoribus</span> <span class='ocrx_word' id='word_1_70' title='bbox 728 494 821 528; x_wconf 82' lang='lat' dir='ltr'>hunc</span> <span class='ocrx_word' id='word_1_71' title='bbox 841 495 991 527; x_wconf 84' lang='lat' dir='ltr'>iudicem</span> <span class='ocrx_word' id='word_1_72' title='bbox 1011 498 1250 525; x_wconf 83' lang='lat' dir='ltr'>contemnant.</span> 
     </span>
    </p>

    <p class='ocr_par' dir='ltr' id='par_1_8' title="bbox 317 542 1304 1404">
     <span class='ocr_line' id='line_1_12' title="bbox 423 542 1304 591; baseline -0.011 -8"><span class='ocrx_word' id='word_1_73' title='bbox 423 550 518 583; x_wconf 82' lang='lat' dir='ltr'>llaec</span> <span class='ocrx_word' id='word_1_74' title='bbox 540 557 579 583; x_wconf 86' lang='lat' dir='ltr'>ut</span> <span class='ocrx_word' id='word_1_75' title='bbox 603 549 687 581; x_wconf 76' lang='lat' dir='ltr'>liant</span> <span class='ocrx_word' id='word_1_76' title='bbox 711 546 890 591; x_wconf 79' lang='lat' dir='ltr'>planiora,</span> <span class='ocrx_word' id='word_1_77' title='bbox 934 542 989 578; x_wconf 85' lang='lat' dir='ltr'>hic</span> <span class='ocrx_word' id='word_1_78' title='bbox 1013 542 1229 576; x_wconf 84' lang='lat' dir='ltr'>recordanda</span> <span class='ocrx_word' id='word_1_79' title='bbox 1255 548 1304 574; x_wconf 88' lang='lat' dir='ltr'>est</span> 
     </span>
     <span class='ocr_line' id='line_1_13' title="bbox 322 593 1303 645; baseline -0.013 -10"><span class='ocrx_word' id='word_1_80' title='bbox 322 602 464 645; x_wconf 52' lang='lat' dir='ltr'>put-tila*</span> <span class='ocrx_word' id='word_1_81' title='bbox 489 600 667 637; x_wconf 85' lang='lat' dir='ltr'>doctrina,</span> <span class='ocrx_word' id='word_1_82' title='bbox 703 610 790 641; x_wconf 82' lang='lat' dir='ltr'>quae</span> <span class='ocrx_word' id='word_1_83' title='bbox 817 595 983 629; x_wconf 77' lang='lat' dir='ltr'>discernit</span> <span class='ocrx_word' id='word_1_84' title='bbox 1007 593 1153 626; x_wconf 86' lang='lat' dir='ltr'>noticias</span> <span class='ocrx_word' id='word_1_85' title='bbox 1174 593 1217 624; x_wconf 88' lang='lat' dir='ltr'>ab</span> <span class='ocrx_word' id='word_1_86' title='bbox 1241 604 1303 634; x_wconf 85' lang='lat' dir='ltr'>ap-</span> 
     </span>
     <span class='ocr_line' id='line_1_14' title="bbox 323 643 1303 695; baseline -0.011 -12"><span class='ocrx_word' id='word_1_87' title='bbox 323 652 570 695; x_wconf 68' lang='lat' dir='ltr'>petitionibus,</span> <span class='ocrx_word' id='word_1_88' title='bbox 605 656 637 683; x_wconf 85' lang='lat' dir='ltr'>ct</span> <span class='ocrx_word' id='word_1_89' title='bbox 668 649 880 686; x_wconf 81' lang='lat' dir='ltr'>videndum,</span> <span class='ocrx_word' id='word_1_90' title='bbox 916 657 1003 690; x_wconf 83' lang='lat' dir='ltr'>quae</span> <span class='ocrx_word' id='word_1_91' title='bbox 1030 643 1205 687; x_wconf 80' lang='lat' dir='ltr'>potentiae</span> <span class='ocrx_word' id='word_1_92' title='bbox 1234 643 1303 674; x_wconf 88' lang='lat' dir='ltr'>sint</span> 
     </span>
     <span class='ocr_line' id='line_1_15' title="bbox 322 693 1303 739; baseline -0.012 -4"><span class='ocrx_word' id='word_1_93' title='bbox 322 703 499 735; x_wconf 77' lang='lat' dir='ltr'>domicilia</span> <span class='ocrx_word' id='word_1_94' title='bbox 526 700 695 739; x_wconf 77' lang='lat' dir='ltr'>noticiae,</span> <span class='ocrx_word' id='word_1_95' title='bbox 738 698 832 732; x_wconf 90' lang='lat' dir='ltr'>unde</span> <span class='ocrx_word' id='word_1_96' title='bbox 858 697 928 729; x_wconf 86' lang='lat' dir='ltr'>sint</span> <span class='ocrx_word' id='word_1_97' title='bbox 964 693 1028 727; x_wconf 83' lang='lat' dir='ltr'>hae</span> <span class='ocrx_word' id='word_1_98' title='bbox 1064 694 1235 731; x_wconf 78' lang='lat' dir='ltr'>noticiae,</span> <span class='ocrx_word' id='word_1_99' title='bbox 1271 700 1303 725; x_wconf 90' lang='lat' dir='ltr'>et</span> 
     </span>
     <span class='ocr_line' id='line_1_16' title="bbox 324 743 1303 798; baseline -0.013 -12"><span class='ocrx_word' id='word_1_100' title='bbox 324 754 462 798; x_wconf 72' lang='lat' dir='ltr'>quales:</span> <span class='ocrx_word' id='word_1_101' title='bbox 505 761 534 785; x_wconf 86' lang='lat' dir='ltr'>et</span> <span class='ocrx_word' id='word_1_102' title='bbox 562 765 623 784; x_wconf 81' lang='lat' dir='ltr'>cur</span> <span class='ocrx_word' id='word_1_103' title='bbox 651 751 686 782; x_wconf 91' lang='lat' dir='ltr'>in</span> <span class='ocrx_word' id='word_1_104' title='bbox 713 756 836 782; x_wconf 83' lang='lat' dir='ltr'>natura</span> <span class='ocrx_word' id='word_1_105' title='bbox 861 745 1013 779; x_wconf 87' lang='lat' dir='ltr'>hnmana</span> <span class='ocrx_word' id='word_1_106' title='bbox 1039 744 1193 788; x_wconf 86' lang='lat' dir='ltr'>reliquae</span> <span class='ocrx_word' id='word_1_107' title='bbox 1219 743 1303 783; x_wconf 68' lang='lat' dir='ltr'>sint,</span> 
     </span>
     <span class='ocr_line' id='line_1_17' title="bbox 322 793 1302 838; baseline -0.012 -1"><span class='ocrx_word' id='word_1_108' title='bbox 322 805 381 837; x_wconf 81' lang='lat' dir='ltr'>ubi</span> <span class='ocrx_word' id='word_1_109' title='bbox 401 806 441 836; x_wconf 80' lang='lat' dir='ltr'>sit</span> <span class='ocrx_word' id='word_1_110' title='bbox 457 801 672 836; x_wconf 82' lang='lat' dir='ltr'>contumacia</span> <span class='ocrx_word' id='word_1_111' title='bbox 691 806 846 832; x_wconf 89' lang='lat' dir='ltr'>naturae.</span> <span class='ocrx_word' id='word_1_112' title='bbox 876 796 996 830; x_wconf 77' lang='lat' dir='ltr'>Sciant</span> <span class='ocrx_word' id='word_1_113' title='bbox 1013 795 1119 838; x_wconf 83' lang='lat' dir='ltr'>igitur</span> <span class='ocrx_word' id='word_1_114' title='bbox 1135 793 1302 832; x_wconf 89' lang='lat' dir='ltr'>iuniores,</span> 
     </span>
     <span class='ocr_line' id='line_1_18' title="bbox 324 845 1302 897; baseline -0.012 -9"><span class='ocrx_word' id='word_1_115' title='bbox 324 856 423 897; x_wconf 71' lang='lat' dir='ltr'>Legis</span> <span class='ocrx_word' id='word_1_116' title='bbox 449 853 612 886; x_wconf 72' lang='lat' dir='ltr'>noticiam</span> <span class='ocrx_word' id='word_1_117' title='bbox 643 850 814 883; x_wconf 65' lang='lat' dir='ltr'>divinitus</span> <span class='ocrx_word' id='word_1_118' title='bbox 846 848 986 881; x_wconf 85' lang='lat' dir='ltr'>insitam</span> <span class='ocrx_word' id='word_1_119' title='bbox 1021 857 1092 878; x_wconf 87' lang='lat' dir='ltr'>esse</span> <span class='ocrx_word' id='word_1_120' title='bbox 1125 845 1302 877; x_wconf 88' lang='lat' dir='ltr'>mentibus</span> 
     </span>
     <span class='ocr_line' id='line_1_19' title="bbox 322 895 1300 940; baseline -0.012 -2"><span class='ocrx_word' id='word_1_121' title='bbox 322 905 484 938; x_wconf 82' lang='lat' dir='ltr'>immanis</span> <span class='ocrx_word' id='word_1_122' title='bbox 510 905 545 935; x_wconf 91' lang='lat' dir='ltr'>in</span> <span class='ocrx_word' id='word_1_123' title='bbox 570 901 766 940; x_wconf 79' lang='lat' dir='ltr'>creatione,</span> <span class='ocrx_word' id='word_1_124' title='bbox 809 900 896 932; x_wconf 90' lang='lat' dir='ltr'>sicut</span> <span class='ocrx_word' id='word_1_125' title='bbox 921 908 1148 931; x_wconf 87' lang='lat' dir='ltr'>numerorum</span> <span class='ocrx_word' id='word_1_126' title='bbox 1173 895 1300 927; x_wconf 81' lang='lat' dir='ltr'>noticia</span> 
     </span>
     <span class='ocr_line' id='line_1_20' title="bbox 320 951 1299 996; baseline -0.011 -8"><span class='ocrx_word' id='word_1_127' title='bbox 320 956 421 989; x_wconf 74' lang='lat' dir='ltr'>nol-is</span> <span class='ocrx_word' id='word_1_128' title='bbox 439 955 538 987; x_wconf 81' lang='lat' dir='ltr'>insita</span> <span class='ocrx_word' id='word_1_129' title='bbox 557 961 624 993; x_wconf 83' lang='lat' dir='ltr'>est,</span> <span class='ocrx_word' id='word_1_130' title='bbox 652 958 771 996; x_wconf 88' lang='lat' dir='ltr'>estque</span> <span class='ocrx_word' id='word_1_131' title='bbox 786 951 822 983; x_wconf 92' lang='lat' dir='ltr'>in</span> <span class='ocrx_word' id='word_1_132' title='bbox 839 956 935 993; x_wconf 87' lang='lat' dir='ltr'>parte</span> <span class='ocrx_word' id='word_1_133' title='bbox 953 953 1199 990; x_wconf 73' lang='lat' dir='ltr'>cognoscente,</span> <span class='ocrx_word' id='word_1_134' title='bbox 1222 958 1299 978; x_wconf 89' lang='lat' dir='ltr'>cnm</span> 
     </span>
     <span class='ocr_line' id='line_1_21' title="bbox 319 996 1300 1051; baseline -0.011 -13"><span class='ocrx_word' id='word_1_135' title='bbox 319 1019 386 1051; x_wconf 78' lang='lat' dir='ltr'>qna</span> <span class='ocrx_word' id='word_1_136' title='bbox 406 1013 485 1037; x_wconf 79' lang='lat' dir='ltr'>ante</span> <span class='ocrx_word' id='word_1_137' title='bbox 504 1005 636 1047; x_wconf 80' lang='lat' dir='ltr'>lapsum</span> <span class='ocrx_word' id='word_1_138' title='bbox 656 1002 870 1044; x_wconf 83' lang='lat' dir='ltr'>congruebat</span> <span class='ocrx_word' id='word_1_139' title='bbox 883 999 1053 1032; x_wconf 73' lang='lat' dir='ltr'>Voluntas</span> <span class='ocrx_word' id='word_1_140' title='bbox 1073 1004 1105 1031; x_wconf 89' lang='lat' dir='ltr'>et</span> <span class='ocrx_word' id='word_1_141' title='bbox 1122 996 1202 1031; x_wconf 85' lang='lat' dir='ltr'>Cor.</span> <span class='ocrx_word' id='word_1_142' title='bbox 1230 996 1300 1030; x_wconf 88' lang='lat' dir='ltr'>Sed</span> 
     </span>
     <span class='ocr_line' id='line_1_22' title="bbox 321 1048 1300 1095; baseline -0.011 -5"><span class='ocrx_word' id='word_1_143' title='bbox 321 1056 404 1090; x_wconf 74' lang='lat' dir='ltr'>llaec</span> <span class='ocrx_word' id='word_1_144' title='bbox 422 1054 605 1088; x_wconf 76' lang='lat' dir='ltr'>harmonia</span> <span class='ocrx_word' id='word_1_145' title='bbox 625 1054 660 1085; x_wconf 93' lang='lat' dir='ltr'>in</span> <span class='ocrx_word' id='word_1_146' title='bbox 680 1053 778 1095; x_wconf 84' lang='lat' dir='ltr'>lapsu</span> <span class='ocrx_word' id='word_1_147' title='bbox 806 1052 945 1084; x_wconf 86' lang='lat' dir='ltr'>turbata</span> <span class='ocrx_word' id='word_1_148' title='bbox 970 1056 1039 1087; x_wconf 86' lang='lat' dir='ltr'>est,</span> <span class='ocrx_word' id='word_1_149' title='bbox 1064 1059 1128 1080; x_wconf 84' lang='lat' dir='ltr'>nec</span> <span class='ocrx_word' id='word_1_150' title='bbox 1148 1048 1218 1081; x_wconf 87' lang='lat' dir='ltr'>iam</span> <span class='ocrx_word' id='word_1_151' title='bbox 1244 1059 1300 1080; x_wconf 89' lang='lat' dir='ltr'>ar-</span> 
     </span>
     <span class='ocr_line' id='line_1_23' title="bbox 318 1096 1300 1140; baseline -0.01 0"><span class='ocrx_word' id='word_1_152' title='bbox 318 1111 401 1140; x_wconf 81' lang='lat' dir='ltr'>dent</span> <span class='ocrx_word' id='word_1_153' title='bbox 422 1106 593 1139; x_wconf 56' lang='lat' dir='ltr'>Voluntas</span> <span class='ocrx_word' id='word_1_154' title='bbox 616 1112 646 1137; x_wconf 85' lang='lat' dir='ltr'>et</span> <span class='ocrx_word' id='word_1_155' title='bbox 674 1104 745 1136; x_wconf 83' lang='lat' dir='ltr'>Cor</span> <span class='ocrx_word' id='word_1_156' title='bbox 771 1102 959 1135; x_wconf 84' lang='lat' dir='ltr'>dilectione</span> <span class='ocrx_word' id='word_1_157' title='bbox 978 1098 1053 1134; x_wconf 87' lang='lat' dir='ltr'>Dei.</span> <span class='ocrx_word' id='word_1_158' title='bbox 1106 1096 1153 1131; x_wconf 85' lang='lat' dir='ltr'>Et</span> <span class='ocrx_word' id='word_1_159' title='bbox 1181 1105 1300 1132; x_wconf 85' lang='lat' dir='ltr'>tamen</span> 
     </span>
     <span class='ocr_line' id='line_1_24' title="bbox 319 1149 1299 1199; baseline -0.009 -9"><span class='ocrx_word' id='word_1_160' title='bbox 319 1159 426 1190; x_wconf 68' lang='lat' dir='ltr'>xolnit</span> <span class='ocrx_word' id='word_1_161' title='bbox 451 1157 542 1189; x_wconf 82' lang='lat' dir='ltr'>Dens</span> <span class='ocrx_word' id='word_1_162' title='bbox 567 1155 738 1199; x_wconf 75' lang='lat' dir='ltr'>reliquam</span> <span class='ocrx_word' id='word_1_163' title='bbox 769 1165 840 1185; x_wconf 82' lang='lat' dir='ltr'>esse</span> <span class='ocrx_word' id='word_1_164' title='bbox 863 1151 1051 1190; x_wconf 75' lang='lat' dir='ltr'>noticiam,</span> <span class='ocrx_word' id='word_1_165' title='bbox 1086 1156 1124 1182; x_wconf 91' lang='lat' dir='ltr'>ut</span> <span class='ocrx_word' id='word_1_166' title='bbox 1150 1155 1238 1183; x_wconf 89' lang='lat' dir='ltr'>extet</span> <span class='ocrx_word' id='word_1_167' title='bbox 1262 1149 1299 1181; x_wconf 89' lang='lat' dir='ltr'>in</span> 
     </span>
     <span class='ocr_line' id='line_1_25' title="bbox 321 1205 1300 1244; baseline -0.009 -3"><span class='ocrx_word' id='word_1_168' title='bbox 321 1217 444 1242; x_wconf 67' lang='lat' dir='ltr'>mini-a</span> <span class='ocrx_word' id='word_1_169' title='bbox 470 1206 707 1240; x_wconf 70' lang='lat' dir='ltr'>testinnonium</span> <span class='ocrx_word' id='word_1_170' title='bbox 732 1205 774 1237; x_wconf 92' lang='lat' dir='ltr'>de</span> <span class='ocrx_word' id='word_1_171' title='bbox 799 1205 894 1244; x_wconf 88' lang='lat' dir='ltr'>Deo,</span> <span class='ocrx_word' id='word_1_172' title='bbox 930 1209 964 1235; x_wconf 85' lang='lat' dir='ltr'>et</span> <span class='ocrx_word' id='word_1_173' title='bbox 997 1208 1036 1234; x_wconf 85' lang='lat' dir='ltr'>ut</span> <span class='ocrx_word' id='word_1_174' title='bbox 1070 1211 1300 1242; x_wconf 83' lang='lat' dir='ltr'>agnoscamus</span> 
     </span>
     <span class='ocr_line' id='line_1_26' title="bbox 319 1250 1299 1304; baseline -0.008 -12"><span class='ocrx_word' id='word_1_175' title='bbox 319 1267 516 1304; x_wconf 78' lang='lat' dir='ltr'>peccatum,</span> <span class='ocrx_word' id='word_1_176' title='bbox 547 1264 580 1290; x_wconf 85' lang='lat' dir='ltr'>et</span> <span class='ocrx_word' id='word_1_177' title='bbox 603 1262 640 1289; x_wconf 87' lang='lat' dir='ltr'>nt</span> <span class='ocrx_word' id='word_1_178' title='bbox 664 1256 853 1296; x_wconf 78' lang='lat' dir='ltr'>fateamur,</span> <span class='ocrx_word' id='word_1_179' title='bbox 891 1265 954 1286; x_wconf 88' lang='lat' dir='ltr'>nos</span> <span class='ocrx_word' id='word_1_180' title='bbox 977 1252 1066 1284; x_wconf 82' lang='lat' dir='ltr'>iuste</span> <span class='ocrx_word' id='word_1_181' title='bbox 1090 1262 1108 1283; x_wconf 89' lang='lat' dir='ltr'>a</span> <span class='ocrx_word' id='word_1_182' title='bbox 1134 1250 1208 1283; x_wconf 90' lang='lat' dir='ltr'>Deo</span> <span class='ocrx_word' id='word_1_183' title='bbox 1235 1263 1299 1293; x_wconf 92' lang='lat' dir='ltr'>pu-</span> 
     </span>
     <span class='ocr_line' id='line_1_27' title="bbox 319 1301 1301 1344; baseline -0.011 -1"><span class='ocrx_word' id='word_1_184' title='bbox 319 1311 401 1344; x_wconf 87' lang='lat' dir='ltr'>niri.</span> <span class='ocrx_word' id='word_1_185' title='bbox 468 1308 648 1341; x_wconf 89' lang='lat' dir='ltr'>Postremo</span> <span class='ocrx_word' id='word_1_186' title='bbox 682 1306 785 1339; x_wconf 84' lang='lat' dir='ltr'>etiam</span> <span class='ocrx_word' id='word_1_187' title='bbox 804 1330 813 1343; x_wconf 93' lang='lat'>,</span> <span class='ocrx_word' id='word_1_188' title='bbox 853 1311 891 1338; x_wconf 90' lang='lat' dir='ltr'>ut</span> <span class='ocrx_word' id='word_1_189' title='bbox 919 1302 983 1336; x_wconf 86' lang='lat' dir='ltr'>hac</span> <span class='ocrx_word' id='word_1_190' title='bbox 1008 1301 1136 1334; x_wconf 82' lang='lat' dir='ltr'>noticia</span> <span class='ocrx_word' id='word_1_191' title='bbox 1161 1308 1301 1344; x_wconf 85' lang='lat' dir='ltr'>regatur</span> 
     </span>
     <span class='ocr_line' id='line_1_28' title="bbox 317 1360 514 1404; baseline -0.02 -9"><span class='ocrx_word' id='word_1_192' title='bbox 317 1360 514 1404; x_wconf 79' lang='lat' dir='ltr'>disciplina.</span> 
     </span>
    </p>

    <p class='ocr_par' dir='ltr' id='par_1_9' title="bbox 317 1401 1301 1808">
     <span class='ocr_line' id='line_1_29' title="bbox 419 1401 1301 1453; baseline -0.011 -9"><span class='ocrx_word' id='word_1_193' title='bbox 419 1409 600 1453; x_wconf 82' lang='lat' dir='ltr'>Cogitetur</span> <span class='ocrx_word' id='word_1_194' title='bbox 617 1408 738 1444; x_wconf 85' lang='lat' dir='ltr'>etiam,</span> <span class='ocrx_word' id='word_1_195' title='bbox 765 1417 868 1450; x_wconf 87' lang='lat' dir='ltr'>quam</span> <span class='ocrx_word' id='word_1_196' title='bbox 893 1403 1075 1437; x_wconf 79' lang='lat' dir='ltr'>horribilis</span> <span class='ocrx_word' id='word_1_197' title='bbox 1095 1401 1232 1434; x_wconf 86' lang='lat' dir='ltr'>miseria</span> <span class='ocrx_word' id='word_1_198' title='bbox 1258 1401 1301 1434; x_wconf 85' lang='lat' dir='ltr'>sit</span> 
     </span>
     <span class='ocr_line' id='line_1_30' title="bbox 319 1452 1300 1498; baseline -0.012 -3"><span class='ocrx_word' id='word_1_199' title='bbox 319 1470 463 1496; x_wconf 83' lang='lat' dir='ltr'>naturae</span> <span class='ocrx_word' id='word_1_200' title='bbox 482 1459 670 1492; x_wconf 75' lang='lat' dir='ltr'>humanae:</span> <span class='ocrx_word' id='word_1_201' title='bbox 701 1457 784 1491; x_wconf 82' lang='lat' dir='ltr'>haec</span> <span class='ocrx_word' id='word_1_202' title='bbox 807 1456 960 1489; x_wconf 84' lang='lat' dir='ltr'>turbatio</span> <span class='ocrx_word' id='word_1_203' title='bbox 988 1452 1187 1498; x_wconf 89' lang='lat' dir='ltr'>pulcerrimi</span> <span class='ocrx_word' id='word_1_204' title='bbox 1204 1452 1300 1484; x_wconf 90' lang='lat' dir='ltr'>ordi-</span> 
     </span>
     <span class='ocr_line' id='line_1_31' title="bbox 319 1504 1299 1552; baseline -0.011 -7"><span class='ocrx_word' id='word_1_205' title='bbox 319 1514 373 1546; x_wconf 89' lang='lat' dir='ltr'>nis</span> <span class='ocrx_word' id='word_1_206' title='bbox 385 1539 394 1552; x_wconf 89' lang='lat'><em>‚</em></span> <span class='ocrx_word' id='word_1_207' title='bbox 421 1511 582 1544; x_wconf 78' lang='lat' dir='ltr'>cumiani</span> <span class='ocrx_word' id='word_1_208' title='bbox 599 1509 762 1541; x_wconf 82' lang='lat' dir='ltr'>voluntas</span> <span class='ocrx_word' id='word_1_209' title='bbox 780 1514 811 1539; x_wconf 88' lang='lat' dir='ltr'>et</span> <span class='ocrx_word' id='word_1_210' title='bbox 829 1518 889 1539; x_wconf 89' lang='lat' dir='ltr'>cor</span> <span class='ocrx_word' id='word_1_211' title='bbox 907 1506 1049 1548; x_wconf 82' lang='lat' dir='ltr'>expulso</span> <span class='ocrx_word' id='word_1_212' title='bbox 1065 1504 1139 1537; x_wconf 88' lang='lat' dir='ltr'>Deo</span> <span class='ocrx_word' id='word_1_213' title='bbox 1156 1509 1299 1542; x_wconf 82' lang='lat' dir='ltr'>rectore,</span> 
     </span>
     <span class='ocr_line' id='line_1_32' title="bbox 320 1555 1300 1596; baseline -0.012 0"><span class='ocrx_word' id='word_1_214' title='bbox 320 1567 552 1596; x_wconf 85' lang='lat' dir='ltr'>contemnunt</span> <span class='ocrx_word' id='word_1_215' title='bbox 567 1560 804 1595; x_wconf 82' lang='lat' dir='ltr'>conditorem,</span> <span class='ocrx_word' id='word_1_216' title='bbox 833 1563 866 1589; x_wconf 89' lang='lat' dir='ltr'>et</span> <span class='ocrx_word' id='word_1_217' title='bbox 885 1563 923 1589; x_wconf 91' lang='lat' dir='ltr'>ut</span> <span class='ocrx_word' id='word_1_218' title='bbox 941 1556 1030 1588; x_wconf 81' lang='lat' dir='ltr'>insra</span> <span class='ocrx_word' id='word_1_219' title='bbox 1047 1555 1194 1593; x_wconf 87' lang='lat' dir='ltr'>dicitur,</span> <span class='ocrx_word' id='word_1_220' title='bbox 1223 1565 1300 1585; x_wconf 89' lang='lat' dir='ltr'>cnm</span> 
     </span>
     <span class='ocr_line' id='line_1_33' title="bbox 324 1604 1301 1647; baseline -0.012 -1"><span class='ocrx_word' id='word_1_221' title='bbox 324 1616 394 1647; x_wconf 70' lang='lat' dir='ltr'>iam</span> <span class='ocrx_word' id='word_1_222' title='bbox 419 1623 539 1645; x_wconf 89' lang='lat' dir='ltr'>sensns</span> <span class='ocrx_word' id='word_1_223' title='bbox 564 1611 677 1643; x_wconf 88' lang='lat' dir='ltr'>carnis</span> <span class='ocrx_word' id='word_1_224' title='bbox 703 1607 888 1641; x_wconf 82' lang='lat' dir='ltr'>inimicitia</span> <span class='ocrx_word' id='word_1_225' title='bbox 919 1607 963 1640; x_wconf 85' lang='lat' dir='ltr'>sit</span> <span class='ocrx_word' id='word_1_226' title='bbox 985 1607 1151 1639; x_wconf 72' lang='lat' dir='ltr'>adversus</span> <span class='ocrx_word' id='word_1_227' title='bbox 1175 1604 1301 1635; x_wconf 88' lang='lat' dir='ltr'>Deum.</span> 
     </span>
     <span class='ocr_line' id='line_1_34' title="bbox 321 1654 1300 1707; baseline -0.014 -9"><span class='ocrx_word' id='word_1_228' title='bbox 321 1665 393 1698; x_wconf 60' lang='lat' dir='ltr'>Nec</span> <span class='ocrx_word' id='word_1_229' title='bbox 411 1670 523 1707; x_wconf 90' lang='lat' dir='ltr'>potest</span> <span class='ocrx_word' id='word_1_230' title='bbox 541 1661 754 1694; x_wconf 81' lang='lat' dir='ltr'>tristioribus</span> <span class='ocrx_word' id='word_1_231' title='bbox 773 1665 832 1692; x_wconf 81' lang='lat' dir='ltr'>aut</span> <span class='ocrx_word' id='word_1_232' title='bbox 850 1657 1081 1690; x_wconf 82' lang='lat' dir='ltr'>atrocioribus</span> <span class='ocrx_word' id='word_1_233' title='bbox 1097 1654 1211 1686; x_wconf 77' lang='lat' dir='ltr'>verbis</span> <span class='ocrx_word' id='word_1_234' title='bbox 1227 1665 1300 1685; x_wconf 88' lang='lat' dir='ltr'>ma-</span> 
     </span>
     <span class='ocr_line' id='line_1_35' title="bbox 318 1705 1300 1757; baseline -0.013 -9"><span class='ocrx_word' id='word_1_235' title='bbox 318 1715 466 1757; x_wconf 79' lang='lat' dir='ltr'>gnitudo</span> <span class='ocrx_word' id='word_1_236' title='bbox 494 1712 623 1757; x_wconf 89' lang='lat' dir='ltr'>peccati</span> <span class='ocrx_word' id='word_1_237' title='bbox 650 1712 686 1743; x_wconf 90' lang='lat' dir='ltr'>in</span> <span class='ocrx_word' id='word_1_238' title='bbox 715 1716 841 1743; x_wconf 85' lang='lat' dir='ltr'>natura</span> <span class='ocrx_word' id='word_1_239' title='bbox 861 1706 1016 1741; x_wconf 89' lang='lat' dir='ltr'>hominis</span> <span class='ocrx_word' id='word_1_240' title='bbox 1033 1705 1205 1745; x_wconf 88' lang='lat' dir='ltr'>describi,</span> <span class='ocrx_word' id='word_1_241' title='bbox 1232 1705 1300 1736; x_wconf 87' lang='lat' dir='ltr'>iam</span> 
     </span>
     <span class='ocr_line' id='line_1_36' title="bbox 317 1762 766 1808; baseline -0.013 -9"><span class='ocrx_word' id='word_1_242' title='bbox 317 1765 382 1799; x_wconf 88' lang='lat' dir='ltr'>hoc</span> <span class='ocrx_word' id='word_1_243' title='bbox 401 1766 475 1808; x_wconf 88' lang='lat' dir='ltr'>ipso</span> <span class='ocrx_word' id='word_1_244' title='bbox 493 1762 642 1796; x_wconf 87' lang='lat' dir='ltr'>Paulino</span> <span class='ocrx_word' id='word_1_245' title='bbox 659 1762 766 1794; x_wconf 86' lang='lat' dir='ltr'>dicto.</span> 
     </span>
    </p>

    <p class='ocr_par' dir='ltr' id='par_1_10' title="bbox 320 1804 1302 2355">
     <span class='ocr_line' id='line_1_37' title="bbox 420 1804 1301 1847; baseline -0.012 0"><span class='ocrx_word' id='word_1_246' title='bbox 420 1814 487 1847; x_wconf 81' lang='lat' dir='ltr'>Hic</span> <span class='ocrx_word' id='word_1_247' title='bbox 503 1814 605 1847; x_wconf 87' lang='lat' dir='ltr'>etiam</span> <span class='ocrx_word' id='word_1_248' title='bbox 623 1811 840 1845; x_wconf 86' lang='lat' dir='ltr'>recordanda</span> <span class='ocrx_word' id='word_1_249' title='bbox 865 1816 915 1842; x_wconf 91' lang='lat' dir='ltr'>est</span> <span class='ocrx_word' id='word_1_250' title='bbox 935 1807 1094 1841; x_wconf 87' lang='lat' dir='ltr'>doctrina</span> <span class='ocrx_word' id='word_1_251' title='bbox 1111 1804 1301 1844; x_wconf 78' lang='lat' dir='ltr'>Ecclesiae,</span> 
     </span>
     <span class='ocr_line' id='line_1_38' title="bbox 320 1854 1301 1912; baseline -0.013 -12"><span class='ocrx_word' id='word_1_252' title='bbox 320 1878 407 1912; x_wconf 85' lang='lat' dir='ltr'>quae</span> <span class='ocrx_word' id='word_1_253' title='bbox 432 1864 620 1903; x_wconf 85' lang='lat' dir='ltr'>discernit,</span> <span class='ocrx_word' id='word_1_254' title='bbox 647 1862 760 1907; x_wconf 86' lang='lat' dir='ltr'>qualis</span> <span class='ocrx_word' id='word_1_255' title='bbox 784 1861 928 1894; x_wconf 87' lang='lat' dir='ltr'>libertas</span> <span class='ocrx_word' id='word_1_256' title='bbox 956 1857 1148 1891; x_wconf 87' lang='lat' dir='ltr'>voluntatis</span> <span class='ocrx_word' id='word_1_257' title='bbox 1172 1857 1209 1888; x_wconf 89' lang='lat' dir='ltr'>in</span> <span class='ocrx_word' id='word_1_258' title='bbox 1237 1854 1301 1888; x_wconf 87' lang='lat' dir='ltr'>ho-</span> 
     </span>
     <span class='ocr_line' id='line_1_39' title="bbox 321 1906 1302 1959; baseline -0.014 -8"><span class='ocrx_word' id='word_1_259' title='bbox 321 1918 415 1951; x_wconf 87' lang='lat' dir='ltr'>mine</span> <span class='ocrx_word' id='word_1_260' title='bbox 432 1916 566 1959; x_wconf 77' lang='lat' dir='ltr'>reliqua</span> <span class='ocrx_word' id='word_1_261' title='bbox 583 1914 643 1953; x_wconf 86' lang='lat' dir='ltr'>sit,</span> <span class='ocrx_word' id='word_1_262' title='bbox 672 1912 785 1957; x_wconf 87' lang='lat' dir='ltr'>qualis</span> <span class='ocrx_word' id='word_1_263' title='bbox 808 1911 931 1945; x_wconf 87' lang='lat' dir='ltr'>amissa</span> <span class='ocrx_word' id='word_1_264' title='bbox 955 1910 1010 1943; x_wconf 90' lang='lat' dir='ltr'>sit.</span> <span class='ocrx_word' id='word_1_265' title='bbox 1063 1907 1110 1942; x_wconf 88' lang='lat' dir='ltr'>Ut</span> <span class='ocrx_word' id='word_1_266' title='bbox 1134 1908 1227 1940; x_wconf 90' lang='lat' dir='ltr'>enim</span> <span class='ocrx_word' id='word_1_267' title='bbox 1247 1906 1302 1938; x_wconf 83' lang='lat' dir='ltr'>di-</span> 
     </span>
     <span class='ocr_line' id='line_1_40' title="bbox 323 1957 1301 2011; baseline -0.011 -10"><span class='ocrx_word' id='word_1_268' title='bbox 323 1968 469 2011; x_wconf 76' lang='lat' dir='ltr'>sciplina</span> <span class='ocrx_word' id='word_1_269' title='bbox 486 1966 557 2007; x_wconf 73' lang='lat' dir='ltr'>regi</span> <span class='ocrx_word' id='word_1_270' title='bbox 577 1964 703 2008; x_wconf 83' lang='lat' dir='ltr'>possit,</span> <span class='ocrx_word' id='word_1_271' title='bbox 730 1961 823 1995; x_wconf 86' lang='lat' dir='ltr'>Dens</span> <span class='ocrx_word' id='word_1_272' title='bbox 849 1959 940 1994; x_wconf 84' lang='lat' dir='ltr'>hanc</span> <span class='ocrx_word' id='word_1_273' title='bbox 966 1960 1164 1993; x_wconf 86' lang='lat' dir='ltr'>libertatem</span> <span class='ocrx_word' id='word_1_274' title='bbox 1189 1957 1301 1990; x_wconf 76' lang='lat' dir='ltr'>voluit</span> 
     </span>
     <span class='ocr_line' id='line_1_41' title="bbox 320 2008 1300 2062; baseline -0.012 -11"><span class='ocrx_word' id='word_1_275' title='bbox 320 2020 488 2062; x_wconf 84' lang='lat' dir='ltr'>reliquam</span> <span class='ocrx_word' id='word_1_276' title='bbox 508 2028 602 2055; x_wconf 89' lang='lat' dir='ltr'>esse,</span> <span class='ocrx_word' id='word_1_277' title='bbox 629 2022 667 2047; x_wconf 91' lang='lat' dir='ltr'>ut</span> <span class='ocrx_word' id='word_1_278' title='bbox 684 2013 893 2046; x_wconf 84' lang='lat' dir='ltr'>locomotiva</span> <span class='ocrx_word' id='word_1_279' title='bbox 918 2012 1134 2053; x_wconf 85' lang='lat' dir='ltr'>obtemperet</span> <span class='ocrx_word' id='word_1_280' title='bbox 1154 2008 1300 2051; x_wconf 89' lang='lat' dir='ltr'>imperio</span> 
     </span>
     <span class='ocr_line' id='line_1_42' title="bbox 321 2058 1299 2102; baseline -0.013 0"><span class='ocrx_word' id='word_1_281' title='bbox 321 2067 523 2102; x_wconf 74' lang='lat' dir='ltr'>voluntatis.</span> <span class='ocrx_word' id='word_1_282' title='bbox 599 2065 667 2099; x_wconf 85' lang='lat' dir='ltr'>Sed</span> <span class='ocrx_word' id='word_1_283' title='bbox 698 2064 850 2096; x_wconf 85' lang='lat' dir='ltr'>actiones</span> <span class='ocrx_word' id='word_1_284' title='bbox 886 2063 998 2094; x_wconf 90' lang='lat' dir='ltr'>bonae</span> <span class='ocrx_word' id='word_1_285' title='bbox 1025 2072 1103 2102; x_wconf 82' lang='lat' dir='ltr'>erga</span> <span class='ocrx_word' id='word_1_286' title='bbox 1127 2059 1239 2092; x_wconf 84' lang='lat' dir='ltr'>Deum</span> <span class='ocrx_word' id='word_1_287' title='bbox 1265 2058 1299 2089; x_wconf 92' lang='lat' dir='ltr'>in</span> 
     </span>
     <span class='ocr_line' id='line_1_43' title="bbox 323 2108 1302 2159; baseline -0.013 -6"><span class='ocrx_word' id='word_1_288' title='bbox 323 2120 448 2159; x_wconf 88' lang='lat' dir='ltr'>corde,</span> <span class='ocrx_word' id='word_1_289' title='bbox 476 2130 547 2150; x_wconf 90' lang='lat' dir='ltr'>non</span> <span class='ocrx_word' id='word_1_290' title='bbox 574 2116 662 2148; x_wconf 85' lang='lat' dir='ltr'>fiunt</span> <span class='ocrx_word' id='word_1_291' title='bbox 686 2115 760 2146; x_wconf 89' lang='lat' dir='ltr'>sine</span> <span class='ocrx_word' id='word_1_292' title='bbox 785 2113 1014 2147; x_wconf 79' lang='lat' dir='ltr'>conversione</span> <span class='ocrx_word' id='word_1_293' title='bbox 1040 2112 1080 2143; x_wconf 91' lang='lat' dir='ltr'>ad</span> <span class='ocrx_word' id='word_1_294' title='bbox 1098 2110 1208 2142; x_wconf 78' lang='lat' dir='ltr'>filium</span> <span class='ocrx_word' id='word_1_295' title='bbox 1227 2108 1302 2147; x_wconf 79' lang='lat' dir='ltr'>Dei,</span> 
     </span>
     <span class='ocr_line' id='line_1_44' title="bbox 320 2159 1301 2208; baseline -0.012 -6"><span class='ocrx_word' id='word_1_296' title='bbox 320 2179 352 2204; x_wconf 81' lang='lat' dir='ltr'>et</span> <span class='ocrx_word' id='word_1_297' title='bbox 387 2170 461 2203; x_wconf 89' lang='lat' dir='ltr'>sine</span> <span class='ocrx_word' id='word_1_298' title='bbox 490 2167 620 2200; x_wconf 83' lang='lat' dir='ltr'>anxilio</span> <span class='ocrx_word' id='word_1_299' title='bbox 645 2165 798 2208; x_wconf 81' lang='lat' dir='ltr'>Spiritus</span> <span class='ocrx_word' id='word_1_300' title='bbox 823 2164 944 2197; x_wconf 85' lang='lat' dir='ltr'>sancti.</span> <span class='ocrx_word' id='word_1_301' title='bbox 1021 2160 1116 2193; x_wconf 89' lang='lat' dir='ltr'>Haec</span> <span class='ocrx_word' id='word_1_302' title='bbox 1143 2159 1301 2192; x_wconf 86' lang='lat' dir='ltr'>doctrina</span> 
     </span>
     <span class='ocr_line' id='line_1_45' title="bbox 321 2208 1301 2262; baseline -0.013 -8"><span class='ocrx_word' id='word_1_303' title='bbox 321 2221 406 2254; x_wconf 82' lang='lat' dir='ltr'>alibi</span> <span class='ocrx_word' id='word_1_304' title='bbox 425 2218 600 2262; x_wconf 87' lang='lat' dir='ltr'>copiosius</span> <span class='ocrx_word' id='word_1_305' title='bbox 617 2216 786 2253; x_wconf 86' lang='lat' dir='ltr'>traditur,</span> <span class='ocrx_word' id='word_1_306' title='bbox 814 2227 901 2259; x_wconf 81' lang='lat' dir='ltr'>quae</span> <span class='ocrx_word' id='word_1_307' title='bbox 924 2224 1003 2246; x_wconf 87' lang='lat' dir='ltr'>curn</span> <span class='ocrx_word' id='word_1_308' title='bbox 1022 2213 1063 2244; x_wconf 91' lang='lat' dir='ltr'>ad</span> <span class='ocrx_word' id='word_1_309' title='bbox 1084 2208 1176 2243; x_wconf 85' lang='lat' dir='ltr'>hanc</span> <span class='ocrx_word' id='word_1_310' title='bbox 1200 2222 1301 2243; x_wconf 86' lang='lat' dir='ltr'>enar-</span> 
     </span>
     <span class='ocr_line' id='line_1_46' title="bbox 322 2262 1295 2306; baseline -0.012 -2"><span class='ocrx_word' id='word_1_311' title='bbox 322 2272 494 2304; x_wconf 84' lang='lat' dir='ltr'>rationem</span> <span class='ocrx_word' id='word_1_312' title='bbox 528 2267 717 2301; x_wconf 83' lang='lat' dir='ltr'>necessaria</span> <span class='ocrx_word' id='word_1_313' title='bbox 748 2266 811 2306; x_wconf 88' lang='lat' dir='ltr'>sit,</span> <span class='ocrx_word' id='word_1_314' title='bbox 854 2263 911 2298; x_wconf 86' lang='lat' dir='ltr'>bic</span> <span class='ocrx_word' id='word_1_315' title='bbox 949 2262 1158 2306; x_wconf 81' lang='lat' dir='ltr'>cogitatione</span> <span class='ocrx_word' id='word_1_316' title='bbox 1200 2272 1295 2304; x_wconf 89' lang='lat' dir='ltr'>repe-</span> 
     </span>
     <span class='ocr_line' id='line_1_47' title="bbox 322 2323 503 2355; baseline -0.006 0"><span class='ocrx_word' id='word_1_317' title='bbox 322 2323 426 2355; x_wconf 80' lang='lat' dir='ltr'>tenda</span> <span class='ocrx_word' id='word_1_318' title='bbox 443 2327 503 2354; x_wconf 85' lang='lat' dir='ltr'>est.</span> 
     </span>
    </p>
   </div>
   <div class='ocr_carea' id='block_1_8' title="bbox 354 2396 1273 2485">
    <p class='ocr_par' dir='ltr' id='par_1_11' title="bbox 354 2396 1273 2485">
     <span class='ocr_line' id='line_1_48' title="bbox 354 2396 1273 2450; baseline -0.01 -13"><span class='ocrx_word' id='word_1_319' title='bbox 354 2402 544 2450; x_wconf 73' lang='lat' dir='ltr'>Quatenus</span> <span class='ocrx_word' id='word_1_320' title='bbox 567 2401 659 2435; x_wconf 77' lang='lat' dir='ltr'>enim</span> <span class='ocrx_word' id='word_1_321' title='bbox 682 2399 787 2435; x_wconf 80' lang='lat' dir='ltr'>Deus</span> <span class='ocrx_word' id='word_1_322' title='bbox 814 2396 981 2444; x_wconf 76' lang='lat' dir='ltr'>cognosci</span> <span class='ocrx_word' id='word_1_323' title='bbox 999 2399 1133 2443; x_wconf 79' lang='lat' dir='ltr'>potest,</span> <span class='ocrx_word' id='word_1_324' title='bbox 1165 2399 1273 2429; x_wconf 79' lang='lat' dir='ltr'>nolus</span> 
     </span>
     <span class='ocr_line' id='line_1_49' title="bbox 717 2448 907 2485; baseline -0.021 0"><span class='ocrx_word' id='word_1_325' title='bbox 717 2456 766 2485; x_wconf 81' lang='lat' dir='ltr'>est</span> <span class='ocrx_word' id='word_1_326' title='bbox 792 2448 907 2485; x_wconf 77' lang='lat' dir='ltr'>Deus.</span> 
     </span>
    </p>
   </div>
   <div class='ocr_carea' id='block_1_9' title="bbox 325 2514 1308 2718">
    <p class='ocr_par' dir='ltr' id='par_1_12' title="bbox 325 2514 1308 2718">
     <span class='ocr_line' id='line_1_50' title="bbox 426 2514 1306 2564; baseline -0.009 -10"><span class='ocrx_word' id='word_1_327' title='bbox 426 2518 609 2564; x_wconf 87' lang='lat' dir='ltr'>Expositio</span> <span class='ocrx_word' id='word_1_328' title='bbox 641 2527 690 2553; x_wconf 90' lang='lat' dir='ltr'>est</span> <span class='ocrx_word' id='word_1_329' title='bbox 714 2516 966 2563; x_wconf 81' lang='lat' dir='ltr'>propositionis</span> <span class='ocrx_word' id='word_1_330' title='bbox 997 2521 1098 2548; x_wconf 85' lang='lat' dir='ltr'>antea</span> <span class='ocrx_word' id='word_1_331' title='bbox 1130 2514 1306 2555; x_wconf 84' lang='lat' dir='ltr'>recitatae,</span> 
     </span>
     <span class='ocr_line' id='line_1_51' title="bbox 325 2565 1308 2618; baseline -0.008 -13"><span class='ocrx_word' id='word_1_332' title='bbox 325 2584 393 2618; x_wconf 87' lang='lat' dir='ltr'>qua</span> <span class='ocrx_word' id='word_1_333' title='bbox 413 2571 620 2615; x_wconf 85' lang='lat' dir='ltr'>generaliter</span> <span class='ocrx_word' id='word_1_334' title='bbox 648 2577 843 2611; x_wconf 85' lang='lat' dir='ltr'>arguuntur</span> <span class='ocrx_word' id='word_1_335' title='bbox 867 2577 988 2601; x_wconf 90' lang='lat' dir='ltr'>omnes</span> <span class='ocrx_word' id='word_1_336' title='bbox 1007 2565 1186 2605; x_wconf 85' lang='lat' dir='ltr'>homines,</span> <span class='ocrx_word' id='word_1_337' title='bbox 1212 2565 1308 2610; x_wconf 90' lang='lat' dir='ltr'>quod</span> 
     </span>
     <span class='ocr_line' id='line_1_52' title="bbox 326 2616 1308 2658; baseline -0.008 -2"><span class='ocrx_word' id='word_1_338' title='bbox 326 2623 507 2656; x_wconf 83' lang='lat' dir='ltr'>veritatem</span> <span class='ocrx_word' id='word_1_339' title='bbox 527 2621 562 2653; x_wconf 89' lang='lat' dir='ltr'>in</span> <span class='ocrx_word' id='word_1_340' title='bbox 582 2620 758 2653; x_wconf 86' lang='lat' dir='ltr'>iniusticia</span> <span class='ocrx_word' id='word_1_341' title='bbox 775 2619 975 2658; x_wconf 86' lang='lat' dir='ltr'>detineant,</span> <span class='ocrx_word' id='word_1_342' title='bbox 1000 2618 1036 2650; x_wconf 89' lang='lat' dir='ltr'>id</span> <span class='ocrx_word' id='word_1_343' title='bbox 1055 2622 1125 2657; x_wconf 83' lang='lat' dir='ltr'>est,</span> <span class='ocrx_word' id='word_1_344' title='bbox 1153 2627 1226 2650; x_wconf 90' lang='lat' dir='ltr'>non</span> <span class='ocrx_word' id='word_1_345' title='bbox 1243 2616 1308 2648; x_wconf 92' lang='lat' dir='ltr'>ob·-</span> 
     </span>
     <span class='ocr_line' id='line_1_53' title="bbox 327 2666 1307 2718; baseline -0.009 -11"><span class='ocrx_word' id='word_1_346' title='bbox 327 2679 520 2718; x_wconf 86' lang='lat' dir='ltr'>temperent</span> <span class='ocrx_word' id='word_1_347' title='bbox 547 2671 615 2714; x_wconf 85' lang='lat' dir='ltr'>legi</span> <span class='ocrx_word' id='word_1_348' title='bbox 641 2669 718 2704; x_wconf 88' lang='lat' dir='ltr'>Dei.</span> <span class='ocrx_word' id='word_1_349' title='bbox 773 2668 883 2703; x_wconf 85' lang='lat' dir='ltr'>Addit</span> <span class='ocrx_word' id='word_1_350' title='bbox 907 2669 1028 2711; x_wconf 84' lang='lat' dir='ltr'>igitur,</span> <span class='ocrx_word' id='word_1_351' title='bbox 1064 2679 1151 2712; x_wconf 87' lang='lat' dir='ltr'>quae</span> <span class='ocrx_word' id='word_1_352' title='bbox 1181 2667 1224 2700; x_wconf 89' lang='lat' dir='ltr'>sit</span> <span class='ocrx_word' id='word_1_353' title='bbox 1247 2666 1307 2699; x_wconf 85' lang='lat' dir='ltr'>illa</span> 
     </span>
    </p>
   </div>
   <div class='ocr_carea' id='block_1_10' title="bbox 1353 285 2340 2703">
    <p class='ocr_par' dir='ltr' id='par_1_13' title="bbox 1355 285 2338 937">
     <span class='ocr_line' id='line_1_54' title="bbox 1359 285 2336 332; baseline 0.006 -14"><span class='ocrx_word' id='word_1_354' title='bbox 1359 293 1416 319; x_wconf 92' lang='lat' dir='ltr'>tnr</span> <span class='ocrx_word' id='word_1_355' title='bbox 1434 286 1542 330; x_wconf 82' lang='lat' dir='ltr'>Leges</span> <span class='ocrx_word' id='word_1_356' title='bbox 1570 285 1774 325; x_wconf 76' lang='lat' dir='ltr'>Naturales,</span> <span class='ocrx_word' id='word_1_357' title='bbox 1811 300 1901 332; x_wconf 86' lang='lat' dir='ltr'>quae</span> <span class='ocrx_word' id='word_1_358' title='bbox 1924 301 2044 323; x_wconf 90' lang='lat' dir='ltr'>omnes</span> <span class='ocrx_word' id='word_1_359' title='bbox 2065 298 2147 325; x_wconf 87' lang='lat' dir='ltr'>sunt</span> <span class='ocrx_word' id='word_1_360' title='bbox 2176 291 2336 325; x_wconf 87' lang='lat' dir='ltr'>testimo-</span> 
     </span>
     <span class='ocr_line' id='line_1_55' title="bbox 1360 337 2337 387; baseline 0.007 -19"><span class='ocrx_word' id='word_1_361' title='bbox 1360 337 1457 369; x_wconf 86' lang='lat' dir='ltr'>ninm</span> <span class='ocrx_word' id='word_1_362' title='bbox 1477 339 1519 370; x_wconf 85' lang='lat' dir='ltr'>de</span> <span class='ocrx_word' id='word_1_363' title='bbox 1538 337 1629 377; x_wconf 82' lang='lat' dir='ltr'>Deo,</span> <span class='ocrx_word' id='word_1_364' title='bbox 1655 345 1686 371; x_wconf 89' lang='lat' dir='ltr'>et</span> <span class='ocrx_word' id='word_1_365' title='bbox 1703 339 1846 379; x_wconf 89' lang='lat' dir='ltr'>docent,</span> <span class='ocrx_word' id='word_1_366' title='bbox 1868 340 1987 383; x_wconf 86' lang='lat' dir='ltr'>quales</span> <span class='ocrx_word' id='word_1_367' title='bbox 2003 341 2046 373; x_wconf 90' lang='lat' dir='ltr'>sit</span> <span class='ocrx_word' id='word_1_368' title='bbox 2063 339 2167 383; x_wconf 86' lang='lat' dir='ltr'>Deus,</span> <span class='ocrx_word' id='word_1_369' title='bbox 2195 349 2227 376; x_wconf 87' lang='lat' dir='ltr'>et</span> <span class='ocrx_word' id='word_1_370' title='bbox 2242 343 2337 387; x_wconf 83' lang='lat' dir='ltr'>quod</span> 
     </span>
     <span class='ocr_line' id='line_1_56' title="bbox 1360 387 2337 431; baseline 0.007 -12"><span class='ocrx_word' id='word_1_371' title='bbox 1360 387 1577 421; x_wconf 85' lang='lat' dir='ltr'>indicaturus</span> <span class='ocrx_word' id='word_1_372' title='bbox 1597 389 1652 423; x_wconf 89' lang='lat' dir='ltr'>sit.</span> <span class='ocrx_word' id='word_1_373' title='bbox 1697 388 1788 431; x_wconf 83' lang='lat' dir='ltr'>Quia</span> <span class='ocrx_word' id='word_1_374' title='bbox 1808 395 1921 422; x_wconf 85' lang='lat' dir='ltr'>autem</span> <span class='ocrx_word' id='word_1_375' title='bbox 1940 397 1972 424; x_wconf 89' lang='lat' dir='ltr'>et</span> <span class='ocrx_word' id='word_1_376' title='bbox 1989 389 2121 423; x_wconf 84' lang='lat' dir='ltr'>Gentes</span> <span class='ocrx_word' id='word_1_377' title='bbox 2138 399 2170 425; x_wconf 89' lang='lat' dir='ltr'>et</span> <span class='ocrx_word' id='word_1_378' title='bbox 2191 392 2337 426; x_wconf 84' lang='lat' dir='ltr'>ludaeos</span> 
     </span>
     <span class='ocr_line' id='line_1_57' title="bbox 1357 439 2335 482; baseline 0.006 -12"><span class='ocrx_word' id='word_1_379' title='bbox 1357 446 1514 480; x_wconf 87' lang='lat' dir='ltr'>accusat,</span> <span class='ocrx_word' id='word_1_380' title='bbox 1540 439 1621 471; x_wconf 80' lang='lat' dir='ltr'>facit.</span> <span class='ocrx_word' id='word_1_381' title='bbox 1643 440 1856 472; x_wconf 86' lang='lat' dir='ltr'>mentionem</span> <span class='ocrx_word' id='word_1_382' title='bbox 1874 440 1957 482; x_wconf 81' lang='lat' dir='ltr'>legis</span> <span class='ocrx_word' id='word_1_383' title='bbox 1974 447 2138 482; x_wconf 81' lang='lat' dir='ltr'>naturae,</span> <span class='ocrx_word' id='word_1_384' title='bbox 2165 453 2222 475; x_wconf 90' lang='lat' dir='ltr'>seu</span> <span class='ocrx_word' id='word_1_385' title='bbox 2242 444 2335 476; x_wconf 90' lang='lat' dir='ltr'>noti-</span> 
     </span>
     <span class='ocr_line' id='line_1_58' title="bbox 1358 489 2336 527; baseline 0.006 -7"><span class='ocrx_word' id='word_1_386' title='bbox 1358 489 1428 521; x_wconf 84' lang='lat' dir='ltr'>ciae</span> <span class='ocrx_word' id='word_1_387' title='bbox 1457 489 1626 522; x_wconf 83' lang='lat' dir='ltr'>naturalis</span> <span class='ocrx_word' id='word_1_388' title='bbox 1656 490 1698 522; x_wconf 79' lang='lat' dir='ltr'>de</span> <span class='ocrx_word' id='word_1_389' title='bbox 1718 489 1804 524; x_wconf 82' lang='lat' dir='ltr'>Deo.</span> <span class='ocrx_word' id='word_1_390' title='bbox 1877 489 1945 523; x_wconf 85' lang='lat' dir='ltr'>Ubi</span> <span class='ocrx_word' id='word_1_391' title='bbox 1983 491 2138 524; x_wconf 79' lang='lat' dir='ltr'>iuniores</span> <span class='ocrx_word' id='word_1_392' title='bbox 2165 494 2336 527; x_wconf 83' lang='lat' dir='ltr'>monendi</span> 
     </span>
     <span class='ocr_line' id='line_1_59' title="bbox 1358 538 2338 584; baseline 0.006 -13"><span class='ocrx_word' id='word_1_393' title='bbox 1358 547 1457 580; x_wconf 88' lang='lat' dir='ltr'>sunt,</span> <span class='ocrx_word' id='word_1_394' title='bbox 1485 551 1547 573; x_wconf 88' lang='lat' dir='ltr'>nos</span> <span class='ocrx_word' id='word_1_395' title='bbox 1573 540 1714 584; x_wconf 86' lang='lat' dir='ltr'>quidem</span> <span class='ocrx_word' id='word_1_396' title='bbox 1740 541 1777 572; x_wconf 91' lang='lat' dir='ltr'>in</span> <span class='ocrx_word' id='word_1_397' title='bbox 1803 538 1955 574; x_wconf 84' lang='lat' dir='ltr'>Ecclesia</span> <span class='ocrx_word' id='word_1_398' title='bbox 1973 568 1981 582; x_wconf 92' lang='lat'>,</span> <span class='ocrx_word' id='word_1_399' title='bbox 2025 549 2062 575; x_wconf 89' lang='lat' dir='ltr'>ut</span> <span class='ocrx_word' id='word_1_400' title='bbox 2091 543 2338 578; x_wconf 81' lang='lat' dir='ltr'>confirmemus</span> 
     </span>
     <span class='ocr_line' id='line_1_60' title="bbox 1357 591 2337 629; baseline 0.003 -7"><span class='ocrx_word' id='word_1_401' title='bbox 1357 591 1591 623; x_wconf 80' lang='lat' dir='ltr'>assensionem</span> <span class='ocrx_word' id='word_1_402' title='bbox 1610 597 1782 629; x_wconf 87' lang='lat' dir='ltr'>nostram,</span> <span class='ocrx_word' id='word_1_403' title='bbox 1811 592 1940 624; x_wconf 86' lang='lat' dir='ltr'>intueri</span> <span class='ocrx_word' id='word_1_404' title='bbox 1968 593 2094 626; x_wconf 88' lang='lat' dir='ltr'>debere</span> <span class='ocrx_word' id='word_1_405' title='bbox 2112 593 2237 626; x_wconf 88' lang='lat' dir='ltr'>ordine</span> <span class='ocrx_word' id='word_1_406' title='bbox 2261 604 2337 625; x_wconf 86' lang='lat' dir='ltr'>om-</span> 
     </span>
     <span class='ocr_line' id='line_1_61' title="bbox 1357 639 2334 686; baseline 0.005 -14"><span class='ocrx_word' id='word_1_407' title='bbox 1357 652 1417 673; x_wconf 90' lang='lat' dir='ltr'>nes</span> <span class='ocrx_word' id='word_1_408' title='bbox 1434 639 1613 681; x_wconf 78' lang='lat' dir='ltr'>historias,</span> <span class='ocrx_word' id='word_1_409' title='bbox 1634 642 1671 674; x_wconf 87' lang='lat' dir='ltr'>in</span> <span class='ocrx_word' id='word_1_410' title='bbox 1688 642 1815 686; x_wconf 90' lang='lat' dir='ltr'>quibus</span> <span class='ocrx_word' id='word_1_411' title='bbox 1833 654 1867 674; x_wconf 77' lang='lat' dir='ltr'>se</span> <span class='ocrx_word' id='word_1_412' title='bbox 1889 644 2046 684; x_wconf 67' lang='lat' dir='ltr'>patefecit</span> <span class='ocrx_word' id='word_1_413' title='bbox 2067 642 2179 685; x_wconf 84' lang='lat' dir='ltr'>Deus,</span> <span class='ocrx_word' id='word_1_414' title='bbox 2204 650 2243 677; x_wconf 90' lang='lat' dir='ltr'>ut</span> <span class='ocrx_word' id='word_1_415' title='bbox 2266 643 2334 677; x_wconf 78' lang='lat' dir='ltr'>mi-</span> 
     </span>
     <span class='ocr_line' id='line_1_62' title="bbox 1358 691 2337 738; baseline 0.004 -15"><span class='ocrx_word' id='word_1_416' title='bbox 1358 691 1472 724; x_wconf 68' lang='lat' dir='ltr'>racula</span> <span class='ocrx_word' id='word_1_417' title='bbox 1494 692 1581 724; x_wconf 84' lang='lat' dir='ltr'>sacta</span> <span class='ocrx_word' id='word_1_418' title='bbox 1609 693 1646 724; x_wconf 90' lang='lat' dir='ltr'>in</span> <span class='ocrx_word' id='word_1_419' title='bbox 1670 693 1763 725; x_wconf 87' lang='lat' dir='ltr'>exitu</span> <span class='ocrx_word' id='word_1_420' title='bbox 1788 704 1826 725; x_wconf 87' lang='lat' dir='ltr'>ex</span> <span class='ocrx_word' id='word_1_421' title='bbox 1850 693 2029 738; x_wconf 69' lang='lat' dir='ltr'>Aegypto,</span> <span class='ocrx_word' id='word_1_422' title='bbox 2057 694 2337 727; x_wconf 84' lang='lat' dir='ltr'>resuscitationes</span> 
     </span>
     <span class='ocr_line' id='line_1_63' title="bbox 1357 741 2338 786; baseline 0.003 -13"><span class='ocrx_word' id='word_1_423' title='bbox 1357 750 1594 780; x_wconf 84' lang='lat' dir='ltr'>mortuorum,</span> <span class='ocrx_word' id='word_1_424' title='bbox 1620 749 1652 775; x_wconf 91' lang='lat' dir='ltr'>et</span> <span class='ocrx_word' id='word_1_425' title='bbox 1675 743 1761 784; x_wconf 82' lang='lat' dir='ltr'>alia,</span> <span class='ocrx_word' id='word_1_426' title='bbox 1789 750 1818 775; x_wconf 86' lang='lat' dir='ltr'>et</span> <span class='ocrx_word' id='word_1_427' title='bbox 1845 744 1878 775; x_wconf 92' lang='lat' dir='ltr'>in</span> <span class='ocrx_word' id='word_1_428' title='bbox 1911 741 2036 777; x_wconf 83' lang='lat' dir='ltr'>borum</span> <span class='ocrx_word' id='word_1_429' title='bbox 2064 745 2272 786; x_wconf 81' lang='lat' dir='ltr'>cogitatione</span> <span class='ocrx_word' id='word_1_430' title='bbox 2291 745 2338 777; x_wconf 89' lang='lat' dir='ltr'>si-</span> 
     </span>
     <span class='ocr_line' id='line_1_64' title="bbox 1358 791 2334 837; baseline 0.004 -13"><span class='ocrx_word' id='word_1_431' title='bbox 1358 793 1429 826; x_wconf 87' lang='lat' dir='ltr'>mul</span> <span class='ocrx_word' id='word_1_432' title='bbox 1451 791 1515 825; x_wconf 86' lang='lat' dir='ltr'>hoc</span> <span class='ocrx_word' id='word_1_433' title='bbox 1534 794 1737 836; x_wconf 82' lang='lat' dir='ltr'>complecti,</span> <span class='ocrx_word' id='word_1_434' title='bbox 1766 791 1859 826; x_wconf 87' lang='lat' dir='ltr'>hunc</span> <span class='ocrx_word' id='word_1_435' title='bbox 1881 795 1994 837; x_wconf 82' lang='lat' dir='ltr'>ipsum</span> <span class='ocrx_word' id='word_1_436' title='bbox 2018 807 2096 828; x_wconf 84' lang='lat' dir='ltr'>vere</span> <span class='ocrx_word' id='word_1_437' title='bbox 2117 795 2234 828; x_wconf 85' lang='lat' dir='ltr'>Deum</span> <span class='ocrx_word' id='word_1_438' title='bbox 2262 806 2334 828; x_wconf 86' lang='lat' dir='ltr'>esse</span> 
     </span>
     <span class='ocr_line' id='line_1_65' title="bbox 1356 842 2338 889; baseline 0.004 -14"><span class='ocrx_word' id='word_1_439' title='bbox 1356 844 1596 883; x_wconf 88' lang='lat' dir='ltr'>conditorem,</span> <span class='ocrx_word' id='word_1_440' title='bbox 1625 844 1683 887; x_wconf 82' lang='lat' dir='ltr'>qni</span> <span class='ocrx_word' id='word_1_441' title='bbox 1705 856 1740 876; x_wconf 87' lang='lat' dir='ltr'>se</span> <span class='ocrx_word' id='word_1_442' title='bbox 1768 844 1814 876; x_wconf 88' lang='lat' dir='ltr'>ibi</span> <span class='ocrx_word' id='word_1_443' title='bbox 1840 846 2019 888; x_wconf 75' lang='lat' dir='ltr'>patefecit,</span> <span class='ocrx_word' id='word_1_444' title='bbox 2057 853 2085 878; x_wconf 86' lang='lat' dir='ltr'>et</span> <span class='ocrx_word' id='word_1_445' title='bbox 2106 846 2184 879; x_wconf 88' lang='lat' dir='ltr'>Deo</span> <span class='ocrx_word' id='word_1_446' title='bbox 2200 842 2338 889; x_wconf 81' lang='lat' dir='ltr'>probis</span> 
     </span>
     <span class='ocr_line' id='line_1_66' title="bbox 1355 894 1880 937; baseline 0.002 -10"><span class='ocrx_word' id='word_1_447' title='bbox 1355 894 1563 927; x_wconf 76' lang='lat' dir='ltr'>testimoniis</span> <span class='ocrx_word' id='word_1_448' title='bbox 1587 894 1713 936; x_wconf 85' lang='lat' dir='ltr'>gratias</span> <span class='ocrx_word' id='word_1_449' title='bbox 1728 907 1880 937; x_wconf 76' lang='lat' dir='ltr'>agamus.</span> 
     </span>
    </p>

    <p class='ocr_par' dir='ltr' id='par_1_14' title="bbox 1353 944 2340 1899">
     <span class='ocr_line' id='line_1_67' title="bbox 1429 944 2340 988; baseline 0.002 -11"><span class='ocrx_word' id='word_1_450' title='bbox 1429 944 1501 977; x_wconf 81' lang='lat' dir='ltr'>Has</span> <span class='ocrx_word' id='word_1_451' title='bbox 1519 945 1768 988; x_wconf 79' lang='lat' dir='ltr'>patefactiones</span> <span class='ocrx_word' id='word_1_452' title='bbox 1790 958 1867 978; x_wconf 87' lang='lat' dir='ltr'>cum</span> <span class='ocrx_word' id='word_1_453' title='bbox 1887 947 2197 987; x_wconf 78' lang='lat' dir='ltr'>consideravimus,</span> <span class='ocrx_word' id='word_1_454' title='bbox 2213 947 2340 979; x_wconf 87' lang='lat' dir='ltr'>deinde</span> 
     </span>
     <span class='ocr_line' id='line_1_68' title="bbox 1355 995 2339 1041; baseline 0.003 -14"><span class='ocrx_word' id='word_1_455' title='bbox 1355 997 1493 1039; x_wconf 88' lang='lat' dir='ltr'>prodest</span> <span class='ocrx_word' id='word_1_456' title='bbox 1511 995 1612 1027; x_wconf 85' lang='lat' dir='ltr'>etiam</span> <span class='ocrx_word' id='word_1_457' title='bbox 1630 996 1781 1037; x_wconf 87' lang='lat' dir='ltr'>cogitare</span> <span class='ocrx_word' id='word_1_458' title='bbox 1797 997 1838 1028; x_wconf 89' lang='lat' dir='ltr'>de</span> <span class='ocrx_word' id='word_1_459' title='bbox 1854 998 1983 1030; x_wconf 85' lang='lat' dir='ltr'>noticia</span> <span class='ocrx_word' id='word_1_460' title='bbox 2003 998 2164 1037; x_wconf 84' lang='lat' dir='ltr'>naturali,</span> <span class='ocrx_word' id='word_1_461' title='bbox 2188 1004 2220 1030; x_wconf 88' lang='lat' dir='ltr'>et</span> <span class='ocrx_word' id='word_1_462' title='bbox 2231 1009 2339 1041; x_wconf 86' lang='lat' dir='ltr'>quae-</span> 
     </span>
     <span class='ocr_line' id='line_1_69' title="bbox 1356 1045 2335 1092; baseline 0.001 -14"><span class='ocrx_word' id='word_1_463' title='bbox 1356 1059 1431 1078; x_wconf 85' lang='lat' dir='ltr'>rere</span> <span class='ocrx_word' id='word_1_464' title='bbox 1451 1045 1650 1079; x_wconf 87' lang='lat' dir='ltr'>testimonia</span> <span class='ocrx_word' id='word_1_465' title='bbox 1672 1046 1707 1077; x_wconf 94' lang='lat' dir='ltr'>in</span> <span class='ocrx_word' id='word_1_466' title='bbox 1734 1053 1876 1087; x_wconf 82' lang='lat' dir='ltr'>natura,</span> <span class='ocrx_word' id='word_1_467' title='bbox 1913 1060 2064 1092; x_wconf 82' lang='lat' dir='ltr'>qnorum</span> <span class='ocrx_word' id='word_1_468' title='bbox 2093 1048 2209 1092; x_wconf 86' lang='lat' dir='ltr'>aliqua</span> <span class='ocrx_word' id='word_1_469' title='bbox 2226 1048 2335 1091; x_wconf 62' lang='lat' dir='ltr'>{valde</span> 
     </span>
     <span class='ocr_line' id='line_1_70' title="bbox 1356 1096 2336 1139; baseline 0.002 -10"><span class='ocrx_word' id='word_1_470' title='bbox 1356 1097 1504 1131; x_wconf 85' lang='lat' dir='ltr'>illustria</span> <span class='ocrx_word' id='word_1_471' title='bbox 1523 1103 1622 1136; x_wconf 86' lang='lat' dir='ltr'>sunt,</span> <span class='ocrx_word' id='word_1_472' title='bbox 1650 1104 1680 1129; x_wconf 87' lang='lat' dir='ltr'>et</span> <span class='ocrx_word' id='word_1_473' title='bbox 1700 1098 1913 1130; x_wconf 76' lang='lat' dir='ltr'>convincunt</span> <span class='ocrx_word' id='word_1_474' title='bbox 1929 1096 2100 1131; x_wconf 84' lang='lat' dir='ltr'>humanas</span> <span class='ocrx_word' id='word_1_475' title='bbox 2116 1105 2270 1139; x_wconf 86' lang='lat' dir='ltr'>mentes,</span> <span class='ocrx_word' id='word_1_476' title='bbox 2295 1104 2336 1131; x_wconf 82' lang='lat' dir='ltr'>ut</span> 
     </span>
     <span class='ocr_line' id='line_1_71' title="bbox 1355 1145 2333 1189; baseline 0.002 -10"><span class='ocrx_word' id='word_1_477' title='bbox 1355 1154 1524 1187; x_wconf 74' lang='lat' dir='ltr'>statuant,</span> <span class='ocrx_word' id='word_1_478' title='bbox 1553 1145 1646 1179; x_wconf 82' lang='lat' dir='ltr'>hunc</span> <span class='ocrx_word' id='word_1_479' title='bbox 1665 1150 1835 1180; x_wconf 87' lang='lat' dir='ltr'>mnndum</span> <span class='ocrx_word' id='word_1_480' title='bbox 1855 1160 1926 1180; x_wconf 90' lang='lat' dir='ltr'>non</span> <span class='ocrx_word' id='word_1_481' title='bbox 1950 1148 2100 1182; x_wconf 83' lang='lat' dir='ltr'>extitisse</span> <span class='ocrx_word' id='word_1_482' title='bbox 2127 1161 2227 1189; x_wconf 86' lang='lat' dir='ltr'>casu,</span> <span class='ocrx_word' id='word_1_483' title='bbox 2253 1161 2333 1181; x_wconf 88' lang='lat' dir='ltr'>cum</span> 
     </span>
     <span class='ocr_line' id='line_1_72' title="bbox 1354 1198 2335 1243; baseline 0.001 -13"><span class='ocrx_word' id='word_1_484' title='bbox 1354 1199 1537 1231; x_wconf 89' lang='lat' dir='ltr'>intuentur</span> <span class='ocrx_word' id='word_1_485' title='bbox 1561 1198 1810 1240; x_wconf 84' lang='lat' dir='ltr'>pulcerrimum</span> <span class='ocrx_word' id='word_1_486' title='bbox 1837 1199 1999 1232; x_wconf 87' lang='lat' dir='ltr'>ordinem</span> <span class='ocrx_word' id='word_1_487' title='bbox 2023 1211 2208 1243; x_wconf 84' lang='lat' dir='ltr'>corporum</span> <span class='ocrx_word' id='word_1_488' title='bbox 2235 1199 2335 1239; x_wconf 89' lang='lat' dir='ltr'>coeli,</span> 
     </span>
     <span class='ocr_line' id='line_1_73' title="bbox 1353 1247 2334 1285; baseline 0 -4"><span class='ocrx_word' id='word_1_489' title='bbox 1353 1256 1384 1281; x_wconf 85' lang='lat' dir='ltr'>et</span> <span class='ocrx_word' id='word_1_490' title='bbox 1400 1248 1676 1282; x_wconf 81' lang='lat' dir='ltr'>Elementorum.</span> <span class='ocrx_word' id='word_1_491' title='bbox 1730 1247 1817 1282; x_wconf 80' lang='lat' dir='ltr'>Item</span> <span class='ocrx_word' id='word_1_492' title='bbox 1841 1249 2003 1282; x_wconf 87' lang='lat' dir='ltr'>ordinem</span> <span class='ocrx_word' id='word_1_493' title='bbox 2030 1250 2067 1282; x_wconf 91' lang='lat' dir='ltr'>in</span> <span class='ocrx_word' id='word_1_494' title='bbox 2101 1250 2241 1285; x_wconf 81' lang='lat' dir='ltr'>noticiis</span> <span class='ocrx_word' id='word_1_495' title='bbox 2268 1261 2334 1282; x_wconf 89' lang='lat' dir='ltr'>nu-</span> 
     </span>
     <span class='ocr_line' id='line_1_74' title="bbox 1354 1299 2336 1344; baseline 0.001 -13"><span class='ocrx_word' id='word_1_496' title='bbox 1354 1312 1550 1338; x_wconf 88' lang='lat' dir='ltr'>merorum,</span> <span class='ocrx_word' id='word_1_497' title='bbox 1590 1306 1621 1332; x_wconf 89' lang='lat' dir='ltr'>et</span> <span class='ocrx_word' id='word_1_498' title='bbox 1645 1299 1741 1339; x_wconf 86' lang='lat' dir='ltr'>aliis,</span> <span class='ocrx_word' id='word_1_499' title='bbox 1777 1312 1815 1332; x_wconf 91' lang='lat' dir='ltr'>ac</span> <span class='ocrx_word' id='word_1_500' title='bbox 1843 1300 2043 1344; x_wconf 87' lang='lat' dir='ltr'>praesertim</span> <span class='ocrx_word' id='word_1_501' title='bbox 2072 1300 2110 1333; x_wconf 90' lang='lat' dir='ltr'>in</span> <span class='ocrx_word' id='word_1_502' title='bbox 2134 1300 2336 1335; x_wconf 84' lang='lat' dir='ltr'>discrimine</span> 
     </span>
     <span class='ocr_line' id='line_1_75' title="bbox 1355 1347 2336 1395; baseline 0.002 -13"><span class='ocrx_word' id='word_1_503' title='bbox 1355 1347 1582 1383; x_wconf 86' lang='lat' dir='ltr'>honestorum</span> <span class='ocrx_word' id='word_1_504' title='bbox 1606 1356 1638 1381; x_wconf 91' lang='lat' dir='ltr'>et</span> <span class='ocrx_word' id='word_1_505' title='bbox 1662 1350 1835 1393; x_wconf 89' lang='lat' dir='ltr'>turpium:</span> <span class='ocrx_word' id='word_1_506' title='bbox 1879 1351 1972 1395; x_wconf 89' lang='lat' dir='ltr'>quod</span> <span class='ocrx_word' id='word_1_507' title='bbox 1997 1351 2136 1384; x_wconf 88' lang='lat' dir='ltr'>nullum</span> <span class='ocrx_word' id='word_1_508' title='bbox 2161 1362 2233 1384; x_wconf 90' lang='lat' dir='ltr'>esse</span> <span class='ocrx_word' id='word_1_509' title='bbox 2256 1362 2336 1394; x_wconf 87' lang='lat' dir='ltr'>pos-</span> 
     </span>
     <span class='ocr_line' id='line_1_76' title="bbox 1356 1400 2335 1446; baseline 0 -14"><span class='ocrx_word' id='word_1_510' title='bbox 1356 1407 1424 1438; x_wconf 89' lang='lat' dir='ltr'>set,</span> <span class='ocrx_word' id='word_1_511' title='bbox 1453 1401 1481 1432; x_wconf 90' lang='lat' dir='ltr'>si</span> <span class='ocrx_word' id='word_1_512' title='bbox 1507 1412 1578 1432; x_wconf 90' lang='lat' dir='ltr'>non</span> <span class='ocrx_word' id='word_1_513' title='bbox 1599 1412 1616 1432; x_wconf 90' lang='lat' dir='ltr'>a</span> <span class='ocrx_word' id='word_1_514' title='bbox 1638 1400 1695 1431; x_wconf 77' lang='lat' dir='ltr'>tali</span> <span class='ocrx_word' id='word_1_515' title='bbox 1715 1407 1839 1433; x_wconf 87' lang='lat' dir='ltr'>natura</span> <span class='ocrx_word' id='word_1_516' title='bbox 1863 1402 1929 1434; x_wconf 91' lang='lat' dir='ltr'>orti</span> <span class='ocrx_word' id='word_1_517' title='bbox 1956 1412 2126 1441; x_wconf 84' lang='lat' dir='ltr'>essemus,</span> <span class='ocrx_word' id='word_1_518' title='bbox 2152 1414 2239 1446; x_wconf 89' lang='lat' dir='ltr'>quae</span> <span class='ocrx_word' id='word_1_519' title='bbox 2264 1401 2335 1444; x_wconf 87' lang='lat' dir='ltr'>ipsa</span> 
     </span>
     <span class='ocr_line' id='line_1_77' title="bbox 1356 1448 2334 1493; baseline 0.001 -11"><span class='ocrx_word' id='word_1_520' title='bbox 1356 1451 1527 1493; x_wconf 85' lang='lat' dir='ltr'>intelligat</span> <span class='ocrx_word' id='word_1_521' title='bbox 1546 1448 1612 1482; x_wconf 87' lang='lat' dir='ltr'>hoc</span> <span class='ocrx_word' id='word_1_522' title='bbox 1630 1450 1832 1484; x_wconf 86' lang='lat' dir='ltr'>discrimen.</span> <span class='ocrx_word' id='word_1_523' title='bbox 1883 1452 1988 1491; x_wconf 85' lang='lat' dir='ltr'>Item,</span> <span class='ocrx_word' id='word_1_524' title='bbox 2016 1452 2051 1483; x_wconf 89' lang='lat' dir='ltr'>in</span> <span class='ocrx_word' id='word_1_525' title='bbox 2071 1451 2334 1484; x_wconf 86' lang='lat' dir='ltr'>conservatione</span> 
     </span>
     <span class='ocr_line' id='line_1_78' title="bbox 1353 1500 2333 1545; baseline 0 -12"><span class='ocrx_word' id='word_1_526' title='bbox 1353 1503 1557 1545; x_wconf 82' lang='lat' dir='ltr'>specierum.</span> <span class='ocrx_word' id='word_1_527' title='bbox 1612 1500 1715 1541; x_wconf 88' lang='lat' dir='ltr'>Item,</span> <span class='ocrx_word' id='word_1_528' title='bbox 1743 1502 1778 1533; x_wconf 92' lang='lat' dir='ltr'>in</span> <span class='ocrx_word' id='word_1_529' title='bbox 1806 1501 1947 1544; x_wconf 86' lang='lat' dir='ltr'>politica</span> <span class='ocrx_word' id='word_1_530' title='bbox 1969 1502 2148 1540; x_wconf 73' lang='lat' dir='ltr'>societate,</span> <span class='ocrx_word' id='word_1_531' title='bbox 2177 1510 2210 1535; x_wconf 84' lang='lat' dir='ltr'>et</span> <span class='ocrx_word' id='word_1_532' title='bbox 2233 1512 2333 1543; x_wconf 85' lang='lat' dir='ltr'>regu-</span> 
     </span>
     <span class='ocr_line' id='line_1_79' title="bbox 1354 1551 2332 1595; baseline -0.001 -11"><span class='ocrx_word' id='word_1_533' title='bbox 1354 1552 1487 1586; x_wconf 85' lang='lat' dir='ltr'>laribus</span> <span class='ocrx_word' id='word_1_534' title='bbox 1504 1551 1627 1595; x_wconf 89' lang='lat' dir='ltr'>poenis</span> <span class='ocrx_word' id='word_1_535' title='bbox 1643 1552 1814 1584; x_wconf 85' lang='lat' dir='ltr'>atrocium</span> <span class='ocrx_word' id='word_1_536' title='bbox 1830 1552 2050 1584; x_wconf 87' lang='lat' dir='ltr'>delictorum.</span> <span class='ocrx_word' id='word_1_537' title='bbox 2102 1551 2196 1585; x_wconf 84' lang='lat' dir='ltr'>Haec</span> <span class='ocrx_word' id='word_1_538' title='bbox 2211 1551 2332 1585; x_wconf 84' lang='lat' dir='ltr'>omnia</span> 
     </span>
     <span class='ocr_line' id='line_1_80' title="bbox 1354 1602 2337 1645; baseline 0 -11"><span class='ocrx_word' id='word_1_539' title='bbox 1354 1602 1496 1634; x_wconf 88' lang='lat' dir='ltr'>collecta</span> <span class='ocrx_word' id='word_1_540' title='bbox 1514 1602 1722 1634; x_wconf 83' lang='lat' dir='ltr'>confirmant</span> <span class='ocrx_word' id='word_1_541' title='bbox 1740 1613 1803 1634; x_wconf 83' lang='lat' dir='ltr'>nos</span> <span class='ocrx_word' id='word_1_542' title='bbox 1830 1603 1872 1633; x_wconf 89' lang='lat' dir='ltr'>de</span> <span class='ocrx_word' id='word_1_543' title='bbox 1896 1602 2127 1645; x_wconf 80' lang='lat' dir='ltr'>providentia,</span> <span class='ocrx_word' id='word_1_544' title='bbox 2181 1602 2249 1635; x_wconf 85' lang='lat' dir='ltr'>Sed</span> <span class='ocrx_word' id='word_1_545' title='bbox 2273 1603 2337 1634; x_wconf 87' lang='lat' dir='ltr'>do-</span> 
     </span>
     <span class='ocr_line' id='line_1_81' title="bbox 1354 1650 2335 1695; baseline 0 -11"><span class='ocrx_word' id='word_1_546' title='bbox 1354 1653 1498 1685; x_wconf 91' lang='lat' dir='ltr'>lendum</span> <span class='ocrx_word' id='word_1_547' title='bbox 1518 1659 1586 1691; x_wconf 90' lang='lat' dir='ltr'>est,</span> <span class='ocrx_word' id='word_1_548' title='bbox 1613 1658 1743 1684; x_wconf 84' lang='lat' dir='ltr'>tantam</span> <span class='ocrx_word' id='word_1_549' title='bbox 1762 1652 1945 1695; x_wconf 86' lang='lat' dir='ltr'>caliginem</span> <span class='ocrx_word' id='word_1_550' title='bbox 1970 1663 2040 1685; x_wconf 91' lang='lat' dir='ltr'>esse</span> <span class='ocrx_word' id='word_1_551' title='bbox 2066 1653 2192 1685; x_wconf 88' lang='lat' dir='ltr'>mentis</span> <span class='ocrx_word' id='word_1_552' title='bbox 2211 1650 2335 1684; x_wconf 82' lang='lat' dir='ltr'>huma-</span> 
     </span>
     <span class='ocr_line' id='line_1_82' title="bbox 1354 1702 2336 1745; baseline 0 -10"><span class='ocrx_word' id='word_1_553' title='bbox 1354 1715 1436 1741; x_wconf 87' lang='lat' dir='ltr'>nae,</span> <span class='ocrx_word' id='word_1_554' title='bbox 1463 1709 1501 1736; x_wconf 89' lang='lat' dir='ltr'>nt</span> <span class='ocrx_word' id='word_1_555' title='bbox 1524 1709 1640 1735; x_wconf 85' lang='lat' dir='ltr'>tamen</span> <span class='ocrx_word' id='word_1_556' title='bbox 1664 1702 1817 1735; x_wconf 87' lang='lat' dir='ltr'>assensio</span> <span class='ocrx_word' id='word_1_557' title='bbox 1842 1703 1943 1735; x_wconf 86' lang='lat' dir='ltr'>valde</span> <span class='ocrx_word' id='word_1_558' title='bbox 1961 1703 2125 1745; x_wconf 85' lang='lat' dir='ltr'>languida</span> <span class='ocrx_word' id='word_1_559' title='bbox 2141 1703 2202 1743; x_wconf 84' lang='lat' dir='ltr'>sit,</span> <span class='ocrx_word' id='word_1_560' title='bbox 2230 1709 2264 1736; x_wconf 85' lang='lat' dir='ltr'>et</span> <span class='ocrx_word' id='word_1_561' title='bbox 2282 1703 2336 1735; x_wconf 91' lang='lat' dir='ltr'>fa-</span> 
     </span>
     <span class='ocr_line' id='line_1_83' title="bbox 1355 1751 2336 1787; baseline -0.001 -1"><span class='ocrx_word' id='word_1_562' title='bbox 1355 1753 1418 1786; x_wconf 88' lang='lat' dir='ltr'>cile</span> <span class='ocrx_word' id='word_1_563' title='bbox 1440 1753 1642 1786; x_wconf 83' lang='lat' dir='ltr'>excutiatur.</span> <span class='ocrx_word' id='word_1_564' title='bbox 1715 1751 1799 1786; x_wconf 87' lang='lat' dir='ltr'>Ideo</span> <span class='ocrx_word' id='word_1_565' title='bbox 1825 1753 1920 1787; x_wconf 89' lang='lat' dir='ltr'>Deus</span> <span class='ocrx_word' id='word_1_566' title='bbox 1947 1754 2083 1786; x_wconf 84' lang='lat' dir='ltr'>addidit</span> <span class='ocrx_word' id='word_1_567' title='bbox 2106 1753 2192 1787; x_wconf 88' lang='lat' dir='ltr'>alias</span> <span class='ocrx_word' id='word_1_568' title='bbox 2220 1753 2336 1786; x_wconf 86' lang='lat' dir='ltr'>mani-</span> 
     </span>
     <span class='ocr_line' id='line_1_84' title="bbox 1355 1803 2337 1847; baseline 0 -11"><span class='ocrx_word' id='word_1_569' title='bbox 1355 1805 1457 1836; x_wconf 89' lang='lat' dir='ltr'>festas</span> <span class='ocrx_word' id='word_1_570' title='bbox 1479 1803 1725 1847; x_wconf 81' lang='lat' dir='ltr'>patefactiones</span> <span class='ocrx_word' id='word_1_571' title='bbox 1754 1810 1787 1836; x_wconf 85' lang='lat' dir='ltr'>et</span> <span class='ocrx_word' id='word_1_572' title='bbox 1811 1804 1991 1836; x_wconf 86' lang='lat' dir='ltr'>miracula.</span> <span class='ocrx_word' id='word_1_573' title='bbox 2042 1803 2181 1838; x_wconf 86' lang='lat' dir='ltr'>Horum</span> <span class='ocrx_word' id='word_1_574' title='bbox 2206 1804 2337 1846; x_wconf 85' lang='lat' dir='ltr'>cogita-</span> 
     </span>
     <span class='ocr_line' id='line_1_85' title="bbox 1356 1852 2063 1899; baseline 0 -11"><span class='ocrx_word' id='word_1_575' title='bbox 1356 1856 1485 1888; x_wconf 85' lang='lat' dir='ltr'>tionem</span> <span class='ocrx_word' id='word_1_576' title='bbox 1502 1854 1732 1896; x_wconf 81' lang='lat' dir='ltr'>adiungamus</span> <span class='ocrx_word' id='word_1_577' title='bbox 1750 1855 1792 1886; x_wconf 88' lang='lat' dir='ltr'>ad</span> <span class='ocrx_word' id='word_1_578' title='bbox 1810 1852 1894 1887; x_wconf 87' lang='lat' dir='ltr'>haec</span> <span class='ocrx_word' id='word_1_579' title='bbox 1910 1854 2063 1899; x_wconf 85' lang='lat' dir='ltr'>physica.</span> 
     </span>
    </p>

    <p class='ocr_par' dir='ltr' id='par_1_15' title="bbox 1355 1902 2338 2446">
     <span class='ocr_line' id='line_1_86' title="bbox 1455 1902 2337 1950; baseline -0.001 -12"><span class='ocrx_word' id='word_1_580' title='bbox 1455 1905 1557 1938; x_wconf 82' lang='lat' dir='ltr'>Nunc</span> <span class='ocrx_word' id='word_1_581' title='bbox 1574 1906 1616 1937; x_wconf 81' lang='lat' dir='ltr'>ad</span> <span class='ocrx_word' id='word_1_582' title='bbox 1635 1906 1738 1936; x_wconf 78' lang='lat' dir='ltr'>verba</span> <span class='ocrx_word' id='word_1_583' title='bbox 1757 1911 1870 1937; x_wconf 85' lang='lat' dir='ltr'>textus</span> <span class='ocrx_word' id='word_1_584' title='bbox 1895 1907 2011 1939; x_wconf 86' lang='lat' dir='ltr'>redeo.</span> <span class='ocrx_word' id='word_1_585' title='bbox 2066 1904 2229 1950; x_wconf 81' lang='lat' dir='ltr'>Syntaxis</span> <span class='ocrx_word' id='word_1_586' title='bbox 2255 1902 2337 1937; x_wconf 85' lang='lat' dir='ltr'>haec</span> 
     </span>
     <span class='ocr_line' id='line_1_87' title="bbox 1356 1953 2338 1999; baseline -0.003 -9"><span class='ocrx_word' id='word_1_587' title='bbox 1356 1963 1421 1990; x_wconf 89' lang='lat' dir='ltr'>est:</span> <span class='ocrx_word' id='word_1_588' title='bbox 1463 1955 1658 1988; x_wconf 78' lang='lat' dir='ltr'>Invisibilia</span> <span class='ocrx_word' id='word_1_589' title='bbox 1689 1953 1776 1995; x_wconf 83' lang='lat' dir='ltr'>Dei,</span> <span class='ocrx_word' id='word_1_590' title='bbox 1814 1955 1976 1988; x_wconf 77' lang='lat' dir='ltr'>videlicet</span> <span class='ocrx_word' id='word_1_591' title='bbox 2005 1961 2143 1988; x_wconf 85' lang='lat' dir='ltr'>aeterna</span> <span class='ocrx_word' id='word_1_592' title='bbox 2171 1956 2338 1999; x_wconf 88' lang='lat' dir='ltr'>potentia,</span> 
     </span>
     <span class='ocr_line' id='line_1_88' title="bbox 1355 2006 2338 2050; baseline -0.002 -10"><span class='ocrx_word' id='word_1_593' title='bbox 1355 2014 1387 2040; x_wconf 87' lang='lat' dir='ltr'>et</span> <span class='ocrx_word' id='word_1_594' title='bbox 1404 2007 1569 2039; x_wconf 83' lang='lat' dir='ltr'>divinitas</span> <span class='ocrx_word' id='word_1_595' title='bbox 1588 2006 1685 2048; x_wconf 64' lang='lat' dir='ltr'>eiu5,3</span> <span class='ocrx_word' id='word_1_596' title='bbox 1702 2006 1968 2047; x_wconf 87' lang='lat' dir='ltr'>conspiciuntur</span> <span class='ocrx_word' id='word_1_597' title='bbox 1984 2006 2026 2038; x_wconf 83' lang='lat' dir='ltr'>ab</span> <span class='ocrx_word' id='word_1_598' title='bbox 2043 2006 2182 2050; x_wconf 85' lang='lat' dir='ltr'>opificio</span> <span class='ocrx_word' id='word_1_599' title='bbox 2201 2006 2338 2045; x_wconf 72' lang='lat' dir='ltr'>mundi,</span> 
     </span>
     <span class='ocr_line' id='line_1_89' title="bbox 1355 2057 2337 2098; baseline -0.001 -8"><span class='ocrx_word' id='word_1_600' title='bbox 1355 2058 1595 2090; x_wconf 87' lang='lat' dir='ltr'>animadversa</span> <span class='ocrx_word' id='word_1_601' title='bbox 1612 2068 1651 2088; x_wconf 81' lang='lat' dir='ltr'>ex</span> <span class='ocrx_word' id='word_1_602' title='bbox 1669 2057 1851 2098; x_wconf 85' lang='lat' dir='ltr'>operibus,</span> <span class='ocrx_word' id='word_1_603' title='bbox 1872 2057 1905 2088; x_wconf 87' lang='lat' dir='ltr'>id</span> <span class='ocrx_word' id='word_1_604' title='bbox 1924 2063 1990 2096; x_wconf 86' lang='lat' dir='ltr'>est,</span> <span class='ocrx_word' id='word_1_605' title='bbox 2016 2069 2055 2089; x_wconf 86' lang='lat' dir='ltr'>ex</span> <span class='ocrx_word' id='word_1_606' title='bbox 2072 2057 2196 2089; x_wconf 90' lang='lat' dir='ltr'>ordine</span> <span class='ocrx_word' id='word_1_607' title='bbox 2214 2062 2247 2089; x_wconf 87' lang='lat' dir='ltr'>et</span> <span class='ocrx_word' id='word_1_608' title='bbox 2263 2063 2337 2089; x_wconf 90' lang='lat' dir='ltr'>arte</span> 
     </span>
     <span class='ocr_line' id='line_1_90' title="bbox 1356 2106 2337 2152; baseline -0.001 -12"><span class='ocrx_word' id='word_1_609' title='bbox 1356 2120 1514 2152; x_wconf 86' lang='lat' dir='ltr'>opernm.</span> <span class='ocrx_word' id='word_1_610' title='bbox 1568 2106 1655 2141; x_wconf 81' lang='lat' dir='ltr'>Cum</span> <span class='ocrx_word' id='word_1_611' title='bbox 1682 2112 1795 2138; x_wconf 87' lang='lat' dir='ltr'>autem</span> <span class='ocrx_word' id='word_1_612' title='bbox 1821 2107 1981 2140; x_wconf 86' lang='lat' dir='ltr'>nominat</span> <span class='ocrx_word' id='word_1_613' title='bbox 2003 2107 2242 2147; x_wconf 84' lang='lat' dir='ltr'>divinitatem,</span> <span class='ocrx_word' id='word_1_614' title='bbox 2279 2107 2337 2139; x_wconf 89' lang='lat' dir='ltr'>in-</span> 
     </span>
     <span class='ocr_line' id='line_1_91' title="bbox 1356 2157 2336 2201; baseline -0.002 -9"><span class='ocrx_word' id='word_1_615' title='bbox 1356 2159 1482 2201; x_wconf 87' lang='lat' dir='ltr'>telligit</span> <span class='ocrx_word' id='word_1_616' title='bbox 1499 2158 1602 2191; x_wconf 86' lang='lat' dir='ltr'>talem</span> <span class='ocrx_word' id='word_1_617' title='bbox 1621 2157 1826 2195; x_wconf 78' lang='lat' dir='ltr'>essentiam,</span> <span class='ocrx_word' id='word_1_618' title='bbox 1849 2158 2011 2191; x_wconf 80' lang='lat' dir='ltr'>videlicet</span> <span class='ocrx_word' id='word_1_619' title='bbox 2032 2165 2226 2198; x_wconf 83' lang='lat' dir='ltr'>aeternam,</span> <span class='ocrx_word' id='word_1_620' title='bbox 2254 2169 2336 2191; x_wconf 89' lang='lat' dir='ltr'>con-</span> 
     </span>
     <span class='ocr_line' id='line_1_92' title="bbox 1357 2208 2336 2252; baseline -0.003 -10"><span class='ocrx_word' id='word_1_621' title='bbox 1357 2209 1515 2242; x_wconf 88' lang='lat' dir='ltr'>ditricem</span> <span class='ocrx_word' id='word_1_622' title='bbox 1542 2220 1678 2248; x_wconf 87' lang='lat' dir='ltr'>rernm,</span> <span class='ocrx_word' id='word_1_623' title='bbox 1706 2208 2000 2251; x_wconf 87' lang='lat' dir='ltr'>omnipotentem,</span> <span class='ocrx_word' id='word_1_624' title='bbox 2036 2209 2248 2252; x_wconf 81' lang='lat' dir='ltr'>sapientem,</span> <span class='ocrx_word' id='word_1_625' title='bbox 2276 2218 2336 2239; x_wconf 89' lang='lat' dir='ltr'>ve-</span> 
     </span>
     <span class='ocr_line' id='line_1_93' title="bbox 1357 2257 2338 2300; baseline -0.004 -7"><span class='ocrx_word' id='word_1_626' title='bbox 1357 2272 1487 2300; x_wconf 88' lang='lat' dir='ltr'>racem,</span> <span class='ocrx_word' id='word_1_627' title='bbox 1514 2259 1662 2299; x_wconf 88' lang='lat' dir='ltr'>iustam,</span> <span class='ocrx_word' id='word_1_628' title='bbox 1690 2259 1837 2300; x_wconf 82' lang='lat' dir='ltr'>bonam,</span> <span class='ocrx_word' id='word_1_629' title='bbox 1866 2259 2076 2298; x_wconf 84' lang='lat' dir='ltr'>beneficam,</span> <span class='ocrx_word' id='word_1_630' title='bbox 2116 2264 2265 2295; x_wconf 86' lang='lat' dir='ltr'>castam,</span> <span class='ocrx_word' id='word_1_631' title='bbox 2294 2257 2338 2289; x_wconf 91' lang='lat' dir='ltr'>li-</span> 
     </span>
     <span class='ocr_line' id='line_1_94' title="bbox 1358 2308 2338 2351; baseline -0.005 -7"><span class='ocrx_word' id='word_1_632' title='bbox 1358 2312 1476 2344; x_wconf 85' lang='lat' dir='ltr'>beram</span> <span class='ocrx_word' id='word_1_633' title='bbox 1488 2337 1495 2351; x_wconf 97' lang='lat'>,</span> <span class='ocrx_word' id='word_1_634' title='bbox 1512 2310 1767 2344; x_wconf 87' lang='lat' dir='ltr'>discernentem</span> <span class='ocrx_word' id='word_1_635' title='bbox 1788 2316 1877 2343; x_wconf 87' lang='lat' dir='ltr'>recte</span> <span class='ocrx_word' id='word_1_636' title='bbox 1894 2310 1982 2342; x_wconf 84' lang='lat' dir='ltr'>facta</span> <span class='ocrx_word' id='word_1_637' title='bbox 2000 2315 2034 2342; x_wconf 89' lang='lat' dir='ltr'>et</span> <span class='ocrx_word' id='word_1_638' title='bbox 2048 2308 2194 2350; x_wconf 84' lang='lat' dir='ltr'>scelera,</span> <span class='ocrx_word' id='word_1_639' title='bbox 2222 2314 2255 2340; x_wconf 91' lang='lat' dir='ltr'>et</span> <span class='ocrx_word' id='word_1_640' title='bbox 2273 2319 2338 2350; x_wconf 90' lang='lat' dir='ltr'>pu-</span> 
     </span>
     <span class='ocr_line' id='line_1_95' title="bbox 1358 2358 2338 2402; baseline -0.005 -7"><span class='ocrx_word' id='word_1_641' title='bbox 1358 2363 1512 2395; x_wconf 86' lang='lat' dir='ltr'>nientem</span> <span class='ocrx_word' id='word_1_642' title='bbox 1535 2361 1671 2393; x_wconf 87' lang='lat' dir='ltr'>delicta.</span> <span class='ocrx_word' id='word_1_643' title='bbox 1725 2359 1848 2392; x_wconf 84' lang='lat' dir='ltr'>Talem</span> <span class='ocrx_word' id='word_1_644' title='bbox 1874 2359 2055 2393; x_wconf 87' lang='lat' dir='ltr'>essentiam</span> <span class='ocrx_word' id='word_1_645' title='bbox 2077 2358 2153 2392; x_wconf 89' lang='lat' dir='ltr'>vult</span> <span class='ocrx_word' id='word_1_646' title='bbox 2175 2358 2338 2402; x_wconf 84' lang='lat' dir='ltr'>intelligi,</span> 
     </span>
     <span class='ocr_line' id='line_1_96' title="bbox 1359 2411 1862 2446; baseline -0.008 0"><span class='ocrx_word' id='word_1_647' title='bbox 1359 2425 1438 2446; x_wconf 92' lang='lat' dir='ltr'>cum</span> <span class='ocrx_word' id='word_1_648' title='bbox 1453 2412 1613 2446; x_wconf 84' lang='lat' dir='ltr'>nominat</span> <span class='ocrx_word' id='word_1_649' title='bbox 1632 2411 1862 2444; x_wconf 79' lang='lat' dir='ltr'>divinitatem.</span> 
     </span>
    </p>

    <p class='ocr_par' dir='ltr' id='par_1_16' title="bbox 1358 2458 2339 2703">
     <span class='ocr_line' id='line_1_97' title="bbox 1458 2458 2336 2501; baseline -0.005 -5"><span class='ocrx_word' id='word_1_650' title='bbox 1458 2461 1512 2496; x_wconf 90' lang='lat' dir='ltr'>-Ac</span> <span class='ocrx_word' id='word_1_651' title='bbox 1535 2461 1798 2495; x_wconf 88' lang='lat' dir='ltr'>meminerimus</span> <span class='ocrx_word' id='word_1_652' title='bbox 1823 2458 1888 2493; x_wconf 87' lang='lat' dir='ltr'>hoc</span> <span class='ocrx_word' id='word_1_653' title='bbox 1912 2460 2010 2501; x_wconf 88' lang='lat' dir='ltr'>loco,</span> <span class='ocrx_word' id='word_1_654' title='bbox 2042 2460 2210 2494; x_wconf 86' lang='lat' dir='ltr'>noticiam</span> <span class='ocrx_word' id='word_1_655' title='bbox 2233 2465 2336 2493; x_wconf 88' lang='lat' dir='ltr'>natu-</span> 
     </span>
     <span class='ocr_line' id='line_1_98' title="bbox 1359 2511 2337 2553; baseline -0.005 -5"><span class='ocrx_word' id='word_1_656' title='bbox 1359 2515 1467 2548; x_wconf 89' lang='lat' dir='ltr'>ralem</span> <span class='ocrx_word' id='word_1_657' title='bbox 1495 2514 1538 2546; x_wconf 92' lang='lat' dir='ltr'>de</span> <span class='ocrx_word' id='word_1_658' title='bbox 1562 2512 1636 2546; x_wconf 91' lang='lat' dir='ltr'>Deo</span> <span class='ocrx_word' id='word_1_659' title='bbox 1664 2523 1736 2544; x_wconf 89' lang='lat' dir='ltr'>esse</span> <span class='ocrx_word' id='word_1_660' title='bbox 1767 2511 1850 2553; x_wconf 81' lang='lat' dir='ltr'>legis</span> <span class='ocrx_word' id='word_1_661' title='bbox 1873 2511 2059 2551; x_wconf 85' lang='lat' dir='ltr'>noticiam,</span> <span class='ocrx_word' id='word_1_662' title='bbox 2104 2518 2137 2544; x_wconf 91' lang='lat' dir='ltr'>et</span> <span class='ocrx_word' id='word_1_663' title='bbox 2159 2519 2232 2544; x_wconf 85' lang='lat' dir='ltr'>non</span> <span class='ocrx_word' id='word_1_664' title='bbox 2254 2521 2337 2553; x_wconf 85' lang='lat' dir='ltr'>pro-</span> 
     </span>
     <span class='ocr_line' id='line_1_99' title="bbox 1358 2560 2337 2605; baseline -0.006 -6"><span class='ocrx_word' id='word_1_665' title='bbox 1358 2565 1562 2599; x_wconf 84' lang='lat' dir='ltr'>missionem</span> <span class='ocrx_word' id='word_1_666' title='bbox 1589 2562 1846 2605; x_wconf 78' lang='lat' dir='ltr'>evangelicam,</span> <span class='ocrx_word' id='word_1_667' title='bbox 1887 2563 1929 2594; x_wconf 90' lang='lat' dir='ltr'>de</span> <span class='ocrx_word' id='word_1_668' title='bbox 1959 2562 2108 2605; x_wconf 84' lang='lat' dir='ltr'>gratuita</span> <span class='ocrx_word' id='word_1_669' title='bbox 2132 2560 2337 2594; x_wconf 84' lang='lat' dir='ltr'>remissione</span> 
     </span>
     <span class='ocr_line' id='line_1_100' title="bbox 1359 2609 2337 2660; baseline -0.006 -10"><span class='ocrx_word' id='word_1_670' title='bbox 1359 2623 1502 2660; x_wconf 88' lang='lat' dir='ltr'>propter</span> <span class='ocrx_word' id='word_1_671' title='bbox 1516 2614 1638 2648; x_wconf 85' lang='lat' dir='ltr'>filium.</span> <span class='ocrx_word' id='word_1_672' title='bbox 1691 2611 1779 2645; x_wconf 82' lang='lat' dir='ltr'>Nam</span> <span class='ocrx_word' id='word_1_673' title='bbox 1803 2609 1887 2645; x_wconf 87' lang='lat' dir='ltr'>haec</span> <span class='ocrx_word' id='word_1_674' title='bbox 1909 2613 2095 2656; x_wconf 87' lang='lat' dir='ltr'>promissio</span> <span class='ocrx_word' id='word_1_675' title='bbox 2115 2622 2337 2657; x_wconf 88' lang='lat' dir='ltr'>nequaquam</span> 
     </span>
     <span class='ocr_line' id='line_1_101' title="bbox 1360 2662 2339 2703; baseline -0.006 -3"><span class='ocrx_word' id='word_1_676' title='bbox 1360 2668 1464 2702; x_wconf 84' lang='lat' dir='ltr'>insita</span> <span class='ocrx_word' id='word_1_677' title='bbox 1493 2672 1542 2698; x_wconf 89' lang='lat' dir='ltr'>est</span> <span class='ocrx_word' id='word_1_678' title='bbox 1573 2664 1610 2696; x_wconf 91' lang='lat' dir='ltr'>in</span> <span class='ocrx_word' id='word_1_679' title='bbox 1641 2662 1814 2697; x_wconf 88' lang='lat' dir='ltr'>creatione</span> <span class='ocrx_word' id='word_1_680' title='bbox 1842 2664 2018 2698; x_wconf 88' lang='lat' dir='ltr'>mentibus</span> <span class='ocrx_word' id='word_1_681' title='bbox 2054 2662 2238 2703; x_wconf 84' lang='lat' dir='ltr'>humanis,</span> <span class='ocrx_word' id='word_1_682' title='bbox 2267 2662 2339 2700; x_wconf 21' lang='lat' dir='ltr'>*sed</span> 
     </span>
    </p>
   </div>
  </div>
 </body>
</html>
