2415 2942
89 103 138 140 57
499 101 580 138 XII.

91 203 110 223 a
129 188 299 232 Gregoria
315 187 600 221 Neocaesariensi
614 188 783 222 audierat.
835 185 941 221 Extat
958 192 1075 220 autem

90 238 195 274 huius
212 238 377 282 Gregorii
394 239 635 272 testimonium
656 238 878 282 perspicuum
904 239 947 270 de
962 238 1075 270 tribus

91 290 248 335 personis
279 289 475 323 divinitatis
511 290 571 324 lib.
601 288 634 324 7.
669 288 932 321 Ecclesiasticae
963 285 1075 320 histo-

91 342 179 374 riae:
207 339 308 374 Unus
320 340 434 381 Deus,
463 340 564 374 Pater
581 340 676 372 verbi
693 339 854 382 viventis,
883 338 1074 382 sapientiae

90 392 323 426 subsistentis.
378 390 477 424 Unus
492 390 603 423 Filius
628 390 740 432 imago
764 389 892 433 patriS,
926 390 1072 422 verbum

90 454 222 476 creans.
284 441 383 475 Unus
407 441 560 488 Spiritus
583 447 721 473 sanctus
746 452 785 472 ex
808 439 884 473 Deo
911 441 1073 473 substan-

91 495 173 527 tiam
201 491 350 533 liabens,
375 493 436 536 qui
461 503 522 534 per
542 490 668 524 Filium
687 491 865 535 apparuit,
892 502 953 534 per
970 502 1073 535 quem

90 545 189 578 Deus
222 554 325 586 super
355 542 474 574 omnia
507 541 746 584 cognoscitur,
791 541 1075 575 sanctificationis

91 606 203 628 causa.
258 592 422 625 Servetus
439 592 638 635 impudenti
662 592 860 632 mendacio,
886 593 1005 625 sucum
1021 592 1075 624 fa-

90 656 165 678 cere
179 642 331 676 indoctis
350 649 494 675 conatus
512 649 582 683 est,
608 655 685 675 cum
711 643 777 682 ait,
812 642 1075 676 Tertullianum

89 702 122 729 et
139 694 321 727 Irenaeum
341 693 455 726 dicere
468 689 581 740 λόγον
597 705 670 726 non
689 704 760 726 esse
776 705 970 737 personam.
1005 692 1075 726 Sed

88 752 138 779 est
168 743 492 778 manifestissimum
526 744 694 777 iniuriam
723 744 799 777 fieri
833 741 887 777 his
924 744 1076 777 laudatis

89 795 331 840 scriptoribus.

189 862 432 897 Tertullianus
449 863 615 896 adversus
631 861 800 896 Praxeam
818 862 945 896 diserte
962 869 1078 896 movet

89 913 181 948 hane
198 913 438 958 quaestionem
451 940 460 954 ‚
486 925 531 946 an
548 911 655 961 λόγος
670 914 714 947 sit
732 920 858 947 natura
875 914 1078 954 subsistens,

88 968 173 1004 seu,*
199 971 240 998 ut
263 976 359 997 nunc
383 964 550 1007 dicimus,
586 975 745 1008 persona.
807 963 852 997 Et
879 966 1077 1009 respondet,

87 1017 265 1050 affirmans
289 1027 360 1048 esse
381 1027 584 1059 personam,
615 1026 676 1048 seu
700 1011 925 1056 ὑπόστασιν,
959 1022 992 1049 et
1015 1015 1076 1048 diu

89 1065 172 1100 huic
189 1066 603 1104 materiaeimmoratur,
636 1078 674 1098 ac
697 1067 838 1099 tandem
862 1066 927 1099 ait:
959 1065 1077 1109 Quae-

33 1129 39 1133 ·
87 1129 226 1162 cunque
243 1128 323 1160 ergo
347 1118 542 1150 substantia
564 1117 737 1150 sermonis
763 1117 847 1158 fuit,
873 1117 969 1149 illam
998 1117 1076 1149 dico

87 1179 292 1213 personam,
318 1174 351 1201 et
369 1167 421 1200 illi
440 1179 570 1200 nomen
587 1167 650 1199 filii
668 1167 828 1202 vendico,

190 1237 354 1268 Irenaeus
386 1234 490 1267 etiam
515 1239 633 1278 aperte
660 1234 809 1267 affirmat
833 1230 946 1280 λόγον
970 1234 1076 1267 fuisse

88 1297 293 1331 personam,
336 1292 523 1329 antequam
562 1285 724 1318 assumsit
755 1291 917 1317 naturam
950 1282 1076 1317 huma-

87 1349 180 1370 nam.
231 1335 290 1369 Sic
316 1336 409 1368 euim
425 1336 472 1368 ait
489 1347 561 1378 cap.
581 1335 642 1370 20.
661 1336 724 1368 lib.
742 1335 793 1368 3.:
823 1332 977 1368 Ostenso
1001 1347 1075 1368 ma-

88 1387 232 1427 nifeste,
274 1387 369 1430 quod
402 1386 439 1418 in
468 1386 643 1430 principio
672 1382 778 1433 λόγος
806 1385 954 1418 existens
981 1387 1074 1428 apud

86 1436 221 1477 Deum,
247 1448 309 1480 per
325 1448 429 1481 quem
448 1437 567 1470 omnia
582 1437 670 1470 facta
686 1444 787 1477 sunt,
814 1436 874 1481 qui
892 1443 925 1470 et
939 1448 1076 1481 semper

87 1489 207 1521 aderat
227 1485 383 1521 humano
401 1488 531 1531 generi.
584 1486 689 1520 Hunc
715 1487 916 1520 novissimis
939 1494 1072 1531 tempo-

87 1540 187 1573 ribus
210 1539 402 1572 secundum
427 1538 652 1582 praefinitum
679 1545 815 1582 tempus
838 1550 857 1571 a
874 1545 972 1582 patre
993 1539 1075 1571 nui-

89 1597 163 1624 tum
186 1601 249 1623 suo
274 1590 452 1633 plasmati,
496 1589 697 1632 passibilem
730 1587 910 1622 hominem
932 1590 1075 1630 factum,

91 1641 196 1674 misit.
247 1639 345 1673 Haec
371 1639 505 1673 lrenaei
531 1641 637 1673 verba
662 1646 694 1672 et
718 1640 961 1674 testimouium
988 1641 1074 1674 utile

90 1691 293 1734 continent,
321 1697 355 1723 et
372 1690 568 1724 doctrinam
593 1691 660 1734 piis
677 1697 831 1733 gratam,
859 1692 953 1735 quod
977 1691 1076 1724 vide-

90 1742 172 1774 licet
196 1740 289 1773 filius
314 1741 385 1773 Dei
409 1741 491 1773 inde
512 1752 621 1785 usque
646 1741 690 1773 ab
714 1741 816 1774 initio
839 1742 991 1775 adsuerit
1006 1740 1074 1775 Ec-

91 1791 224 1831 clesiae,
249 1791 293 1824 sit
311 1791 385 1824 eius
401 1797 515 1824 custos
543 1798 575 1824 et
605 1798 845 1834 propugnator
861 1799 982 1838 cqntra
1000 1793 1074 1825 dia-

89 1842 224 1876 bolum.
276 1841 375 1874 Sicut
395 1842 499 1874 etiam
517 1841 554 1873 in
569 1841 720 1873 concilio
744 1842 876 1874 aeterni
894 1843 1002 1885 patris
1018 1843 1074 1875 in-

89 1899 257 1926 tercessor
273 1891 339 1925 fuit
358 1898 434 1935 post
453 1892 588 1935 lapsum
601 1889 720 1932 Adae,
742 1903 786 1924 ne
803 1893 986 1926 severitate
1005 1893 1076 1926 irae

89 1943 231 1975 divinae
263 1948 383 1976 contra
418 1948 597 1986 peccatum
631 1953 775 1986 prorsus
806 1943 936 1986 periret
966 1955 1075 1986 genus

88 1993 294 2027 humanum.

189 2058 369 2094 Hactenus
400 2060 631 2094 refutavimus
654 2059 937 2103 samosatenum,
979 2074 1073 2095 nunc

89 2112 132 2144 de
149 2110 238 2144 Ario
256 2112 423 2147 dicemus.
476 2111 509 2144 ls
535 2112 695 2146 concedit
720 2108 832 2160 λόγον
857 2125 930 2146 esse
955 2125 1073 2157 perso-

89 2173 191 2203 nam,
220 2163 279 2194 sed
302 2162 349 2196 ait
367 2168 559 2196 creaturam
584 2174 675 2204 esse,
704 2165 767 2196 etsi
788 2164 892 2207 longe
914 2164 1072 2197 omnium

90 2213 443 2257 praestantissimam,
470 2226 510 2246 ex
534 2211 649 2247 nihilo
684 2215 874 2249 conditam.
928 2212 973 2249 Et
991 2215 1072 2260 quia

87 2270 231 2308 apparet
248 2264 385 2309 aliquos
401 2264 519 2298 minus
536 2276 736 2298 succensere
753 2265 860 2306 Ario,
887 2265 1074 2309 diligenter

87 2315 256 2348 monendi
282 2323 364 2349 sunt
389 2315 462 2359 pii,
510 2316 572 2360 qui
595 2316 700 2350 fuerit
728 2317 936 2360 praecipuus
964 2323 1072 2350 status

88 2366 367 2405 controversiae,
395 2373 434 2400 ut
452 2372 527 2400 toto
546 2374 685 2410 pectore
702 2380 904 2400 execremur
918 2380 1071 2401 errorem

89 2416 186 2457 Arii,
215 2423 247 2450 et
272 2429 344 2450 non
364 2429 571 2462 quaeramus
588 2418 723 2451 fucosas
742 2419 998 2460 excusationes,
1025 2419 1071 2452 si-

89 2473 147 2501 cut
168 2468 229 2500 alii
251 2468 388 2501 dicunt:
431 2467 611 2511 Quorsum
636 2481 724 2513 opus
751 2476 801 2502 est
825 2470 1004 2514 disputare
1029 2472 1071 2503 de

89 2518 285 2560 vocabulis,
312 2520 449 2562 genitus
470 2520 533 2560 sit,
563 2532 607 2552 an
626 2521 798 2555 conditus.
852 2520 927 2554 Imo
954 2533 1071 2554 rerum

89 2568 316 2602 maximarum
335 2570 504 2603 dissensio
522 2571 605 2610 fuit,
632 2584 703 2605 non
722 2569 940 2619 λογολιιαχία.
982 2572 1070 2605 Nam

86 2616 196 2653 Arius
213 2622 444 2655 contendebat
468 2622 579 2656 filium
600 2634 673 2656 non
691 2634 763 2656 esse
780 2623 823 2655 de
843 2623 990 2657 essentia
1008 2636 1070 2668 pa-

86 2669 159 2705 tris.
212 2669 365 2706 Ecclesia
390 2673 512 2708 adorat
543 2673 654 2707 filium
685 2673 907 2717 unigenitum
938 2675 1070 2709 aeterni

642 99 939 138 ENARRATIO
968 100 1020 136 IN
1048 98 1230 137 EVANG.
1258 96 1472 137 lOANNlS.
1525 96 1629 134 CAP.
1657 99 1682 134 Ι.

1119 1155 1268 1181 aeterna
1302 1154 1335 1181 et
1367 1147 1619 1189 omnipotente.

2066 98 2116 132 58

1127 185 1252 229 patris,
1287 197 1326 219 ac
1349 185 1459 218 filium
1486 184 1651 228 intelligit
1676 191 1799 218 natura
1824 185 1955 225 filium,
1990 190 2113 216 natum

1127 237 1169 268 de
1186 236 1294 279 patris
1317 236 1457 269 aeterni
1479 236 1647 276 essentia,
1677 247 1736 268 seu
1762 235 1975 276 substantia,
2000 241 2040 267 ut
2061 235 2114 266 lo-

1126 287 1280 330 quimur.
1334 285 1412 319 Hoc
1428 286 1503 320 vult
1521 293 1552 320 et
1571 287 1792 332 symbolum,
1819 298 1897 319 cum
1917 292 2015 319 vocat
2033 297 2113 318 eum

1126 333 1339 380 ὖμοούσιον.

1229 386 1432 421 Recitemus
1455 387 1561 429 igitur
1590 387 1790 420 testimonia
1825 393 1944 420 contra
1974 386 2112 418 Arium.

1128 436 1250 470 Ioann.
1278 438 1326 470 1.:
1363 436 1411 470 Et
1438 437 1535 469 Deus
1558 444 1631 471 erat
1663 439 1831 477 verbum,
1873 436 1939 471 hoc
1970 443 2042 469 erat
2077 436 2113 468 in

1127 487 1304 533 principio
1336 488 1429 531 apud
1454 487 1588 528 Deum,
1639 488 1756 520 omnia
1790 500 1851 531 per
1887 489 2000 532 ipsum
2026 492 2113 519 facta

1127 545 1227 578 sunt,
1255 545 1287 572 et
1304 538 1379 570 sine
1397 538 1471 581 ipso
1488 538 1616 570 factum
1645 545 1692 571 est
1721 535 1830 577 nihil,
1866 540 1960 582 quod
1984 539 2114 570 factum

1128 598 1189 624 est.
1243 588 1387 622 Fatetur
1404 588 1511 621 Arius
1538 585 1648 635 λόγον
1666 600 1737 621 esse
1764 599 1967 631 personam,
2003 596 2035 621 et
2058 585 2115 620 hic

1129 642 1225 673 locus
1240 639 1391 673 affirmat
1417 651 1488 671 esse
1506 639 1642 679 Deum,
1669 646 1703 672 et
1728 650 1858 671 nomen
1885 638 1950 672 Dei
1974 638 2116 681 proprie

1128 691 1280 724 sumitur
1304 691 1347 723 de
1374 689 1520 723 essentia
1546 690 1783 733 intelligente,
1810 696 1971 729 aeterna,
1999 689 2116 721 omni-

1130 748 1282 786 potente.
1335 740 1387 774 Ac
1406 741 1560 785 profecto
1579 741 1666 773 mira
1683 752 1737 773 res
1754 746 1818 781 est,
1846 747 1879 773 et
1896 739 2117 784 suspicienda

1129 793 1302 830 narratio,
1330 793 1477 825 verbum
1495 790 1660 825 estDeus.
1698 790 1788 825 Nam
1806 797 1846 824 ut
1861 802 1966 835 supra
1981 790 2114 823 dictum

1130 851 1200 884 est,
1226 839 1334 891 λόγος
1350 842 1497 876 subiecti
1516 842 1592 875 loco
1620 842 1784 886 ponitur,
1811 849 1954 886 propter
1975 840 2116 874 articuli

1130 901 1292 928 naturam
1305 921 1314 934 ,
1339 894 1467 926 deinde
1494 893 1531 925 in
1549 893 1625 926 loco
1645 893 1834 937 praedicati
1852 893 1998 936 ponitur
2013 890 2117 925 Deus.

1131 945 1204 978 Iam
1223 945 1251 978 si
1273 944 1352 990 quis
1373 951 1504 978 attente
1519 944 1715 977 consideret
1731 941 1836 977 huius
1853 943 1938 977 dicti
1956 943 2118 976 maiesta-

1130 1003 1216 1029 tem:
1243 995 1289 1029 Et
1308 997 1456 1029 verbum
1480 1001 1553 1028 erat
1571 994 1683 1035 Deus,
1709 1006 1782 1027 uon
1810 994 1938 1038 poterit
1964 1005 2037 1027 non
2053 993 2118 1026 ob-

1129 1054 1346 1091 stupescere,
1374 1045 1529 1088 cogitans
1544 1043 1601 1077 hic
1618 1045 1768 1087 intelligi
1787 1057 1914 1078 nomeu
1932 1043 2017 1085 Dei,
2043 1055 2117 1077 non

1129 1095 1378 1141 metaphorice,
1406 1097 1464 1129 sed
1485 1096 1638 1139 proprie,
1667 1098 1709 1128 de
1726 1096 1872 1128 essentia
1888 1095 2119 1138 intelligente,

1681 1143 1769 1178 Erat
1799 1145 1906 1187 igitur
1936 1143 2020 1178 haec
2056 1145 2117 1177 de-

1129 1198 1273 1242 scriptio
1297 1197 1399 1230 valde
1422 1208 1531 1236 nova,
1570 1203 1603 1228 et
1627 1195 1835 1229 admiranda
1860 1195 2015 1236 Iudaeis,
2059 1196 2119 1228 sed

1130 1259 1278 1293 sequens
1317 1247 1474 1280 narratio
1512 1247 1694 1279 confirmat
1731 1244 1822 1279 hanc
1855 1246 2117 1290 interpretatio-

1130 1311 1224 1332 nem:
1262 1296 1395 1331 Omnia
1422 1309 1484 1341 per
1506 1297 1620 1341 ipsum
1645 1298 1733 1330 facta
1761 1304 1858 1338 sunt,
1888 1305 1920 1331 et
1943 1297 2018 1330 sine
2042 1297 2117 1341 ipso

1129 1351 1258 1384 factum
1281 1346 1460 1388 estnihil,
1489 1349 1582 1392 quod
1606 1349 1736 1381 factum
1759 1355 1820 1382 est.
1876 1347 1971 1381 Haec
1988 1348 2118 1381 descri-

1131 1402 1202 1445 ptio
1220 1400 1311 1434 nulli
1329 1399 1512 1439 convenit,
1539 1399 1606 1431 nisi
1631 1399 1798 1432 essentiae
1815 1399 1956 1432 divinae
1973 1399 2117 1434 creanti.

1129 1452 1200 1485 Iam
1219 1452 1248 1484 si
1266 1451 1357 1483 filius
1375 1458 1424 1483 est
1444 1451 1585 1494 proprie
1605 1448 1716 1490 Deus,
1745 1458 1777 1483 et
1799 1457 1953 1490 creator,
1981 1461 2117 1483 necesse

1129 1511 1177 1537 est
1194 1514 1273 1535 eum
1289 1504 1331 1535 de
1351 1502 1497 1535 essentia
1516 1501 1623 1544 patris
1639 1513 1720 1533 esse.
1755 1500 1852 1534 ldem
1868 1501 2023 1534 efficiunt
2039 1512 2117 1534 cae-

1128 1560 1222 1588 terae
1248 1553 1442 1586 sententiae
1465 1563 1554 1597 quae
1578 1558 1750 1585 testantur
1774 1564 1835 1596 per
1860 1552 1970 1585 filium
1997 1551 2117 1585 omnia

1129 1604 1270 1638 condita
1289 1614 1360 1637 esse
1377 1611 1409 1637 et
1426 1603 1637 1642 conservari,
1655 1603 1817 1636 tribuunt
1839 1603 1933 1635 enim
1951 1603 1982 1635 ei
2002 1602 2119 1636 omni-

1128 1655 1321 1700 potentiam
1333 1682 1342 1696 ,
1369 1666 1458 1699 quae
1475 1661 1523 1687 est
1539 1653 1706 1687 essentiae
1724 1653 1876 1686 divinae.

1230 1704 1366 1739 Eodem
1398 1705 1548 1748 pertinet
1572 1704 1704 1737 dictum
1728 1702 1814 1737 Ebr.
1841 1705 1887 1739 1.:
1923 1703 1995 1739 Ubi
2023 1704 2117 1738 filius

1129 1757 1260 1791 dicitur
1283 1756 1400 1799 fulgor
1421 1756 1570 1799 gloriae,
1597 1761 1629 1788 et
1657 1755 1769 1798 imago
1792 1756 2009 1789 substantiae
2030 1756 2117 1796 eius,

1128 1810 1244 1842 ferens
1275 1807 1395 1840 omnia
1420 1807 1527 1839 verbo
1560 1806 1736 1850 potentiae
1770 1818 1860 1840 suae.
1924 1806 2005 1839 Nou
2030 1814 2117 1840 esset

1130 1859 1221 1891 filius
1238 1858 1353 1901 imago
1371 1857 1585 1891 substantiae
1610 1857 1770 1895 divinae,
1798 1858 1826 1889 si
1844 1857 1912 1890 alia
1928 1864 2015 1890 esset
2033 1858 2117 1890 sub-

1129 1909 1273 1949 stantia,
1306 1909 1365 1942 sed
1381 1920 1425 1941 ne
1441 1908 1505 1941 sim
1523 1907 1711 1952 prolixior,
1738 1920 1815 1940 cum
1840 1908 1991 1942 fateatur
2009 1905 2117 1941 Arius

1129 1958 1241 2006 λόγον
1267 1971 1339 1992 esse
1363 1971 1567 2004 personam,
1597 1959 1678 1991 satis
1704 1958 1867 1991 convinci
1891 1965 2003 2003 potest
2025 1970 2063 1991 ex
2085 1960 2116 1993 1.

1129 2011 1240 2054 capite
1258 2011 1419 2050 Ioannis,
1445 2011 1539 2055 quod
1558 2009 1602 2043 sit
1618 2016 1742 2043 natura
1759 2008 1866 2045 Deus.
1919 2008 2038 2052 Quare
2055 2021 2118 2042 ne-

1129 2073 1220 2095 cesse
1239 2069 1288 2095 est
1309 2062 1456 2100 sentire,
1485 2062 1578 2106 quod
1603 2060 1694 2093 filius
1712 2061 1755 2093 sit
1773 2061 1815 2093 de
1832 2060 1978 2093 essentia
1998 2061 2116 2104 patris,

1128 2119 1160 2146 et
1177 2125 1250 2145 non
1269 2112 1312 2146 sit
1331 2125 1370 2146 ex
1387 2110 1501 2145 nihilo
1520 2112 1645 2145 editus.
1699 2111 1805 2154 Quod
1831 2122 1913 2144 vero
1937 2111 1981 2145 sit
1999 2111 2117 2144 omni-

1127 2170 1271 2207 potens,
1312 2164 1423 2196 multa
1460 2163 1650 2196 clarissima
1689 2162 1889 2196 testimonia
1933 2168 2116 2200 testantur,

1129 2226 1192 2248 nec
1209 2222 1320 2259 potest
1344 2214 1454 2248 tribui
1480 2213 1736 2257 omnipotentia
1762 2219 1907 2245 naturae
1930 2213 1995 2245 ulli
2020 2220 2114 2246 extra

1127 2266 1298 2299 divinam.
1348 2264 1445 2298 Haec
1461 2265 1613 2297 breviter
1628 2263 1737 2296 adieci
1759 2264 1802 2296 ad
1827 2263 1980 2307 primum
2002 2270 2117 2307 caput,

1127 2324 1165 2350 ut
1196 2324 1363 2351 testemur
1396 2327 1461 2349 nos
1493 2315 1691 2359 improbare
1723 2314 1847 2347 deliria
1881 2312 2114 2355 Samosateni,

1127 2368 1225 2408 Arii,
1261 2375 1294 2401 et
1318 2367 1464 2406 similia,
1506 2373 1538 2399 et
1561 2366 1669 2398 lector
1691 2365 1878 2408 diligenter
1904 2365 2114 2405 consideret,

1127 2431 1215 2464 quae
1247 2419 1354 2452 fuerit
1390 2424 1556 2461 perpetua
1591 2427 1691 2448 verae
1722 2413 1899 2449 Ecclesiae
1931 2417 2115 2456 sententia,

1126 2482 1230 2515 quam
1255 2477 1287 2503 et
1312 2480 1376 2502 uos
1401 2468 1550 2500 fideliter
1575 2466 1725 2500 retinere
1747 2467 1939 2500 studemus,
2001 2466 2115 2500 Multa

1126 2521 1193 2554 alia
1220 2520 1344 2553 deliria
1371 2530 1487 2563 sparsa
1512 2524 1594 2551 sunt
1616 2524 1737 2551 contra
1764 2517 1960 2550 doctrinam
1979 2519 2021 2551 de
2036 2518 2116 2551 Deo

1125 2572 1309 2610 traditam,
1346 2582 1407 2614 per
1428 2566 1625 2613 Prophetas
1649 2575 1680 2601 et
1707 2566 1917 2612 Apostolos,
1945 2575 1983 2602 ut
1998 2568 2117 2601 Mani-

1125 2620 1221 2656 chaei
1239 2623 1416 2655 finxerunt
1429 2621 1518 2653 duos
1535 2618 1647 2659 Deos,
1674 2620 1809 2652 bonum
1828 2626 1859 2652 et
1878 2620 2029 2659 malum,
2057 2630 2116 2652 scu

1128 2674 1247 2707 lumen
1274 2680 1307 2707 et
1330 2671 1511 2712 tenebras,
1553 2670 1816 2711 dissentientes,
1851 2670 1981 2714 pariter
2004 2676 2117 2704 aeter-
