2415 2942
108 101 206 138 1229

104 198 240 231 semper
264 187 420 221 dubitate.
444 188 590 232 debeat,
633 201 677 222 an
700 189 745 223 sit
767 189 803 222 in
828 190 959 233 gratia,
995 191 1091 235 quod
1115 187 1120 245 l

103 238 233 271 mortui
254 236 414 271 homiues
432 239 501 273 sint
520 240 730 281 invocandi,
756 242 850 285 quod
876 253 937 285 per
964 241 1090 275 Missas

102 289 298 322 liberentur
316 290 454 323 animae
471 302 511 323 ex
527 291 747 334 purgatorio,
774 293 867 335 quod
888 304 990 325 nemo
1006 304 1088 336 pos-

102 340 147 373 sit
171 351 242 372 esse
265 339 460 384 Episcopus
479 341 545 374 nisi
564 354 581 374 a
600 341 693 385 Papa
710 341 955 383 confirmatus,
990 344 1083 388 quod

100 389 195 434 Papa
213 388 338 425 habeat
356 399 532 436 utrunque
548 392 721 435 gladium,
751 394 844 437 quod
865 401 941 427 vota
961 406 1084 427 mona-

100 439 247 475 chorum
279 443 349 475 sint
380 443 545 487 perfectio
577 440 791 477 Christiana.
848 442 935 477 Item
959 445 1082 478 deliria

98 493 371 535 anabaptistica,
397 494 491 538 quod
510 493 702 526 necessaria
725 493 960 528 sitPlatonica
984 507 1080 528 com-

98 543 220 576 muuio
243 543 468 584 facultatum,
496 545 589 588 quod
606 544 676 577 sint
697 557 751 578 res
775 545 918 579 illicitae
941 557 1004 579 suo
1021 558 1079 589 ge-

95 606 179 627 nere
205 595 419 635 iuramenta,
446 595 591 633 iudicia,
626 606 744 638 gerere
765 597 1003 640 magistratus,
1029 597 1078 629 le-

95 645 215 687 gitima
242 646 389 686 militia,
420 646 534 679 dicere
558 657 678 679 causas
700 647 737 679 in
763 647 857 688 foro,
885 649 979 692 quod
1005 660 1076 681 non

93 696 195 728 liceat
222 697 270 728 uti
297 696 372 730 iure
395 695 579 735 Romano,
612 698 706 742 quod
732 698 815 731 solis
836 699 1076 732 sacerdotibus

91 747 302 780 tribuendae
331 747 400 780 siut
433 747 599 782 decimae.
658 747 782 782 Postea
815 750 939 792 ingens
970 747 1075 783 chaos

90 798 158 831 fuit
179 798 409 831 traditionum
433 798 752 841 superstitiosarum
778 800 1073 834 inextricabilium

90 849 227 891 pavidis
243 849 484 888 conscientiis,
511 850 554 882 de
575 851 839 884 enumeratione
865 851 1072 885 delictorum

90 900 127 932 iu
153 899 286 943 privata
313 899 550 939 consessione,
598 902 640 933 de
671 902 987 940 satisfactionibus,
1030 903 1073 936 de

89 950 336 992 indulgentiis,
353 951 396 982 de
416 948 657 993 prohibitione
675 953 847 998 coniugii,
871 954 915 986 de
930 953 1072 987 ieiuniis

86 1007 118 1034 et
136 1001 214 1033 aliis
231 1001 378 1034 infinitis
396 1002 716 1044 superstitionibus.

186 1050 288 1084 Talia
305 1053 461 1095 exempla
481 1053 664 1092 cogitanda
687 1061 787 1093 sunt,
814 1061 853 1089 ut
870 1055 1070 1088 considere-

84 1113 182 1142 mus,
208 1115 317 1147 quare
340 1103 493 1136 dicatur:
522 1102 667 1137 Habitet
689 1105 724 1138 in
750 1106 849 1138 vobis
865 1118 978 1139 sermo
998 1106 1068 1140 Dei

85 1165 164 1187 curn
196 1154 389 1198 sapientia,
428 1152 494 1187 hoc
518 1161 586 1195 est,
626 1156 671 1190 sit
703 1168 784 1189 vera
818 1157 1000 1200 diligentia
1031 1158 1067 1191 in

84 1204 271 1245 discendo,
298 1211 390 1238 recte
417 1205 679 1248 distinguantur
703 1209 860 1241 membra
886 1209 1068 1242 doctrinae

84 1262 117 1289 et
142 1255 283 1289 collatio
311 1256 464 1289 illustret
494 1257 692 1297 veritatem,
735 1270 807 1291 non
839 1260 882 1292 sit
908 1260 1066 1293 recitatio

82 1306 192 1340 otiosa
221 1304 469 1354 βαττολογία,
511 1314 544 1341 et
569 1309 713 1342 omuino
737 1316 985 1343 removeantur
1009 1322 1068 1343 so-

80 1355 250 1401 phisticae
267 1358 473 1401 praestigiae
490 1359 649 1392 omnium
670 1357 937 1396 haereticorum.
987 1360 1066 1394 Non

79 1415 194 1452 potest
219 1416 335 1442 autem
363 1409 534 1442 rectitudo
558 1410 678 1443 iudicii
702 1411 847 1444 retineri
879 1412 953 1444 sine
983 1423 1065 1445 cura

79 1459 260 1500 discendi,
288 1466 321 1493 et
338 1460 413 1492 sine
431 1459 654 1493 invocatione
675 1460 762 1502 Dei,
791 1474 898 1506 quare
915 1469 947 1496 et
965 1461 1065 1495 Psal-

79 1520 137 1543 mo
164 1510 223 1545 46.
257 1511 390 1544 dictum
421 1517 489 1544 est:
532 1510 671 1545 Psallite
703 1513 890 1556 sapienter.
947 1512 993 1546 Et
1021 1514 1065 1546 de

78 1561 280 1604 precatione
304 1561 451 1601 dicitur,
479 1561 619 1595 Psalmo
640 1564 736 1597 118.:
766 1563 835 1597 Fac
859 1576 938 1597 cum
964 1575 1064 1597 servo

79 1617 142 1644 tuo
164 1612 357 1644 secundum
388 1611 664 1646 misericordiam
688 1621 803 1655 tuam,
842 1621 876 1648 et
898 1614 1064 1648 iustifica-

78 1661 193 1696 tiones
221 1668 297 1695 tuas
324 1663 410 1694 doce
437 1674 504 1698 me.

181 1711 222 1745 In
241 1713 363 1745 eodem
388 1713 497 1756 capite
523 1713 726 1747 continetur
750 1721 782 1748 et
806 1711 891 1747 haec
915 1714 1063 1756 insignis

77 1763 268 1797 sententia:
287 1764 438 1797 Dilectio
455 1770 505 1797 est
522 1765 702 1798 vinculum
722 1765 956 1808 perfectionis,
994 1764 1062 1799 Hie

76 1814 186 1859 aliqui
203 1815 332 1847 otiosas
348 1815 603 1859 disputationes
619 1816 662 1848 de
680 1816 892 1859 perfectione
908 1823 1062 1858 movent,

75 1877 155 1900 cum
175 1865 401 1908 grammatica
424 1866 608 1913 explicatio
633 1867 676 1900 sit
703 1867 820 1910 plana.

177 1916 350 1951 Perfectio
373 1917 543 1960 significat
562 1915 619 1951 hic
639 1918 976 1961 coagmentationem
990 1946 999 1960 ‚
1021 1925 1061 1953 ut

73 1967 112 2000 in
136 1968 293 2001 aedificio
320 1968 529 2002 coniunctae
548 1975 579 2002 et
601 1975 861 2012 coagmentatae
883 1977 963 2003 sunt
989 1977 1060 2004 tra-

72 2019 152 2059 bes,
188 2031 261 2052 non
288 2019 466 2057 divulsae,
508 2032 581 2052 non
609 2032 785 2058 excussae,
821 2032 893 2053 non
927 2021 1060 2055 corruit

72 2082 173 2113 opus,
225 2071 276 2102 De
304 2067 367 2103 hac
392 2071 621 2113 perfectione,
650 2068 715 2103 hoc
742 2078 809 2111 est,
839 2079 1060 2114 coagmenta-

71 2121 168 2155 tione
188 2118 245 2153 hic
262 2121 438 2165 loquitur,
465 2133 532 2165 qua
551 2119 712 2155 cohaeret
730 2134 856 2165 corpus
873 2121 1060 2163 Ecclesiae,

72 2179 271 2215 congruunt
296 2172 389 2204 firmi
415 2179 448 2205 et
471 2171 621 2211 infirmi,
663 2174 758 2205 docti
782 2180 931 2207 utuntur
954 2173 1061 2207 ἐπιει-

71 2220 151 2268 κείᾳ
179 2234 257 2265 erga
291 2223 452 2256 rudiores
482 2224 631 2256 dociles:
676 2222 793 2257 Huius
814 2225 1059 2267 perfectionis,

70 2274 107 2306 id
127 2280 194 2314 est,
222 2274 484 2307 coniunctionis
506 2274 687 2307 vinculum
705 2281 754 2307 est
771 2275 933 2313 dilectio,
962 2282 998 2308 ut
1019 2275 1057 2308 in

70 2324 201 2359 Senatu
215 2349 223 2363 ‚
260 2325 396 2358 etiamsi
413 2326 554 2370 quando
574 2325 785 2358 dissentiunt
803 2325 922 2370 Scipio
940 2334 972 2360 et
991 2325 1058 2359 Fa-

68 2376 168 2415 bius,
208 2383 324 2409 tamen
355 2388 428 2409 non
454 2377 567 2409 oritur
593 2376 675 2408 inde
701 2377 880 2410 distractio
902 2376 1055 2421 Reipub.

70 2425 162 2469 Quia
181 2439 258 2459 cum
279 2427 329 2459 illi
349 2427 440 2460 idem
461 2434 633 2471 spectent,
663 2425 728 2460 hoc
746 2434 814 2466 est,
842 2429 884 2460 ad
904 2430 1054 2461 eundem

68 2477 299 2522 principalem
323 2478 426 2511 finem
454 2479 622 2521 tendant,
650 2485 688 2511 ut
707 2478 801 2511 salva
821 2478 863 2511 sit
878 2477 1056 2522 Respub.‚

68 2540 147 2561 cum
170 2529 240 2562 siut
265 2529 385 2569 amici,
425 2530 512 2562 alter
536 2529 634 2562 alteri
665 2529 764 2562 cedit.
827 2528 877 2561 lta
901 2530 1054 2564 amicitia

67 2579 223 2623 ipsorum
249 2579 429 2612 vinculum
450 2587 498 2613 est
517 2580 725 2613 concordiae
752 2579 905 2623 imperii.

65 2637 118 2664 tra
146 2629 284 2664 Marius
309 2638 342 2663 et
365 2630 462 2676 Sylla
491 2643 553 2664 nec
577 2632 619 2664 ad
640 2643 750 2663 unum
770 2631 871 2663 finem
891 2632 1054 2672 tendunt,

65 2693 129 2715 nec
152 2687 234 2715 sunt
257 2681 371 2716 amici.
424 2681 507 2716 Ideo
531 2682 724 2716 dilacerant
744 2680 1027 2726 Rempublicam.

572 100 938 139 ARGUMENTUM
971 98 1262 139 EPISTOLAE.
1289 100 1645 143 COLOSSENSES.

957 2579 1051 2613 Con·
1079 2602 1083 2638 .

2042 112 2138 148 1230

1246 187 1305 222 Sic
1334 189 1371 222 in
1400 187 1555 223 Ecclesia
1583 191 1676 226 docti
1710 203 1748 226 ac
1775 193 1861 227 boni
1888 194 2029 230 iudiciis
2062 197 2128 229 ali-

1143 240 1286 282 quando
1303 240 1527 282 dissentiunt,
1546 248 1578 275 et
1596 250 1712 276 tamen
1729 244 1816 279 alter
1833 245 1982 280 alterum
2000 247 2125 282 tolerat

1142 295 1175 321 et
1199 290 1308 324 audit.
1361 290 1430 324 Sed
1456 294 1598 336 quando
1627 301 1761 329 mentes
1785 304 1866 331 sunt
1898 298 2124 340 exulceratae,

1139 344 1223 372 tunc
1242 340 1345 372 etiam
1370 348 1461 374 recte
1484 343 1576 377 dicta
1602 345 1712 378 livore
1738 352 1768 379 et
1795 348 2041 383 malevolentia
2059 350 2121 382 de-

1138 397 1341 432 pravantur.
1393 391 1516 426 Postea
1537 396 1718 439 quaeritur
1737 404 1951 440 praetextus,
1979 400 2120 444 quaeri-

1137 447 1195 473 tur
1217 441 1349 486 ubique
1370 443 1508 475 rixandi
1535 447 1691 490 occasio,
1719 447 1808 481 sicut
1824 447 1967 483 Salomo
1986 451 2117 496 inquit:

1136 489 1209 533 Qui
1234 492 1308 525 vult
1333 492 1491 526 deserere
1516 496 1684 537 amicum,
1725 499 1861 542 quaerit
1886 501 2116 538 occasionem.

1133 539 1228 575 Haec
1253 554 1325 575 non
1350 544 1512 578 accidunt
1530 547 1590 579 ubi
1610 554 1659 580 est
1678 549 1829 582 dilectio.
1885 549 1968 584 Ideo
1983 551 2116 585 Paulus

1133 592 1291 627 nominat
1317 593 1542 628 dilectionem
1563 596 1755 632 Vinculum
1778 600 2021 643 perfectionis,
2048 599 2116 636 hoc

1132 649 1200 682 est,
1228 645 1425 678 communis
1442 648 1661 684 concordiae.
1715 648 1767 682 Ac
1792 662 1864 683 non
1888 651 2046 696 loquitur
2069 654 2113 686 de

1133 694 1346 738 perfectione
1372 695 1508 740 privata
1531 698 1640 731 ullius
1665 711 1852 742 personae,
1880 703 1941 734 sed
1959 703 2001 736 de
2020 703 2113 737 inte-

1129 745 1253 788 gritate
1279 746 1437 780 universi
1465 750 1623 792 corporis
1642 748 1831 784 Ecclesiae.

1231 796 1419 830 Caeterum
1451 799 1658 834 observetur
1684 812 1767 834 usus
1803 803 1963 837 vocabuli
1992 802 2112 837 Perfe-

1128 852 1213 881 ctus.
1255 848 1354 881 Alibi
1373 849 1564 893 persectum
1581 852 1711 885 dicitur
1728 853 1938 895 substantia,
1962 861 2002 888 ut
2020 853 2112 888 Pue-

1126 908 1204 930 rum
1232 898 1382 932 dicimus
1406 901 1596 944 perfectum
1616 900 1817 944 hominem,
1844 902 1910 938 hoc
1929 911 2000 944 est,
2025 906 2107 939 sub-

1126 949 1264 984 stantia.
1308 949 1405 984 Alibi
1424 952 1615 995 perfectum
1641 954 1837 999 quantitate
1855 966 1915 989 seu
1933 956 2111 999 gradibus,

1126 1005 1164 1032 ut
1183 1011 1261 1032 cum
1280 1001 1448 1034 dicimus:
1485 1003 1596 1037 Nemo
1614 1002 1718 1038 habet
1735 1006 1922 1048 perfectam
1941 1007 2111 1040 obedien-

1123 1050 1208 1084 tiam
1237 1051 1334 1085 iuxta
1362 1052 1474 1096 legem
1502 1052 1589 1097 Dei,
1628 1054 1804 1101 Loquitur
1827 1057 1871 1090 de
1896 1058 2111 1102 perfectione

1122 1101 1307 1144 graduum.

1222 1152 1355 1188 Paulus
1377 1155 1499 1188 eodem
1523 1156 1668 1189 nomine
1689 1158 1879 1202 dupliciter
1895 1160 2007 1194 utitur
2024 1158 2110 1193 Phi-

1123 1203 1300 1248 lippenses
1315 1206 1429 1240 tertio.
1483 1205 1554 1248 Qui
1574 1209 1720 1251 perfecti
1739 1221 1878 1254 sumus,
1911 1211 2012 1244 aliter
2028 1223 2108 1245 sen-

1121 1255 1260 1289 tiamus.
1314 1255 1382 1290 Hic
1401 1259 1563 1291 nominat
1582 1260 1770 1302 perfectos,
1790 1261 1982 1296 retinentes
2002 1263 2107 1295 fidem

1121 1312 1153 1338 et
1189 1306 1318 1339 bonam
1353 1308 1603 1342 conscientiam
1638 1310 1713 1343 sine
1742 1313 1971 1355 corruptelis,
2011 1314 2107 1357 quod

1120 1357 1346 1391 nominamus
1364 1357 1560 1392 Perfectum
1587 1361 1794 1395 substantia.
1847 1362 1906 1396 Sic
1929 1364 1971 1395 ad
1989 1362 2108 1397 Abra-

1120 1404 1200 1439 ham
1218 1408 1366 1441 dicitur:
1392 1407 1478 1442 Esto
1499 1410 1680 1453 perfectus.
1734 1412 1860 1446 Postea
1877 1414 1993 1459 inquit
2013 1413 2106 1447 Pau-

1119 1457 1174 1490 lus
1196 1469 1231 1490 se
1255 1471 1328 1491 non
1353 1461 1544 1503 perfectum
1570 1473 1659 1502 esse,
1689 1460 1757 1496 hoc
1780 1471 1850 1504 est,
1877 1477 1950 1497 non
1976 1463 2104 1498 habere

1119 1520 1154 1541 se
1176 1521 1298 1541 omnes
1325 1512 1452 1553 gradus
1477 1511 1717 1552 obedientiae,
1753 1515 1850 1559 quod
1875 1516 2103 1549 nominamus

1119 1559 1310 1603 perfectum
1335 1562 1512 1603 gradihus.

1220 1609 1331 1654 Saepe
1361 1613 1553 1656 perfectum
1587 1614 1756 1658 significat
1787 1616 1879 1649 idem
1905 1619 1998 1663 quod
2029 1630 2103 1652 non

1116 1659 1340 1703 simulatum,
1359 1671 1396 1697 ut
1413 1661 1574 1697 Clu-istus
1590 1666 1722 1711 inquit:
1749 1666 1930 1702 Gaudium
1948 1677 2103 1704 vestrum

1117 1711 1161 1744 sit
1183 1712 1394 1755 perfectum,
1422 1712 1487 1748 hoc
1504 1721 1571 1756 est,
1598 1729 1669 1749 non
1687 1717 1910 1759 simulatum,
1939 1732 2011 1753 non
2035 1718 2103 1766 hy-

1116 1763 1323 1806 pocriticum
1335 1791 1345 1805 ‚
1371 1763 1467 1798 Deus
1485 1779 1568 1799 voce
1585 1766 1792 1811 Evangelii,
1822 1769 1958 1814 Spiritu
1974 1772 2101 1812 {sancto

1115 1813 1164 1846 sic
1187 1815 1389 1848 consolatur
1417 1828 1498 1858 nos,
1531 1825 1569 1851 ut
1594 1818 1725 1852 laetitia
1746 1819 1783 1852 in
1802 1823 1906 1854 corde
1930 1823 2101 1856 sentiatur

1116 1871 1148 1898 et
1175 1865 1246 1898 vita
1272 1867 1487 1903 restituatur.
1539 1866 1811 1914 philosophicae
1843 1873 2101 1907 consolationes

1115 1927 1189 1949 non
1209 1917 1373 1951 adferunt
1398 1919 1504 1952 vitam
1531 1926 1563 1953 et
1592 1921 1760 1955 laetitiam
1792 1923 1918 1958 cordis.
1972 1923 2030 1958 Sic
2068 1932 2101 1959 et

1115 1966 1238 2000 Petrus
1265 1968 1394 2013 inquit:
1424 1969 1579 2004 Perfecte
1602 1978 1758 2016 sperate,
1785 1970 1852 2007 hoc
1867 1981 1938 2016 est,
1965 1987 2038 2009 non
2055 1976 2099 2010 sit

1113 2029 1192 2062 spes
1217 2018 1393 2053 simulata.

1219 2068 1258 2102 ln
1275 2071 1368 2104 dicto
1385 2069 1537 2105 Christi:
1565 2072 1603 2106 Si
1622 2073 1674 2106 vis
1691 2075 1863 2118 perfectus
1880 2088 1970 2115 esse,
1998 2079 2099 2119 vade,

1115 2120 1227 2152 vende
1251 2122 1370 2155 omnia
1396 2129 1478 2164 etc.‚
1514 2130 1546 2157 et
1570 2135 1715 2169 sequere
1743 2138 1814 2167 me,
1841 2128 2096 2171 simplicissima

1114 2173 1287 2205 enarratio
1322 2180 1390 2214 est,
1423 2175 1647 2218 interpretari
1683 2177 1898 2219 perfectum,
1932 2191 1995 2222 pro
2025 2192 2097 2212 non

1113 2222 1293 2264 simulate,
1314 2235 1386 2257 non
1407 2222 1633 2269 hypocritice.
1674 2226 1764 2260 Cum
1784 2229 1877 2260 enim
1896 2230 2098 2264 adolescens

1112 2273 1281 2315 gloriatus
1307 2283 1392 2309 esset
1421 2288 1456 2309 se
1480 2277 1648 2310 mandato
1664 2276 1739 2311 Deo
1762 2279 1983 2321 satisfecisse,
2013 2282 2098 2315 sub-

1113 2324 1186 2357 iicit
1205 2324 1396 2365 Dominus,
1424 2334 1463 2360 ut
1489 2334 1619 2370 retegat
1645 2326 1848 2374 hypocrisin
1872 2331 1963 2364 eius:
1991 2331 2098 2375 Ergo,

1113 2381 1150 2409 ut
1175 2378 1338 2409 ostendas
1359 2385 1392 2410 te
1413 2379 1577 2411 mandata
1605 2391 1677 2411 non
1702 2378 1920 2425 hypocritice
1945 2393 2095 2424 servare,

1111 2432 1143 2459 et
1157 2426 1304 2469 gloriam
1324 2427 1388 2460 Dei
1407 2441 1591 2473 quaerere,
1618 2442 1675 2462 me
1698 2432 1856 2475 sequaris
1875 2433 1910 2465 in
1938 2434 2096 2467 ministe-

1110 2477 1174 2510 rio.
1241 2476 1327 2511 Cum
1358 2486 1472 2513 autern
1500 2480 1561 2512 ille
1590 2488 1725 2515 recuset
1755 2483 1873 2527 sequi,
1923 2484 2096 2518 refutatur

1111 2528 1186 2561 eius
1208 2528 1381 2565 iactantia.
1448 2531 1612 2565 Ostendit
1636 2533 1730 2564 enim
1755 2544 1790 2565 se
1823 2546 1895 2567 non
1920 2546 1992 2567 esse
2015 2547 2095 2578 per-

1109 2579 1259 2620 fectum,
1286 2577 1353 2613 hoc
1376 2587 1446 2621 est⁷
1479 2581 1654 2615 sincerum
1684 2584 1760 2616 siue
1783 2582 1972 2630 hypocrisi.
2024 2586 2093 2619 Sed

1108 2631 1260 2663 addatur
1277 2638 1309 2664 et
1325 2632 1432 2664 altera
1452 2633 1645 2666 enarratio:
1674 2633 1902 2680 Nequaquam
1929 2637 2096 2679 perfectio

1109 2687 1159 2714 est
1185 2693 1274 2726 opus
1296 2682 1424 2717 mellus
1447 2683 1614 2727 operibus
1639 2684 1817 2729 Decalogi.
1878 2686 1971 2729 Quia
1998 2688 2096 2722 nulla
