2415 2942
911 439 941 475 P
968 439 1004 476 H
1030 441 1048 476 Ι
1073 438 1116 478 L.
1171 440 1213 477 M
1240 439 1271 476 E
1298 439 1344 478 L.

350 515 702 560 ENARRATIO
738 513 1081 558 EPISTOLAE
1116 517 1302 559 PAULI
1344 516 1425 559 AD
1465 513 1909 559 COLOSSENSES.

119 609 235 667 Duos
269 635 416 666 habemus
446 634 557 671 libros,
598 633 704 673 quibus
733 631 911 662 Melanthon
948 634 1164 674 interpretatus
1195 638 1239 663 est
1272 632 1441 672 Epistolam
1470 631 1557 662 Pauli
1587 633 1623 662 ad
1654 631 1871 669 Colossenscs,
1907 640 2032 670 quorum
2060 630 2144 671 prior

118 680 282 718 inscriptus
306 684 366 708 cst:
390 677 528 709 Scholia
549 678 580 706 in
602 677 660 717 Ep.
684 676 722 705 ad
747 674 883 713 coloss„
906 678 1074 715 posterior:
1099 677 1288 707 Enarratio
1311 676 1369 715 Ep.
1393 677 1431 706 ad
1456 675 1575 705 Coloss.
1598 692 1640 697 —

195 737 332 770 Scholia
362 735 452 766 edidit
484 735 663 765 Melanthon
691 744 769 764 anno
795 734 894 772 1527,
931 746 1026 775 eaque
1057 735 1167 765 dicavit
1198 734 1414 765 Drachstadio.
1479 732 1650 773 Epistulam
1677 732 1944 771 nuncupatoriam,
1976 742 2051 771 quae
2081 742 2141 763 non

108 782 167 813 nisi
189 781 221 810 iu
243 780 339 819 prima
364 779 490 808 editione
511 778 678 808 Seccriana
697 776 824 816 legitur,
849 777 983 808 dedimus
1007 779 1037 808 in
1059 777 1207 816 Epistolis
1231 777 1297 807 Vol.
1321 777 1344 808 Ι.
1369 787 1397 816 p.
1416 777 1489 808 873.
1534 776 1627 805 Liber
1654 775 1818 814 inscriptus
1844 781 1908 806 est:

151 842 183 880 1)
209 838 334 869 Scholia
350 837 379 866 in
394 836 491 875 Epist.
508 835 596 866 Pauli
620 836 658 865 ad
679 834 880 866 Colossenses
897 835 977 867 Phil.
995 836 1148 867 Melanch.
1195 835 1365 875 Hagauoae
1380 846 1434 874 per
1450 835 1555 865 Joaun.
1570 834 1783 864 Secerium.
1805 835 1891 864 Anno
1915 832 2139 866 M.D.XXV11,

190 891 293 911 mense
308 881 458 918 Angusto.
491 879 540 917 (ln
565 878 639 908 fine:
664 888 765 908 meuse
784 879 971 918 Septembr.)
1018 880 1036 909 9
1052 879 1092 918 pl.
1128 880 1157 910 8.
1181 896 1221 901 —
1267 878 1463 918 Negligentia
1481 877 1705 907 Seceriimulta
1719 883 1820 907 errata
1836 876 2056 916 typographica
2071 882 2139 906 sunt

190 924 221 953 in
243 924 301 953 hac
325 923 424 961 prima
453 922 601 958 editione,
638 926 670 950 ut
694 921 873 951 Melanthon
904 923 968 960 ipse
995 921 1025 951 in
1048 922 1145 961 Epist.
1176 921 1243 951 Vol.
1267 922 1290 952 I.
1333 933 1360 961 p.
1380 921 1470 952 1007.
1503 926 1630 951 testatus
1661 926 1717 950 est.
1741 937 1782 942 ——
1842 920 1929 958 Quae
1959 919 2139 950 Melanthou

190 967 230 997 ad
253 976 320 1005 cap.
344 967 376 1001 7,
397 965 427 995 8.
455 964 575 1003 scripsit
598 965 633 993 de
656 963 851 1003 philosophia
873 975 946 995 vcra
969 970 997 994 et
1021 964 1118 1002 falsa,
1143 974 1179 994 ea
1203 964 1294 994 etiam
1318 965 1483 1004 separatim
1506 972 1616 993 recusa
1639 968 1725 992 snut:

227 1023 307 1096 Piliil.
330 1023 460 1096 Mle51‘37in
486 1022 585 1052 locum
607 1023 646 1053 ad
670 1021 789 1053 Coloss.
812 1023 911 1053 videte
934 1032 970 1053 ne
995 1023 1060 1062 quis
1084 1033 1138 1053 vos
1165 1023 1295 1062 decipiat
1319 1033 1374 1062 per
1397 1023 1624 1062 philosophiam
1654 1022 1778 1052 dissent.
1802 1030 1909 1051 reeens
1933 1020 2023 1051 edita.
2069 1020 2138 1051 {ta-

231 1077 257 1097 si
273 1076 326 1096 eae
392 1088 411 1096 ,,
441 1088 449 1096 .

144 1127 179 1167 2)
201 1125 307 1156 versio
332 1124 522 1163 germanica:
547 1125 723 1163 Qtufflegung
748 1127 793 1155 bet
818 1124 922 1163 &pista
946 1133 982 1156 nn
1006 1125 1047 1155 bie
1070 1124 1197 1165 Roloffet
1221 1125 1303 1163 hurd>
1329 1125 1450 1164 ffibitipp
1469 1123 1564 1158 anet..
1588 1124 1744 1162 gebeutsdyt
1768 1124 1851 1160 butd)
1869 1122 1997 1160 Sobann
2021 1121 2134 1160 2131oe

195 1172 275 1199 coto
299 1169 495 1204 OEossteben.
540 1168 720 1206 Qittenberg
746 1168 838 1198 1527.
882 1168 913 1198 S.

142 1227 178 1269 3)
202 1227 257 1257 Ph.
281 1226 356 1256 Mel.
381 1225 508 1256 Scholia
530 1227 560 1257 in
583 1227 640 1266 Ep.
665 1227 703 1256 ad
724 1225 843 1255 Coloss.
869 1227 1045 1263 recognita
1067 1225 1105 1255 ab
1130 1230 1248 1255 autore.
1294 1225 1407 1255 Witeb.
1433 1225 1524 1255 1528.
1569 1225 1599 1255 8.

143 1285 178 1327 4)
209 1285 242 1316 S.
264 1284 352 1315 Pauli
375 1286 412 1315 ad
429 1285 628 1315 Colossenses
644 1284 785 1324 Epistola
808 1293 877 1313 cum
902 1283 1131 1313 commentariis
1148 1283 1226 1313 Phil.
1244 1284 1489 1314 Melanchthonis
1514 1284 1573 1314 iam
1597 1283 1701 1313 ultimo
1727 1283 1763 1312 ab
1787 1282 1854 1321 ipso
1878 1281 1979 1311 multis
2002 1280 2033 1311 in
2056 1280 2131 1310 locis

180 1328 346 1367 recognitis
370 1337 406 1358 ac
429 1328 634 1367 locupletatis.
677 1327 799 1366 Hagan.
825 1327 917 1356 1529.
942 1336 996 1365 per
1018 1325 1062 1356 Jo.
1087 1326 1302 1356 Secerium.
1349 1328 1389 1356 12
1412 1326 1453 1364 pl.
1498 1327 1529 1357 8.

138 1386 486 1460 5)B?cll)10}320{111VEp.8
503 1386 591 1417 Pauli
622 1386 661 1416 ad
690 1385 809 1416 Coloss.
840 1384 949 1414 iterum
981 1385 1019 1414 ab
1048 1388 1172 1414 auctore
1206 1383 1364 1423 recognita
1393 1383 1470 1414 Phil.
1502 1384 1577 1414 Mel.
1643 1382 1756 1413 witer).
1787 1382 1868 1421 apud
1898 1381 2010 1420 Joseph
2042 1380 2131 1420 Clug.

142 1488 175 1527 ὅ)
200 1487 341 1526 Epistola
363 1488 451 1518 Pauli
475 1489 512 1518 ad
536 1486 656 1518 Coloss.
679 1496 746 1516 cum
775 1490 935 1515 comment.
967 1485 1117 1527 [Scholiis
1127 1485 1161 1526 2]
1186 1485 1264 1516 Phil.
1288 1484 1383 1522 Mel„
1413 1495 1488 1524 qnae
1512 1485 1573 1515 iam
1593 1484 1756 1514 novissime
1780 1484 1818 1513 ab
1841 1482 1967 1513 authore
1990 1483 2058 1522 ipso
2082 1492 2132 1512 re-

185 1531 407 1603 prqugtalggxt
439 1530 708 1611 afolsslcupgmm'
743 1529 831 1568 idque
862 1538 950 1567 qnam
980 1529 1116 1568 plurimis
1150 1529 1180 1558 in
1210 1528 1295 1558 locis.
1362 1527 1483 1568 Hagan.
1514 1538 1568 1567 per
1589 1527 1656 1558 Val.
1680 1525 1914 1564 Kohhaunm,
1943 1536 2046 1557 mense
2069 1526 2132 1556 Au-

142 1631 177 1669 7)
200 1629 325 1660 Scholia
347 1646 389 1653 —
412 1647 451 1652 —
476 1647 518 1652 -—
541 1629 653 1659 Witeb.
680 1627 774 1659 1545.
825 1628 867 1658 14
889 1629 930 1668 pl.
975 1629 1005 1660 8.

145 1689 181 1728 8)
207 1688 332 1718 Scholia
354 1705 395 1710 —
417 1705 458 1711 —
481 1705 522 1710 —
545 1687 644 1717 Halae
667 1687 760 1719 Suev.
785 1687 877 1718 1545.
921 1688 951 1717 8.

188 1746 273 1777 Haec
306 1746 424 1777 scholia
454 1746 603 1785 Operibus
635 1747 770 1777 inserere
800 1746 967 1783 noluimus,
1005 1756 1094 1785 quum
1123 1745 1304 1776 Melanthon
1341 1745 1439 1775 omnia
1469 1744 1641 1776 accuratius
1672 1743 1849 1783 exposuerit
1879 1743 1908 1773 in
1938 1742 2130 1772 enarratione

101 1788 191 1819 huius
215 1789 393 1828 Epistolae,
423 1799 519 1828 neque
550 1789 750 1819 Peucerus
778 1789 896 1819 scholia
930 1789 959 1818 in
983 1789 1124 1828 operibus
1145 1789 1293 1819 Melanth.
1317 1789 1483 1828 repetierit.
1527 1788 1710 1818 Εηανναιῖο
1734 1787 1823 1816 huius
1846 1786 2003 1825 Epistolae
2026 1792 2130 1815 autem

99 1843 159 1863 non
182 1842 260 1863 auno
284 1832 425 1862 MDLVI.
450 1832 577 1872 prodiit,
601 1838 632 1861 ut
656 1832 687 1861 in
711 1832 851 1870 operibus
874 1841 912 1861 ex
936 1841 1037 1861 errore
1061 1832 1282 1872 typographico
1306 1831 1436 1871 legitur,
1459 1832 1513 1862 sed
1536 1841 1614 1861 anuo
1637 1830 1784 1861 MDLIX.
1811 1829 1857 1859 sic
1883 1828 2050 1867 iuscripta:

142 1891 276 1931 Philippi
291 1891 365 1922 Mel.
387 1891 550 1921 Enarratio
574 1890 733 1930 Epistolae
758 1890 850 1921 Pauli
874 1891 912 1921 ad
938 1890 1149 1922 colossenses.
1194 1890 1292 1921 Viteb.
1317 1891 1410 1920 1559.
1455 1890 1475 1920 9
1498 1889 1539 1928 pl.
1584 1891 1614 1920 8.

145 1949 256 1979 Iterum
279 1949 357 1981 Phil.
381 1950 454 1980 Mel.
478 1949 640 1980 Enarratio
663 1949 762 1988 Epist.
786 1949 873 1979 Pauli
904 1950 942 1979 ad
973 1949 1092 1981 Coloss.
1148 1950 1256 1980 Addita
1287 1955 1332 1979 est
1361 1949 1521 1988 responsio
1557 1950 1596 1979 ad
1622 1947 1789 1978 calumnias
1819 1945 1960 1986 staphyli
1990 1950 2019 1976 et
2050 1945 2127 1979 Arii.

184 1992 328 2023 Francos.
354 1994 447 2023 1559.
494 1993 533 2024 10
557 1993 597 2032 pl.
642 1993 676 2025 8.

144 2050 219 2080 Item
241 2051 273 2080 in
297 2051 374 2091 Opp.
398 2051 547 2082 Melanth.
572 2051 697 2082 Witteb.
732 2050 769 2081 T.
793 2050 843 2081 lv.
867 2061 896 2090 p.
913 2051 975 2081 324
991 2061 1054 2090 sqq.

142 2108 434 2184 Praefationemd‘td
457 2109 618 2183 prrluium
650 2109 770 2140 Troll
794 2110 928 2140 dedimus
952 2109 982 2139 in
1003 2108 1150 2147 Epistolis
1173 2109 1239 2140 Vol.
1265 2109 1316 2141 IX.
1347 2120 1377 2149 p.
1395 2108 1468 2141 745.
1520 2109 1645 2140 Librum
1677 2108 1775 2148 ipsum
1799 2106 1934 2138 dedimus
1964 2105 2128 2137 secundum

188 2157 303 2183 textum
325 2164 356 2183 m
406 2164 456 2193 pp.
513 2158 560 2182 'ite
584 2175 592 2183 .
