2415 2942
113 107 208 145 1241
337 107 436 143 XIII.

489 107 525 145 5.
556 104 858 144 ENARRATIO
886 105 1041 144 EPIST.
1071 105 1219 142 PAULI
1246 107 1316 140 AD
1340 104 1698 142 COLOSSEHSES.
1750 104 1854 140 CAP.
1885 104 1911 142 l.

2042 105 2139 141 1242

96 194 312 227 voluntatem
333 206 394 236 per
417 194 585 235 verbum,
614 206 683 239 quo
709 193 847 226 dicente
872 205 925 226 res
950 194 1038 227 fiunt
1058 199 1090 226 et
1143 181 1275 237 profert
1294 191 1547 236 Evangeliom,
1583 194 1679 227 adest
1698 191 1891 230 Ecclesiae,
1918 200 1949 227 et
1966 206 2039 226 eam
2056 205 2131 227 sus-

95 245 221 279 ordine
245 245 533 288 distinguuntur,
569 253 606 280 ut
635 247 671 278 in
689 243 819 278 Genesi
836 245 1004 288 scriptum
1023 251 1088 279 est:

94 296 194 332 Dixit
212 295 405 329 Dominus:
433 295 616 330 Faciamus
637 295 817 329 hominem
838 297 879 329 ad
899 296 1087 339 imaginem

94 354 128 381 et
152 347 424 380 similitudinem
445 356 612 382 nostram.
667 346 714 380 Et
733 346 870 390 Spiritu
895 356 1015 381 sancto
1040 347 1087 379 si—

94 399 168 432 mul
194 405 333 431 creante
365 399 530 432 foventur
546 411 620 436 res,
665 398 754 431 sicut
779 397 814 430 in
840 397 971 431 Genesi
999 398 1086 430 scri-

95 458 194 495 ptum
215 456 280 482 est:
310 449 465 493 Spiritus
481 449 626 483 Domini
645 449 822 482 serebatur
844 461 949 493 super
967 460 1086 494 aquaS,

95 512 154 534 seu
172 500 313 534 fovebat
332 512 471 544 aquam.

196 550 394 593 Diligenter
412 550 708 584 considerandum
727 556 798 590 est,
824 550 1030 595 ubicunque
1047 551 1085 583 fit

94 601 281 635 creationis
301 602 452 643 mentio,
480 603 584 635 simul
610 601 874 644 intelligendam
895 613 966 635 esse
986 614 1084 645 prae-

93 652 242 686 sentiam
262 651 326 685 Dei
344 653 379 685 in
398 653 664 686 conservatione
679 653 968 693 substantiarum,
991 653 1083 685 iuxta

93 700 179 736 haec
195 704 304 736 dicta:
342 702 381 736 In
407 704 481 747 ipso
501 703 672 745 vivimus,
699 715 818 736 sumus
838 710 869 736 et
889 716 1083 737 movemur.

93 753 287 789 Deuteron.
303 755 380 788 30.:
404 754 478 798 lpse
496 762 544 788 est
559 756 626 789 vita
640 762 696 788 tua
708 763 738 787 et
752 755 935 797 longitudo
947 755 1084 787 dierum

94 812 250 841 tuorum.
293 805 364 839 Nec
381 806 429 838 sic
446 806 664 849 intelligatur
681 806 821 845 creatio,
848 813 885 838 ut
901 806 1082 838 fabricatio

93 857 211 896 navis,
245 869 263 889 a
289 870 357 902 qua
382 857 530 890 discedit
553 856 765 890 architectus
793 863 975 901 postquam
1006 869 1081 888 eam

94 907 262 946 extruxit,
299 909 356 940 sed
386 908 602 940 substantiae
626 920 743 941 rerum
775 907 979 946 interirent,
1016 907 1083 940 nisi

91 959 256 1002 deinceps
277 970 416 1004 quoque
435 966 727 992 conservarentur
745 970 762 990 a
780 957 854 991 Deo
869 985 877 998 ,
905 970 1007 1003 quem
1032 965 1083 991 ta-

91 1020 174 1042 men
198 1009 349 1042 sciamus
372 1010 491 1042 adesse
521 1017 699 1043 creaturae
725 1009 921 1049 liberrime,
952 1009 1084 1049 iuvare,

91 1071 219 1093 ornare
232 1087 241 1100 ,
270 1060 466 1101 moderari,
496 1067 555 1093 aut
573 1062 766 1094 deserendo
786 1061 964 1093 destruere
980 1067 1083 1093 natu-

92 1122 166 1143 ram
186 1111 366 1143 liberrima
385 1111 575 1144 voluntate.
639 1111 720 1144 ldeo
745 1111 829 1144 dicit
848 1109 920 1143 hic:
949 1109 1082 1144 Omnia

90 1173 152 1206 per
168 1174 245 1194 eum
264 1163 471 1195 consistunt.
524 1160 570 1196 Et
587 1162 767 1196 Hebraeos
783 1164 830 1197 l.:
860 1161 989 1195 Ferens
1006 1175 1082 1195 om-

90 1212 150 1245 nia
167 1213 276 1245 verbo
295 1213 470 1256 potentiae
490 1225 582 1248 suae.

192 1262 262 1297 Sed
294 1276 402 1309 quare
431 1264 536 1298 dicit:
576 1263 709 1297 Omnia
736 1264 771 1296 in
797 1264 912 1307 ipsum
940 1264 1080 1297 condita

90 1316 197 1348 sunt?
243 1314 318 1348 Hoc
337 1322 403 1355 est,
437 1312 493 1347 hic
511 1315 602 1348 filius
622 1323 670 1348 est
691 1327 792 1348 causa
814 1315 946 1355 finalis,
974 1326 1082 1359 quare

86 1364 182 1400 Deus
201 1366 320 1399 omnia
338 1366 548 1401 condiderit.
599 1366 692 1409 Quia
718 1364 802 1399 haec
829 1366 1008 1410 copulatio
1027 1365 1083 1397 di-

91 1417 195 1451 vinae
213 1424 245 1450 et
263 1414 438 1450 humanae
457 1424 602 1449 naturae
620 1424 669 1450 est
691 1429 868 1450 summum
897 1428 985 1459 opus
1004 1414 1082 1456 Dei,

91 1468 181 1501 sicut
203 1468 338 1513 inquit:
368 1465 496 1501 Adhuc
521 1468 626 1501 semel
652 1474 683 1501 et
710 1469 858 1501 movebo
885 1468 1020 1500 coelum
1047 1474 1080 1500 et

92 1576 238 1602 naturae
273 1570 490 1613 conspicitur
519 1571 705 1613 multiplex
731 1570 900 1613 sapientia
927 1568 1012 1609 Dei,
1049 1576 1083 1602 et

93 1619 286 1653 immensus
304 1632 403 1652 amor
426 1631 506 1662 erga
531 1631 640 1661 genus
667 1618 872 1652 humanum.
927 1618 1005 1652 Erit
1025 1631 1080 1652 sa-

93 1670 228 1714 pientia
253 1671 289 1702 in
315 1677 384 1703 tota
410 1670 614 1704 aeternitate
638 1671 821 1710 discenda,
850 1670 886 1702 iu
912 1667 978 1703 hoc
1006 1670 1080 1702 filio
1106 1703 1108 1709 s

90 1720 212 1755 videre
230 1728 362 1755 motum
383 1719 487 1754 buius
505 1722 739 1764 copulationis
757 1728 788 1754 et
806 1732 926 1754 causas
951 1721 1082 1760 videre,
1106 1745 1108 1753 ,

92 1778 127 1806 et
150 1773 264 1818 qualis
281 1772 451 1815 sapientia
471 1773 514 1806 sit
531 1772 604 1813 lex,
636 1780 667 1806 et
692 1784 781 1817 quae
806 1783 907 1805 causa
924 1772 986 1812 sit,
1019 1783 1082 1804 cur

92 1823 186 1857 filius
225 1823 436 1857 constitutus
470 1824 534 1864 sit,
570 1830 610 1857 ut
644 1824 688 1857 sit
716 1823 869 1867 pretium
905 1835 968 1865 pro
998 1823 1083 1866 lege,

93 1875 207 1920 qualis
231 1876 275 1908 sit
298 1875 361 1907 filii
390 1875 508 1908 missio
542 1876 585 1907 ad
615 1875 848 1917 colligendam
878 1873 1084 1914 Ecclesiam,

93 1927 210 1971 qualia
235 1926 367 1959 fuerint
393 1938 498 1968 opera
524 1925 561 1958 in
587 1926 685 1959 omni
711 1925 934 1959 liberatione.
987 1924 1082 1957 Haec

92 1983 165 2011 tota
199 1977 369 2021 sapientia
404 1976 621 2021 conspicitur
646 1977 681 2009 in
712 1977 772 2009 illa
801 1976 1083 2009 consideratione

93 2028 170 2067 filii,
199 2029 297 2062 cuius
312 2028 386 2062 vult
404 2027 500 2061 Deus
517 2027 618 2061 initia
637 2028 672 2060 in
692 2025 755 2061 hac
774 2028 842 2061 vita
861 2027 960 2068 disci,
988 2027 1082 2060 iuxta

93 2079 252 2114 dictum:
286 2077 340 2113 Ex
372 2092 432 2112 ore
460 2079 652 2113 infantium
680 2086 712 2113 et
737 2078 942 2112 lactentium
969 2079 1085 2122 perfe-

96 2131 175 2165 cisti
192 2131 345 2166 laudem.

222 2214 276 2250 El
292 2214 367 2264 ipse
383 2220 434 2250 est
450 2219 558 2263 caput
576 2214 737 2262 corporis
759 2213 958 2250 Ecclesiae.

193 2285 365 2330 Expresse
385 2286 541 2319 fatentur
566 2285 753 2329 scriptores
769 2285 858 2318 libro
881 2285 916 2320 3.
934 2291 1085 2318 sentent.

95 2337 322 2373 distinctione
343 2337 402 2372 15.
428 2348 558 2370 nomen
582 2337 704 2380 capitis
728 2336 837 2369 tribui
871 2336 935 2369 toti
965 2348 1086 2380 perso-

95 2402 179 2431 nae,
208 2386 373 2427 Christo‚
407 2395 441 2422 et
472 2388 558 2421 alias
583 2387 814 2435 proprietates
835 2394 1031 2431 competere
1056 2388 1087 2420 ei

94 2441 290 2475 secundum
322 2438 514 2472 humanam
545 2447 731 2479 naturam,
777 2438 863 2471 alias
893 2440 1086 2471 secundum

94 2492 251 2526 divinam
288 2497 461 2524 naturam.
526 2488 591 2524 Est
633 2497 749 2524 autem
784 2496 886 2534 caput
923 2490 1085 2531 efficacia,

95 2542 329 2588 perfectione,
354 2541 497 2580 merito,
526 2548 558 2576 et
584 2541 720 2575 ordine.

197 2593 357 2627 Primum
382 2591 568 2634 Efficacia,
603 2593 684 2638 quia
711 2590 795 2625 haec
821 2603 970 2637 persona
1003 2603 1085 2635 pro-

95 2645 171 2689 prie
196 2645 300 2677 missa
327 2650 400 2688 est,
450 2651 488 2678 ut
511 2644 712 2678 immediate
745 2655 806 2688 per
824 2656 897 2676 eam
924 2649 1086 2676 aeternus

95 2704 194 2742 pater
226 2695 367 2739 colligat
392 2694 596 2732 Ecclesiam.
671 2694 767 2728 Haec
799 2705 950 2740 persona
979 2694 1083 2728 initio

1143 251 1267 283 tentat,
1294 253 1326 279 et
1353 245 1503 289 protegit
1535 245 1748 280 immediate.
1802 244 2007 278 Similitudo
2035 246 2130 287 cogi-

1140 296 1206 328 tari
1233 303 1356 338 potest.
1391 296 1490 329 Sicut
1508 303 1611 339 caput
1629 296 1664 328 iu
1678 296 1836 340 quolibet
1846 293 1991 328 homine
2003 297 2131 330 demit-

1139 346 1181 380 tit
1199 358 1326 379 nervos
1345 353 1377 380 et
1392 347 1554 390 spiritum
1574 347 1760 379 animalem
1788 347 1824 379 in
1849 347 2025 392 reliquum
2048 359 2128 380 cor·

1141 408 1223 440 pus,
1253 397 1313 442 qui
1339 406 1420 431 suut
1439 410 1538 430 causa
1566 410 1686 431 sensus
1713 405 1745 430 et
1773 404 1911 431 motus:
1963 399 2008 430 ita
2035 398 2128 431 filius

1139 448 1204 482 Dei
1222 455 1391 482 sustentat
1409 456 1439 481 et
1457 449 1558 482 docet
1576 461 1658 492 nos,
1686 450 1772 481 sicut
1793 449 1923 481 dicitur
1947 451 1987 481 ad
2004 447 2124 492 Ephe-

1138 500 1226 538 sios,
1256 499 1423 532 perficere
1449 501 1568 532 omnia
1594 501 1630 532 iu
1649 500 1826 534 omnibus.
1882 499 1985 533 Item:
2015 499 2126 533 Nemo

1138 551 1236 583 novit
1258 557 1389 593 patrem
1415 550 1481 582 nisi
1505 550 1608 585 filius.
1664 549 1766 583 ltem:
1796 548 1871 592 Ego
1890 551 1995 583 vitam
2016 558 2127 583 aeter-

1138 614 1218 634 nam
1236 603 1281 634 do
1300 601 1360 636 eis.
1412 600 1486 633 Etsi
1510 608 1625 633 autem
1650 598 1733 634 haec
1754 601 1903 634 efficacia
1922 610 1970 635 est
1989 602 2124 645 capitis,

1137 660 1254 686 tamen
1276 664 1442 696 personae
1460 652 1649 691 tribuitur,
1683 652 1763 695 quia
1785 652 1903 685 efficax
1929 661 1977 686 est
2002 653 2036 685 in
2063 650 2126 685 hac

1137 711 1287 737 assumta
1315 710 1464 744 natura,
1501 710 1535 735 ut
1565 700 1771 737 1.Co¹·inth.
1796 700 1851 737 15.
1878 703 2022 736 dicitur:
2061 703 2128 736 Per

1137 753 1316 788 hominem
1336 766 1448 792 mors,
1468 761 1498 787 et
1518 767 1577 797 per
1595 752 1775 787 hominem
1795 755 2011 787 resuscitatio
2029 766 2124 786 mor-

1136 813 1289 839 tuorum.
1345 804 1480 838 Blultae
1501 806 1654 838 actiones
1672 805 1761 838 fiunt
1778 805 1972 838 ministerio
1989 817 2123 837 assum-

1136 864 1189 890 tae
1205 863 1368 896 naturae,
1396 863 1433 889 ut
1452 869 1530 889 cum
1559 856 1727 888 iudicabit
1752 857 1973 889 resuscitatos
2000 856 2123 888 visibi-

1135 908 1226 941 liter.
1270 906 1331 940 Est
1348 914 1464 940 autem
1483 915 1514 941 et
1531 919 1591 940 sua
1610 907 1759 940 efficacia
1779 914 1951 940 assumtae
1970 914 2126 946 naturae,

1136 971 1225 1003 quae
1242 959 1419 992 antecellit
1436 958 1602 991 omnibus
1620 958 1787 991 creaturis
1806 959 1979 1002 potentia,
2007 957 2125 1002 depel-

1135 1010 1176 1043 lit
1202 1010 1380 1050 diabolos,
1408 1016 1439 1042 et
1464 1011 1614 1052 protegit
1636 1008 1848 1050 Ecclesiam,
1878 1017 1909 1043 et
1927 1010 2034 1042 multa
2061 1021 2124 1052 po—

1135 1067 1250 1094 tenter
1268 1061 1353 1103 agit,
1378 1072 1467 1106 quae
1486 1061 1589 1105 capiti
1611 1067 1822 1103 congruunt.

1238 1127 1402 1162 Secundo
1427 1135 1529 1173 caput
1554 1127 1771 1161 Perfectione
1796 1128 1844 1161 sic
1869 1128 2016 1171 dicitur,
2052 1139 2125 1160 non

1135 1180 1248 1213 solum
1281 1182 1473 1212 secuudum
1509 1180 1668 1211 divinam
1705 1186 1887 1220 naturam,
1928 1180 1985 1211 sed
2021 1179 2125 1211 etiam

1135 1231 1228 1264 iuxta
1257 1228 1466 1269 humanam,
1503 1231 1583 1275 quia
1609 1238 1732 1263 natura
1755 1228 1908 1264 humana
1927 1231 1963 1263 in
1984 1228 2124 1264 Christo

1135 1282 1311 1315 antecellit
1336 1282 1505 1325 sapientia
1534 1282 1699 1314 omnibus
1719 1281 1863 1324 angelis.

1236 1348 1359 1384 Tertio
1390 1357 1439 1383 est
1472 1356 1576 1393 caput
1611 1348 1760 1387 Merito,
1806 1349 1901 1382 iuxta
1931 1346 2124 1381 humanam

1135 1407 1319 1441 naturam,
1350 1413 1416 1446 qua
1442 1413 1521 1434 cum
1549 1400 1796 1443 perfectissima
1824 1399 2024 1433 obedientia
2052 1411 2125 1433 me-

1139 1451 1249 1485 ruerit
1285 1449 1461 1485 Ecclesiae
1489 1451 1744 1484 redemtionem
1771 1458 1804 1485 et
1833 1451 1979 1483 salutem
2014 1457 2126 1484 aeter-

90 1526 240 1560 terram,
268 1525 300 1552 et
318 1520 355 1551 in
372 1516 437 1551 hac
454 1519 680 1562 copulatione
698 1519 840 1552 divinae
856 1527 887 1553 et
906 1516 1080 1551 humanae
1106 1488 1109 1545 l
1133 1515 1213 1535 ‘¹³¹¹'
1227 1528 1234 1541 ³
1263 1510 1394 1536 'ustum
1413 1510 1462 1536 est
1479 1514 1559 1535 eum
1578 1513 1795 1546 supermsem
1813 1513 1884 1534 ωδε
1906 1514 1942 1534 ¹¹¹
1960 1513 2125 1535 umversa

1106 1558 1108 1568 ¹
1134 1551 1303 1586 Ecclesia.

1239 1619 1396 1662 Quarto,
1431 1617 1571 1652 Ordine
1600 1625 1744 1663 propter
1776 1619 2002 1661 missionem,
2035 1620 2125 1656 sicut

1136 1668 1310 1704 lohannes
1334 1671 1468 1715 inquit:
1499 1670 1601 1703 Prior
1625 1683 1678 1703 me
1707 1678 1767 1707 est.
1822 1670 1915 1713 Quia
1942 1669 2027 1704 haec
2046 1683 2124 1715 per-

1134 1734 1218 1755 sona
1242 1723 1284 1755 ad
1316 1720 1507 1755 Ecclesiam
1534 1721 1637 1754 initio
1661 1722 1763 1754 missa
1790 1729 1857 1763 est,
1904 1729 1941 1756 ut
1964 1723 2121 1766 proferat

1134 1771 1368 1816 Evangelium
1396 1785 1435 1805 ex
1454 1773 1535 1805 sinu
1553 1773 1685 1806 aeterni
1707 1773 1827 1817 patriS.

1237 1848 1372 1883 Usitate
1402 1848 1548 1889 dicitur,
1589 1846 1771 1882 Christum
1798 1848 1977 1882 nominari
2001 1848 2125 1894 Caput,

1134 1900 1217 1946 quia
1248 1901 1418 1943 (lignitate
1452 1899 1643 1933 antecellit.
1696 1898 1766 1933 Sed
1796 1900 2014 1943 intelligatur
2046 1913 2122 1935 non

1134 1953 1245 1985 otiosa
1276 1951 1447 1994 dignitas,
1483 1962 1605 1983 verum
1630 1948 1714 1983 haec
1739 1951 1859 1984 omnia
1886 1949 2121 1994 comprehen-

1134 2005 1287 2043 duntur,
1330 2002 1511 2043 Efficacia,
1552 2001 1724 2034 Perfectio
1750 2009 1896 2035 naturae
1926 2002 2068 2036 dlvinae
2091 2009 2125 2037 et

1135 2061 1282 2088 naturae
1308 2051 1500 2094 humanae,
1528 2051 1698 2086 Meritum
1725 2059 1758 2086 et
1777 2050 1891 2086 Ordo.

1237 2130 1464 2172 Adiungatur
1480 2136 1594 2162 autem
1614 2129 1745 2162 dictum
1765 2129 1807 2161 ad
1829 2126 2018 2173 Ephesios:
2046 2127 2124 2174 Ipse

1137 2189 1187 2216 est
1206 2188 1308 2225 caput
1328 2179 1522 2221 Ecclesiae,
1550 2181 1667 2213 omnia
1689 2180 1725 2212 in
1743 2180 1909 2213 omnihus
1930 2180 2124 2223 perficiens,

1137 2240 1169 2266 et
1186 2233 1274 2266 sicut
1294 2232 1367 2276 ipse
1386 2232 1518 2277 inquit:
1544 2229 1617 2273 Ego
1636 2243 1711 2264 sum
1732 2230 1832 2273 vitis,
1861 2242 1922 2264 vos
1941 2231 2020 2264 estis
2046 2232 2123 2275 pal-

1137 2284 1249 2319 mites.
1302 2282 1406 2317 Item:
1436 2281 1489 2316 Ex
1515 2281 1735 2326 plenitudine
1753 2281 1826 2314 eius
1847 2293 1968 2314 omnes
1985 2282 2123 2326 accepi-

1138 2346 1226 2370 mus.
1271 2333 1353 2367 Ideo
1371 2332 1427 2367 hic
1449 2334 1580 2378 inquit:
1612 2332 1650 2365 In
1669 2333 1744 2375 ipso
1761 2329 1896 2366 habitat
1914 2333 2031 2366 omnis
2047 2333 2124 2377 ple-

1138 2386 1264 2419 nitudo
1281 2385 1495 2424 divinitatis,
1523 2383 1684 2417 videlicet
1702 2384 1896 2424 donorum,
1921 2383 2124 2428 sapientiae,

1137 2437 1317 2477 iusticiam,
1345 2449 1408 2469 nec
1432 2441 1568 2469 tantum
1594 2435 1659 2475 sic,
1687 2440 1725 2467 ut
1749 2433 1822 2478 ipse
1844 2446 1907 2478 pro
1927 2445 2000 2468 sese
2018 2446 2123 2469 orna—

1137 2496 1192 2523 tus
1218 2488 1262 2522 sit
1281 2485 1345 2521 hac
1369 2486 1590 2524 excellentia,
1625 2486 1684 2518 sed
1712 2484 1816 2518 etiam
1834 2491 1872 2519 ut
1889 2485 1933 2519 sit
1950 2486 2068 2519 efficax
2084 2485 2122 2518 in

1137 2539 1216 2573 aliis
1233 2564 1244 2580 ,
1288 2539 1376 2573 sicut
1401 2538 1437 2570 in
1463 2536 1603 2570 Psalmo
1633 2536 1791 2570 dicitur:
1835 2534 1946 2571 Unxit
1970 2543 2004 2570 te
2026 2535 2123 2570 Deus

1137 2598 1219 2625 tuus
1246 2589 1323 2623 oleo
1350 2588 1500 2623 laetitiae
1523 2594 1667 2632 propter
1691 2594 1869 2621 consortes
1886 2594 1983 2630 tum,
2012 2594 2045 2621 et
2067 2599 2123 2620 re·-

1137 2648 1273 2686 petetur
1303 2638 1388 2674 haec
1414 2640 1586 2674 sententia
1613 2639 1725 2680 infra,
1774 2639 1835 2673 ubi
1867 2638 2043 2683 copiosius
2074 2644 2122 2670 est

1137 2693 1345 2728 enarranda.
