2415 2942
111 111 184 150 825

109 211 246 233 manam
272 199 498 243 sapientiam,
532 211 596 233 nec
619 210 681 243 per
705 199 816 241 legem
843 197 989 235 dantur,
1031 194 1089 226 sed

110 262 172 295 per
186 248 278 284 hane
292 249 478 294 Evangelii
499 262 629 284 vocem.

209 333 483 369 Meminerimus
506 342 641 374 autern,
670 333 705 366 in
726 329 792 365 hoc
817 331 912 364 dicto
940 329 1097 362 testimo-

109 386 208 419 nium
237 387 411 430 proponi,
452 387 494 419 de
520 385 669 419 efficacia
693 382 879 415 ministerii
900 379 1095 423 Evangelii.

108 436 199 470 Cum
220 438 311 470 oculi
332 449 403 470 non
424 443 567 470 cernant
584 435 709 474 Deum,
727 433 990 478 quaerit-mens,
1009 431 1093 476 quid

109 488 173 527 sit,
206 495 240 521 et
263 489 323 520 ubi
351 488 394 521 sit
420 487 539 525 Deus,
583 498 686 531 quem
709 483 842 529 alloqui
873 489 906 516 et
931 484 1095 514 invocare

109 539 203 579 vult,
238 545 270 572 et
293 539 470 583 quomodo
496 538 541 571 sit
564 536 816 570 discernendus
841 546 943 566 verus
961 532 1056 566 Dens
1075 546 1091 565 a

111 590 362 623 commentitiis
387 589 613 625 numinibus,
642 598 729 632 quae
754 586 800 619 sit
822 585 986 618 voluntas
1010 584 1094 623 eius,

107 651 151 672 au
177 647 210 673 et
235 652 297 673 cur
324 640 495 673 exaudiat.
550 638 601 671 De
621 636 674 670 his
694 637 959 682 quaestionibus
977 636 1093 667 omni-

107 690 174 723 bus
191 693 379 735 respondet
396 688 461 724 hoc
476 690 625 722 dictum:
655 688 885 730 Evangelium
903 694 952 720 est
968 693 1091 729 poten-

103 741 150 774 tia
174 740 239 774 Dei
263 743 306 774 ad
328 743 473 775 salutem
496 740 594 773 omni
623 739 801 777 credenti,
838 738 873 771 id
900 745 968 777 est,
996 736 1091 769 Deus

107 792 264 835 alligavit
280 803 314 824 se
332 794 374 824 ad
404 803 521 825 vocem
539 789 741 833 Evangelii,
768 790 817 822 sic
842 789 918 822 vult
939 788 1090 830 agnosci,

107 840 204 875 hunc
222 854 302 876 vere
317 841 430 876 Deum
447 854 536 882 esse,
566 842 625 886 qui
643 854 678 874 se
697 841 857 885 patefecit
877 840 982 872 misso
1007 839 1089 879 filio,

106 900 137 925 et
153 894 299 926 tradidit
316 894 586 937 promissionem
603 893 638 924 in
652 892 843 935 Evangelio
863 891 1088 934 propositam.

102 942 175 975 Hac
195 944 405 985 cogitatione
429 945 503 977 vult
529 944 679 977 discerni
705 955 722 975 a
747 941 997 976 commentitiis
1022 953 1088 973 nu-

104 993 278 1034 minibus,
307 996 381 1029 vult
404 995 543 1037 agnosci
570 995 785 1027 voluntatem
805 1005 922 1031 suam,
950 1004 1012 1025 cnr
1029 1004 1089 1024 ve-

102 1044 144 1078 lit
159 1045 341 1084 exaudire,
369 1053 402 1078 et
427 1047 575 1089 cogitata
601 1045 834 1089 promissione
857 1044 932 1077 vult
955 1050 988 1076 te
1012 1055 1083 1076 cre-

105 1096 186 1128 dere
205 1103 238 1129 et
254 1097 470 1140 acquiscere,
497 1109 535 1129 ac
552 1097 580 1128 si
602 1097 738 1128 videres
756 1103 789 1129 et
811 1095 951 1127 audires
974 1095 1086 1137 ipsum

102 1144 215 1179 Deum
233 1154 265 1180 te
281 1148 532 1181 consolantem.
566 1145 613 1180 Et
631 1159 709 1180 cum
728 1147 776 1179 sic
792 1146 978 1183 credimus,
1009 1157 1088 1177 vere

100 1195 198 1230 Deus
215 1198 335 1232 efficax
350 1206 401 1232 est
418 1199 454 1231 in
475 1199 590 1232 nobis.

199 1280 296 1314 Haec
327 1289 377 1316 est
410 1282 560 1315 efficacia
590 1281 775 1314 ministerii
806 1280 1018 1313 describitur
1052 1280 1086 1311 in

98 1331 218 1364 multis
242 1331 354 1368 dictis,
406 1331 513 1368 Rom.
536 1334 584 1367 1.:
614 1331 846 1374 Evangelium
868 1338 913 1363 est
935 1331 1087 1372 potentia

97 1382 183 1421 Dei,
219 1383 255 1415 id
282 1391 351 1423 est,
384 1383 676 1421 instrumentum,
712 1395 772 1425 per
796 1384 890 1426 quod
917 1380 1012 1413 Deus
1039 1389 1083 1413 est

98 1432 215 1465 efficax
233 1433 275 1465 ad
295 1434 441 1467 salutem
467 1434 503 1466 in
524 1434 759 1466 credentibus.
812 1433 892 1466 Non
910 1439 958 1464 est
977 1432 1086 1465 otiosa

100 1495 190 1524 vox,
217 1491 275 1518 aut
301 1485 418 1517 inanis
442 1485 599 1525 sonitus,
634 1486 691 1517 sed
719 1485 991 1518 instrumentum
1012 1482 1088 1523 Dei,

100 1546 178 1567 cum
203 1536 432 1576 assentimur,
467 1543 500 1569 et
525 1537 592 1568 fide
616 1536 816 1579 accipimus.
877 1534 982 1571 Item,
1011 1533 1086 1567 Ro-

98 1597 221 1617 manos
234 1586 290 1620 lO.
316 1587 460 1620 dicitur:
486 1586 592 1619 Fides
607 1599 647 1619 ex
664 1587 786 1618 auditu
805 1593 865 1620 est.
910 1583 956 1618 Et,
973 1583 1087 1619 2.Co-

101 1634 209 1667 rinllt·
237 1639 290 1670 3.:
325 1634 557 1678 Evangelium
587 1644 635 1669 est
674 1636 909 1669 ministerium
933 1636 1088 1677 spiritus.

102 1685 146 1718 Et
166 1684 309 1719 Galatas
334 1687 384 1719 3.:
420 1687 467 1721 Ut
490 1687 757 1729 promissionem
778 1687 919 1730 spiritus
938 1685 1087 1727 accipia-

102 1748 179 1768 mus
204 1749 267 1781 per
288 1739 402 1772 fidem.
466 1735 595 1770 7Mattli.
617 1738 690 1770 10.:
721 1736 790 1778 Qui
812 1749 872 1769 vos
891 1737 1006 1775 audit,
1032 1748 1086 1767 me

100 1787 208 1819 audit.
255 1786 349 1832 Eph.
368 1788 417 1823 lh:
448 1788 492 1822 Ut
509 1788 735 1831 perficiantur
754 1788 879 1826 sancti,
907 1788 949 1819 ad
968 1786 1085 1819 aedifi-

101 1838 271 1870 cationem
292 1837 602 1883 corporisChristi.
638 1837 742 1872 Rom.
760 1836 832 1872 15.:
864 1837 907 1871 Ut
924 1850 985 1882 per
1001 1850 1082 1870 con-

100 1888 306 1922 solationem
324 1890 575 1933 scripturarum
594 1901 689 1933 spem
706 1887 908 1923 habeamus.

201 1971 295 2005 Haec
312 1973 403 2006 dicta
419 1973 537 2006 omnia
556 1979 749 2010 testantur,
778 1970 890 2005 Deum
909 1973 1080 2005 efficacem

101 2035 192 2063 esse,
220 2035 299 2056 cum
323 2023 553 2067 Evangelium
582 2024 792 2066 cogitamus,
821 2031 852 2057 et
877 2025 908 2056 ei
934 2024 1080 2057 assenti—

101 2086 189 2108 mur.
243 2073 313 2106 Nec
331 2075 423 2107 enim
442 2076 490 2108 ita
510 2075 727 2117 intelligatur
744 2072 826 2107 haec
843 2075 993 2108 efficacia
1008 2103 1016 2115 ,
1044 2082 1079 2107 ut

99 2125 127 2157 si
153 2125 196 2157 de
218 2124 443 2159 calefactione
471 2126 719 2170 loqueremur:
762 2125 855 2168 lgnis
886 2133 936 2159 est
961 2127 1079 2159 efficax

101 2176 135 2207 in
156 2175 342 2214 stramine,
367 2177 502 2209 etiamsi
521 2183 671 2209 stramen
689 2173 780 2208 nihil
798 2177 877 2219 agit.
923 2176 980 2210 Sic
1001 2176 1078 2209 Ma-

100 2224 253 2266 nichaei,
280 2225 547 2267 Enthusiasiae,
574 2227 825 2270 Anabaptistae
842 2228 1078 2266 somniabant,

103 2277 174 2309 fieri
204 2277 484 2311 illuminationes
515 2279 551 2310 in
577 2286 692 2311 mente
719 2289 860 2321 prorsus
885 2279 1014 2319 otiosa,
1048 2286 1077 2312 et

100 2327 315 2370 cogitabant,
357 2336 440 2362 tunc
470 2330 612 2362 demum
639 2340 672 2361 se
700 2329 788 2361 velle
812 2330 967 2369 credere,
1001 2342 1077 2362 cnm

101 2378 196 2420 prius
219 2380 388 2414 sentirent
412 2381 448 2413 in
476 2392 511 2412 se
537 2380 625 2413 illud
651 2392 781 2412 novum
809 2380 940 2415 lumen.
1002 2380 1077 2413 Hae

100 2428 365 2471 imaginationes
386 2432 624 2475 explodendae
643 2437 741 2467 sunt,
770 2438 802 2464 et
820 2431 1000 2463 sciendum
1020 2439 1080 2472 est,

101 2486 260 2521 oportere
293 2493 356 2514 nos
387 2484 508 2515 audire
540 2481 798 2524 Evaugelium,
842 2482 1012 2524 cogitare,
1046 2490 1078 2516 et

99 2542 240 2563 assensu
257 2533 437 2575 amplecti,
466 2541 497 2566 et
517 2544 711 2575 repugnare
731 2533 957 2568 dubitationi.
1000 2532 1077 2566 Hoc

98 2593 177 2613 eum
195 2582 356 2621 facimus,
384 2583 484 2616 simul
503 2583 657 2627 Spiritus
674 2590 813 2616 sanctus
830 2591 877 2616 est
897 2584 1014 2616 efficax
1040 2585 1077 2617 in

97 2631 169 2675 ipsa
193 2633 432 2667 consolatione
458 2641 489 2668 et
513 2635 550 2667 in
573 2633 638 2668 hac
658 2635 762 2668 lucta.
808 2633 901 2667 Haec
919 2635 954 2666 in
972 2647 1075 2678 expe-

95 2682 219 2717 rientia
237 2690 270 2717 et
289 2685 493 2729 quotidiana
510 2686 732 2720 invocatione
752 2686 917 2719 discenda
936 2692 1029 2721 sunt.

399 112 499 150 XIII.
537 115 570 149 3.
597 108 897 148 ENARRATIO
923 108 1076 144 EPIST.
1104 103 1251 140 PAULt
1279 101 1346 138 AD
1372 97 1633 138 ROMANOS.
1685 97 1790 134 CAP.
1819 98 1846 132 1.

2074 96 2148 131 826

1493 183 1613 221 Omni
1638 183 1805 221 credenti.

1265 256 1328 291 Est
1358 263 1392 289 et
1426 255 1595 299 particula
1632 253 1841 287 universalis
1877 251 2143 289 consideranda,

1153 307 1263 342 Omni
1282 307 1451 341 credenti.
1504 308 1556 339 Ac
1575 306 1666 338 infra
1685 317 1783 347 saepe
1799 306 1841 337 de
1859 301 1924 336 hac
1947 302 2140 336 universali

1151 360 1341 392 dicendum
1375 357 1461 397 erit,
1503 369 1547 389 ne
1579 357 1740 389 turbetur
1772 356 1856 387 fides
1888 354 1952 388 hac
1984 351 2140 386 humana

1150 409 1418 453 imaginatione,
1447 420 1535 452 quae
1554 405 1628 439 Deo
1653 407 1779 439 tribuit
1803 402 2136 450 npoowszotmtriar:

1148 460 1243 494 Deus
1262 460 1349 493 alios
1364 459 1532 503 quosdam
1552 457 1689 500 recipit,
1708 456 1761 490 Te
1779 469 1851 489 non
1870 457 2004 499 recipit.
2041 454 2135 487 Huic

1150 511 1394 555 imaginationi
1418 508 1704 554 particularitatis
1732 508 1984 551 opponendum
2012 512 2060 538 est
2081 505 2137 537 di-

1148 571 1241 596 ctum
1259 562 1475 598 universale,
1505 560 1599 605 quod
1619 570 1719 602 saepe
1735 558 1860 601 repetit
1881 556 2021 589 Paulus.
2077 555 2136 587 ln—

1147 615 1330 647 cludamus
1353 612 1461 655 igitur
1486 623 1550 643 nos
1575 621 1715 654 quoque
1746 609 1780 640 in
1800 608 2035 640 universalem
2055 619 2136 650 pro-

1147 665 1370 702 missionem,
1399 670 1431 696 et
1451 662 1625 705 pertinere
1650 671 1723 692 eam
1758 661 1797 690 ad
1821 670 1884 690 nos
1904 669 2043 702 quoque
2067 665 2135 689 sta—

1145 724 1304 756 tuamus,
1340 721 1378 748 ut
1404 713 1479 748 Deo
1506 714 1644 746 laudem
1673 710 1829 743 veritatis
1855 710 2069 744 tribuamus,
2104 714 2136 740 et

1145 774 1324 800 teneamus
1340 766 1430 799 dicta
1449 763 1664 797 universalia
1683 762 1792 794 multa
1820 761 1855 793 in
1873 766 2030 804 promtu:
2062 757 2134 790 Ve-

1145 819 1216 852 nite
1239 819 1282 851 ad
1302 829 1358 850 me
1383 829 1526 859 omnes,
1554 815 1615 861 qui
1637 812 1805 847 laboratis
1823 817 1856 845 et
1873 810 2012 844 onerati
2040 809 2131 847 estis,

1143 877 1175 902 ct
1191 881 1252 913 ego
1272 869 1424 902 reficiam
1443 879 1516 902 vos.

1291 952 1444 987 Iusticia
1469 951 1563 985 enim
1581 949 1658 984 Dei
1675 947 1855 983 revelatur
1876 946 1914 980 in
1933 957 1982 981 eo.

1244 1019 1380 1060 Antea,
1413 1026 1452 1053 ut
1480 1019 1517 1051 in
1548 1019 1625 1051 loco
1651 1015 1873 1054 attentionis,
1906 1012 2134 1047 mentionem,

1143 1072 1224 1106 fecit
1244 1071 1426 1115 dignitatis
1451 1077 1483 1103 et
1508 1069 1678 1102 efficaciae
1695 1066 1890 1108 Evangelii.
1944 1064 2012 1097 Hic
2036 1063 2131 1096 idem

1145 1124 1342 1156 membrum
1375 1123 1547 1160 illustrat,
1583 1126 1614 1152 et
1650 1118 1860 1150 nominatim
1894 1116 1998 1154 dicit,
2040 1127 2131 1159 quo—

1144 1175 1249 1207 modo
1276 1174 1386 1217 prosit
1401 1171 1635 1215 Evangelium
1659 1170 1701 1201 ad
1731 1169 1897 1207 salutem,
1923 1166 2004 1210 quia
2034 1173 2132 1208 pate—

1142 1225 1225 1257 sacit
1243 1225 1443 1256 mirandum
1465 1224 1642 1256 decretum
1663 1219 1728 1252 Dei
1747 1218 1992 1251 iustificatione
2009 1213 2127 1249 homi-

1143 1276 1216 1314 nis,
1245 1273 1312 1308 hoc
1331 1282 1398 1314 est,
1427 1275 1469 1306 de
1485 1272 1696 1306 liberatione
1712 1283 1729 1302 a
1752 1276 1910 1313 peccato,
1938 1276 1971 1301 et
1993 1269 2036 1299 de
2063 1269 2127 1299 do·-

1143 1328 1286 1361 natione
1305 1325 1461 1358 iusticiae
1479 1331 1512 1357 et
1537 1324 1628 1357 vitae
1652 1328 1825 1356 aeternae.
1877 1317 1994 1363 Atque
2018 1318 2064 1350 ita
2090 1318 2127 1349 in

1142 1378 1210 1411 fine
1234 1377 1370 1410 exordii
1402 1376 1524 1409 recitat
1548 1373 1826 1418 propositionem
1850 1368 1957 1403 huius
1983 1367 2127 1412 Episto-

1144 1431 1211 1469 lae,
1239 1435 1272 1461 et
1295 1427 1350 1473 (ut
1368 1429 1413 1461 ita
1433 1426 1564 1470 dicam)
1581 1431 1709 1458 statum
1728 1423 1838 1457 totius
1855 1432 1990 1463 causae,
2019 1431 2123 1464 quam

1142 1487 1310 1524 exponet,
1337 1486 1369 1512 et
1387 1478 1492 1511 simul
1510 1476 1678 1510 discernit
1695 1475 1806 1517 legem
1825 1479 1858 1506 et
1874 1471 2124 1514 Evangelium,

1142 1538 1174 1564 et
1193 1531 1366 1564 iusticiam
1386 1530 1487 1572 legis,
1516 1541 1533 1560 a
1552 1527 1691 1560 iusticia
1706 1526 1799 1558 fidei.

1246 1596 1293 1631 Ut
1315 1604 1429 1630 autem
1455 1593 1591 1639 phrasis
1623 1595 1742 1626 dextre
1777 1590 2011 1632 intelligatur,
2048 1600 2124 1621 mo-

1143 1649 1248 1681 nendi
1272 1654 1354 1680 sunt
1379 1647 1552 1685 iuniores,
1580 1644 1752 1677 iusticiam
1779 1642 1844 1675 Dei
1871 1639 1938 1673 hoc
1964 1641 2057 1678 loco,
2087 1646 2121 1671 et

1140 1711 1241 1742 saepe
1263 1699 1348 1731 alias
1373 1699 1459 1736 dici,
1487 1708 1560 1729 non
1586 1707 1653 1740 qua
1679 1695 1751 1738 ipse
1775 1694 1862 1726 istus
1887 1699 1954 1731 est,
1981 1696 2018 1723 ut
2034 1690 2122 1723 dici-

1141 1762 1235 1790 mus,
1274 1749 1412 1782 lusticia
1446 1747 1573 1781 iudicis
1600 1746 1719 1790 puniri
1745 1745 1938 1782 latronem,
1972 1742 2029 1774 sed
2054 1753 2122 1785 qua

1140 1802 1237 1835 Deus
1262 1812 1326 1833 nos
1350 1799 1564 1844 pronunciat
1591 1809 1663 1830 esse
1688 1797 1816 1835 iustos,
1843 1801 1874 1826 et
1899 1804 2001 1837 quam
2026 1791 2123 1824 Deus

1139 1854 1248 1886 donat
1273 1852 1376 1884 nobis
1401 1862 1462 1894 per
1489 1850 1611 1887 fidem,
1651 1859 1729 1880 cum
1752 1852 1895 1889 propter
1919 1844 2029 1876 filium
2057 1855 2121 1874 uos

1139 1904 1280 1947 recipit,
1306 1910 1338 1935 et
1358 1900 1570 1945 pronunciat
1588 1911 1650 1931 nos
1675 1899 1803 1936 iustOS,
1830 1896 1862 1928 id
1884 1901 1950 1934 est,
1976 1893 2119 1926 absolu-

1139 1962 1190 1987 tos
1216 1966 1276 1987 seu
1301 1954 1465 1986 liberatos
1487 1964 1505 1983 a
1537 1957 1698 1994 peccato,
1740 1955 1772 1981 et
1798 1954 1954 1989 receptos
1980 1945 2016 1976 in
2042 1955 2119 1986 gra-

1137 2007 1219 2039 tiam
1236 2032 1246 2046 ,
1280 2011 1313 2038 et
1336 2004 1525 2037 sanctificat
1551 2012 1614 2034 nos
1639 2000 1776 2045 Spiritu
1800 2004 1919 2032 sancto
1946 1997 1990 2029 ad
2014 1995 2119 2027 vitam

1135 2064 1325 2090 aeternam.

1238 2124 1308 2157 Nec
1335 2123 1410 2155 sine
1433 2119 1603 2163 singulari
1628 2130 1729 2152 causa
1755 2129 1838 2151 usus
1856 2122 1905 2149 est
1922 2114 2028 2147 verbo
2045 2111 2118 2147 Re-

1135 2175 1294 2215 velandi,
1322 2174 1420 2219 quasi
1440 2173 1552 2205 dicat:
1590 2170 1630 2203 ln
1648 2169 1842 2211 Evangelio
1866 2177 2031 2199 arcannm
2057 2165 2117 2196 de-

1133 2234 1264 2259 cretum
1283 2225 1345 2258 Dei
1367 2225 1500 2268 patefit,
1530 2223 1624 2266 quod
1644 2221 1805 2253 videlicet
1824 2218 1906 2250 velit
1923 2228 2031 2259 genus
2049 2212 2118 2247 hu-

1133 2289 1276 2311 manum
1298 2277 1468 2308 immensa
1491 2272 1729 2306 misericordia
1755 2276 1898 2314 propter
1919 2267 2030 2300 filium
2055 2267 2117 2298 ‹le-

1133 2335 1347 2371 precatorem
1371 2327 1478 2370 gratis
1503 2325 1676 2368 recipere,
1703 2334 1741 2354 ac
1761 2321 1898 2354 mittere
1918 2318 2049 2357 filium,
2077 2323 2116 2349 ut

1133 2380 1190 2412 fiat
1215 2380 1374 2417 victima,
1411 2385 1444 2412 et
1470 2376 1593 2410 tollere
1619 2380 1796 2418 peccatum
1822 2378 1854 2404 et
1879 2376 2046 2406 mortem,
2075 2379 2114 2400 ac

1132 2431 1278 2463 reddere
1294 2430 1467 2462 iusticiam
1487 2433 1519 2459 et
1539 2426 1643 2459 vitam
1657 2431 1830 2456 aeternam
1844 2419 2034 2459 Omnibus,
2052 2418 2114 2462 qui

1135 2494 1214 2514 vere
1230 2483 1390 2519 credent,
1418 2492 1452 2512 se
1470 2484 1612 2521 propter
1629 2476 1738 2507 filium
1757 2473 1863 2516 gratis
1881 2472 1999 2514 recipi.
2035 2469 2113 2501 Hoc

1131 2533 1308 2566 decretum
1325 2531 1422 2564 nulla
1437 2535 1593 2563 creatura
1610 2537 1751 2559 cernere
1769 2530 1913 2568 poterat,
1929 2524 1986 2555 sed
2005 2521 2114 2565 ipsius

1132 2582 1196 2616 Dei
1214 2596 1297 2616 voce
1322 2583 1531 2626 patefactum
1553 2585 1585 2612 et
1604 2577 1864 2622 promulgatum
1889 2581 1959 2613 est,
1988 2578 2020 2605 et
2045 2571 2113 2603 alia

1132 2647 1197 2667 vox
1214 2642 1282 2673 est,
1310 2645 1413 2678 quam
1438 2643 1504 2664 vox
1528 2629 1612 2672 legis
1638 2630 1681 2661 de
1703 2627 1850 2661 iusticia.
1903 2625 1991 2658 Nam
2009 2621 2112 2655 iusti-

1131 2686 1183 2719 cia
1206 2685 1292 2729 legis
1317 2690 1396 2733 est,q
1421 2683 1534 2716 facere
1560 2681 1692 2724 legem,
1722 2690 1801 2722 seu,
1836 2683 1875 2711 ut
1899 2670 2111 2717 Philosophi
