2415 2942
252 90 325 125 707

253 179 302 212 les
322 172 530 209 mundanis,
557 176 595 204 nt
619 173 739 202 contra
765 165 1026 198 ordinationem
1045 160 1110 195 Dei
1136 173 1237 205 appe.

253 235 333 264 tunt
358 225 457 268 impii
484 223 721 265 voluptatem,
749 224 923 262 qu;·ie1unt
949 226 1032 259 opes
1058 221 1091 246 et
1117 220 1240 257 poten-

252 281 337 314 tiam
364 274 504 309 iniustis
530 271 663 310 modis,
689 269 830 310 fugiunt
854 279 1005 300 crucem
1059 264 1164 298 'lates
1180 275 1241 296 cu-

253 329 340 374 pulit
347 334 416 360 ntes
459 326 619 363 damnat,
662 331 751 365 quae
793 324 1012 362 occuparunt
1053 316 1241 348 maximam

253 378 378 413 rnnndi
411 382 559 421 partem.
619 372 718 407 Sicut
749 370 908 402 videmus
941 369 1074 412 ubique
1105 366 1243 400 animos

254 428 440 463 hominum
459 427 581 459 ardere
598 424 684 456 alios
703 421 780 454 aliis
798 420 1066 464 cupiditatibus,
1085 417 1243 456 avaritia,

254 480 469 519 ambitione,
507 475 738 515 libidinibus,
780 479 813 504 et
841 478 986 515 propter
1011 467 1073 502 has
1098 469 1243 500 miscere

255 532 377 564 orbem
413 536 586 562 terrarum
622 523 851 563 tumultibus,
893 522 1079 563 caedibus,
1123 518 1245 558 bellis,

255 583 343 615 sicut
362 580 567 626 quotidiana
585 577 655 611 vita
676 582 833 612 testatur,
849 581 880 607 et
901 572 1067 606 historiae
1085 570 1244 603 omnium

255 640 466 677 tenipotQuui

358 681 513 716 Econtra
536 686 651 713 autem
671 677 766 710 iubet
785 674 947 709 renovari
967 682 1101 711 mente,
1131 671 1166 703 id
1186 676 1246 710 est,

256 735 353 768 iubet
374 746 436 766 nos
456 733 558 765 aliter
577 730 725 768 sentire,
757 728 842 760 alias
865 725 1013 757 noticias
1029 725 1072 756 de
1089 721 1185 763 Deo,
1215 728 1247 753 et

257 786 344 819 alios
363 785 507 817 aflectus
526 781 708 824 concipere
721 805 728 819 ,
758 777 922 810 videlicet
940 786 1062 807 verum
1084 774 1246 806 timorem

257 836 323 870 Dei
355 842 387 868 et
416 845 531 866 veram
553 833 675 868 fidem
714 837 751 863 nt
776 828 1009 861 anteferamus
1029 824 1246 858 voluntatem

256 886 323 921 Dei
357 885 486 918 nostris
512 881 774 926 cupiditatibus.

361 936 441 968 ldeo
463 935 577 967 addit:
615 931 659 965 Ut
678 928 889 972 agnoscitis,
915 938 1004 972 quae
1023 925 1067 959 sit
1084 925 1247 958 voluntas

257 987 323 1022 Dei
350 988 441 1020 bona
467 993 529 1018 etc.
586 983 622 1016 ld
650 983 742 1014 euim
770 979 976 1022 simpliciter
995 977 1173 1019 intelligo,
1203 977 1246 1007 de

258 1039 440 1072 voluntate
462 1036 527 1070 Dei
555 1034 731 1078 proposita
759 1032 794 1064 in
820 1029 1011 1074 praeceptis
1038 1035 1071 1061 et
1095 1027 1246 1071 promis-

259 1090 430 1123 sionibus.
489 1087 587 1119 lubet
604 1085 696 1117 enim
717 1084 761 1115 ita
782 1081 963 1119 renovari,
980 1086 1017 1112 ut
1034 1091 1161 1111 novam
1180 1090 1248 1109 no-

259 1141 380 1174 ticiam
406 1141 448 1170 de
474 1137 546 1169 Deo
575 1136 833 1178 concipiamuS,
870 1138 901 1164 et
921 1131 1111 1163 induamus
1137 1140 1247 1161 novos

259 1192 423 1228 affectus,
452 1188 612 1220 videlicet
637 1197 758 1218 xelum
784 1184 946 1217 timorem
971 1181 1037 1214 Dei
1064 1188 1097 1213 et
1129 1191 1247 1212 veram

260 1243 382 1281 fidem,
401 1248 432 1273 et
452 1238 486 1272 hi
504 1238 646 1271 affectus
664 1241 805 1269 exerant
823 1246 857 1266 se
875 1234 911 1265 in
929 1232 1024 1266 omni
1043 1242 1168 1274 genere
1184 1231 1248 1263 bo-

260 1304 389 1326 norum
410 1301 578 1333 operum,
607 1296 637 1320 et
657 1285 929 1321 afflictionibus,
948 1283 1110 1315 videlicet
1129 1282 1192 1321 ita,
1211 1280 1249 1314 Si

262 1344 300 1377 in
319 1341 570 1376 afflictionibus
590 1334 910 1379 intelligamusDeo
926 1334 1060 1377 placere
1080 1332 1249 1365 obedien-

262 1395 366 1433 tiam,
393 1399 425 1425 et
451 1398 630 1435 propterea
656 1389 891 1422 sustineamus
913 1385 1076 1422 adversa,
1105 1395 1168 1415 nec
1192 1383 1249 1415 su—

263 1446 397 1489 giamus
421 1454 571 1476 crucem.

314 1527 412 1563 Dico
428 1526 527 1561 vobis
539 1536 603 1573 per
614 1523 780 1570 gratiam
793 1550 801 1563 ,
821 1532 913 1568 quae
930 1517 1020 1552 data
1032 1523 1081 1552 esi
1096 1515 1201 1551 mihi.

369 1595 465 1628 Inter
482 1594 651 1632 virtutes,
669 1602 758 1635 quae
776 1590 817 1621 ad
837 1586 1090 1626 ministerium,
1108 1597 1167 1617 seu
1187 1596 1250 1627 gu—

265 1647 528 1686 bernationem,
569 1655 630 1676 seu
671 1639 1013 1674 administrationem
1054 1637 1252 1680 pertinent,

267 1701 357 1732 duae
382 1703 463 1730 sunt
490 1694 715 1739 praecipuae:
757 1689 970 1725 Obedientia
994 1689 1030 1721 in
1056 1687 1254 1727 vocatione,

268 1758 297 1783 et
320 1751 356 1781 in
376 1748 565 1780 iudicando
590 1757 651 1778 seu
678 1742 919 1781 instituendo,
948 1752 1020 1772 non
1040 1739 1216 1772 discedere
1234 1750 1252 1770 a

268 1800 480 1845 praescripta
507 1796 625 1839 regula
653 1807 712 1828 seu
738 1795 915 1826 mandato.
983 1790 1105 1833 Quare
1129 1790 1172 1822 de
1197 1786 1252 1821 his

268 1852 407 1884 duabus
427 1848 615 1882 virtutibus
633 1846 734 1878 initio
754 1843 997 1882 concionatur,
1006 1849 1037 1875 et
1057 1842 1101 1874 ita
1119 1840 1253 1884 inquit:

269 1902 380 1936 hemo
401 1905 606 1942 arroganter
625 1898 668 1930 de
682 1908 717 1928 se
733 1895 868 1934 sentiat,
884 1894 918 1926 id
936 1900 998 1932 est,
1016 1904 1118 1924 nemo
1135 1903 1253 1923 erum-

271 1960 331 1997 pat
350 1959 444 1984 extra
470 1961 568 1982 snam
595 1947 834 1984 vocatiouem,
869 1952 901 1977 et
928 1950 1133 1985 arrogonter
1157 1941 1252 1973 aliud

272 2003 457 2045 suscipiat,
486 2012 589 2044 qnam
617 1998 769 2042 postulat
791 1996 843 2028 sni
870 1995 979 2027 officii
998 1995 1099 2027 ratio.
1152 1994 1254 2025 Item:

272 2054 384 2087 Nemo
416 2058 619 2093 arroganter
645 2049 735 2082 ausit
760 2048 913 2080 iudicare
947 2047 990 2077 de
1017 2044 1254 2087 dogmatibus,

273 2112 392 2137 contra
419 2103 583 2135 traditam
612 2099 788 2141 regula‚m
823 2105 881 2130 aut
908 2108 941 2128 s(
947 2107 1021 2128 rere
1047 2106 1155 2127 novis
1178 2093 1254 2136 opi-

274 2167 417 2193 niones,
455 2160 515 2186 aut
544 2151 725 2184 instituere
753 2159 862 2181 novos
892 2148 1022 2184 cultus,
1064 2145 1255 2177 infatuatus

276 2219 396 2248 peisu
392 2206 499 2236 sione
518 2217 548 2235 m
554 2214 592 2245 ιτ
598 2213 660 2234 nae
679 2200 869 2244 sapientiae
887 2204 946 2230 aut
962 2195 1172 2233 sanctitatis,
1198 2206 1255 2227 su-

275 2227 680 2300 p1a1n011umsui⁰dout

361 2305 559 2351 Utrumque
575 2311 691 2337 autem
710 2305 930 2357 praeceptum
948 2296 1179 2330 necessarium
1195 2302 1257 2335 est,

275 2357 424 2389 maxime
447 2357 483 2388 in
512 2353 685 2392 Ecclesia,
728 2359 765 2384 ut
793 2351 886 2383 enim
914 2348 1113 2382 civitatibus
1143 2349 1254 2381 πολυ-

276 2418 520 2451 πραγιιοσιιη
546 2406 739 2448 plurimum
766 2407 886 2440 nocet,
922 2412 1000 2432 cnm
1026 2399 1190 2441 ingerunt
1218 2410 1254 2431 se

275 2459 366 2501 priv
357 2458 401 2489 ati
422 2454 580 2488 homines
599 2469 640 2487 n-
643 2454 766 2495 ⁹otiis,
795 2459 827 2485 et
842 2451 1039 2495 impediunt
1056 2449 1253 2482 ordinarias

275 2508 447 2546 actiones,
473 2508 559 2538 sicut
578 2506 731 2543 Marius,
760 2502 909 2542 Br‚ntus
933 2509 963 2534 et
987 2501 1045 2533 alii
1064 2500 1253 2534 turbabant

274 2571 345 2591 ren,
352 2560 432 2601 pub.
487 2556 560 2589 lta'
554 2568 588 2587 1n
607 2554 784 2588 Ecclesia
776 2566 897 2595 lugens
916 2551 1108 2594 periculum
1127 2550 1251 2589 existit,

273 2622 351 2641 cuin
373 2609 427 2640 ali
424 2607 481 2652 {ui
500 2607 553 2638 wl
572 2606 676 2639 stulto
704 2606 795 2643 zelo,
826 2605 878 2636 vel
899 2604 976 2636 aliis
1000 2601 1250 2646 cupiditatibus

845 76 971 113 PHIL.
998 74 1115 112 MEL.
1140 72 1348 110 SCRIPTA
1377 71 1676 111 EXEGETICA.

1277 2511 1279 2516 ¹
1303 2494 1420 2534 chaei,
1447 2497 1506 2540 qui
1533 2497 1708 2528 finxerunt
1730 2494 1818 2525 duos
1838 2493 1939 2531 deos,

1275 2593 1277 2606 l

2203 73 2283 110 708

1299 160 1407 193 multa
1435 160 1624 193 reformare
1646 158 1684 191 in
1710 158 1868 194 doctrina
1894 161 1949 194 vel
1979 158 2082 196 ritib(
2099 166 2287 194 conantur.

1297 212 1369 244 Aut
1394 224 1410 244 e
1434 211 1576 253 regione
1589 237 1597 251 ,
1625 222 1703 243 cum
1721 211 1881 244 doctores
1898 218 1992 246 extra
2010 224 2111 245 suum
2129 211 2286 245 officium

1296 262 1414 295 civilia
1440 262 1579 305 negotia
1604 262 1645 294 ad
1671 273 1769 295 suam
1792 268 1996 304 potestatem
2022 270 2210 303 revocant,
2253 269 2288 297 et

1297 311 1429 346 habent
1448 314 1597 347 alterum
1617 314 1738 355 pedem
1758 313 1794 344 in
1812 310 1930 352 Curia,
1945 313 2094 347 alterum
2112 314 2148 346 in
2162 313 2286 347 Eccle-

1298 365 1362 397 sia.
1414 364 1515 397 Sicut
1539 361 1794 406 Aristophanes
1819 363 1956 396 dicebat
1979 364 2021 396 de
2046 362 2195 405 Cleone,
2222 362 2286 398 ha-

1272 419 1273 424 ’
1299 416 1381 447 bere
1408 427 1487 447 eum
1511 415 1661 448 alterum
1688 415 1810 458 pedem
1837 414 1874 446 in
1899 415 2040 455 castris,
2076 415 2224 448 alterum
2249 416 2286 448 in

1272 478 1274 482 ¹
1299 477 1480 499 concione.

1401 515 1560 549 Primum
1580 516 1687 558 igitur
1704 516 1969 548 meminerimus
1988 512 2043 547 hic
2064 515 2226 560 praecipi,
2244 527 2288 548 ne

1301 568 1551 599 conturbemus
1576 567 1795 600 vocationem
1811 593 1818 607 ,
1846 568 1906 599 sed
1924 573 1961 599 ut
1978 566 2105 608 singuli
2126 579 2207 600 suae
2223 579 2287 599 vo-

1301 617 1449 651 cationis
1468 618 1579 650 osficia
1599 618 1787 661 diligenter
1810 618 1951 652 saciant.
2005 617 2165 652 Alterum
2188 630 2287 660 prae-

1302 676 1440 712 ceptum
1465 675 1559 702 vetat
1586 669 1741 701 iudicare
1766 677 1887 703 contra
1912 669 2158 712 praescriptam
2184 680 2289 710 regu-

1301 719 1389 758 lam,
1418 717 1484 752 hoc
1498 726 1564 759 est,
1599 726 1720 752 contra
1746 720 1892 752 verbum
1920 718 1985 752 Dei
2014 726 2046 752 et
2069 719 2207 752 saniora
2234 720 2288 752 iu-

1301 770 1403 803 dicia.
1459 770 1558 803 Sicut
1586 770 1697 815 aliqui
1726 777 1899 803 tumentes
1932 770 2029 803 inani
2062 770 2289 816 persuasione

1301 821 1487 863 singularis
1504 821 1711 864 sapientiae,
1738 828 1858 854 serunt
1877 833 1984 853 novas
2001 820 2207 863 opiniones,
2232 821 2288 853 in-

1302 872 1453 904 stituunt
1477 883 1589 904 novos
1609 872 1740 912 cultus,
1768 872 1961 905 offundunt
1987 872 2171 914 caliginem
2197 872 2290 905 veris

1302 929 1333 955 et
1360 922 1563 955 necessariis
1589 922 1753 955 articulis.
1818 922 1920 955 Hanc
1947 922 2129 955 audaciam
2157 923 2192 954 in
2213 922 2288 966 pri-

1302 973 1367 1006 mis
1392 973 1658 1006 meminerimus
1684 971 1740 1006 hic
1766 971 1966 1017 prohiberi,
2002 985 2080 1005 cum
2107 973 2222 1013 iubet,
2250 980 2290 1006 ut

1302 1025 1545 1068 unusquisque
1563 1031 1727 1066 agnoscat
1744 1036 1942 1056 mensuram
1968 1024 2022 1056 sui
2039 1024 2142 1064 doni,
2172 1023 2206 1056 id
2226 1030 2288 1064 est,

1302 1082 1334 1108 et
1359 1075 1536 1108 vocationi
1562 1086 1642 1107 suae
1667 1076 1901 1118 obtemperet,
1929 1081 1962 1107 et
1986 1086 2058 1106 non
2082 1081 2195 1107 sumat
2221 1074 2289 1106 sibi

1302 1125 1474 1159 iudicium
1503 1137 1608 1170 supra
1633 1127 1777 1159 modum
1812 1126 1865 1159 sui
1902 1124 2007 1166 doni,
2049 1137 2122 1157 non
2155 1126 2288 1158 incerta

1302 1177 1464 1210 affirmet.

1386 1227 1516 1260 Paulus
1531 1233 1631 1260 vocat
1647 1239 1847 1260 mensuram
1867 1226 1958 1266 fidei,
1975 1237 2176 1259 mensuram
2192 1225 2290 1264 doni,

1303 1280 1397 1322 quod
1416 1279 1452 1310 in
1472 1279 1538 1310 fide
1556 1278 1707 1310 exerceri
1726 1279 1846 1318 dehet,
1866 1285 1898 1310 et
1918 1290 1978 1320 per
1992 1277 2094 1310 fidem
2114 1279 2234 1315 datur,
2251 1283 2290 1310 ut

1303 1330 1340 1361 in
1367 1329 1518 1361 exercitu
1541 1329 1630 1361 alius
1655 1336 1705 1361 est
1730 1330 1818 1368 dux,
1859 1329 1948 1360 alius
1974 1329 2158 1368 tribunus,
2200 1328 2290 1360 alius

1305 1387 1481 1424 quaestor.
1517 1378 1566 1412 lta
1584 1379 1620 1411 in
1632 1377 1798 1412 Ecclesiis¹
1816 1379 1874 1410 alii
1892 1379 2050 1411 doctores
2070 1376 2199 1411 habent
2216 1389 2291 1410 ma-

1305 1431 1378 1463 iora
1397 1431 1489 1463 dona
1507 1429 1597 1463 aliis.
1649 1428 1731 1462 Ideo
1748 1436 1863 1472 postea
1882 1429 1980 1461 addit
1997 1428 2127 1461 Paulus
2145 1440 2290 1460 enume-

1305 1481 1494 1521 rationem,
1520 1488 1559 1514 ut
1584 1480 1713 1523 singuli
1737 1480 1964 1513 meminerint
1988 1491 2069 1513 suae
2095 1478 2290 1512 vocationis

1305 1539 1337 1566 et
1364 1533 1418 1565 sui
1439 1532 1548 1565 modi.

1623 1613 1707 1648 Sive
1731 1611 1975 1662 prophetiam.

1394 1681 1435 1715 In
1453 1681 1718 1715 enumeratione
1735 1681 1941 1725 praescribit
1959 1680 2169 1725 quibusdam
2188 1691 2291 1723 regu-

1305 1734 1373 1773 las,
1398 1740 1436 1766 ut
1455 1734 1497 1766 de
1514 1730 1710 1777 ProphetiS.
1762 1732 1943 1774 Significat
1965 1738 2081 1765 autern
2102 1728 2289 1774 Prophetia

1306 1784 1576 1827 revelationem,
1615 1796 1675 1816 seu
1703 1783 1957 1826 praedictiones
1980 1784 2023 1815 de
2048 1782 2192 1820 futuris,
2227 1794 2288 1815 seu

1306 1835 1630 1878 interpretationem
1655 1835 1865 1877 scripturae,
1894 1834 1976 1879 quia
2000 1834 2042 1866 ad
2069 1831 2159 1865 hanc
2184 1833 2288 1865 etiam

1306 1898 1394 1930 opus
1420 1893 1470 1919 est
1495 1886 1612 1930 aliqua
1638 1885 1861 1918 revelatione.
1918 1883 2004 1916 Nam
2028 1884 2111 1928 quid
2138 1895 2216 1915 vera
2243 1882 2287 1915 sit

1307 1938 1402 1976 fides,
1421 1944 1454 1970 et
1474 1949 1552 1969 vera
1572 1935 1762 1969 consolatio
1781 1934 2023 1972 conscientiae,
2042 1941 2074 1967 et
2091 1945 2170 1966 vera
2187 1934 2286 1975 agui-

1306 1988 1355 2021 tio
1374 1988 1500 2031 peccati
1514 2015 1523 2027 ,
1552 1999 1653 2019 nemo
1674 1986 1837 2028 intelligit
1854 1986 1928 2018 sine
1946 1984 2067 2017 divino
2087 1990 2194 2019 motu.
2239 1982 2286 2016 Et

1308 2037 1439 2072 habent
1456 2039 1515 2071 alii
1536 2043 1650 2070 motus
1667 2036 1876 2069 illustriores
1894 2036 1981 2068 aliis.

1406 2089 1578 2133 Praecipit
1605 2088 1731 2130 igitur,
1770 2093 1807 2120 ut
1831 2086 2074 2130 interpretatio
2100 2085 2195 2118 verbi
2220 2084 2284 2118 Dei

1307 2140 1349 2172 sit
1366 2141 1531 2182 analoga,
1553 2140 1587 2171 id
1609 2145 1674 2177 est,
1700 2138 1922 2171 consentiens
1939 2137 2037 2176 fidei,
2066 2134 2131 2169 hoc
2147 2143 2214 2175 est,
2242 2147 2286 2168 ne

1305 2191 1460 2224 discedat
1484 2191 1526 2223 ab
1550 2189 1705 2223 articulis
1730 2189 1829 2230 fidei,
1855 2201 1898 2222 ne
1921 2189 2096 2230 extinguat
2116 2186 2282 2219 noticiam

1306 2254 1421 2274 veram
1441 2239 1592 2281 Christi,
1622 2247 1653 2273 et
1671 2240 1773 2272 fidem
1792 2240 1828 2272 in
1844 2237 2037 2273 Christum.
2091 2236 2189 2270 Sicut
2215 2236 2284 2268 ini-

1305 2293 1354 2326 tio
1369 2293 1412 2325 ab
1435 2293 1590 2325 articulis
1610 2291 1690 2324 fidei
1713 2291 1943 2323 discesserunt
1961 2287 2094 2326 Ebion,
2123 2286 2286 2320 Samosa-

1304 2351 1426 2383 tenus,
1443 2350 1474 2375 et
1493 2344 1570 2384 alii,
1585 2342 1644 2387 qui
1662 2342 1918 2374 contenderunt
1937 2340 1971 2372 in
1989 2336 2129 2372 Christo
2147 2345 2283 2371 tantum

1305 2406 1375 2426 esse
1401 2401 1560 2427 naturam
1587 2391 1790 2426 humanam.
1853 2390 1989 2423 Deinde
2016 2389 2179 2427 Arriani,
2221 2389 2282 2433 qni

1304 2453 1519 2488 negaverunt
1544 2445 1654 2477 filium
1671 2441 1736 2476 Dei
1753 2448 1875 2475 natura
1895 2440 2007 2473 Deum
2027 2452 2109 2474 esse.
2163 2439 2282 2472 Mani-

1976 2499 2006 2524 et
2025 2492 2281 2523 damnaverunt

1302 2548 1525 2589 coniugium,
1559 2545 1706 2584 iudicia,
1742 2555 1838 2575 esum
1865 2543 2035 2576 carnium.
2099 2540 2148 2574 lta
2175 2542 2283 2573 finxe-

1302 2605 1384 2630 runt
1399 2595 1561 2630 homines
1576 2608 1646 2629 non
1666 2596 1743 2635 fide,
1754 2594 1813 2627 sed
1831 2593 1957 2627 talibus
1976 2591 2282 2627 observationibus

273 2660 432 2699 incitati,
474 2665 568 2691 extra
593 2656 810 2689 xvc-itionem
838 2666 936 2688 suam
962 2659 1170 2698 erumpunt,
1217 2658 1250 2685 et
1272 2646 1278 2699 ι’
1301 2651 1411 2683 iustos
1439 2660 1520 2682 esse.
