2415 2942
120 79 190 114 881
377 76 475 112 XIII.

531 76 568 111 3.
598 73 895 112 ENARRATIO
922 75 1075 114 EPIS'I'.
1106 75 1253 113 PAULI
1281 76 1347 114 AD
1375 77 1636 118 ROMANOS.
1689 80 1793 120 CAP.
1822 85 1885 121 111.

2075 92 2149 128 882

119 177 215 198 mum
241 170 288 198 est
317 174 436 197 omnes
456 160 650 207 Prophetas
676 170 709 196 et
737 174 859 197 omnes
884 170 1021 196 sanctos
1041 171 1110 197 sta·
1135 160 1140 218 f
1164 164 1206 196 lis
1228 172 1277 199 est
1296 161 1466 199 horribile
1483 168 1722 202 testimonium
1733 177 1764 204 et
1784 171 2001 208 iudiciumin
2018 183 2143 212 natura

117 223 234 255 tuere,
269 215 362 259 quod
389 226 451 259 per
473 214 751 247 misericordiam
779 214 853 247 Deo
873 214 1051 256 placeant,
1078 223 1109 248 et
1134 220 1137 268 t
1161 212 1346 249 bominum
1363 219 1528 251 adversus
1547 227 1743 262 peccatum,
1770 229 1801 255 et
1825 225 1937 267 arguit
1961 238 2054 260 ream
2077 241 2142 262 na-

117 264 206 299 hanc
238 266 516 299 misericordiam
550 265 758 313 promissam
798 271 830 298 et
865 271 993 297 certam
1036 277 1107 298 esse
1132 270 1135 308 j
1159 272 1292 308 turam,
1322 280 1392 300 non
1417 269 1559 303 liberat:
1586 277 1731 305 testatur
1751 285 1831 317 ergo
1858 287 1946 320 opus
1970 288 2042 311 esse
2066 291 2140 313 me-

116 323 260 361 proptet·
278 318 508 350 mediatorem
522 343 531 356 ,
559 323 591 350 et
608 316 708 349 fidem
728 315 792 348 niti
812 315 1012 348 obedientia
1033 328 1106 348 me-
1130 344 1132 349 ,
1156 316 1302 355 diatore,
1320 326 1352 350 et
1370 319 1539 361 significat
1556 322 1744 363 iusticiam,
1763 337 1867 368 quam
1887 328 2058 363 mediator
2076 332 2139 364 ad-

114 367 279 406 diatoris,
310 380 380 401 non
402 367 538 401 iusticia
566 366 751 400 essentiali,

113 426 195 453 sunt
212 419 315 452 etiam
336 431 373 452 ex
398 415 464 451 hoc
482 418 576 451 dicto
603 418 645 450 ad
672 414 860 460 Ephesios:
895 415 963 449 Per
987 417 1100 461 ipsum
1128 452 1129 462 η

113 470 282 503 audemus
307 470 470 503 accedere
494 469 530 501 iu
559 468 683 501 fiducia
709 478 771 510 per
796 466 899 499 fidem
921 467 957 499 in
976 467 1101 511 ipsum.

112 518 159 554 Et
176 532 376 565 quanquam
398 531 519 554 verum
540 525 608 559 est,
635 518 673 551 in
696 529 736 550 ea
761 517 1001 551 consolatione
1026 519 1101 551 fieri

114 571 406 611 vivificationem,
441 577 474 604 et
501 568 613 602 Deum
639 569 829 601 accendere
855 580 964 601 novas
992 570 1100 603 actio-

111 633 172 655 nes
189 622 226 655 in
245 619 406 662 homine,
435 628 547 655 tamen
569 620 713 652 credens
737 619 774 651 in
792 619 968 652 infinitum
998 629 1098 654 ante-
1124 650 1126 669 ἶ

109 673 173 706 fert
207 673 445 706 obedientiam
477 671 678 703 mediatoris
703 667 757 702 liis
791 670 992 703 actionibus
1021 670 1097 709 Dei,

109 735 198 768 quae
223 724 291 756 iam
322 724 358 756 in
386 729 507 756 renato
535 722 634 756 fiunt.

106 774 342 808 consideranti
359 773 547 806 discrimen
568 772 653 815 legis
673 778 707 805 et
725 770 932 815 Evangelii,
960 779 993 806 et
1011 785 1096 806 con-

105 825 302 870 solationes,
312 826 348 857 in
364 836 442 858 vera
461 824 704 856 conversione.

241 906 300 941 An
324 907 439 954 igilur
460 907 572 953 legem
596 905 814 940 abolemus?
841 905 959 940 Absit.

204 974 277 1010 Cur
294 976 409 1022 inquit
438 976 589 1013 stabiliri
616 976 749 1019 legem,
777 988 855 1008 cum
879 975 947 1008 iam
970 976 1093 1019 politia
1119 1002 1121 1021 ζ

105 1025 211 1060 Moisi
235 1028 396 1061 funditus
422 1028 534 1060 deleta
560 1028 606 1060 sit
631 1024 796 1060 horribili
824 1027 895 1059 irae
919 1025 1008 1059 Dei?
1034 1028 1092 1060 An

103 1074 168 1111 hoc
187 1090 258 1111 non
274 1086 322 1112 est
344 1079 483 1111 abolere
510 1078 645 1121 legem?
673 1076 717 1111 Et
741 1079 918 1110 decretum
939 1079 1091 1121 Aposto-

102 1127 233 1169 lorum,
266 1131 360 1174 qnod
385 1129 550 1162 recitatur
574 1130 610 1161 in
629 1129 726 1162 Actis
751 1129 861 1172 capite
883 1126 940 1164 15.
960 1130 993 1161 in
1019 1142 1089 1173 quo

101 1191 258 1223 expresse
277 1180 551 1222 pronunciatur,
578 1179 804 1213 Ceremonias
824 1178 997 1213 Mosaicas
1015 1193 1087 1214 non

100 1242 173 1263 esse
207 1231 397 1270 iusticiam,
426 1232 468 1263 de
492 1243 560 1275 qua
587 1231 817 1263 concionatur
844 1228 1087 1273 Evangetium,

100 1293 163 1313 nec
187 1293 240 1313 res
261 1281 470 1314 necessarias
493 1293 565 1314 esse
592 1281 627 1313 in
655 1279 809 1314 Ecclesia
836 1281 898 1313 filii
924 1280 1008 1319 Dei,
1036 1282 1086 1314 fa-

100 1338 193 1364 ctum
214 1339 245 1365 et
264 1332 395 1365 editum
414 1340 463 1365 est
484 1339 670 1376 antequam
689 1331 819 1364 Paulus
837 1329 926 1364 hanc
942 1330 1086 1379 Episto-

100 1382 168 1414 lam
203 1383 244 1415 ad
270 1381 450 1416 Romanos
480 1383 636 1424 scripsit,
673 1382 753 1427 qnia
787 1384 964 1414 decretum
995 1384 1082 1415 illud

96 1434 224 1466 sactum
241 1440 291 1465 est
314 1434 516 1478 priusquam
535 1432 666 1466 Paulus
685 1435 720 1466 in
739 1431 918 1476 Europam
938 1434 1083 1467 traiecit.

94 1482 137 1515 Et
156 1480 238 1516 haec
254 1483 411 1527 Epistola
430 1484 557 1527 scripta
577 1491 627 1517 est
652 1496 669 1516 a
686 1483 814 1521 Paulo,
844 1496 922 1516 cum
942 1484 977 1516 in
995 1486 1082 1518 urbe

95 1531 269 1567 Corintho
295 1542 392 1569 esset.
444 1534 512 1568 Sed
538 1535 649 1567 facilis
676 1541 724 1567 est
750 1535 937 1577 explicatio
966 1537 1080 1569 consi-

96 1585 232 1618 deranti
253 1582 336 1618 haec
354 1586 460 1618 dicta:
486 1584 648 1618 Christus
665 1592 713 1618 est
731 1586 810 1617 finis
827 1586 922 1628 tegis.
979 1585 1080 1619 Item:

98 1634 178 1667 Non
204 1636 281 1667 veni
299 1637 434 1667 solvere
460 1636 590 1678 legem,
619 1637 676 1667 sed
703 1636 859 1678 implere.
915 1636 1006 1669 Tota
1027 1637 1080 1669 lex

97 1685 268 1727 significat
284 1683 484 1724 Christum,
513 1693 548 1719 ut
569 1686 791 1718 manifestum
821 1692 890 1722 est,
919 1687 1080 1719 victimas

97 1736 204 1769 fuisse
230 1744 331 1781 typos
355 1744 386 1769 et
413 1737 555 1770 umbras
580 1743 747 1768 venturae
773 1736 954 1776 victimae,
981 1738 1081 1770 cuius

96 1787 332 1819 obedientiam
365 1788 526 1820 mirando
556 1787 703 1819 consilio
737 1786 830 1820 Deus
861 1788 972 1821 voluit
1007 1800 1078 1821 esse

96 1838 247 1881 pretium
270 1850 332 1880 pro
356 1839 470 1873 nobis.
537 1835 706 1870 Exliibita
731 1846 847 1870 autem
874 1851 952 1871 vera
977 1840 1078 1872 victi-

95 1900 170 1925 ma,
199 1886 385 1921 exhibetur
408 1889 443 1921 id
467 1889 559 1934 quod
585 1889 863 1931 significaverant
888 1890 980 1934 typi,
1013 1891 1079 1922 sci-

94 1939 175 1972 licet
210 1939 449 1972 reconciliatio
492 1947 522 1972 et
562 1939 698 1972 iusticia
740 1951 800 1982 per
837 1941 1078 1980 mediatorem,

95 2002 182 2034 quae
200 1990 379 2032 agnitione
397 1998 426 2023 et
446 1990 571 2023 fiducia
591 1990 792 2023 mediatoris
803 1991 983 2033 accipitur.
1012 1991 1079 2024 Fa-

94 2041 159 2072 cile
176 2041 322 2083 intelligi
343 2049 471 2084 potest,
497 2039 677 2074 Christum
703 2041 805 2073 finem
833 2054 903 2073 esse
923 2055 1079 2075 ceremo-

94 2091 250 2131 niarum,
278 2092 358 2135 quia
377 2100 467 2125 certe
483 2093 556 2137 typi
580 2098 661 2125 sunt
680 2098 822 2136 propter
847 2092 1077 2136 significatam

93 2149 281 2174 victimam.

194 2191 239 2225 Et
268 2200 338 2225 tota
365 2192 486 2235 politia
514 2193 638 2225 umbra
664 2199 713 2225 est
736 2194 868 2226 aeterni
895 2194 991 2237 regni
1018 2206 1076 2227 seu

92 2250 251 2276 aeternae
275 2242 460 2277 Ecclesiae.
514 2243 604 2276 Cum
631 2243 737 2286 igitur
761 2244 907 2277 Messias
936 2243 1076 2278 exhibet

92 2301 272 2327 aeternnm
295 2305 460 2336 reguum,
504 2295 593 2327 cedit
620 2294 742 2327 umbra
775 2295 823 2327 rei
852 2296 1075 2337 significatae.

94 2343 136 2377 Et
153 2345 292 2388 quidem
309 2346 427 2377 omnia
453 2345 619 2378 miracula
642 2345 854 2378 defensionis
878 2355 909 2379 et
935 2360 1073 2380 conser—

93 2395 242 2428 vationis
261 2397 356 2429 illius
372 2397 517 2440 politiae
543 2403 626 2429 sunt
643 2397 843 2430 testimonia
867 2398 909 2430 de
928 2407 1074 2432 venturo

94 2444 232 2479 Messia.

195 2496 261 2530 Sed
279 2495 339 2530 has
359 2506 471 2541 partes
488 2498 571 2541 legis
585 2498 720 2531 omitto.
765 2497 956 2542 Praecipue
980 2500 1072 2533 enim

94 2548 137 2580 ‹le
158 2547 230 2590 lege
251 2550 371 2581 moi-ali
389 2547 445 2582 liic
463 2550 611 2587 dicitur,
641 2549 721 2594 qnia
747 2549 907 2594 loquitur
931 2552 974 2583 de
991 2551 1075 2595 lege,

94 2610 182 2643 quae
200 2599 368 2641 significat
385 2601 556 2633 iusticiam
572 2607 605 2633 et
623 2600 737 2642 arguit
755 2608 943 2645 peccatum.
971 2599 1075 2636 Chri-

92 2656 164 2683 stus
183 2658 231 2683 est
249 2649 329 2683 fiais
346 2651 447 2683 etiam
472 2651 555 2693 legis
573 2651 733 2692 moralis,
764 2651 846 2697 quia
863 2651 934 2685 Lex
953 2651 1072 2687 Mora-

142 2702 314 2734 strennui.
346 2703 447 2735 Orza.
477 2703 556 2734 Vox..
578 2704 654 2736 XV.

804 364 898 398 Haec
921 366 1103 400 manifesta
1129 391 1131 404 ,
1154 366 1232 400 sert.

695 719 790 753 Haec
814 728 895 754 sunt
916 722 1097 766 perspicua
1122 736 1124 746 ⁴

1289 367 1382 400 Haec
1402 371 1518 402 omnia
1538 372 1654 405 minus
1672 373 1900 417 intelligimus
1926 378 1962 411 in
1989 377 2053 414 hac
2071 393 2137 415 no-

1153 423 1222 449 stra
1244 418 1409 461 caligine,
1432 421 1570 463 quiade
1596 423 1667 465 Iege
1691 426 1815 458 morali
1838 424 2011 463 humanae
2037 444 2135 466 men-

1153 475 1202 500 tes
1219 468 1324 501 nimis
1342 471 1488 512 puerilia
1507 474 1641 505 somnia
1666 471 1813 516 liabent,
1841 479 2031 521 cogitamus
2049 495 2135 527 qua-

1151 518 1326 564 lecunque
1350 521 1488 555 frenum
1514 534 1586 555 esse
1612 536 1733 565 regens
1758 534 1917 562 externos
1940 538 2073 574 gestus,
2101 541 2134 568 et

1150 570 1333 603 sremimus
1365 572 1532 605 adversus
1566 571 1631 607 lioc
1662 575 1863 619 xinculum,
1893 587 1925 613 et
1949 583 2133 618 mallemus

1150 621 1267 663 vagari
1285 622 1515 665 opinionibus
1533 630 1563 656 et
1583 625 1836 668 cupiditatibus
1862 630 1936 663 sine
1957 633 2039 666 ullis
2058 647 2132 668 me-

1149 671 1201 705 tis.
1256 671 1351 706 Haec
1379 674 1575 707 tristissima
1603 677 1690 708 mal-¹
1732 678 1767 710 in
1797 676 1982 715 hominum
2007 691 2132 719 natura

1148 734 1220 755 non
1247 724 1327 757 satis
1354 725 1594 767 agnoscimus:
1631 735 1749 771 postea
1779 730 1942 772 fingimus
1972 735 2131 778 qualem-

1148 785 1287 818 cunque
1312 782 1487 808 externam
1515 777 1737 821 disciplinam
1763 791 1834 814 csse
1851 781 1936 826 legis
1954 783 2131 829 impletio-

1147 836 1227 856 nem
1255 832 1288 858 et
1315 826 1500 860 iusticiam.
1571 827 1658 861 Cum
1679 830 1787 872 igitur
1811 844 1883 865 non
1902 834 1983 867 satis
2001 837 2130 879 cogite-

1146 887 1242 916 mus,
1269 876 1355 921 qnid
1381 878 1425 910 sit
1451 878 1504 910 lex
1533 876 1619 921 Dei,
1651 887 1683 913 et
1709 893 1816 925 quare
1841 890 1987 919 naturae
2011 883 2129 921 homi-

1144 937 1229 959 num
1254 926 1357 961 insita
1381 928 1442 968 sit,
1478 942 1586 974 quare
1617 944 1699 964 voce
1733 931 1796 965 Dei
1828 936 1973 978 repetita
1999 937 2062 977 sit,
2096 947 2129 974 et

1144 978 1237 1021 quod
1253 979 1297 1010 ad
1316 990 1389 1011 eam
1416 981 1556 1012 condita
1584 982 1626 1014 sit
1654 989 1774 1015 natura
1802 981 2006 1027 hominum,
2034 995 2067 1023 et
2083 991 2128 1023 ad

1144 1040 1218 1060 eam
1238 1029 1442 1063 restituatur
1460 1043 1520 1074 per
1544 1032 1653 1064 filium
1671 1032 1754 1074 Dei,
1785 1043 1815 1068 ct
1840 1048 1944 1080 quam
1973 1039 2128 1073 dissimi-

1143 1078 1185 1111 lis
1209 1079 1253 1112 sit
1277 1079 1342 1122 legi
1370 1088 1492 1114 natura
1521 1081 1724 1117 hominurn:
1768 1094 1908 1130 propter
1939 1086 2029 1123 hanc
2060 1104 2127 1125 no-

1141 1137 1247 1162 stram
1275 1131 1459 1174 caliginem
1496 1133 1586 1165 dicta
1607 1133 1707 1167 Pauli
1740 1136 1906 1170 videntur
1931 1141 2034 1173 nobis
2061 1143 2127 1175 ob-

1140 1191 1258 1220 scura,
1287 1189 1319 1215 et
1344 1183 1522 1216 interdum
1546 1185 1670 1218 accidit
1688 1185 1723 1218 in
1743 1185 2058 1233 Enarrationibus‚
2088 1193 2125 1226 id

1139 1232 1234 1275 quod
1258 1232 1293 1264 in
1321 1235 1507 1273 proverbio
1540 1235 1687 1278 dicitur,
1716 1244 1753 1270 ut
1779 1246 1894 1273 sonet:
1921 1241 2028 1275 Aliud
2046 1243 2123 1284 Pes,

1113 1292 1115 1301 ¹
1136 1282 1236 1315 aliud
1264 1281 1419 1317 Cithara.

1237 1332 1317 1365 Non
1336 1334 1570 1377 imaginemur
1595 1336 1704 1379 legem
1725 1340 1892 1372 moralem
1911 1353 1983 1375 esse
2001 1343 2122 1378 decre-

1136 1389 1208 1415 tum
1227 1383 1340 1416 simile
1359 1385 1550 1428 Spartanae
1568 1387 1634 1429 legi
1661 1389 1702 1420 de
1725 1388 1836 1423 ferreo
1866 1403 1994 1433 numo,
2025 1397 2119 1439 quod

1135 1446 1206 1466 non
1226 1435 1340 1467 solum
1360 1438 1487 1469 mutari
1505 1445 1535 1470 et
1555 1439 1688 1471 aboleri
1706 1441 1836 1482 potuit,
1865 1444 1921 1475 sed
1948 1445 2050 1477 etiam
2070 1447 2121 1479 fa-

1135 1485 1199 1517 cile
1224 1492 1254 1518 et
1281 1489 1465 1520 commode
1490 1496 1659 1521 mutatum
1686 1498 1747 1524 est.
1803 1492 1870 1525 Sed
1897 1494 2046 1529 sciamus
2071 1498 2121 1530 le-

1133 1547 1208 1578 gem
1236 1535 1319 1574 Dei,
1357 1551 1444 1582 qnae
1474 1540 1679 1572 nominatur
1712 1543 1875 1582 moralis,
1909 1556 1980 1577 esse
2007 1555 2120 1581 aeter-

1134 1598 1214 1617 nam
1241 1595 1271 1620 et
1297 1587 1476 1621 immotam
1497 1591 1702 1632 sapientiam
1725 1599 1758 1625 et
1783 1605 1943 1629 normam
1962 1596 2119 1633 iusticiae

1134 1637 1168 1668 in
1186 1635 1260 1669 Deo
1288 1639 1491 1681 patefactam
1519 1641 1683 1674 rationali
1705 1650 1902 1683 creaturae,
1938 1654 1970 1680 et
1997 1656 2118 1692 postu-

1133 1687 1281 1726 lantem,
1307 1696 1344 1722 ut
1369 1691 1553 1723 rationalis
1580 1699 1734 1725 creatura
1752 1694 1795 1728 sit
1813 1697 2004 1731 conformis
2026 1700 2118 1740 Deo,

1135 1747 1165 1770 et
1186 1739 1420 1772 destruentem
1448 1754 1569 1775 omnes
1592 1755 1663 1776 non
1689 1745 1894 1781 conformes.
1949 1747 2043 1784 Haec
2059 1763 2117 1785 ae-

1134 1796 1231 1821 terna
1250 1791 1419 1837 sapientia
1440 1792 1504 1825 Dei
1524 1806 1742 1840 nequaquam
1761 1797 1922 1831 aboletur
1941 1799 1978 1832 in
1996 1799 2118 1835 Evan-

1134 1840 1235 1881 gelio.
1301 1841 1346 1875 Et
1370 1842 1458 1877 sicut
1482 1841 1665 1878 hominum
1689 1853 1812 1880 natura
1836 1849 2000 1883 mirando
2031 1865 2117 1886 con-

1134 1891 1212 1923 silio
1238 1892 1279 1923 ad
1309 1889 1400 1926 hanc
1426 1895 1632 1937 sapientiam
1665 1904 1698 1930 et
1724 1899 2003 1934 conformitatem
2036 1916 2115 1937 cum

1134 1941 1208 1974 Deo
1228 1943 1366 1976 condita
1387 1951 1447 1982 est,
1467 1946 1512 1978 ita
1533 1945 1710 1981 vnltDeus
1725 1949 1860 1983 restitui
1883 1963 1947 1984 nos
1963 1954 2005 1985 ad
2025 1951 2115 1989 hanc

1135 1993 1243 2035 ipsam
1271 1993 1383 2026 lucem
1409 2002 1439 2029 et
1463 1997 1744 2032 conformitatem
1767 2012 1830 2044 per
1852 2002 1975 2039 filium.
2028 2004 2113 2040 Ideo

1132 2042 1294 2077 Christus
1321 2046 1452 2080 dicitur
1472 2059 1545 2081 esse
1569 2048 1647 2082 finis
1669 2050 1764 2093 tegis.
1831 2051 1877 2086 Et
1903 2051 1958 2087 hic
1983 2053 2114 2092 Paulus

1132 2095 1264 2138 inquit:
1292 2095 1379 2129 Fide
1396 2097 1505 2140 legem
1526 2100 1742 2142 stabilimus,
1769 2103 1863 2147 quod
1883 2105 1925 2137 de
1944 2105 2018 2148 lege
2037 2119 2113 2141 mo-

1132 2146 1196 2178 rali
1225 2146 1273 2179 sic
1299 2147 1520 2192 interpretor.
1580 2149 1655 2184 Etsi
1674 2160 1788 2187 autem
1813 2154 1931 2188 iudico
1957 2163 2113 2193 nostram

1134 2196 1463 2240 interpretationem
1500 2213 1616 2234 veram
1655 2215 1745 2245 esse,
1793 2211 1825 2237 et
1861 2215 2111 2248 congruentem

1133 2260 1210 2280 cnm
1236 2247 1366 2293 Paulo,
1402 2257 1517 2283 tamen
1542 2252 1653 2286 fateor
1678 2266 1732 2287 me
1762 2255 2031 2299 amplitudinem
2056 2272 2112 2295 sa-

1133 2299 1283 2340 pientiae
1314 2301 1523 2344 apostolicae
1562 2315 1633 2336 non
1673 2305 1755 2338 satis
1788 2307 1959 2350 explicare
1997 2321 2111 2352 posse.

1131 2348 1285 2392 Deploro
1305 2363 1444 2393 gemens
1462 2365 1573 2384 meam
1591 2355 1793 2397 caliginem,
1819 2364 1850 2389 et
1871 2358 1973 2391 doleo
1990 2360 2027 2393 in
2047 2360 2112 2397 hac

1132 2401 1292 2435 barbarie
1309 2403 1400 2437 vitae
1418 2404 1581 2447 impediri
1602 2405 1704 2439 etiam
1725 2407 1951 2450 cogitationes
1976 2411 2018 2445 de
2035 2419 2110 2447 tan-

1129 2452 1171 2484 tis
1190 2454 1306 2487 rebus.

1230 2503 1311 2538 Scio
1334 2505 1571 2549 Augustinnm
1595 2504 1659 2540 hac
1682 2510 1903 2544 enarratione
1926 2523 2026 2558 saepe
2041 2515 2108 2549 uti‘:

1130 2551 1197 2586 Per
1215 2554 1318 2588 fidem
1335 2557 1388 2589 lex
1406 2558 1601 2599 stabilitur,
1629 2559 1663 2591 id
1691 2566 1760 2601 est,
1788 2560 1996 2606 impetratur
2010 2552 2110 2598 auxi·-

1129 2603 1217 2638 lium
1229 2633 1238 2646 ‚
1254 2613 1291 2640 ut
1306 2607 1373 2650 legi
1392 2609 1537 2642 obedire
1554 2609 1675 2653 possis.
1708 2609 1802 2645 Haec
1818 2615 1993 2648 enarratio
2011 2617 2111 2650 valde

1128 2657 1247 2690 tenuis
1270 2664 1303 2691 et
1321 2658 1446 2692 mutila
1464 2666 1525 2696 est.
1577 2658 1655 2694 Etsi
1678 2673 1800 2696 verum
1819 2671 1886 2704 est,
1905 2666 1980 2699 dari
1997 2665 2112 2711 Spiri-

1150 2704 1199 2740 56
