2415 2942
63 152 64 155 Ἰ
111 98 186 135 849

524 99 606 136 ΧΠ,

112 191 212 220 terna
230 184 383 228 imagine
400 185 523 230 patris.
575 184 674 219 Sicut
691 185 800 229 igitur
821 184 1035 228 intelligenti
1051 187 1103 220 fa-

113 236 232 270 cultati
252 236 425 270 tribuitur
447 237 609 280 gignere:
637 237 687 270 sic
703 248 722 270 a
744 236 926 269 voluntate
952 236 1102 270 dicimus

111 287 385 335 processionem.
440 287 534 331 Quia
549 288 714 321 voluntas
737 293 787 320 est
808 287 906 319 sedes
922 287 1052 319 amoris
1069 295 1102 320 et

111 337 332 380 agitationis,
361 339 403 371 de
421 340 551 384 quibus
574 345 613 371 ut
638 337 793 383 aliquam
817 337 1100 382 qualemcunque

110 389 272 421 umbram
290 389 500 432 cogitemus,
535 401 599 422 nos
623 389 716 432 ipsos
740 387 960 428 intueamur,
988 400 1099 430 agno-

109 449 245 473 scamus
279 440 490 484 cogitatione
524 439 620 483 gigni
653 438 839 482 imagines,
880 438 1097 472 voluntatem

111 501 215 530 vero,
246 498 306 525 aut
329 503 390 524 cor
411 489 539 524 habere
565 490 716 534 impetus
750 496 783 523 et
817 500 986 522 amorem.
1056 488 1097 522 ln

110 540 215 574 nobis
238 553 311 574 non
334 541 594 575 transfunditur
616 539 763 573 essentia
790 539 826 572 in
851 539 1020 583 imagines
1042 540 1097 573 ul-

110 591 176 632 las,
203 598 263 625 aut
282 593 319 625 in
338 593 450 626 ullum
467 603 633 629 amorem,
660 602 721 624 seu
738 590 921 634 impetum,
951 590 1013 623 etsi
1034 603 1097 623 na-

110 647 189 675 tura
215 650 333 677 nostra
358 642 582 676 vehementer
605 653 683 674 cum
707 653 844 681 amore,
881 652 941 674 seu
965 641 1096 675 laetitia

110 693 259 737 rapitur,
287 701 318 728 et
337 694 436 739 quasi
453 693 489 725 in
506 699 661 726 amatum
680 692 855 726 obiectum
872 692 1010 735 migrat,
1038 693 1096 725 sed

110 744 243 777 aeterni
263 745 370 788 patris
387 744 520 787 imago,
548 755 637 788 quae
662 749 711 776 est
736 743 830 775 filius
847 767 856 781 ‚
895 749 928 776 et
947 750 996 776 est
1014 743 1098 776 sub-

110 796 236 830 stantia
259 796 389 829 aeterni
413 794 540 839 patris,
576 801 608 827 et
629 793 780 837 Spiritui
799 801 919 827 sancto
938 806 1096 827 commu-

110 845 250 879 nicatur
265 847 411 879 essentia
432 846 539 889 patris
557 852 588 878 et
604 845 680 877 filii.

210 895 278 929 Hic
308 903 340 930 et
363 897 498 929 formae
529 895 702 929 sermonis
733 895 972 928 observandae
1004 901 1096 930 sunt.

107 946 206 979 Alias
222 948 264 979 de
281 948 504 990 processione
520 953 659 980 aeterna
678 946 829 987 dicitur,
857 959 924 992 qua
943 946 1096 990 Spiritus

108 1005 248 1030 sanctus
266 1005 315 1031 est
332 1010 480 1042 persona
507 998 608 1031 tertia
634 997 850 1037 divinitatis,
878 1004 914 1030 ut
933 995 989 1030 hic
1008 998 1096 1030 dici-

108 1054 183 1081 tur:
212 1047 283 1091 Qui
302 1061 319 1081 a
339 1056 436 1093 patre
454 1049 631 1093 procedit,
666 1055 699 1081 et
723 1046 806 1081 haec
833 1048 975 1092 proprie
993 1060 1095 1081 voca-

107 1104 166 1131 tur
195 1100 380 1142 processio.
449 1100 548 1133 Alias
577 1101 620 1131 de
657 1099 824 1131 missione
853 1099 1000 1139 dicitur,
1027 1110 1094 1144 qua

107 1148 262 1193 Spiritus
279 1157 419 1184 sanctus
437 1151 591 1183 mittitur
613 1150 648 1182 in
672 1151 776 1182 corda
801 1147 1006 1187 hominum,
1034 1150 1095 1194 qui

105 1200 175 1232 fide
197 1209 438 1234 renascuntur.
500 1200 602 1233 Hanc
632 1202 810 1234 interdum
833 1207 959 1233 vocant
984 1200 1094 1244 aliqui

108 1251 368 1297 processionem
396 1251 644 1294 temporalem,
686 1252 746 1283 sed
775 1251 937 1284 usitatius
966 1251 1095 1283 dicitur

108 1300 247 1335 Missio.
301 1301 399 1335 Sicut
417 1309 449 1335 et
468 1300 524 1335 hic
544 1302 580 1334 in
597 1308 690 1335 textu
716 1301 940 1335 nominatur:
977 1300 1091 1343 Quem

107 1362 169 1394 ego
188 1352 324 1385 mittam
343 1364 361 1384 a
379 1359 495 1396 patre,
524 1358 556 1385 et
579 1353 621 1385 de
645 1352 814 1384 missione
829 1359 1022 1397 quaerunt,
1048 1363 1092 1384 an

106 1401 261 1445 Spiritus
290 1403 401 1436 sancti
441 1414 588 1447 persona
615 1403 706 1436 adsit
730 1403 767 1435 in
794 1403 960 1435 cordibus
990 1414 1092 1435 rena—

104 1452 295 1492 scentium,
322 1465 367 1486 an
385 1466 466 1487 vero
486 1460 621 1487 tantum
639 1454 732 1486 dona
751 1453 788 1485 in
808 1461 924 1486 mente
939 1460 971 1486 et
987 1455 1092 1486 corde

105 1505 359 1545 accendantur,
384 1512 422 1538 ut
438 1505 496 1537 lux
513 1505 549 1537 in
578 1511 695 1538 mente
731 1511 764 1538 et
796 1504 832 1536 in
859 1505 1041 1537 voluntate
1061 1511 1092 1538 et

105 1555 210 1587 corde
227 1555 372 1594 fiducia,
401 1562 434 1589 et
450 1556 592 1588 dilectio
608 1554 686 1589 Dei.
740 1555 810 1589 Sed
829 1563 920 1589 recte
944 1567 1091 1599 respon-

105 1606 226 1644 detur,
253 1613 433 1651 utrunque
459 1619 580 1639 verum
607 1618 689 1640 esse.
741 1605 787 1640 Et
804 1618 990 1650 personam
1010 1606 1090 1650 Spi-

106 1655 195 1689 ritus
221 1658 330 1690 sancti
353 1659 470 1689 adesse
496 1657 533 1689 in
558 1657 724 1690 cordibus
748 1657 1028 1697 renascentium,
1059 1664 1091 1690 et

105 1706 143 1738 in
164 1706 235 1750 ipsa
258 1713 394 1747 mente,
429 1708 611 1741 voluntate
631 1714 664 1741 et
689 1709 793 1741 corde
818 1709 910 1740 dona
938 1708 1091 1742 accendi.

106 1756 156 1790 Ita
173 1757 341 1801 scriptum
368 1764 419 1791 est
443 1758 479 1790 in
504 1755 680 1802 Propheta
705 1757 794 1791 loe'l:
831 1756 1022 1791 Effundam
1048 1760 1091 1791 de

105 1820 183 1840 meo
204 1809 330 1851 spiritu
354 1820 459 1851 super
481 1821 622 1841 omnem
656 1820 818 1849 carnem,
846 1816 878 1842 et
896 1809 939 1842 ad
957 1807 1091 1842 Roma-

105 1870 171 1891 nos
199 1860 250 1893 8.:
283 1859 467 1904 Siquidem
493 1859 637 1902 spiritus
659 1857 725 1891 Dei
747 1857 883 1893 habitat
911 1859 947 1891 in
981 1860 1091 1900 vobis,

104 1906 248 1952 haecde
264 1921 411 1953 persona
429 1910 607 1945 dicuntur.
641 1908 694 1943 De
712 1910 796 1953 ipsis
811 1922 893 1942 vero
909 1911 1012 1943 donis
1030 1922 1090 1944 seu

104 1959 304 2001 effectibus,
330 1972 390 1993 seu
409 1961 658 2004 qualitatibus,
684 1968 722 1994 ut
745 1962 782 1993 in
807 1959 935 1994 scholis
953 1968 1090 2002 vocant,

104 2010 194 2044 clare
211 2011 406 2056 loquuntur
423 2009 506 2045 haec
523 2012 631 2052 dicta,
668 2018 699 2044 et
721 2012 867 2052 similia,
902 2013 943 2044 ad
970 2010 1105 2047 Galat¹>

104 2060 154 2095 5.:
187 2060 337 2095 Fructus
363 2063 506 2106 spiritus
530 2070 579 2096 est
603 2063 766 2104 dilectio,
799 2063 987 2106 gaudium,
1012 2075 1090 2107 pax,

103 2112 207 2153 fides,
234 2113 388 2153 bonitas,
416 2114 652 2155 continentia,
680 2121 743 2147 etc.

205 2161 300 2196 Haec
318 2164 395 2196 ideo
419 2164 580 2202 recitavi,
606 2172 643 2197 ut
662 2164 883 2209 quaestiones
898 2165 1033 2210 aliquot
1051 2164 1087 2197 in

102 2214 284 2248 sententiis
307 2213 535 2258 Longobardi
556 2215 693 2248 facilius
714 2215 955 2249 diiudicentur
978 2222 1010 2248 et
1030 2228 1087 2248 ex-

101 2265 294 2310 plicentur,
323 2278 408 2310 quas
431 2266 552 2299 volens
571 2272 768 2310 praetereo,
803 2278 846 2299 an
872 2267 916 2299 sit
942 2267 1088 2300 effectus

102 2316 228 2361 aliquis
245 2316 387 2350 dilectio
405 2318 442 2349 in
466 2319 572 2350 corde
594 2328 754 2357 accensa,
787 2317 848 2361 qui
867 2330 938 2350 non
955 2318 997 2350 sit
1014 2318 1087 2361 ipsa

104 2378 250 2411 persona
269 2366 420 2411 Spiritus
438 2369 560 2402 sancti.
609 2366 690 2401 Dixi
711 2374 889 2413 utrunque
906 2369 1087 2401 affirman-

102 2419 187 2450 dum
203 2429 295 2459 esse,
321 2420 415 2463 quod
434 2420 523 2453 adsit
542 2420 579 2452 in
596 2419 760 2453 cordibus
780 2426 982 2452 renatorum
1003 2419 1085 2464 Spi-

102 2469 191 2502 ritus
214 2475 369 2510 sanctus,
409 2478 442 2505 et
468 2472 562 2517 quod
587 2470 729 2504 dilectio
754 2469 798 2503 sit
822 2470 984 2511 effectus,
1025 2482 1085 2505 seu

102 2519 251 2565 qualitas
279 2532 422 2555 accensa
445 2522 483 2555 in
505 2522 610 2556 corde
634 2533 698 2565 per
716 2520 889 2565 Spiritum
913 2527 1084 2563 sanctum,
1109 2538 1110 2543 ¹

102 2570 311 2604 assentiente
328 2579 360 2606 et
374 2579 637 2617 optemperante
651 2573 842 2606 voluntate.
882 2571 952 2606 Sed
968 2573 1083 2606 liben-

102 2629 154 2655 ter
170 2622 341 2664 abrumpo
360 2621 420 2656 has
438 2625 672 2670 quaestiones,
700 2624 742 2657 de
761 2623 889 2668 quibus
907 2623 1082 2659 inerudite

658 97 958 135 ENARRATIO
986 99 1037 136 IN
1062 99 1245 140 EVANG.
1274 101 1486 142 IOANNIS.
1541 105 1643 146 CAP.
1670 109 1750 145 XV.

101 2680 135 2707 et
149 2673 274 2717 frigide
291 2673 328 2706 in
346 2676 606 2710 commentariis
621 2674 848 2719 Longobardi
870 2674 1079 2720 disputatur.
1103 2686 1109 2718 Ι

2067 117 2141 153 350

1260 186 1384 224 Restat
1400 197 1432 225 et
1450 188 1534 226 haec
1551 195 1728 239 quaestio,
1754 197 1797 230 de
1813 209 1880 243 qua
1898 199 1980 233 satis
1997 208 2044 235 est
2063 214 2139 236 mo-

1155 249 1239 271 nere
1257 241 1443 277 studiosos.
1493 242 1648 278 Graecae
1664 245 1839 282 Ecclesiae
1855 251 2065 286 recentiores
2085 253 2140 286 di-

1155 295 1284 321 cuntur
1314 292 1465 325 movisse
1496 302 1687 330 certamen:
1733 297 1791 331 An
1821 299 1975 344 Spiritus
2001 311 2140 337 sanctus

1155 340 1319 381 procedat
1337 353 1353 373 a
1374 349 1471 384 patre
1491 351 1523 377 et
1546 346 1636 387 filio,
1664 348 1698 380 id
1716 355 1784 390 est,
1812 362 1855 383 an
1872 351 1916 385 sit
1934 364 1973 385 ex
1991 355 2138 388 essentia

1154 389 1263 432 patris
1280 397 1311 423 et
1330 391 1412 432 filii,
1449 400 1481 426 et
1505 399 1764 432 contenderunt
1781 400 1953 444 Spiritum
1978 412 2138 438 sanctum

1154 451 1170 471 a
1189 446 1287 486 patre
1307 443 1516 485 procedere,
1544 446 1578 478 id
1598 454 1647 481 est
1660 475 1669 488 ,
1697 461 1736 481 ex
1750 451 1858 492 patris
1875 456 2022 488 essentia
2047 467 2137 489 esse:

1152 489 1205 523 Ac
1222 502 1283 533 per
1301 492 1432 532 filiurn,
1460 501 1625 540 tanquam
1645 500 1819 532 carnalem
1838 503 1948 544 mitti,
1976 517 2038 539 nec
2066 518 2138 540 esse

1153 552 1192 573 ex
1208 543 1355 575 essentia
1372 543 1447 579 filii.
1490 544 1542 579 De
1561 545 1623 580 hac
1642 551 1845 593 quaestione
1863 560 2072 595 statuamus,
2099 564 2138 591 ut

1151 591 1283 624 latinae
1303 592 1478 628 Ecclesiae
1504 599 1680 640 sentiunt,
1715 600 1886 644 Spiritum
1911 613 2068 640 sanctum
2095 609 2139 641 ab

1152 649 1294 676 aeterno
1313 651 1410 688 patre
1427 652 1460 679 et
1474 646 1546 680 filio
1565 651 1770 692 procedere,
1797 653 1833 685 id
1851 661 1913 694 est,
1941 667 2012 689 esse
2029 670 2068 690 ex
2086 670 2139 691 es-

1152 693 1263 726 sentia
1297 697 1429 728 aeterni
1466 699 1574 740 patris
1599 708 1630 734 et
1654 701 1737 741 filii,
1781 703 1871 737 sicut
1895 703 2058 740 Christus
2080 721 2139 741 ex-

1152 756 1268 787 presse
1292 745 1426 791 inquit,
1471 747 1614 783 loannis
1644 752 1717 786 16.:
1756 753 1818 787 Ille
1842 767 1896 788 me
1920 757 2140 799 glorificabit,

1152 795 1233 851 quia
1250 808 1289 828 ex
1307 809 1363 830 me
1380 798 1544 843 accipiet,
1579 809 1611 835 et
1628 800 1787 838 Christus
1813 803 1869 838 hic
1896 806 2027 852 inquit:
2063 807 2140 852 Ego

1151 853 1300 888 nuttam,
1321 859 1398 881 non
1415 855 1551 883 tanturn
1570 853 1635 886 ait:
1666 852 1733 887 Per
1751 867 1806 888 me
1819 856 1994 900 mittetur,
2021 866 2060 893 ut
2079 872 2141 904 per

1151 898 1317 932 canalem.
1372 898 1475 933 Nunc
1491 903 1532 934 ad
1558 909 1690 937 textum
1717 907 1839 945 redeo,
1868 909 1988 952 quide
2007 910 2140 943 effecti·

1151 947 1217 980 bus
1238 947 1391 991 Spiritus
1422 953 1553 994 sancti,
1592 960 1625 988 et
1658 955 1700 988 de
1729 957 1926 992 ministerio
1952 959 2139 1005 Evangelii

1151 1010 1273 1032 rursus
1291 1009 1534 1037 concionatur.

1199 1113 1275 1149 Ille
1304 1115 1500 1151 testabitur
1524 1116 1566 1152 de
1592 1131 1665 1161 me,
1709 1127 1741 1156 et
1765 1135 1824 1157 ros
1849 1125 2088 1165 testabimini.

1250 1199 1453 1246 Plerunque
1477 1214 1556 1236 cum
1582 1205 1626 1238 de
1648 1206 1829 1242 effectibus
1853 1209 2007 1254 Spiritus
2027 1214 2137 1246 sancti

1149 1250 1300 1291 dicitur,
1328 1259 1509 1297 utrunque
1527 1255 1735 1291 heneficium
1753 1261 2056 1304 complectendum
2075 1272 2136 1304 est,

1149 1303 1245 1345 quod
1265 1302 1405 1345 publice
1431 1304 1667 1340 ministerium
1691 1307 1877 1353 Evangelii
1902 1321 2079 1355 servatur,
2106 1321 2140 1348 et

1148 1351 1184 1383 in
1202 1352 1401 1385 ministerio
1420 1366 1501 1387 vera
1519 1358 1699 1400 doctrina,
1727 1367 1760 1394 et
1785 1363 1879 1406 quod
1899 1375 1961 1408 per
1979 1365 2138 1400 ministe-

1148 1402 1240 1435 rium
1259 1402 1419 1447 Spiritus
1436 1414 1575 1441 sanctus
1594 1416 1643 1443 est
1662 1411 1791 1445 efficax.

1250 1486 1388 1521 Deinde
1402 1503 1482 1523 vero
1501 1493 1665 1536 privatim
1684 1495 1720 1529 in
1737 1497 1903 1531 cordibus
1915 1499 2137 1535 audientium

1145 1535 1378 1580 Evangelium
1397 1544 1554 1577 accendit
1577 1545 1701 1585 tidem,
1729 1554 1762 1581 et
1787 1549 1874 1582 alios
1891 1562 2002 1584 novos
2020 1560 2137 1586 motus

1146 1597 1381 1631 congruentes
1409 1591 1475 1634 legi
1504 1593 1586 1636 Dei,
1615 1604 1652 1629 ut
1677 1597 1806 1632 dicitur
1825 1599 1930 1634 Rom.
1948 1603 1998 1635 8.:
2026 1601 2137 1636 Acce-

1145 1640 1246 1683 pistis
1263 1640 1425 1683 spiritum
1444 1644 1645 1687 adoptionis
1663 1648 1837 1690 filiorum,
1865 1663 1926 1694 per
1943 1665 2046 1696 quem
2065 1654 2137 1686 cla-

1145 1702 1282 1723 mamus
1307 1691 1410 1725 Abba
1443 1701 1552 1737 pater.
1607 1697 1657 1731 lta
1684 1697 1740 1732 hic
1771 1701 1989 1744 intelligatur
2012 1705 2135 1737 testifi-

1146 1741 1256 1781 catio,
1284 1742 1326 1774 de
1343 1750 1494 1789 utroque
1512 1747 1701 1789 beneficio,
1739 1752 1781 1783 de
1807 1753 1949 1794 publico
1973 1755 2135 1788 ministe-

1146 1792 1218 1831 rio,
1247 1798 1278 1825 et
1302 1794 1344 1825 de
1361 1794 1428 1827 fide
1453 1797 1618 1840 privatim
1645 1800 1681 1832 in
1706 1801 1927 1844 singulorum
1955 1807 2133 1842 cordibus.

1145 1840 1239 1874 Haec
1252 1844 1411 1900 doctrina
1424 1847 1465 1879 de
1482 1849 1641 1895 utrisque
1659 1851 1840 1885 effectibus
1849 1853 2003 1897 Spiritus
2020 1857 2131 1891 sancti

1144 1903 1244 1937 saepe
1261 1902 1403 1929 recitata
1422 1905 1490 1939 est,
1518 1907 1551 1933 et
1569 1913 1649 1934 mox
1668 1903 1844 1947 copiosius
1860 1913 2046 1950 repetetur.

1247 1977 1536 2016 Consolationem
1562 1997 1645 2019 vero
1679 1987 1778 2021 addit
1803 1989 1846 2022 ad
1871 1990 2133 2026 confirmandos

1142 2026 1344 2085 ᾼρορίοΙοε.
1396 2030 1442 2066 Et
1459 2047 1536 2076 vos,
1563 2036 1700 2082 inquit,
1727 2039 1824 2073 eritis
1839 2046 1961 2082 testes,
1986 2043 2068 2087 quia
2085 2045 2130 2078 ab

1143 2086 1248 2112 nuno
1266 2092 1401 2114 mecum
1422 2085 1512 2119 estis.
1566 2086 1686 2130 Quare
1709 2099 1809 2125 vocat
1831 2091 1991 2126 doctores
2006 2094 2043 2126 in
2060 2093 2130 2128 Ec—

1143 2130 1247 2163 clesia
1267 2133 1395 2165 testes?
1445 2134 1626 2179 Primum,
1660 2138 1726 2174 hoc
1751 2142 1941 2185 significat,
1978 2156 2051 2178 non
2075 2146 2129 2189 gi-

1142 2192 1246 2223 gnere
1272 2194 1330 2215 eos
1356 2196 1486 2218 novum
1504 2189 1684 2224 doctrinae
1700 2203 1826 2236 genus,
1853 2194 1911 2226 sed
1934 2201 2036 2229 testes
2056 2208 2129 2231 esse

1141 2232 1322 2266 doctrinae
1346 2247 1363 2266 a
1387 2234 1531 2272 Christo
1559 2249 1729 2285 acceptae.
1787 2242 1926 2277 Deinde
1958 2248 2128 2288 praedicit

1141 2283 1184 2315 de
1199 2286 1393 2319 constantia
1420 2300 1561 2323 eorum.-
1594 2291 1633 2325 Si
1656 2300 1760 2327 erunt
1781 2300 1900 2336 testes,
1935 2296 2126 2339 placebunt

1139 2331 1215 2367 Deo
1228 2361 1245 2392 ‚·
1271 2343 1303 2392 et
1326 2349 1454 2380 magno
1478 2342 1606 2374 robore
1631 2344 1797 2387 colligent
1822 2344 1896 2379 Deo
1917 2344 2125 2391 Ecclesiam,

1140 2391 1264 2419 taxatis
1281 2388 1399 2432 lmpiis
1416 2392 1647 2434 opinionibus
1666 2401 1698 2428 et
1725 2396 1932 2437 sceleribus,
1959 2405 1993 2432 et
2009 2401 2123 2434 aboli-

1139 2436 1182 2469 tis
1198 2436 1314 2473 idolis.
1369 2439 1474 2482 Quod
1495 2454 1577 2476 vero
1602 2445 1718 2486 addit,
1752 2447 1834 2491 quia
1856 2449 1900 2481 ab
1924 2449 2026 2483 initio
2049 2463 2123 2484 me-

1137 2499 1217 2544 cum
1235 2489 1336 2528 estis,
1364 2491 1533 2534 significat
1557 2495 1677 2539 quales
1699 2508 1771 2530 esse
1794 2509 1874 2532 suos
1898 2506 2001 2533 testes
2026 2502 2121 2546 velit,

1137 2550 1197 2583 qu1
1221 2551 1294 2572 non
1321 2541 1391 2574 sint
1416 2545 1520 2576 rudes
1545 2546 1747 2589 doctrinae,
1782 2556 1841 2582 aut
1866 2556 2027 2595 tyrones,
2060 2555 2120 2586 sed

1135 2590 1195 2633 qui
1213 2590 1281 2622 iam
1300 2591 1360 2624 diu
1379 2593 1511 2627 fuerint
1535 2597 1730 2642 auditores,
1763 2606 1796 2634 et
1820 2600 1889 2635 sint
1911 2614 1977 2636 usu
2001 2604 2120 2637 erudi-

1134 2641 1241 2674 tiores
1260 2649 1292 2676 et
1314 2642 1486 2678 firmiores
1500 2646 1593 2681 sacti.
