2415 2942
273 83 341 117 143
864 75 986 110 rniL.
1015 73 1129 110 MEL.
1158 72 1364 110 scmPTA
1390 71 1691 110 ExEGE‘rch.

271 180 342 199 cem
371 165 572 207 Evangelii.
605 162 686 195 l·uic
713 161 970 201 assentiuntur,
1007 167 1038 194 et
1060 171 1094 192 se
1117 166 1256 193 susten-

271 225 344 251 tant
363 218 543 259 agnitione
560 212 700 247 (lu-isit

374 277 508 317 Quarto
535 283 664 304 novum
692 267 747 301 liic
772 275 946 302 certamen
971 269 1105 309 oritur,
1130 281 1173 302 an
1191 266 1258 302 hoc

272 328 314 360 sit
341 326 446 360 tanti,
481 323 574 367 quod
600 321 703 352 credo
729 318 935 361 Evangelio.
989 318 1062 352 Cur
1082 318 1148 352 hoc
1171 330 1259 363 opus
1282 325 1285 365 1

273 377 358 409 tanti
391 374 449 407 tit'?
481 384 542 404 cur
574 370 768 404 antefertur
798 370 963 403 omnibus
992 370 1137 412 egregiis
1161 368 1285 403 sactis'

272 425 406 462 Saulis,
435 423 489 455 vel
507 419 711 465 Scipionis?
745 420 906 463 Agnosco
925 421 1057 453 oss'entli
1077 421 1261 460 rationem,

2215 74 2288 112 144

1305 160 1437 194 maiora
1463 160 1632 194 beneficia
1658 160 1759 202 dare,
1794 172 1897 206 quam
1926 162 2022 198 dedit
2047 160 2187 204 Moses,
2219 161 2288 195 sci-

1307 212 1387 245 licet
1419 212 1613 252 iusticiam,
1663 211 1961 246 resuscitationem
2000 225 2040 246 ex
2077 220 2208 252 morte,
2255 218 2290 246 et

1307 263 1414 296 vitam
1439 270 1631 296 aeternam:
1662 262 1829 306 proponit
1853 270 1885 296 et
1908 264 2070 305 modurn,
2105 275 2176 308 quo
2199 262 2290 296 illud

1308 313 1544 346 inenarrabile
1560 312 1767 346 beneficium
1783 314 2002 346 consecuturi
2020 320 2101 348 sunt
2118 311 2290 354 homines,

1309 364 1438 398 scilicet
1462 376 1535 396 nou
1559 363 1653 406 lege,
1679 364 1736 396 sed
1761 363 1828 396 fide
1851 364 1888 396 in
1913 361 2104 399 Christum.
2157 363 2292 403 Tertio,

1309 415 1408 448 addit
1437 414 1641 458 particulam
1672 414 1923 452 universalem,
1959 426 2046 459 quae
2072 414 2200 448 refutat
2230 412 2292 447 Iu-

273 487 361 520 quae
388 474 516 506 indicat
544 470 610 505 hoc
640 482 728 515 opus
761 482 832 503 csse
857 471 929 504 leve
954 478 984 504 et
1013 472 1160 504 inferius
1185 483 1261 503 cae·
1283 462 1287 499 Ι
1310 467 1432 503 dacos,
1462 465 1522 509 qui
1540 465 1589 497 *ad
1611 475 1645 496 se
1668 471 1802 498 tantum
1822 465 1996 507 pertinere
2013 465 2178 498 beneficia
2194 463 2293 497 Mes-

272 526 373 565 teris‚
403 525 461 556 sed
487 530 535 555 est
560 533 725 562 maguum
745 533 816 553 non
837 530 978 565 propter
995 533 1090 554 suain
1108 521 1261 564 ‹lignita-

274 584 366 618 tem,
400 575 459 607 sed
489 580 631 617 propter
665 573 894 604 mediatorem
926 570 1123 613 Christum,
1158 584 1261 617 quem

275 622 522 671 apprehendit.
577 622 659 656 Ideo
679 621 735 655 hic
754 623 906 655 dicitur:

284 725 367 761 Hoc
386 737 474 773 opus
491 723 584 761 Dei,
613 728 649 757 11!
668 721 823 757 credatis
843 723 879 755 in
899 734 975 756 eum
988 748 995 761 ,
1024 734 1125 769 quem
1144 721 1255 756 misit.

381 801 420 834 ld
456 807 522 840 est,
556 811 644 842 opus
674 800 766 843 quod
798 798 968 840 approbat
991 796 1103 835 Deus,
1139 802 1170 829 et
1195 807 1264 840 quo

277 853 387 886 salvat
412 863 484 886 vos.
546 849 639 882 Ilaec
665 856 714 881 est
739 848 906 890 sapientia
931 847 1118 889 singularis
1143 844 1265 879 Eccle-

277 904 366 942 siae,
397 913 500 946 quam
526 900 562 932 in
590 898 653 931 hac
679 899 846 931 concione
873 898 999 930 fatetur
1015 895 1174 931 Christus
1193 908 1266 929 non

277 953 427 994 intelligi
454 964 470 983 a
498 951 642 982 inundo.
697 949 779 981 Ideo
804 948 941 992 inquit,
970 954 1103 981 mentes
1127 960 1145 980 a
1171 955 1267 991 patre

279 1001 388 1039 trahi,
425 1002 527 1038 item,
556 999 673 1032 doceri
699 1012 715 1031 a
738 999 875 1041 Spiritu
898 1005 1029 1032 sanctu.
1092 997 1163 1030 Nec
1186 1009 1267 1041 pro-

278 1062 396 1098 pterea
429 1052 593 1084 voluntas
622 1048 774 1082 humana
807 1056 857 1081 est
886 1049 1016 1087 otiosa,
1050 1048 1121 1080 imo
1145 1048 1205 1092 qui
1232 1048 1268 1080 in

279 1111 377 1138 tanto
406 1101 597 1135 certamine
623 1107 720 1143 putat
743 1100 854 1133 otium
879 1111 950 1131 esse
975 1098 1164 1138 voluntati,
1195 1110 1267 1131 non
1291 1094 1293 1121 ἶ

281 1153 479 1196 degustavit
498 1150 558 1183 has
576 1151 788 1183 difficilimas
805 1150 925 1182 luctas.
978 1148 1096 1182 Potest
1116 1147 1268 1182 humana

280 1205 445 1237 voluntas
472 1202 652 1235 effundere
679 1201 781 1233 fidem
807 1200 842 1231 in
868 1198 921 1232 his
940 1200 1211 1239 tentationibus,
1238 1205 1269 1231 et

282 1255 473 1288 effundunt
495 1252 615 1290 multi,
644 1251 704 1295 qui
729 1249 931 1283 habuerunt
954 1249 1054 1282 initia
1073 1250 1128 1292 pia
1145 1257 1177 1282 et
1196 1249 1270 1281 lae-

282 1313 334 1343 ta,
363 1303 564 1340 sicutSaul‚
594 1309 624 1334 et
643 1302 784 1345 quidem
803 1301 958 1333 volentes
975 1300 1182 1339 effundunt,
1210 1299 1271 1332 alii
1293 1299 1294 1302 ’

283 1356 453 1393 retinent,
479 1360 517 1386 ut
537 1352 670 1391 David,
699 1350 843 1391 Petrus,
871 1357 903 1383 et
929 1351 1084 1383 sentiunt
1110 1361 1270 1393 magnam

285 1405 525 1438 infirmitatem
552 1403 761 1439 voluntatis,
788 1403 846 1434 sed
870 1408 985 1434 tamen
1010 1413 1083 1434 non
1108 1401 1154 1433 ita
1173 1401 1272 1433 sran-
1294 1417 1296 1423 ¹

285 1463 436 1500 guntur,
467 1461 505 1487 ut
524 1454 679 1486 volentes
695 1452 880 1492 abiiciant,
907 1463 980 1484 non
997 1463 1057 1485 sua
1077 1458 1199 1494 sponte
1217 1462 1273 1483 ac-
1295 1491 1297 1503 Ι

287 1513 429 1539 cersunt
458 1505 759 1548 desperationem,
796 1510 827 1535 et
854 1502 1084 1535 contumelias
1108 1502 1272 1534 adversus
1296 1510 1297 1527 1

285 1556 423 1596 Deum,
456 1556 513 1587 sed
541 1555 754 1587 adiuvantur
780 1553 918 1586 interim
941 1564 959 1584 a
984 1551 1120 1596 Spiritu
1143 1558 1274 1591 sancto,

287 1608 376 1640 sicut
402 1606 518 1651 inquit
541 1605 690 1638 Paulus:
727 1604 879 1647 Spiritus
903 1603 1098 1646 opitulatur
1124 1603 1274 1635 infirmi-

284 1658 349 1691 tati
376 1664 524 1690 nostrae.
579 1655 673 1688 Haec
698 1655 757 1686 illo
784 1655 859 1700 ipso
884 1654 959 1686 loco
988 1654 1031 1686 ad
1051 1651 1158 1687 Rom.
1179 1653 1213 1687 8.
1242 1659 1274 1685 et
1297 1659 1298 1681 Ξ

286 1709 324 1741 in
349 1706 415 1741 hoc
441 1708 476 1741 6.
503 1707 615 1750 capite
638 1706 826 1738 traduntur
846 1705 880 1736 in
899 1701 990 1736 hanc
1008 1704 1217 1736 sententiam
1238 1709 1276 1735 ut
1298 1740 1299 1745 ¹

287 1759 375 1792 dixi:
406 1757 453 1791 Ut
479 1758 525 1801 pii
549 1757 758 1790 erudiantur
782 1756 822 1787 ‹le
845 1754 1020 1792 Ecclesia,
1049 1761 1081 1786 et
1105 1751 1167 1786 has
1191 1765 1275 1786 con-
1297 1751 1299 1773 ²

288 1809 477 1842 solationes
516 1813 694 1852 opponant
733 1805 988 1838 offensionibus
1028 1804 1194 1843 rationis,
1244 1810 1277 1836 et

288 1859 410 1893 multis
442 1859 553 1892 saevis
585 1855 854 1891 tentationibus.
916 1854 957 1887 In
984 1852 1040 1887 his
1063 1854 1275 1898 experientia

288 1911 410 1949 docet,
444 1920 516 1942 non
542 1920 612 1940 esse
637 1907 747 1940 otium
773 1906 965 1945 voluntati,
1002 1906 1059 1937 sed
1088 1907 1123 1937 in
1150 1916 1277 1947 magno

289 1959 479 1994 certamine
503 1959 601 2002 iungi
628 1955 690 1990 has
715 1968 850 1995 causas,
878 1957 1024 1989 verbum
1050 1954 1136 1997 Dei,
1164 1955 1278 2000 Spiri-

289 2017 363 2045 tum
380 2016 556 2050 sanctum,
581 2015 613 2042 et
631 2006 822 2041 humanam
843 2007 1070 2040 voluntatem.

341 2101 443 2136 Haec
477 2105 526 2134 esi
562 2098 733 2133 voluntas
766 2099 859 2137 eius,
901 2098 966 2146 qui
996 2097 1096 2131 misit
1129 2108 1200 2136 me,
1242 2100 1303 2130 ut*

396 2151 514 2187 omnis
541 2150 606 2198 qui
631 2147 724 2183 vide!
737 2147 884 2194 filium,
913 2155 973 2185 εῖτ.

397 2227 445 2262 [t
470 2227 506 2259 in
533 2224 702 2270 proximis
724 2224 882 2257 versibus
907 2224 995 2257 dixit
1018 2225 1059 2256 de
1077 2222 1281 2257 discrimine

296 2277 391 2311 Mosi
410 2285 442 2311 et
460 2276 629 2314 Messiae,
657 2275 702 2308 ita
723 2286 816 2307 nunc
836 2275 959 2317 repetit
977 2275 1122 2306 eandem
1140 2280 1282 2306 senten-

297 2329 394 2363 tiam.
455 2326 557 2359 Prius
592 2327 679 2359 dixit
712 2326 871 2367 figurate:
908 2323 980 2366 Qui
1013 2325 1121 2357 credit
1152 2325 1188 2356 in
1215 2335 1306 2361 me,>

296 2390 370 2411 non
396 2377 490 2410 sitiet
514 2388 689 2421 unquam3
726 2387 821 2408 nunc
845 2374 1052 2418 simpliciter
1076 2375 1149 2407 sine
1173 2375 1282 2418 figura
1304 2385 1305 2390 ¹

297 2429 402 2462 dicit:
431 2427 529 2460 Haec
549 2434 597 2459 est
617 2427 778 2459 voluntas
798 2426 923 2469 patris,
951 2425 1011 2469 qui
1031 2424 1124 2458 misit
1143 2437 1215 2465 me,
1243 2431 1283 2458 ut
1304 2419 1306 2430 ¹

297 2480 412 2511 omnis
437 2478 498 2522 qui
523 2477 617 2509 videt
643 2477 773 2519 filium,
801 2483 833 2509 et
850 2476 960 2508 credit
978 2475 1015 2507 in
1034 2487 1130 2515 eum,
1157 2470 1307 2509 habeatl

297 2530 406 2562 vitam
440 2535 637 2566 aeternam3
682 2533 715 2560 et
748 2526 891 2559 additur
920 2525 1107 2569 declaratio
1139 2526 1181 2558 de
1212 2526 1307 2562 vita,

297 2586 457 2613 aeterna:
486 2576 532 2611 Et
557 2589 618 2620 ego
642 2577 854 2610 resuscitabo
880 2588 958 2610 eum
984 2576 1021 2608 in
1046 2582 1198 2610 extremo
1217 2577 1284 2609 die.
1306 2589 1307 2595 ¹

298 2629 414 2664 Simul
453 2629 606 2662 occurrit
639 2627 759 2661 multis
792 2627 1075 2672 quaestionibus,
1116 2627 1217 2660 docet
1248 2619 1307 2660 se³

1306 2650 1311 2673 l

1310 515 1380 548 siae
1401 516 1587 558 putabant,
1614 515 1741 548 refutat
1767 522 1800 548 et
1815 515 1851 547 in
1868 526 1992 558 genere
2010 513 2180 549 humanas
2197 513 2294 557 cogi-

1310 567 1460 599 tationes
1492 566 1534 597 de
1564 565 1753 606 electione,
1788 577 1875 610 quae
1900 566 2111 599 labefactant
2134 565 2238 598 fidem
2261 570 2296 598 et

1311 616 1500 649 offundunt
1517 615 1801 657 imaginationes,
1825 628 1868 649 ne
1885 617 2152 660 promissionem
2166 613 2297 659 gratiae

1311 667 1352 699 ad
1372 677 1436 698 nos
1453 665 1545 708 ipsos
1564 665 1739 708 pertinere
1757 672 1960 702 statuamus.

1414 735 1491 771 Etsi
1522 745 1636 772 autem
1669 735 1755 772 haec
1784 740 1887 772 verba
1921 739 2075 773 retinent
2106 735 2296 772 Monachi:

1314 786 1444 822 Omnis
1467 789 1525 832 qui
1551 789 1661 822 credit
1682 789 1720 821 in
1744 789 1873 830 filium,
1901 787 2043 822 habebit
2063 789 2169 822 vitam
2185 795 2298 822 aeter-

1313 851 1415 877 nam,
1443 846 1559 872 tamen
1584 846 1620 872 ut
1646 851 1750 884 supra
1775 840 1961 884 aliquoties
1979 839 2168 880 admonui,
2195 839 2298 872 affin-

1290 923 1291 927 ,
1313 896 1399 932 gunt
1417 890 1642 933 corruptelas,
1670 891 1810 923 credere
1827 890 2029 933 intelligunt
2045 896 2179 924 tanturn
2197 900 2299 923 nosse

1314 938 1512 973 historiam.
1566 939 1687 973 Postea
1723 941 1874 973 addunt:
1911 939 1984 983 Qui
2013 940 2141 981 credit,
2175 939 2212 973 id
2238 945 2300 981 est,

1314 991 1414 1023 novit
1439 988 1621 1023 historiam
1646 998 1679 1024 et
1700 991 1767 1034 legi
1790 991 1974 1031 satisfacit,
2002 997 2156 1024 meretur
2174 1001 2299 1023 recon-

1315 1040 1551 1078 ciliationem,
1584 1042 1641 1073 sed
1669 1047 1785 1074 tamen
1810 1041 1890 1086 quia
1916 1041 2026 1074 nescis
2049 1041 2191 1085 quando
2216 1040 2300 1074 satis

1316 1102 1461 1134 operum
1495 1088 1644 1130 habeas,
1678 1091 1800 1124 iubent
1830 1091 2003 1127 dubitare.
2061 1090 2137 1124 Hos
2166 1101 2301 1124 errores

1291 1151 1293 1159 ⁴
1317 1153 1415 1185 saepe
1434 1140 1662 1174 refutavimus
1679 1152 1792 1184 supra,
1821 1142 1878 1174 sed
1895 1142 1936 1173 ad
1953 1141 2171 1174 retinendam
2186 1141 2302 1174 lucem

1292 1191 1500 1233 iEvangelii
1532 1192 1700 1229 subinde,
1736 1204 1814 1224 cum
1846 1192 1977 1223 similes
2004 1191 2073 1224 loci
2104 1197 2302 1229 recurrunt,

1293 1243 1426 1286 vlector
1455 1242 1700 1274 admonendus
1731 1249 1798 1282 est,
1831 1249 1869 1275 ut
1900 1241 2148 1285 proprietatem
2175 1241 2303 1274 verbo-

1319 1305 1396 1325 rum
1423 1292 1582 1324 retineat.
1637 1290 1726 1325 Cum
1752 1292 1847 1325 iubet
1870 1304 1933 1324 nos
1951 1292 2109 1332 credere,
2135 1291 2214 1325 vult
2228 1302 2303 1324 non

1319 1349 1455 1376 tantum
1482 1340 1664 1375 historiam
1688 1342 1785 1382 sciri,
1811 1343 1869 1375 sed
1894 1342 1970 1374 vult
1993 1353 2055 1374 nos
2075 1341 2304 1385 promissioni

1320 1392 1503 1430 assentiri,
1539 1404 1626 1436 quae
1653 1400 1704 1425 est
1728 1392 1845 1425 addita
1872 1390 2056 1432 historiae,
2091 1391 2216 1435 recipit
2238 1402 2304 1424 nos

1295 1458 1297 1490 ὲ
1321 1443 1414 1476 Deus
1445 1450 1588 1486 propter
1617 1443 1728 1476 filium
1758 1443 1883 1485 gratis,
1916 1454 1990 1475 non
2019 1449 2160 1486 propter
2180 1442 2303 1485 legem,

1320 1494 1376 1526 vel
1401 1501 1544 1537 propter
1569 1499 1723 1526 nostram
1749 1493 1975 1536 dignitatem,
2002 1490 2069 1525 hoc
2088 1492 2163 1526 vult
2181 1498 2214 1526 te
2230 1503 2305 1525 cre-

1321 1546 1419 1583 dere,
1447 1541 1537 1576 hanc
1554 1543 1716 1576 fiduciam
1733 1544 1807 1576 vult
1825 1550 1856 1576 te
1873 1543 2075 1586 concipere,
2101 1543 2191 1576 sicut
2205 1553 2306 1586 saepe

1322 1595 1465 1627 dicitur:
1505 1593 1576 1635 Qui
1608 1594 1718 1626 credit
1748 1594 1786 1626 in
1817 1605 1918 1633 eum,
1953 1605 2024 1626 non
2058 1593 2307 1626 confundetur.

1324 1644 1428 1677 Item:
1457 1644 1635 1677 Iustificati
1660 1644 1727 1676 fide
1751 1656 1869 1687 pacem
1889 1641 2069 1677 habemus.
2123 1641 2307 1676 Praeterea

1323 1696 1357 1727 in
1376 1693 1439 1727 hac
1455 1694 1625 1727 sententia
1642 1692 1789 1727 Christi:
1820 1693 1889 1736 Qui
1908 1693 2017 1726 credit
2032 1693 2069 1725 in
2087 1692 2218 1733 filium,
2244 1699 2308 1726 etc.

1323 1744 1368 1778 Et
1394 1745 1429 1776 in
1450 1744 1626 1777 similibus
1645 1756 1780 1787 semper
1797 1744 1957 1788 respiciat
1974 1754 2072 1776 mens
2090 1743 2132 1775 ad
2152 1743 2308 1786 particu-

1324 1796 1392 1828 lam
1428 1794 1659 1832 exclusivam,
1703 1793 1840 1832 Gratis,
1886 1805 1990 1838 quam
2022 1793 2125 1827 toties
2155 1793 2309 1826 inculcat

1326 1845 1476 1885 Paulus,
1512 1857 1600 1889 quae
1632 1851 1777 1878 testatur
1801 1855 1865 1876 nos
1890 1843 1997 1886 recipi
2023 1849 2164 1885 propter
2184 1843 2310 1882 filium,

1325 1908 1398 1928 non
1424 1901 1567 1939 propter
1592 1894 1834 1938 impletionem
1860 1893 1955 1936 legis.
2008 1892 2083 1925 Hac
2106 1892 2202 1934 luce,
2224 1893 2311 1926 sim-

1327 1946 1481 1990 plicitate
1513 1951 1545 1978 et
1578 1945 1790 1988 proprietate
1822 1944 2009 1977 verborum
2042 1949 2194 1984 retenta,
2234 1949 2310 1976 tum

1327 2009 1410 2029 vero
1441 1995 1640 2028 dulcescent
1664 1995 1767 2027 nobis
1789 1995 1873 2027 tales
1898 1993 2091 2027 sententiae
2113 1992 2311 2036 Evangelii,

1328 2054 1359 2080 et
1376 2057 1474 2079 veras
1491 2057 1528 2078 ac
1547 2052 1659 2087 gratas
1674 2044 1930 2078 consolationes
1945 2044 2143 2083 ostendent,
2171 2050 2205 2077 et
2220 2045 2312 2077 hanc

1328 2110 1454 2136 unam,
1494 2108 1600 2143 quam
1634 2096 1735 2129 toties
1768 2096 1837 2129 iam
1867 2094 2116 2138 repetivimus,
2155 2094 2311 2128 nativam

1329 2160 1401 2181 esse
1425 2145 1550 2180 harum
1572 2146 1826 2181 sententiarum
1849 2145 2194 2190 interpretationem,
2220 2141 2312 2177 nihil

1329 2199 1477 2232 dubium
1494 2203 1554 2230 est.

1432 2272 1630 2307 Constituta
1659 2278 1774 2305 autem
1799 2269 1864 2304 hac
1887 2269 2057 2304 sententia
2083 2269 2187 2304 etiam
2210 2281 2312 2315 prae-

1330 2325 1498 2358 fationem
1528 2324 1722 2357 considera.
1789 2321 1884 2355 Haec
1916 2328 1968 2354 est
1998 2321 2161 2354 voluntas
2192 2321 2314 2365 patris,

1330 2375 1391 2420 qui
1417 2375 1510 2408 misit
1534 2386 1598 2407 me.
1662 2370 1860 2406 Antithesis
1883 2372 2139 2412 consideretur,
2175 2371 2230 2404 lex
2251 2372 2315 2404 de-

1331 2425 1475 2459 nunciat
1490 2425 1591 2458 vobis
1607 2424 1825 2457 voluntatem
1842 2422 1926 2461 Dei,
1952 2421 2158 2467 punientem
2175 2428 2314 2466 peccata

1332 2477 1468 2520 generis
1492 2473 1657 2515 humani,
1680 2480 1820 2507 aeterna
1843 2479 1968 2509 morte.
2019 2470 2068 2506 At
2091 2483 2152 2515 ego
2176 2484 2215 2505 ex
2233 2472 2315 2505 sinu

1332 2527 1439 2570 patris
1455 2526 1561 2559 affero
1578 2525 1682 2558 aliam
1697 2536 1836 2565 vocem,
1862 2535 1950 2568 quae
1965 2529 2112 2557 testatur
2129 2534 2208 2556 vere
2223 2521 2316 2556 hanc

1333 2589 1406 2609 esse
1443 2577 1659 2610 voluntatem
1694 2574 1802 2618 patris
1834 2580 2029 2615 aeternam,
2072 2573 2254 2606 immotam
2282 2579 2317 2606 et

1332 2627 1607 2662 immutabilem:
1641 2625 1748 2670 Quod
1771 2636 1852 2659 vere
1872 2624 2018 2669 recipiat
2040 2635 2118 2666 eos,
2144 2623 2207 2669 qui
2230 2634 2317 2657 con-
