2415 2942
24 962 28 1006 -μ
26 917 29 932 -
24 689 35 903 -sw-*o-“m
33 622 37 675 —-
33 594 38 598 ,

153 93 224 133 501
549 96 632 134 XII.

153 196 238 219 voce
258 182 375 218 Adam
403 183 543 228 lapsum
578 184 617 217 in
643 182 812 217 Paradiso
840 183 1068 227 obiurgabat,
1109 191 1141 218 et

153 236 249 269 misit
265 232 468 275 Christum,
496 241 535 268 ut
556 235 730 279 praedicet
752 234 1004 279 poenitentiam
1030 241 1062 268 et
1085 247 1140 268 re-

152 286 353 319 missionem
373 292 607 330 peccatorum.
659 284 798 320 Rursus
814 285 917 318 etiam
942 296 976 317 se
1001 292 1139 318 susten-

151 342 225 369 tent
241 337 346 370 corda
375 349 457 370 voce
477 334 682 380 Evangelii,
718 342 750 369 et
774 336 981 369 intueantur
1003 336 1138 369 media—

150 394 262 420 torem
279 387 482 420 crucifixum
501 395 533 421 et
551 386 792 420 resuscitatum
804 412 813 426 ,
839 392 871 418 et
888 397 1007 418 revera
1026 387 1139 419 sciant

149 449 184 471 se
207 444 355 482 propter
381 441 460 471 eu‘m
486 438 594 481 recipi
620 437 664 470 ab
697 443 841 469 aeterno
862 442 971 479 patre.
1031 435 1137 470 Hunc

147 489 378 522 mediatorem
405 489 515 522 sciant
536 489 655 521 sedere
676 487 719 519 ad
746 487 902 519 dextram
930 486 1056 531 patris,
1098 494 1136 521 ut

147 541 206 572 det
229 540 320 572 dona
345 551 405 573 sua
429 537 623 578 Ecclesiae,
658 534 752 570 hunc
774 537 961 576 invocent,
998 539 1043 571 ab
1068 535 1135 572 hoc

144 596 265 634 petant
284 591 393 631 dona,
420 589 509 623 sicut
524 588 697 633 promisit.

354 671 433 721 Qui
450 670 545 707 videl
558 683 630 712 me,
666 669 759 706 ridel
776 677 930 719 patrem.

247 740 470 776 Asseveratio
501 747 551 775 est
583 738 689 774 huius
720 741 920 781 doctrinae,
959 752 1131 785 quaeren-

145 794 229 827 dum
246 805 316 826 esse
331 792 445 826 Deum
473 792 655 835 agnitione
679 792 744 824 filii
778 791 932 824 crucifixi
956 799 990 826 et
1016 804 1131 826 resus-

142 845 257 884 citati,
281 851 311 877 et
329 842 532 886 Evangelii,
566 843 602 875 in
625 855 694 887 quo
712 840 769 875 hic
792 842 884 875 filins
901 841 966 875 Dei
991 844 1129 886 praedi-

141 902 250 929 catur.
310 893 382 927 Nec
413 895 455 927 de
484 893 652 936 essentia,
693 905 757 926 nec
790 894 832 925 de
857 893 1038 927 voluntate
1063 893 1128 927 Dei

139 952 232 978 recte
261 944 385 984 sentit,
423 944 590 987 ignorans
616 944 740 979 filium.
802 943 1000 986 Sapientes,
1035 942 1127 977 Eth-

139 995 231 1039 nici,
260 991 552 1036 Mahometistae,
588 993 708 1027 ludaei
734 1001 908 1036 recentes,
944 996 986 1028 (le
1010 1007 1125 1028 essen-

138 1047 188 1079 tia
211 1046 325 1090 palam
359 1052 496 1086 errant,
532 1045 613 1090 quia
645 1052 773 1088 negant
795 1042 890 1078 hunc
911 1057 982 1078 esse
1009 1044 1122 1079 Deum

138 1103 349 1139 creatorem,
389 1096 449 1141 qui
483 1097 580 1129 misit
612 1093 706 1129 hunc
728 1096 839 1128 filium
864 1096 1066 1129 crucifixum
1093 1103 1126 1130 et

136 1147 391 1181 resuscitatum.
448 1146 523 1179 Imo
542 1145 637 1179 hunc
657 1147 770 1179 filium
790 1147 1060 1188 abominantur,
1087 1154 1126 1180 nt

137 1198 355 1231 teterrimum
375 1197 522 1230 idolum.
576 1196 628 1229 Ac
646 1197 786 1229 interim
803 1198 940 1239 fingunt
967 1197 1033 1229 sibi
1059 1198 1124 1229 ali—

137 1260 241 1286 quem
261 1254 473 1287 creatorem,
499 1253 530 1279 et
547 1257 628 1278 suos
651 1247 820 1290 quosdam
845 1247 958 1280 cultus
985 1248 1122 1289 excogi-

137 1304 232 1338 tant,
259 1297 387 1341 quibus
407 1309 486 1329 eum
509 1297 696 1332 celebrent.
755 1295 856 1329 Hanc
878 1304 985 1329 totam
1012 1298 1123 1330 caeci-

136 1355 240 1382 tatem
266 1349 408 1379 damnat
435 1345 615 1387 Christus,
654 1346 797 1380 Ioannis
819 1346 854 1382 5.
879 1348 1018 1380 dicens:
1050 1347 1121 1390 Qui

133 1410 206 1431 non
224 1395 376 1431 honorat
392 1397 522 1436 filium,
541 1409 613 1429 non
634 1396 784 1431 honorat
806 1405 949 1441 patrem.
985 1397 1122 1431 Deinde.

133 1455 166 1482 et
191 1450 233 1482 de
258 1448 441 1481 voluntate
464 1455 600 1488 errant,
637 1449 773 1481 etiamsi
799 1449 884 1491 legis
911 1449 1039 1481 noticia
1066 1457 1123 1483 ut—

134 1511 273 1545 cunque
290 1506 431 1540 manet,
458 1505 574 1532 tamen
594 1511 696 1532 nemo
715 1506 828 1543 potest
849 1506 942 1532 certo
971 1506 1122 1533 statuere

131 1550 240 1595 recipi
261 1557 292 1583 et
318 1550 473 1583 exaudiri
498 1561 533 1582 se
558 1562 576 1583 a
593 1549 687 1590 Deo,
722 1551 790 1583 nisi
811 1562 873 1594 per
887 1550 1120 1593 Evangelium

133 1608 295 1644 agnoscat
314 1599 492 1635 Christum
512 1601 762 1634 mediatorem:
796 1602 1007 1636 invocarunt
1029 1600 1120 1635 Eth-

132 1652 224 1692 nici‚
268 1658 298 1684 et
324 1652 448 1694 longos
474 1649 626 1696 hymnos
649 1653 860 1690 recitarunt,
898 1652 1065 1686 invocant
1088 1660 1118 1685 et

132 1714 227 1735 nunc
242 1699 530 1742 Mahometistae,
560 1700 701 1743 Iudaei,
728 1701 905 1746 Papistae,
939 1710 971 1736 et
997 1715 1119 1736 omnes

133 1755 334 1797 ignorantes
350 1751 581 1795 Evangelium
595 1779 603 1791 ,
631 1754 688 1785 sed
707 1765 929 1797 nequaquam
951 1761 1119 1795 statuunt,

132 1817 167 1837 se
191 1811 223 1836 et
246 1815 364 1846 preces
388 1815 465 1835 suas
491 1803 608 1845 recipi.
669 1802 831 1836 Indicant
858 1810 1009 1846 mentes,
1044 1817 1115 1837 non

130 1854 238 1898 recipi
261 1854 442 1895 indigum,
477 1860 507 1885 et
531 1860 723 1895 agnoscunt
747 1864 782 1885 se
808 1854 937 1896 singuli
964 1866 1035 1888 esse
1057 1856 1116 1888 in—

127 1906 270 1948 dignos,
311 1904 473 1936 dubitant
500 1903 606 1945 igitur
628 1916 671 1936 an
706 1905 940 1948 recipiantur,
984 1912 1015 1938 et
1038 1913 1115 1939 tan-

128 1958 207 1990 dem
225 1955 466 1999 desperatione
486 1955 748 1997 opprimuntur.

227 2007 406 2039 Adversus
431 2002 493 2037 lias
516 2006 677 2039 tenebras
703 2014 868 2051 utrasque
893 2008 1044 2040 tenenda
1065 2015 1114 2042 est

124 2057 313 2091 sententia:
344 2056 415 2099 Qui
436 2056 530 2089 videt
548 2069 621 2097 me,
659 2057 752 2091 videt
778 2065 922 2101 patrem.
976 2058 1028 2091 De
1047 2058 1112 2091 Dei

125 2108 271 2142 essentia
301 2114 333 2140 et
360 2108 540 2140 voluntate
571 2120 761 2151 quaerens,
810 2109 980 2142 intuearis
1006 2107 1112 2142 Chri-

122 2168 212 2194 stum
243 2158 445 2192 crucifixum
474 2164 505 2190 et
530 2159 782 2192 resuscitatum.
851 2159 918 2192 Hic
951 2167 999 2193 est
1032 2172 1110 2193 vere

122 2210 235 2251 Dens,
263 2209 324 2256 qui
351 2221 385 2241 se
412 2221 473 2252 per
494 2205 588 2241 hunc
613 2209 722 2241 filium
751 2211 928 2252 patefecit,
968 2218 1000 2244 et
1025 2208 1109 2244 haec

121 2274 201 2295 vere
218 2261 291 2294 eins
307 2260 470 2292 voluntas
488 2266 555 2297 est,
590 2272 692 2303 quam
720 2258 776 2292 hic
795 2262 887 2293 silius
904 2262 1107 2300 annunciat,

112 2307 179 2358 'qui
199 2312 301 2346 dixit:
336 2310 429 2344 Haec
447 2318 496 2342 est
518 2311 680 2343 voluntas
698 2312 821 2354 patris,
847 2312 906 2357 qui
928 2312 1023 2346 misit
1040 2326 1106 2351 me,

118 2372 156 2397 ut
176 2363 292 2396 omnis
312 2363 370 2408 qui
391 2362 500 2395 credit
519 2362 555 2393 in
575 2362 699 2400 filium,
727 2359 851 2396 haheat
870 2364 974 2395 vitam
993 2372 1102 2396 aeter-

119 2426 211 2447 nam.
263 2413 358 2446 Haec
378 2413 537 2446 dotti-ina
557 2425 619 2445 nec
637 2413 806 2454 intelligi,
843 2426 904 2446 nec
930 2414 1014 2447 disci
1042 2427 1104 2458 po-

119 2471 203 2505 test,
239 2465 306 2497 nisi
330 2465 366 2497 in
388 2476 470 2497 vero
490 2475 599 2506 agone
614 2471 646 2497 et
664 2464 754 2495 vei-is
771 2465 943 2497 exercitiis
960 2467 1100 2498 invoca-

118 2515 237 2549 tionis,
298 2514 482 2559 Aspiciens
506 2515 636 2554 filiuni,
672 2514 757 2548 scito
785 2513 879 2548 hunc
903 2527 1039 2559 semper
1067 2518 1102 2549 in

118 2568 197 2600 sinu
229 2577 300 2599 esse
330 2567 460 2600 aeterni
491 2566 615 2609 patris,
654 2566 740 2599 sicut
767 2564 823 2599 hic
848 2568 977 2610 inquit:
1028 2567 1101 2610 Ego

116 2630 192 2651 sum
209 2616 245 2649 in
264 2623 381 2661 patre,
410 2624 442 2650 et
469 2623 566 2659 pater
591 2618 627 2648 in
652 2629 707 2649 me
733 2625 791 2651 est.
845 2616 890 2650 Et
909 2618 1029 2653 luann.
1054 2621 1102 2653 L:

116 2669 229 2702 Filius
245 2668 305 2713 qui
323 2674 372 2701 est
391 2667 434 2715 in·
453 2668 532 2701 sinu
556 2667 675 2712 patris,
727 2667 811 2702 Item
824 2693 832 2707 ‚
855 2681 928 2713 cap.
946 2669 996 2704 3.:
1032 2668 1100 2703 Ne—

684 92 983 134 ENARRATIO
1012 96 1062 135 IN
1088 94 1270 137 EVANG.
1298 97 1511 137 lOANNIS.

1570 99 1676 138 CAP.
1703 102 1801 140 xlv.

1192 197 1250 218 mo
1268 187 1424 221 ascendit
1441 187 1478 221 in
1495 188 1648 231 coelum,
1675 189 1743 223 nisi
1768 191 1828 236 qui
1853 202 1893 225 ex
1918 193 2015 227 coelo
2039 194 2185 229 descen·

1191 237 1260 277 dit,
1296 238 1389 271 filins
1410 236 1585 280 hominis,
1613 240 1675 285 qui
1693 248 1743 275 est
1761 242 1796 275 in
1816 243 1923 280 coelo.

1292 286 1388 321 Haec
1412 290 1504 323 dicta
1527 291 1590 323 etsi
1620 292 1723 334 longe
1755 294 1916 327 omnium
1940 303 2177 330 creaturarum

1189 343 1330 379 captum
1365 347 1553 384 superant,
1601 348 1719 375 tamen
1752 356 1769 376 a
1796 346 1899 378 nobis
1927 347 1993 380 fide
2026 351 2177 382 tenenda

1188 394 1290 427 sunt,
1318 399 1357 420 ac
1378 391 1505 422 docent
1524 391 1560 422 in
1580 389 1722 425 Christo
1740 401 1901 429 naturam
1920 398 2077 431 divinam
2096 412 2179 439 esse,

1189 444 1221 470 et
1248 444 1430 471 aeternnm
1455 447 1587 483 patrem
1613 449 1645 475 et
1668 443 1780 476 filium
1805 457 1941 490 semper
1965 450 2069 482 simul
2095 463 2176 491 esse,

1188 494 1220 520 et
1237 488 1341 522 simul
1361 490 1494 523 efficere
1510 503 1613 534 opera
1631 494 1762 532 omnia,
1785 508 1871 539 quae
1887 499 2059 533 divinitus
2077 502 2175 541 fiunt,

1186 538 1276 572 sicut
1290 538 1414 574 loann.
1434 539 1468 576 5.
1495 542 1644 577 dicitur:
1686 543 1790 577 Pater
1814 559 1910 580 mens
1934 561 2042 594 usque
2069 555 2173 585 modu

1186 596 1372 633 operatur,
1400 598 1431 624 et
1450 603 1511 634 ego
1533 605 1668 636 operor.
1722 594 1857 628 Docent
1883 599 1965 631 item
1982 613 2174 642 congruere

1185 640 1403 674 voluntatem
1429 643 1536 686 patris
1561 651 1592 676 et
1615 644 1697 685 filii,
1736 658 1800 679 nec
1823 649 1926 681 aliam
1951 652 2172 693 cogitandam

1184 703 1256 724 esse
1279 692 1497 726 voluntatem
1523 693 1606 735 Dei,
1641 708 1745 740 quam
1770 698 1865 731 illam
1891 703 2032 744 quaein
2052 701 2173 736 Evan—

1182 742 1273 784 gelio
1291 754 1354 790 per
1375 744 1488 777 filium
1512 747 1724 780 annunciata
1747 755 1809 782 est.
1870 749 1967 784 Sicut
1988 761 2019 786 et
2037 752 2093 786 hie
2107 756 2171 788 ait:

1182 791 1299 826 Verba
1322 806 1411 838 quae
1437 807 1498 839 ego
1530 796 1677 841 loquor,
1711 810 1730 831 a
1756 811 1811 831 me
1836 800 1910 843 ipso
1938 816 2008 836 non
2034 805 2172 849 loquor,

1180 845 1238 876 sed
1266 851 1364 888 pater
1392 846 1430 878 in
1456 859 1511 879 me
1534 859 1700 889 manem,
1741 850 1815 893 ipse
1838 852 1919 885 facit
1947 866 2072 897 opera,
2107 863 2170 891 etc.

1182 892 1418 938 Opponamus
1438 908 1518 940 ergo
1537 896 1621 931 haec
1647 899 1737 932 dicta
1762 903 1929 936 omnibus
1957 907 2168 948 speculatio-

1178 945 1284 979 nibus
1300 947 1343 978 de
1361 945 1455 988 Deo,
1483 961 1568 992 quas
1585 950 1675 982 ratio
1695 948 1849 985 humana
1867 955 1987 988 relicto
2008 955 2168 999 Evange-

1177 995 1225 1028 lio
1258 998 1557 1040 comminiscitur,
1599 1006 1632 1033 et
1657 1002 1699 1033 ad
1724 999 1818 1036 hunc
1844 1003 2024 1039 Christum
2055 1010 2168 1041 cruci—

1177 1047 1284 1080 fixum
1316 1055 1349 1081 et
1373 1051 1634 1090 resuscitatum,
1683 1059 1716 1085 et
1753 1054 1794 1085 ad
1826 1052 2057 1099 Evangelinm
2091 1060 2167 1092 eius

1177 1105 1310 1131 mentes
1330 1107 1467 1133 nostras
1484 1101 1686 1143 alligemus,
1713 1114 1777 1135 nec
1802 1104 1886 1137 inde
1905 1119 1968 1139 nos
1988 1110 2091 1141 avelli
2118 1111 2165 1143 si-

1176 1160 1318 1188 namus,
1361 1157 1401 1182 ut
1424 1151 1526 1183 multi
1551 1151 1634 1183 inde
1659 1151 1974 1195 imaginationibus
2000 1157 2165 1194 humanis

1176 1209 1314 1242 semper
1330 1200 1443 1232 avulsi
1461 1208 1542 1233 sunt
1555 1227 1564 1242 ,
1591 1208 1624 1234 et
1638 1203 1854 1239 avelluntur,

2117 109 2191 144 302

1198 1278 1278 1326 Qui
1294 1280 1404 1316 credit
1424 1284 1462 1317 in
1479 1296 1550 1325 me,
1580 1298 1706 1334 opera,
1736 1302 1830 1338 quae
1847 1303 1910 1338 ego
1924 1294 2052 1341 facio,
2075 1302 2138 1333 ele.

1188 1399 1200 1406 Ἴ
1275 1350 1407 1395 Magna
1433 1355 1628 1389 consolatio
1653 1365 1702 1392 est
1727 1360 1793 1402 piis
1815 1360 1851 1393 in
1878 1364 1984 1396 tantis
2011 1366 2165 1401 miseriis

1172 1399 1367 1443 Lcclesiae,
1407 1417 1493 1448 quas
1521 1418 1599 1439 cum
1629 1409 1836 1452 aspicimus,
1863 1413 2027 1448 videmur
2049 1429 2066 1449 a
2085 1417 2161 1451 Deo

1173 1452 1321 1495 negligi,
1363 1461 1394 1487 et
1425 1455 1551 1489 frustra
1582 1458 1807 1494 circumferre
1829 1461 2084 1508 Evangelium‚
2128 1478 2160 1504 et

1173 1499 1262 1535 hanc
1281 1515 1399 1536 vocem
1417 1504 1603 1551 Evangelii
1622 1510 1762 1544 inanem
1786 1514 1942 1547 sonitum
1967 1529 2059 1559 esse,
2088 1532 2160 1554 non

1171 1552 1504 1602 mutarevhomines,
1532 1571 1604 1592 non
1619 1561 1742 1595 afferre
1761 1566 2159 1605 reconciliationemDei

1171 1610 1202 1636 et
1220 1605 1326 1637 vitam
1344 1613 1532 1644 aeternam.
1576 1608 1740 1656 Denique
1758 1615 1919 1649 videmur
1935 1618 2061 1653 frustra
2082 1634 2158 1655 mo-

1172 1666 1250 1687 vere
1268 1657 1388 1689 orbem
1407 1664 1597 1702 terrarum,
1624 1668 1656 1694 et
1673 1669 1809 1697 tantum
1832 1668 1933 1700 nobis
1951 1670 2107 1705 miserias
2126 1681 2158 1707 et

1169 1707 1343 1740 cruciatus
1360 1720 1546 1745 accersere.
1601 1710 1781 1748 Adversus
1805 1714 1895 1750 hanc
1923 1719 2044 1753 falsam
2068 1723 2157 1757 ima-

1168 1757 1384 1798 ginationem
1405 1758 1567 1794 Christus
1583 1765 1805 1805 consolatur,
1835 1775 1866 1800 et
1892 1771 2075 1806 confirmat
2093 1787 2156 1808 nos

1168 1804 1233 1839 hac
1254 1809 1468 1852 amplissima
1494 1813 1744 1855 promissione:
1788 1816 1858 1859 Qui
1884 1822 1993 1854 credit
2025 1824 2061 1856 in
2089 1838 2155 1865 me,

1167 1870 1288 1900 opera,
1316 1872 1404 1903 quae
1422 1873 1482 1904 ego
1512 1863 1619 1905 facio,
1655 1873 1687 1899 et
1711 1867 1783 1909 ipse
1806 1869 1927 1910 faciet,
1961 1879 1994 1905 et
2023 1876 2154 1909 maiora

1166 1906 1220 1941 his
1237 1910 1350 1946 faciet.
1403 1911 1483 1945 Non
1510 1914 1668 1959 loquitur
1690 1915 1852 1952 Christus
1873 1927 2008 1956 tantum
2028 1927 2069 1958 de
2088 1928 2154 1959 mi-

1166 1961 1314 2001 raculis,
1343 1974 1431 2006 quae
1449 1963 1636 1999 incurrunt
1658 1967 1693 1999 in
1714 1970 1855 2011 oculos,
1880 1979 1916 2005 ut
1935 1975 1976 2006 de
2000 1979 2153 2011 sanatio-

1166 2011 1270 2043 nibus
1287 2012 1521 2055 leprosorum,
1550 2024 1608 2049 ant
1630 2030 1827 2061 caecorum,
1852 2030 1912 2056 aut
1932 2025 2156 2062 claudorum,

1165 2061 1262 2093 Haec
1281 2074 1353 2095 non
1369 2071 1449 2098 sunt
1469 2068 1654 2111 praecipua
1680 2082 1785 2112 opera
1810 2081 1953 2120 propter
1980 2090 2066 2120 quae
2091 2092 2150 2112 ve-

1164 2112 1215 2144 nit
1234 2111 1409 2156 Christus,
1440 2123 1473 2149 et
1488 2125 1632 2160 propter
1656 2132 1744 2164 quae
1768 2123 1846 2156 data
1873 2133 1921 2158 est
1948 2139 2010 2160 vox
2031 2127 2151 2163 Evan-

1162 2163 1242 2205 gelii
1256 2187 1267 2206 ,
1295 2165 1352 2196 sed
1372 2166 1437 2197 alia
1457 2169 1589 2200 maiora
1609 2177 1707 2209 sunt,
1736 2173 1778 2205 de
1805 2175 1932 2217 quibus
1956 2179 2039 2212 (licit
2058 2179 2150 2214 Pau-

1160 2214 1232 2247 lus:
1260 2213 1493 2258 Evangelium
1513 2226 1563 2252 est
1579 2222 1732 2264 potentia
1744 2222 1808 2255 Dei
1826 2226 1867 2256 ad
1886 2227 2032 2260 salutem
2052 2234 2152 2265 omni

1159 2266 1326 2299 credenti.
1392 2266 1600 2303 Sanationes
1632 2272 1712 2305 illae
1743 2285 1929 2317 corporum
1958 2287 2041 2314 sunt
2070 2285 2149 2326 qui-

1158 2317 1237 2348 dem
1269 2317 1468 2351 testimonia
1501 2321 1699 2363 doctrinae,
1742 2331 1775 2357 et
1798 2337 1933 2370 semper
1957 2327 2059 2365 habet
2081 2333 2152 2367 Ec-

1156 2367 1257 2399 clesia
1299 2367 1416 2413 aliqua
1463 2371 1566 2403 etiam
1605 2374 1799 2417 corporalia
1849 2378 2035 2422 miracula,
2089 2387 2147 2419 secl

1156 2418 1242 2449 alias
1273 2420 1400 2462 magis,
1442 2422 1527 2454 alias
1559 2424 1677 2456 minus
1710 2427 1897 2470 conspicua
1925 2438 1958 2464 et
1983 2434 2147 2475 gloriosa,

1156 2470 1212 2500 sed
1241 2469 1344 2512 longe
1372 2482 1474 2513 supra
1502 2470 1563 2505 has
1588 2486 1777 2518 corporum
1809 2481 2006 2516 sanationes
2036 2487 2147 2519 collo-

1156 2526 1280 2552 centur
1310 2521 1477 2554 benefici-a
1510 2531 1659 2558 aeterna.
1720 2525 1953 2572 Evangelium
1989 2547 2061 2567 non
2097 2545 2148 2570 est

1156 2570 1272 2603 inanis
1305 2573 1461 2612 sonitus,
1504 2576 1562 2606 sed
1590 2588 1672 2609 vere
1708 2585 1756 2611 est
1782 2581 2039 2628 ministerium,
2075 2600 2149 2631 quo

1157 2620 1252 2654 Deus
1270 2623 1326 2654 dat
1347 2624 1589 2657 remissionem
1611 2636 1845 2671 peccatorum,
1874 2632 2044 2676 Spiritum
2065 2649 2150 2669 san-—

1158 2679 1273 2713 ctum,
1301 2673 1407 2706 vitam
1426 2682 1614 2718 aeternam,
1643 2685 1674 2713 et
1693 2682 1822 2715 vocatis
1842 2684 1883 2716 ad
1909 2685 2014 2718 vitam
2033 2695 2150 2721 aeter—
