2415 2942
98 77 173 114 669
250 75 350 112 XIII.

101 160 189 205 nae,
221 168 256 197 et
285 162 445 196 omniurn
479 174 599 196 rerum
632 161 916 204 corruptionem,
953 161 1086 201 caedes,
1107 158 1115 207 1

101 215 211 253 bella,
239 214 431 254 vastitates,
458 220 490 246 et
513 220 646 246 caetera
675 213 763 245 mala
790 212 925 244 mundi.
979 210 1086 245 Videt
1110 209 1114 271 l

100 272 229 311 quanta
248 265 291 298 sit
309 265 465 309 potentia
483 265 633 308 peccati,
667 270 795 308 quanta
823 262 981 307 tyrannis
1008 262 1084 294 dia-

99 316 190 357 boli,
224 323 256 350 et
275 328 380 361 quam
400 316 585 358 indignum
603 315 646 348 sit
673 322 833 348 naturam
858 325 974 345 rerum
1001 314 1086 345 sub-

98 367 221 401 iectam
254 379 326 400 esse
350 367 492 400 diabolo
513 373 547 400 et
571 365 695 407 morti,
736 372 881 409 propter
904 370 1083 408 peccatum

97 416 264 453 hominis.

200 492 269 526 Hic
286 492 447 537 primum‘
464 491 739 525 considerandus
762 496 811 522 est
840 490 983 523 affectus
1007 490 1084 533 pio-

100 556 178 579 rum
195 544 231 578 in
249 544 345 577 omni
364 543 566 578 afflictione.
602 541 706 575 Mora
725 541 855 574 cruciat
870 542 1027 581 animos,
1054 549 1085 574 et

97 596 193 641 quod
211 607 283 628 non
302 594 527 638 providemus
544 593 687 626 modum
707 592 939 627 liberationis.
984 591 1085 631 Item,

97 648 300 680 Aerumnae
323 651 481 678 crescunt
503 644 652 678 assidue.
711 643 770 677 Sic
796 643 899 675 etiam
922 644 1084 676 crucian-

96 705 155 732 tur
172 697 281 730 animi
307 696 445 740 piorum
473 695 614 739 publica
639 705 742 734 cura,
776 705 854 726 cum
881 695 1001 727 vident
1029 695 1084 726 in-

96 748 211 791 gentia
232 746 385 791 pericula
403 745 596 785 Ecclesiae,

96 799 287 839 rationem,
313 804 344 830 et
361 808 511 830 crescere
529 797 631 829 mala.

202 873 285 908 Sive
316 873 423 916 igitur
452 872 607 915 privatae
637 870 845 904 afflictiones
879 878 976 910 sunt,
1011 870 1083 903 sive

93 925 233 971 publica
262 934 362 957 causa
396 923 572 963 dolemus,
607 923 772 967 proponit
805 923 1081 955 consolationem

95 979 140 1011 ab
155 976 313 1019 exemplo
330 974 418 1007 coeli
434 981 465 1008 et
483 980 614 1012 terrae,
643 981 675 1007 et
692 974 798 1007 totius
816 981 973 1010 naturae,
993 985 1081 1017 quae

96 1034 146 1061 est
172 1027 324 1061 subiecta
355 1025 482 1058 abusui
508 1025 711 1069 impiorum.
774 1023 935 1069 Tyranni
961 1031 1081 1056 tenent

97 1079 263 1123 imperia,
298 1076 586 1124 lmpiifruuntur
604 1076 731 1119 opibus
756 1075 900 1113 mundi,
927 1073 1079 1107 Ecclesia

95 1141 197 1168 vero,
224 1128 323 1162 cuius
339 1138 439 1160 causa
457 1127 575 1159 omnia
592 1126 733 1159 condita
751 1133 850 1163 sunt,
873 1127 1080 1164 trucidatur,

94 1193 166 1214 non
183 1178 388 1213 conceditur
402 1178 432 1210 ei
451 1178 561 1217 vitae,
588 1177 696 1217 lucis,
732 1183 792 1209 aut
809 1177 957 1209 aliarum
984 1189 1079 1209 crea-

94 1239 252 1266 turarum
271 1240 365 1263 usus.
419 1227 509 1261 Sunt
526 1234 641 1261 autem
660 1227 821 1260 conditae
840 1239 910 1267 res,
943 1235 982 1261 ut
1008 1239 1079 1260 ser-

93 1283 191 1315 viant
221 1281 288 1324 piis
319 1280 360 1312 ad
393 1279 539 1321 gloriam
563 1278 641 1314 Dei.
701 1277 822 1319 Quare
846 1290 924 1310 cum
950 1279 1019 1311 sint
1042 1279 1079 1309 in

94 1332 259 1367 horribili
284 1331 415 1369 abusu,
454 1336 483 1362 et
509 1336 653 1373 propter
676 1335 855 1372 peccatum
883 1327 982 1361 Adae
1008 1328 1078 1361 sint

49 1377 51 1379 ¹
93 1383 267 1417 subiectae
289 1380 525 1424 corruptioni,
560 1386 742 1424 expectant
759 1385 790 1412 et
810 1379 883 1423 ipse
901 1387 1078 1413 creaturae

89 1433 348 1468 liberationem.

191 1507 255 1543 Est
279 1508 386 1551 igitur
406 1505 492 1541 haec
511 1507 724 1548 consolatio,
752 1507 900 1540 Coelum
929 1513 961 1540 et
986 1513 1076 1540 terra

91 1562 264 1596 sustinent
280 1561 402 1602 ingens
418 1570 526 1598 onus,
551 1559 682 1591 scilicet
701 1559 849 1591 abusum
872 1557 1076 1601 impiorum,
1102 1584 1103 1593 ,

91 1620 125 1646 et
152 1619 270 1645 tamen
295 1616 476 1651 expectant
499 1609 764 1648 liberationem,
798 1607 892 1651 Ergo
920 1620 984 1641 nos
1007 1621 1075 1641 una

90 1663 305 1708 perferamus
337 1658 397 1692 has
420 1671 623 1692 communes
647 1671 853 1700 aerumnas,
889 1666 922 1692 et
946 1659 1077 1692 tolere-

92 1725 170 1748 mus
186 1724 337 1746 moram:
367 1710 429 1744 etsi
448 1710 539 1742 enim
559 1710 722 1744 differtur
746 1710 929 1751 liberatio,
959 1717 1075 1744 tamen
1100 1715 1101 1718 ’

86 1764 278 1811 aliquando
297 1762 475 1804 continget
492 1761 607 1796 nobis.

187 1839 318 1873 Paulus
336 1845 385 1872 est
402 1847 486 1871 usus
504 1837 694 1869 admodum
708 1837 984 1880 significantibus
997 1850 1073 1871 ver-
1098 1872 1099 1875 ,

1098 1884 1099 1902 ³
1126 1890 1279 1920 nffostrie
1301 1895 1345 1914 an
1363 1883 1464 1915 etiam
1486 1884 1622 1926 indigni
1640 1897 1778 1928 sperare
1797 1886 1943 1920 salutem
1962 1888 2116 1921 debens>

1096 1942 1099 1982 j
1126 1933 1219 1966 Haec
1235 1935 1391 1978 quaestio
1410 1935 1594 1978 praecipue
1613 1943 1746 1969 exercet
1771 1937 1925 1978 animos,
1953 1946 1985 1971 et
2011 1951 2115 1971 excu-

87 1891 161 1931 bis,
188 1897 220 1924 et
237 1890 320 1923 fecit
336 1888 648 1933 prosopopoeiam,
677 1887 844 1922 Creatura
869 1901 939 1922 una
968 1890 1073 1931 gemit

89 1950 121 1975 et
139 1941 302 1986 parturit.
354 1939 419 1972 His
436 1939 552 1972 verbis
572 1939 742 1981 significat
767 1945 941 1973 creaturas
966 1941 1072 1973 susti-

87 2005 169 2025 nere
187 1992 371 2032 iniuriam,
406 1991 463 2023 sed
489 1990 591 2023 dolor
613 1990 713 2022 istius
737 1990 889 2023 iniuriae
913 1992 1072 2034 pervenit

88 2044 131 2076 ad
150 2042 357 2081 Ecclesiam,
382 2041 419 2073 in
437 2053 541 2085 quarn
559 2041 664 2074 simul
681 2041 841 2075 saeviunt
860 2042 978 2085 impii,
997 2054 1071 2075 sae-

93 2094 226 2127 vientes
257 2093 294 2125 in
328 2098 519 2125 creaturas:

88 2146 230 2191 rapiunt
248 2149 421 2177 creaturas
433 2166 442 2182 ‚
471 2149 503 2176 et
521 2150 779 2187 persequuntur
798 2141 1003 2180 Ecclesiam.

145 2262 219 2300 Sed
233 2268 263 2297 el
279 2274 345 2296 nos
362 2260 436 2309 ipsi
447 2260 636 2309 primilz'as
653 2261 806 2308 spiritus
822 2259 1006 2300 habenles.

184 2344 346 2385 Tertium
366 2348 409 2382 ab
429 2348 588 2391 exemplo
607 2346 869 2391 Apostolorum,
915 2348 987 2382 Nos
1003 2350 1067 2394 ‘qui

87 2402 330 2438 excellentiora
360 2401 452 2432 dona
484 2396 674 2439 habemus,
707 2399 922 2441 affligimur?
958 2401 1067 2433 lucta-

86 2467 164 2489 mur
181 2465 258 2487 cum
275 2450 485 2485 conscientia
503 2456 724 2493 peccatorum
737 2456 951 2489 nostrorum,
970 2463 1066 2484 scan-

84 2507 264 2544 dalorum,
291 2515 367 2537 cum
385 2500 579 2535 terroribus
595 2501 748 2539 diaboli,
767 2513 843 2533 cum
864 2502 1094 2554 infirmitate

82 2564 219 2596 nostra,
246 2567 323 2588 cum
342 2552 491 2587 externis
510 2552 673 2594 periculis
696 2559 728 2585 et
752 2553 1065 2595 persecutionibus,

81 2615 113 2641 et
132 2613 350 2651 expectamus
375 2603 634 2638 liberationem.
697 2602 815 2646 Quare
838 2615 900 2637 vos
924 2616 1063 2650 quoque

79 2657 272 2704 expectetis.

401 77 437 111 2.
474 72 869 111 ANNOTATIONES
899 72 951 108 IN
976 70 1130 110 EPIST.
1158 70 1306 108 PAULI
1333 70 1399 108 AD
1427 71 1691 109 ROMANOS.
1744 72 1850 110 CAP.
1880 73 1978 109 vm.

628 752 661 779 et
686 745 808 778 vident
833 744 969 778 differri
994 745 1083 777 libe-
1110 769 1111 775 ,

561 2099 597 2124 ut
631 2104 709 2125 cum
740 2093 882 2137 tyranni
916 2100 948 2125 et
972 2094 1096 2139 impiix

2057 76 2131 113 670

1386 158 1458 208 Spe
1475 159 1569 194 enim
1589 159 1731 195 salv-ali
1745 173 1824 194 sum
1833 173 1885 196 υς.

1242 227 1417 271 Quartum
1448 237 1695 275 argumentum
1740 244 1757 263 a
1801 230 2006 264 definitione
2040 231 2126 275 spei.

1139 278 1225 322 Spes
1244 286 1292 312 est
1309 292 1428 312 earum
1456 292 1595 322 rerum,
1629 294 1717 326 quae
1739 283 1899 315 nondum
1921 289 2003 315 sunt
2025 294 2127 326 prae-

1139 335 1269 361 sentes:
1297 330 1366 373 Spe
1383 331 1469 362 salvi
1488 332 1568 364 facti
1586 343 1723 372 sumus,
1750 333 1783 365 i‹l
1805 340 1872 372 est,
1907 345 1967 377 spe
1985 333 2125 366 liberati

1139 392 1259 413 sumus
1276 392 1293 412 a
1310 388 1421 413 morte
1439 388 1471 413 et
1501 382 1668 415 omnibus
1692 384 1810 423 malis,
1847 382 1941 427 Ergo
1963 385 2124 417 nondum

1138 437 1278 473 praesto
1297 438 1345 463 est
1365 432 1425 463 illa
1444 432 1605 465 liberatio
1625 445 1642 465 a
1658 441 1770 467 morte
1789 442 1822 467 et
1846 435 1989 467 caeteris
2012 436 2125 470 malis.

1246 480 1313 514 Sed
1349 480 1404 514 hic
1427 484 1666 526 quaerendum
1693 492 1762 523 est,
1797 497 1841 516 an
1865 497 1937 517 non
1963 486 1997 517 in
2024 498 2125 529 prae-

1138 533 1248 565 sentia
1268 533 1376 565 simus
1400 533 1539 566 liberati
1557 546 1574 566 a
1595 535 1760 577 peccato?
1794 534 2023 579 Respondeo:
2054 536 2126 569 Im-

1139 584 1295 626 putative
1327 595 1446 616 sumus
1481 584 1517 616 in
1553 587 1747 628 praesentia
1780 587 1859 618 iusti
1886 594 1916 619 et
1944 587 2080 620 liberati
2107 600 2125 620 a

1139 641 1291 677 peccato,
1347 634 1415 668 Sed
1435 642 1553 668 manet
1569 634 1736 669 adhucin
1763 644 1886 670 natura
1914 638 2078 677 morbus,
2106 651 2125 671 a

1138 697 1207 729 quo
1226 697 1346 718 sumus
1364 686 1499 720 liberati
1518 687 1554 718 in
1572 698 1630 730 spe
1643 714 1651 727 ,
1679 688 1714 720 id
1734 695 1802 726 est‚
1839 700 2018 731 speramus
2035 689 2127 722 inte-

1137 748 1232 778 gram
1267 737 1471 772 novitatem.
1532 736 1617 770 Ideo
1647 739 1760 783 reipsa
1786 737 1902 772 adbuc
1926 739 2127 772 laboramus

1140 787 1365 827 infirmitate,
1401 795 1433 821 et
1457 800 1660 822 exercemur
1683 791 1878 823 terroribus
1907 791 2058 833 peccati,
2094 801 2126 824 et

1137 838 1214 870 aliis
1238 839 1501 873 afflictionibus.
1555 838 1622 872 Sed
1650 841 1742 877 inter
1767 840 1828 874 bas
1851 852 2035 874 aerumnas
2058 841 2127 874 eri-

1108 904 1110 914 ν
1137 900 1215 931 gere
1232 901 1295 921 nos
1313 891 1479 923 debemus
1499 896 1530 922 et
1548 897 1720 932 statuere,
1748 894 1842 937 quod
1867 893 1903 924 in
1929 893 2125 935 praesentia

1107 956 1108 966 κ
1137 937 1326 973 habeamus
1356 941 1599 973 remissionem
1634 951 1875 985 peccatorum,

1909 950 1941 976 et
1972 956 2018 975 im
2048 950 2126 976 uta-

1136 992 1230 1023 tione
1249 992 1357 1024 simus
1375 992 1455 1026 iusti
1467 1019 1475 1031 ,
1504 999 1536 1025 et
1553 992 1751 1035 placeamus
1767 993 1842 1027 Deo
1860 1000 2001 1037 propter
2018 956 2124 1027 ghri-

1134 1049 1236 1077 stum.
1291 1042 1390 1077 Sicut
1407 1055 1511 1087 supra
1537 1043 1671 1088 inquit:
1709 1044 1888 1079 Iustificati
1913 1045 1980 1078 fide
2005 1057 2124 1089 pacem

1105 1125 1107 1129 ,
1134 1090 1314 1128 habemus.

1235 1151 1281 1185 Et
1316 1150 1372 1185 hic
1403 1153 1560 1186 cernitur
1585 1153 1732 1197 insignis
1761 1154 1960 1188 differentia
1985 1155 2064 1188 fidei
2092 1163 2124 1190 et

1132 1203 1216 1246 spei.
1252 1203 1356 1235 Fides
1374 1203 1407 1234 in
1427 1205 1621 1246 praesentia
1638 1206 1761 1249 accipit
1781 1206 2022 1240 remissionem
2043 1219 2123 1251 pec-

1131 1261 1288 1286 catorum
1303 1281 1311 1294 ‚
1340 1260 1371 1286 et
1389 1255 1657 1297 imputationem
1677 1256 1843 1290 iusticiae.
1897 1256 1984 1300 Spes
2006 1265 2122 1291 autem

1131 1304 1225 1336 aliud
1259 1305 1435 1337 obiectum
1468 1303 1593 1347 babet,
1628 1308 1808 1347 videlicet,
1843 1315 1999 1352 expectat
2029 1310 2121 1343 inte·

1131 1366 1226 1398 gram
1248 1355 1506 1388 liberationem.

1233 1412 1284 1447 Ac
1302 1416 1343 1447 de
1361 1426 1420 1458 spe
1441 1416 1626 1459 praecipue
1644 1414 1728 1450 haec
1754 1419 1824 1451 duo
1849 1420 1998 1452 tenenda
2025 1426 2120 1455 sunt.

1130 1464 1290 1498 Primum
1303 1490 1312 1504 ‚
1341 1467 1434 1509 quod
1454 1467 1495 1499 sit
1515 1476 1733 1511 praeceptum
1747 1496 1755 1508 ,
1783 1481 1922 1513 sperare
1939 1471 2046 1504 vitam
2062 1483 2121 1504 ae-

1129 1523 1274 1550 ternam.
1327 1516 1415 1549 Nam
1434 1519 1492 1561 qui
1512 1531 1583 1550 non
1602 1527 1756 1562 expectat
1779 1522 1969 1563 promissa,
2005 1522 2033 1554 is
2056 1534 2120 1554 ne-

1129 1574 1184 1610 gat
1210 1566 1322 1600 Deum
1348 1579 1502 1600 veracem
1528 1581 1611 1603 esse.
1676 1569 1756 1603 ldeo
1782 1578 1819 1603 ut
1843 1572 2020 1605 tribuatur
2043 1571 2119 1606 Deo

1129 1618 1241 1658 gloria
1274 1618 1450 1657 veritatis,
1495 1632 1632 1652 necesse
1673 1628 1723 1654 est
1759 1633 1897 1665 sperare
1933 1623 2117 1666 promissa.

1128 1668 1319 1702 Sciendum
1340 1676 1389 1702 est
1407 1677 1532 1709 autem,
1551 1683 1645 1713 spem
1664 1684 1737 1704 uon
1755 1684 1827 1705 esse
1845 1673 2117 1714 dubitationem,

1128 1722 1186 1753 sed
1205 1732 1401 1764 repugnare
1419 1722 1652 1761 dubitationi,
1680 1735 1826 1768 eamque
1846 1725 1997 1759 vincere.

1229 1779 1298 1813 Sed
1329 1781 1472 1814 obiiciat
1503 1781 1650 1826 aliquis,
1692 1780 1855 1825 Agnosco
1883 1792 2117 1828 praeceptum,

1128 1832 1184 1863 sed
1205 1831 1398 1876 requiritur
1415 1833 1571 1866 conditio
1589 1833 1817 1875 meritorum,
1851 1847 1911 1869 seu
1934 1836 2117 1879 dignitatis

1124 1985 1164 2018 tit
1191 1997 1298 2028 spem.
1359 1983 1454 2018 Haec
1478 1998 1544 2018 vox
1573 1995 1622 2020 est
1650 2000 1714 2020 vox
1739 1988 1840 2031 legis,
1876 1996 1907 2021 et
1934 1987 2114 2032 chirogra-

1122 2034 1259 2079 phum
1250 2048 1287 2067 1n
1310 2037 1487 2070 mentibus
1504 2038 1652 2078 nostris,
1680 2040 1773 2083 quod
1802 2040 1946 2073 damnat
1968 2052 2050 2079 nos,
2075 2052 2114 2074 ac

1123 2085 1286 2131 prohibet
1302 2098 1460 2129 sperare,
1486 2089 1570 2133 quia
1588 2101 1707 2122 sumus
1726 2090 1876 2133 indigni.

1225 2146 1285 2180 Est
1305 2146 1414 2190 igitur
1434 2144 1518 2180 haec
1534 2149 1685 2182 secunda
1703 2150 1864 2182 doctriua
1881 2150 2030 2183 maxime
2049 2162 2112 2182 ne-

1093 2197 1096 2249 J
1122 2198 1286 2238 cessaria,
1316 2198 1492 2241 videlicet,
1518 2200 1700 2232 sciendum
1717 2207 1765 2233 est
1782 2201 1853 2243 spei
1870 2213 2005 2233 causam
2028 2213 2112 2242 esse,

1122 2260 1194 2281 non
1221 2249 1343 2281 merita
1373 2256 1510 2288 nostra,
1539 2263 1602 2283 nec
1621 2252 1826 2291 dignitatem
1846 2260 2021 2292 nostram,
2049 2254 2109 2285 sed

1121 2300 1306 2342 gratuitam
1334 2301 1603 2343 promissionem
1623 2300 1764 2335 Christi.
1818 2301 2028 2337 Mandatum
2049 2312 2110 2343 est,

1121 2359 1158 2384 ut
1185 2362 1365 2397 speremus
1391 2352 1558 2392 salutem,
1586 2360 1618 2385 et
1639 2354 1842 2386 mandatum
1871 2361 1939 2392 est,
1971 2361 2009 2387 ut
2035 2366 2107 2387 non

1093 2409 1264 2448 propter
1280 2409 1435 2435 nostram
1459 2380 1684 2446 dignitatem,
1717 2405 1773 2436 sed
1801 2405 1906 2447 gratis
1929 2417 2106 2449 speremus

1093 2465 1095 2486 ι
1122 2460 1264 2495 propter
1282 2451 1475 2494 Christum,
1494 2454 1574 2498 quia
1593 2455 1663 2486 vita
1684 2462 1822 2488 aetema
1843 2457 1947 2489 datur
1966 2463 2108 2500 propter

1121 2501 1300 2537 Christum
1328 2505 1503 2545 credenti,
1542 2517 1614 2538 non
1637 2513 1780 2549 propter
1811 2507 2015 2549 dignitatem
2041 2519 2106 2540 no-

1118 2562 1236 2590 stram.
1289 2553 1385 2598 Ergo
1410 2555 1543 2588 etiamsi
1567 2568 1687 2590 sumus
1708 2557 1866 2600 indigni,
1893 2565 2009 2591 tamen
2027 2569 2104 2601 spes

1116 2607 1266 2648 gratuita
1299 2607 1448 2639 tenenda
1473 2613 1539 2650 est,
1584 2614 1618 2641 et
1647 2609 1868 2651 agnoscenda
1901 2608 2104 2652 indignitas

1115 2655 1232 2702 Atque
1263 2656 1312 2691 ita
1345 2656 1570 2702 accipiendae
1604 2665 1686 2693 sunt
1725 2660 1920 2694 sententiae
1954 2660 1997 2693 de
2029 2669 2101 2703 spe.
