2415 2942
289 99 360 133 500·

391 176 618 215 Mau-iuratio
636 171 791 214 corporis
810 176 841 203 et
864 167 1045 210 sanguinis
1062 165 1206 199 Domini
1235 165 1270 197 in
1296 163 1301 227 ι

294 234 394 267 noliis
424 230 504 273 ipsis
529 223 768 260 testimonium
792 228 859 259 est,
887 220 982 263 quod
1007 216 1168 251 Christus
1194 228 1272 248 vere

295 295 356 316 nos
379 282 444 314 silvi
470 288 635 322 tauquam
661 273 817 307 membra
844 271 1030 312 adiungat,
1073 269 1167 311 quod
1196 278 1275 299 vere

296 334 375 366 velit
395 343 456 363 uos
478 331 618 362 :diluere
637 324 807 365 sanguine
829 333 904 355 suo,
957 320 1014 354 Sic
1041 319 1147 361 igitur
1175 326 1276 351 tuf-n-

296 387 379 416 dum
405 390 454 414 est
477 377 729 414 sacramentis,
770 374 855 406 sicut
885 372 1011 410 vei-lio,
1054 376 1086 402 et
1116 370 1198 402 fides
1221 381 1279 401 ex-

295 434 474 466 uscitanda
512 438 542 464 et
581 427 770 462 exercenda
805 431 853 456 est
890 421 1149 459 sacramentis,
1191 419 1279 452 sicut

298 486 414 517 verbo.

1301 341 1305 375 l

593 551 736 589 Quintum
759 553 977 588 argumentum.

403 617 576 660 Quintum
603 619 845 655 argumentum
878 622 917 642 ex
947 619 1048 642 causa
1081 604 1284 649 promissio-

303 671 366 704 nis.

304 729 351 754 est
371 727 473 753 certa.
528 715 799 749 promissionem
821 711 950 754 gratiae
968 715 1105 753 oportet
1123 717 1193 739 esse
1214 716 1287 737 cer-
1310 733 1313 755 l

304 781 393 811 tam,
422 768 515 811 Ergo
541 765 724 810 promissio
751 763 879 805 gratiae
905 772 975 792 non
1003 760 1129 802 pendet
1147 769 1186 789 ex
1203 767 1287 788 con-

305 823 441 856 ditione
464 819 565 860 legis.
591 817 647 848 svd
670 816 735 847 fide
753 813 858 856 gratis
877 810 1075 853 accipienda
1095 815 1153 841 est.

407 879 474 912 Hic
491 884 538 909 est
558 873 758 919 principalis
777 871 1018 917 syllogismus,
1055 868 1090 899 in
1118 865 1180 899 linc
1205 876 1289 896 cou-
1313 846 1315 891 l

948 919 1078 962 Estque
1097 919 1201 950 totius
1220 916 1291 947 (lis-
1314 923 1315 927 ¹

308 930 475 965 troversia
498 927 682 972 praecipue
701 924 895 963 agitandus.
1315 957 1317 972 Ι

308 980 498 1025 putationis
525 974 701 1022 synechon
725 976 868 1006 ductum
895 983 934 1003 ex
965 970 1139 1002 sontibus,
1176 967 1227 997 vel
1252 977 1291 997 ex

676 1025 756 1058 Ideo
785 1023 932 1055 multum
964 1021 1050 1052 lucis
1082 1018 1178 1051 addit
1211 1006 1319 1049 buic¹

310 1035 386 1065 loco
412 1040 606 1063 causarum.

311 1083 470 1124 negotio,
497 1078 637 1122 exponit
661 1075 774 1120 qualis
792 1074 834 1107 sit
853 1071 1056 1116 promissio,
1086 1076 1116 1102 et
1142 1068 1226 1113 quid
1250 1066 1294 1099 sit
1317 1068 1320 1120 1

312 1135 407 1167 fides.
468 1131 571 1171 hem,
607 1132 777 1160 monstrat
807 1124 995 1156 discrimen
1020 1119 1293 1165 promissionum
1318 1122 1320 1158 ¹,

315 1185 418 1227 legis,
445 1189 478 1215 et
504 1178 746 1223 promissionis
771 1176 909 1219 gratiae.
971 1171 1110 1214 Quare,
1137 1171 1177 1202 ad
1205 1167 1296 1201 hanc
1320 1190 1321 1213 ἢ

314 1232 587 1268 controversiam
606 1227 890 1269 intelligendam,
917 1234 1054 1256 necesse
1079 1228 1128 1254 est
1150 1219 1216 1253 hoc
1239 1230 1296 1251 ar-
1320 1217 1323 1252 l

316 1290 519 1328 gumentum
542 1281 683 1321 agitare.
758 1277 894 1310 Deinde
916 1286 987 1307 non
1013 1273 1125 1306 solum
1153 1272 1194 1303 ad
1218 1281 1298 1302 eru·
1320 1256 1324 1284 l

317 1337 462 1370 diendas
491 1329 720 1365 conscientias
737 1355 745 1367 ,
788 1328 845 1359 sed
870 1325 973 1357 etiam
1000 1325 1043 1356 ad
1068 1321 1299 1355 consolandas
1323 1329 1327 1387 ι

318 1394 528 1428 magnopere
546 1381 721 1414 conducit.
775 1377 864 1410 Nam
884 1373 941 1408 hic
960 1375 1056 1407 locus
1072 1373 1220 1405 maxime
1237 1372 1299 1403 de-
1325 1392 1328 1436 ι

319 1438 427 1470 clarat
450 1433 654 1479 particulam
673 1428 811 1468 Gratis,
846 1434 879 1460 et
907 1425 1061 1458 ostendit
1085 1435 1191 1468 quare
1219 1433 1302 1465 pro-

320 1487 438 1520 missio
462 1485 506 1518 sit
530 1482 690 1527 gratuita,

1327 1528 1330 1553 1

644 1568 816 1601 Declaratio
841 1566 974 1597 maioris.

425 1637 461 1672 Si
493 1634 678 1681 promissio
708 1631 876 1675 penderet
908 1640 948 1661 ex
976 1625 1178 1660 conditione
1211 1624 1333 1674 legis‚j

324 1694 419 1726 fieret
453 1689 596 1721 incerta.
673 1683 775 1716 Hane
812 1678 1088 1725 propositionem
1125 1675 1333 1708 confirmat'

326 1742 457 1776 Paulus
475 1739 512 1771 in
531 1744 644 1771 textu:
678 1733 771 1776 Quia
789 1732 842 1764 lex
860 1731 945 1763 iram
964 1728 1084 1767 efficit,
1113 1727 1146 1759 id
1165 1733 1232 1765 est,
1254 1726 1308 1757 lex

325 1802 462 1834 semper
479 1793 614 1822 accusat
633 1793 665 1819 et
684 1784 895 1817 condemnat
917 1791 998 1817 nos,
1027 1791 1104 1811 cum
1126 1788 1307 1821 nunquam

327 1845 357 1877 ei
375 1840 638 1876 satisfaciamus,
668 1835 748 1880 quia
765 1834 819 1866 lex
836 1832 899 1866 Dei
918 1829 1065 1875 requirit
1083 1841 1153 1862 non
1172 1835 1307 1861 tantum

329 1901 472 1928 externa
497 1889 613 1923 civilia
641 1888 747 1923 facta,
781 1885 839 1917 sed
863 1882 1048 1927 perfectam
1073 1879 1309 1913 obedientiam

332 1944 534 1978 interiorem
559 1946 591 1972 et
617 1937 840 1974 exteriorem,
881 1933 1106 1965 dilectionem
1130 1929 1195 1963 Dei
1216 1941 1311 1961 sum-

332 2006 441 2029 mam.
509 1990 611 2025 Hanc
634 2000 738 2020 nemo
762 1984 933 2030 praestitit
959 1989 1094 2026 praeter
1118 1979 1310 2019 Christum,

335 2052 488 2080 caeteros
509 2051 630 2074 omnes
656 2043 792 2071 accusat
820 2043 853 2068 et
875 2034 1085 2068 condemnat
1115 2032 1188 2071 lex,
1225 2031 1312 2063 sicut

332 2096 464 2131 Paulus
487 2092 621 2137 inquit:
664 2087 799 2122 Omnes
831 2093 955 2119 natura
987 2095 1108 2116 sumus
1137 2082 1199 2114 filii
1230 2082 1312 2115 irae.

333 2149 454 2191 ltaque
486 2145 515 2177 si
548 2139 734 2186 promissio
769 2137 910 2170 haberet
949 2134 1188 2167 conditionem
1218 2131 1339 2174 legis,'

336 2209 415 2231 cum
433 2196 487 2228 lex
508 2203 645 2236 semper
667 2195 802 2222 accuset
829 2194 860 2219 et
876 2186 1102 2223 condemnet,
1128 2183 1313 2228 promissio
1339 2214 1341 2218 ,

338 2247 467 2291 gratiae
487 2246 582 2278 fieret
600 2241 718 2280 irrita,
756 2238 836 2272 Ideo
864 2236 992 2269 Paulus
1016 2235 1183 2267 maiorem
1207 2234 1315 2279 syllo-
1339 2237 1341 2243 '

341 2298 440 2338 gismi
460 2297 506 2328 ita
526 2294 662 2328 recitat:
705 2289 741 2324 Si
760 2287 795 2322 hi
812 2316 818 2324 ,
847 2287 906 2332 qui
925 2299 964 2319 ex
981 2287 1052 2327 lege
1078 2293 1175 2325 sunt,
1203 2290 1315 2317 essent

339 2347 523 2386 haeredes,
549 2343 678 2378 abolita
703 2347 790 2373 esset
814 2340 916 2378 fides,
943 2345 976 2370 et
999 2336 1097 2370 irrita
1123 2342 1209 2369 esset
1234 2347 1318 2379 pro-

338 2398 469 2432 missio.
523 2394 570 2429 Εἰ
585 2391 886 2427 confirmationem
905 2388 1002 2421 addit
1019 2387 1110 2431 ipse:
1139 2385 1209 2420 Lex
1230 2387 1318 2419 iram
1341 2371 1345 2417 l

341 2448 464 2486 efficit,
491 2447 527 2479 id
552 2452 621 2485 est,
649 2443 879 2483 condemnat,
907 2439 1016 2482 adigit
1040 2438 1084 2470 ad
1106 2437 1320 2482 desperatio-

341 2511 434 2534 nem.
482 2495 631 2529 Brevius
653 2500 767 2526 autem
792 2491 948 2525 recensui
975 2487 1065 2522 hanc
1084 2488 1320 2521 confirmatio·
1344 2516 1345 2519 ,

345 2562 441 2589 nem,
468 2547 550 2592 quia
567 2545 658 2578 infra
676 2550 808 2586 repetet
826 2554 898 2574 eam
915 2542 958 2574 de
975 2551 1041 2574 usu
1059 2539 1156 2582 legis.

442 2606 513 2641 Sed
529 2604 623 2638 dicat
638 2602 782 2647 aliquis:
813 2600 887 2633 lmo
907 2606 998 2633 certe
1017 2598 1248 2641 Evangetium
1273 2603 1322 2628 est

344 2655 600 2696 conditionale,
627 2652 708 2699 quia
724 2657 860 2697 peccata
884 2662 954 2684 non
982 2650 1229 2689 remittuntur,
1257 2647 1324 2680 nisi
1349 2651 1351 2653 '

890 82 1014 118 PlttL.
1044 79 1157 116 MEL.
1183 79 1391 115 SCRtPTA
1420 76 1716 112 ExEGETtCA.

422 668 525 701 Nulla
545 664 729 704 promissio
748 662 904 705 pendens
920 671 958 692 ex
978 657 1180 691 conditione
1201 654 1284 696 legis
1326 679 1328 681 >

1313 902 1315 912 ‹
1343 874 1511 918 puritatis.

1328 1566 1331 1573 ί
1357 1539 1388 1565 et
1416 1530 1556 1563 dabitur
1581 1529 1690 1561 vobis.

1330 1609 1332 1622 ζ
1357 1581 1531 1614 Dominus
1548 1579 1710 1612 exaudiet
1728 1586 1778 1616 te,
1806 1586 1871 1611 etc.

1334 1870 1336 1879 ‚
1362 1835 1447 1878 legis
1463 1841 1522 1866 aut
1540 1844 1695 1876 operum.

2231 75 2306 112 604

1327 166 1466 199 accedat
1498 163 1732 208 poenitentia,
1761 163 1863 197 ‘sicut
1890 163 2004 207 inquit
2037 168 2162 196 textus:
2206 159 2309 204 Agite

1328 215 1588 260 poenitentiam.
1635 214 1738 247 ltem:
1763 212 1919 246 Desinite
1937 215 2166 246 malefacere.

1326 267 1488 302 Christus
1514 265 1646 309 inquit:

1330 319 1504 352 mandata.

1429 367 1639 411 Respondeo
1681 365 1856 398 breviter:
1902 364 1996 397 llaec
2036 365 2201 408 requisita
2238 375 2310 396 non

1330 427 1410 452 sunt
1435 418 1590 452 conditio
1615 424 1647 450 et
1671 428 1792 455 causa,
1834 424 1975 458 propter
2005 427 2108 459 quam
2133 417 2236 447 datur
2258 425 2313 447 re-

1332 470 1548 506 conciliatio,
1575 469 1631 501 sed
1651 468 1766 511 potius
1783 473 1863 498 sunt
1881 466 2021 499 effectus
2040 465 2232 497 necessario
2255 476 2311 497 se-

1333 528 1490 565 quentes.
1542 519 1587 553 Et
1607 520 1698 563 quod
1721 530 1791 550 non
1807 518 1877 549 sint
1895 529 2015 556 causa,
2043 523 2185 559 propter
2209 525 2315 558 quam

1334 575 1436 604 datur
1464 571 1619 604 remissio
1651 581 1710 601 seu
1745 568 2007 607 reconciliatio,
2049 566 2132 598 inde
2163 572 2316 608 apparet,

1335 622 1416 666 quia
1460 628 1636 665 peccatum
1685 619 1876 652 remittitur
1926 618 1980 650 vel
2021 615 2315 659 concupiscentia,

1335 673 1468 705 etiamsi
1487 669 1601 704 adhuc
1617 671 1728 713 reipsa
1753 668 1891 702 haereat
1916 669 1951 700 iu
1977 679 2098 707 carne,
2125 673 2158 700 et
2183 677 2313 699 concn—

1337 723 1505 767 piscentia
1531 734 1602 754 non
1621 728 1672 754 est
1691 721 1820 760 otiosa,
1847 721 1906 752 sed
1925 719 2034 761 gignit
2052 717 2208 750 infinitos
2234 727 2316 760 pra-

1340 785 1399 806 vos
1417 773 1570 806 affectus,
1624 771 1702 804 Non
1720 771 1825 814 igitur
1845 772 1970 814 pendet
1989 769 2146 802 remissio
2168 779 2209 800 ex
2232 778 2318 800 con-

1340 824 1474 857 ditione
1489 823 1650 866 impletae
1668 823 1761 865 legis,
1792 823 1844 854 vel
1865 821 2075 864 implendae,
2102 830 2160 851 seu
2177 825 2317 852 nostrae

1563 871 1607 904 Et
1629 880 1744 905 tamen
1767 885 1845 905 curu
1864 869 2141 915 apprehenditur
2160 869 2317 902 remissio

1342 926 1428 961 tide,
1461 936 1539 956 cum
1572 923 1638 954 tide
1663 922 1813 955 incoatio
1848 934 1957 955 novae
1982 929 2014 954 et
2038 927 2198 953 aeternae
2221 919 2323 956 vitae,

1344 987 1480 1008 necesse
1498 981 1545 1006 est
1566 973 1630 1004 iam
1652 973 1784 1005 incoari
1806 985 1930 1006 novam
1950 970 2185 1005 obedientiam
2199 996 2208 1010 ,
2233 981 2323 1012 quae

2208 210 2308 251 Item,

1691 265 1728 298 Si
1757 264 1808 297 vis
1833 264 1868 296 in
1892 264 1997 296 vitam
2023 264 2178 307 ingredi,
2212 274 2310 296 serva

1317 1047 1319 1063 ,ι
1344 1026 1476 1059 etiamsi
1498 1032 1546 1056 est
1567 1024 1777 1067 imperfecta,
1805 1030 1921 1055 tamen
1941 1023 2051 1064 placet
2068 1017 2325 1064 propterChri-

1346 1085 1451 1110 stum.
1505 1074 1610 1114 Item,
1638 1086 1714 1106 cum
1734 1074 1817 1106 fides
1842 1074 1966 1106 liberet
1987 1085 2005 1104 a
2033 1071 2226 1106 terroribus
2248 1082 2328 1113 pec-

1346 1129 1432 1166 cati,
1470 1137 1606 1158 necesse
1634 1132 1685 1157 est
1719 1125 1862 1157 existere
1886 1130 2035 1156 terrores
2057 1123 2093 1155 in
2116 1122 2234 1161 nobis,
2267 1121 2329 1153 sed

1347 1179 1397 1211 illi
1420 1184 1570 1209 terrores
1589 1187 1809 1220 nequaquam
1833 1181 1915 1208 sunt
1935 1173 2103 1216 pretium,
2143 1179 2203 1206 aut
2229 1182 2330 1204 causa

1347 1227 1563 1262 remissionis
1593 1233 1824 1270 peccatorum.
1888 1224 1957 1259 Sed
1985 1223 2198 1257 conscientia
2228 1223 2331 1255 debet

1322 1309 1324 1315 ,
1349 1287 1515 1313 statuere,
1553 1278 1646 1320 quod
1672 1274 1738 1309 hoc
1761 1276 1966 1309 beneficium
1991 1274 2096 1317 gratis
2123 1273 2225 1306 detur
2249 1284 2331 1316 pro-

1351 1337 1426 1374 pter
1446 1329 1672 1361 mediatorem
1688 1334 1720 1359 et
1743 1327 1941 1370 pontificem
1961 1324 2148 1358 Christum.

1454 1378 1522 1412 Sed
1542 1375 1598 1410 hic
1616 1377 1721 1410 obiici
1742 1384 1872 1420 potest,
1898 1375 1925 1409 si
1945 1373 2192 1417 promissiones
2208 1372 2332 1405 condi-

1326 1443 1328 1472 ᾗ
1355 1430 1502 1465 tionales
1527 1435 1608 1461 sunt
1632 1428 1768 1463 irritae,
1808 1425 1901 1468 Ergo
1934 1436 2054 1457 omnes
2086 1423 2334 1467 promissiones

1327 1486 1330 1526 ᾗ
1355 1482 1491 1515 additae
1511 1479 1675 1522 operibus
1695 1482 1775 1510 sunt
1794 1477 1951 1513 inutiles,
1981 1475 2100 1520 quales
2123 1481 2219 1506 sunt:
2245 1471 2333 1506 Date

1760 1528 1896 1568 Frange
1929 1525 2094 1559 esurienti
2123 1536 2268 1568 panem,
2302 1529 2336 1571 et

1459 1629 1688 1673 Respondeo:
1715 1628 1907 1661 Promissio
1934 1625 2151 1659 remissionis
2176 1631 2335 1669 peccato-

1360 1694 1449 1721 rum,
1469 1689 1500 1714 et
1517 1679 1812 1713 reconciliationis
1830 1691 1889 1711 seu
1909 1677 2174 1716 iustificationiS,
2189 1688 2228 1709 ac
2245 1675 2336 1709 vitae

1360 1741 1538 1771 aeternae,
1565 1731 1705 1775 propria
1725 1739 1773 1763 est
1790 1728 1993 1771 Evangelii,
2019 1734 2053 1761 et
2069 1727 2176 1771 gratis
2198 1733 2340 1769 propter

1359 1782 1540 1818 Christum
1568 1779 1751 1814 exhibetur
1766 1805 1774 1817 ‚
1819 1792 1891 1814 non
1928 1785 2070 1822 propter
2100 1777 2339 1814 conditionem

1749 1830 1843 1863 Haec
1863 1829 2047 1872 promissio
2065 1829 2252 1871 diligenter
2266 1828 2339 1862 dis-

1363 1885 1458 1919 cerni
1481 1884 1582 1917 debet
1600 1896 1616 1915 a
1642 1882 1933 1926 promissionibus
1955 1879 2143 1922 regalibus,
2170 1890 2259 1923 quae
2276 1875 2337 1911 ba-

1335 1955 1337 1974 )
1364 1938 1446 1969 hent
1469 1934 1707 1968 conditionem
1736 1943 1902 1974 operum,
1931 1930 2049 1974 quales
2068 1936 2165 1962 sunt:
2195 1927 2283 1962 Date
2307 1935 2341 1962 et

1365 1987 1506 2020 (labitur
1537 1985 1651 2017 vobis.
1719 1982 1757 2016 Si
1782 1983 1860 2027 quis
1884 1981 2020 2014 dederit
2051 1987 2187 2013 tantum
2218 1987 2339 2020 potum

1364 2049 1473 2083 aquae
1490 2042 1549 2069 etc.
1563 2062 1571 2075 ,
1598 2046 1669 2067 non
1689 2033 1808 2077 perdet
1823 2033 2016 2065 mercedem
2037 2043 2146 2064 suam.
2195 2029 2342 2063 Honora

1366 2095 1497 2132 patrem
1521 2093 1553 2119 et
1579 2092 1744 2124 matrem,
1785 2084 1814 2117 si
1839 2084 1889 2116 vis
1922 2083 2112 2125 longaevus
2140 2092 2211 2114 esse
2239 2093 2343 2129 super

1367 2147 1504 2174 terram.

1468 2188 1543 2221 Hae
1568 2185 1814 2230 promissiones
1842 2182 1974 2217 habent
1998 2182 2235 2216 conditionem
2260 2194 2345 2226 ope-

1368 2252 1466 2280 rum,
1495 2246 1526 2272 et
1544 2250 1622 2270 vere
1641 2244 1721 2270 sunt
1742 2236 1884 2270 inutiles
1900 2242 1931 2268 et
1957 2235 2072 2267 irritae
2098 2233 2174 2266 sine
2194 2233 2345 2277 promis-

1367 2292 1464 2325 sione
1481 2289 1685 2331 Evangelii,
1711 2288 1793 2332 quia
1811 2298 1915 2330 opera
1933 2287 2005 2328 ipsa
2022 2296 2093 2317 non
2111 2284 2250 2328 placent
2261 2282 2347 2325 Deo,

1370 2343 1437 2375 nisi
1454 2342 1491 2374 in
1507 2339 1748 2374 reconciliatis.
1799 2337 1868 2372 Sed
1888 2344 2068 2380 postquam
2086 2335 2151 2368 fide
2169 2346 2229 2378 per
2244 2334 2348 2368 mise-

1373 2393 1561 2426 ricordiam
1581 2390 1686 2433 gratis
1703 2389 1834 2432 accepti
1851 2398 1971 2421 sumus
1984 2413 1991 2427 ,
2020 2393 2136 2429 postea
2154 2386 2267 2430 placet
2289 2385 2346 2418 in-

1372 2451 1470 2477 coata
1494 2440 1712 2480 obedientia,
1741 2451 1813 2473 non
1836 2444 1978 2483 propter
2003 2437 2181 2481 propriam
2205 2435 2348 2469 mnndi-

1372 2496 1454 2529 tiem
1473 2501 1532 2527 aut
1547 2491 1751 2535 dignitatem
1765 2517 1772 2531 ,
1797 2501 1868 2523 non
1886 2489 1980 2534 quod
2006 2488 2113 2531 possit
2137 2487 2270 2531 opponi
2292 2487 2347 2520 iu-

1373 2546 1464 2578 dicio
1489 2543 1572 2584 Dei,
1606 2554 1678 2575 non
1701 2541 1795 2586 quod
1819 2540 1886 2583 legi
1909 2539 2119 2579 satisfaciat,
2153 2549 2225 2571 non
2244 2537 2347 2583 *quod

1376 2596 1519 2639 propter
1544 2605 1618 2628 eam
1644 2603 1791 2636 persona
1810 2591 1860 2629 ,sit
1883 2590 1994 2629 iusta,
2034 2588 2103 2623 Sed
2130 2599 2277 2634 persona
2298 2594 2348 2621 est

1378 2648 1486 2684 iusta,
1513 2646 1548 2678 id
1567 2651 1636 2684 est,
1663 2649 1798 2687 accepta
1816 2648 1959 2687 propter
1972 2638 2151 2675 Christum
2168 2651 2230 2684 pet
2245 2639 2349 2672 mise-
