2415 2942
302 100 376 136 425

308 194 465 230 peccata,
495 191 646 216 meretur
669 181 770 214 nobis
793 181 1032 215 remissionem
1056 189 1288 227 peccatorum.

307 237 376 270 Sed
401 233 604 268 resurrectio
621 233 734 265 incoat
754 232 858 265 vitam
876 233 1107 267 immortalem
1126 234 1162 266 in
1182 231 1289 267 Chri-
1312 249 1314 261 κ

311 296 379 321 sto,
407 296 473 329 qua
492 285 558 316 iam
576 283 696 315 vivens
723 290 843 325 regnat
867 284 909 315 ad
928 285 1082 317 dextram
1102 285 1230 328 patris,
1256 291 1288 318 et

309 343 358 369 est
376 336 512 371 el'iicax,
535 334 641 367 mittit
660 340 691 366 et
710 334 879 376 gubernat
895 333 1077 377 Evangelii
1097 336 1289 375 ministros,

311 388 369 419 dat
388 385 559 427 Spiritum
582 391 738 417 sanctum
756 384 982 417 audientibus
999 392 1029 418 et
1046 386 1288 429 amplectenti-

310 438 374 469 bus
397 434 646 478 lix-angelium,
688 435 872 468 intercedit
905 447 967 478 pro
999 436 1127 474 nobis,
1172 443 1204 470 et
1229 438 1287 470 dat

311 486 551 520 remissionem
577 492 815 528 peccatorum,
857 487 998 519 exaudit
1032 498 1096 519 nos
1119 487 1288 519 invocan-

312 546 378 576 tes,
406 536 561 569 defendit
585 543 617 568 et
640 543 753 569 servat
775 534 967 569 Ecclesiam
991 549 1109 581 suam,
1146 538 1289 581 depellit

312 588 490 627 diabolos,
533 594 566 619 et
597 586 670 619 eius
699 598 848 629 organa,
891 595 1078 631 tyrannos,
1121 589 1289 621 fanaticos

313 639 455 682 spiritus
473 664 481 677 ,
522 644 554 670 et
593 637 680 669 alios
717 637 867 680 impios,
917 639 1069 682 denique
1109 639 1290 672 resuscitat

312 696 492 727 mortuos,
529 695 560 720 et
587 689 645 720 dat
671 687 776 720 vitain
810 695 985 721 aeternam
1010 689 1068 729 iis,
1102 689 1138 721 in
1162 689 1290 733 quibus

312 740 379 772 side
403 739 438 770 in
468 736 531 770 hac
556 738 624 770 vita
655 738 790 770 incoata
820 745 868 771 est
899 739 1054 778 iusticia,
1091 746 1123 771 et
1149 739 1291 772 coniicit

311 790 348 822 in
367 796 523 822 aeternas
541 799 668 831 poenas
687 799 806 820 omnes
830 789 889 832 qni
914 797 1131 831 perseverant
1151 790 1186 821 in
1206 802 1290 822 con-

313 847 423 874 temtu
447 839 524 873 Dei.
592 837 686 870 llaec
710 839 914 871 admiranda
938 851 1042 881 opera
1067 840 1184 872 omnia
1211 847 1291 874 sunt

312 891 454 924 effectus
492 888 753 922 resurrectionis
773 914 782 928 ,
828 900 915 933 quos
946 890 1013 922 fide
1044 890 1147 922 nobis
1177 891 1292 935 appli-

312 953 390 974 care
412 941 601 981 discamus,
644 940 927 983 quandocunque
959 941 1064 972 corda
1095 953 1175 973 vere
1207 953 1292 974 con—

311 997 462 1025 sternata
479 997 664 1033 conspectu
689 996 908 1033 peccatorum
933 990 1110 1023 luctantur
1123 1003 1201 1024 cum
1221 992 1292 1024 dif-

312 1042 454 1074 fidentia
472 1048 504 1074 et
519 1040 780 1083 desperatione,
806 1040 955 1073 sciamus
974 1048 1154 1075 aeternum
1173 1049 1207 1076 et
1224 1043 1291 1075 im-

312 1092 481 1125 mutabile
498 1093 702 1124 mandatum
718 1089 783 1123 Dei
805 1101 896 1131 esse,
922 1098 960 1125 ut
983 1092 1226 1135 confugiamus
1247 1094 1290 1126 ad

312 1143 423 1175 filium
454 1142 520 1174 Dei
550 1141 816 1181 resuscitatum,
858 1142 1031 1175 sedentem
1066 1145 1110 1175 ad
1133 1144 1290 1177 dextram

311 1193 443 1227 aeterni
472 1192 597 1235 patris,
631 1199 663 1224 et
693 1194 874 1225 credamus
900 1204 964 1225 nos
989 1194 1097 1237 recipi
1125 1201 1157 1228 et
1186 1207 1290 1227 exau-

311 1244 394 1279 diri.
463 1242 545 1276 ldeo
573 1243 778 1282 resurrexit,
813 1249 851 1276 ut
875 1244 1053 1285 exaudiat,
1087 1251 1124 1278 ut
1148 1245 1192 1278 sit
1216 1244 1291 1278 esfi-

313 1306 392 1333 cax,
422 1300 459 1327 ut
486 1294 580 1326 iuvet
606 1291 695 1325 hanc
719 1294 879 1326 miseram
907 1305 1052 1326 massam
1068 1297 1206 1337 generis
1224 1293 1292 1329 liu-

313 1344 426 1384 mani,
453 1356 557 1388 quain
575 1344 641 1375 sibi
659 1344 834 1386 copulavit
852 1350 994 1376 aeterno
1012 1345 1161 1380 foedere.
1210 1345 1291 1379 Non

314 1401 364 1428 est
387 1401 547 1428 mortuus
565 1401 597 1426 et
614 1393 745 1426 otiosus
763 1393 957 1432 Dominus,
985 1401 1023 1428 ut
1040 1395 1175 1438 fingunt
1192 1408 1291 1428 men-

315 1451 364 1478 tes
394 1444 468 1478 sine
493 1445 568 1477 luce
595 1442 799 1486 Evangelii,
833 1445 893 1476 sed
920 1455 1000 1477 vere
1024 1452 1073 1478 est
1099 1446 1292 1489 opitulator

314 1501 346 1528 et
370 1496 540 1535 salvator,
582 1506 662 1527 vere
689 1492 804 1527 adhuc
828 1494 968 1528 clamat:
1012 1495 1138 1530 Venite
1163 1498 1205 1529 ad
1236 1510 1291 1530 me

314 1557 453 1586 omnes,
480 1545 541 1590 qui
558 1545 724 1578 laboratis
743 1552 774 1578 et
791 1546 926 1579 onerati
944 1546 1042 1586 estis,
1070 1553 1102 1579 et
1127 1558 1189 1589 ego
1213 1549 1291 1580 refi-

313 1597 401 1629 ciam
419 1607 490 1629 vos.
545 1594 661 1637 Quam
679 1595 833 1627 difficilis
854 1607 907 1628 res
933 1596 976 1629 sit
996 1596 1032 1628 in
1052 1597 1141 1630 veris
1158 1598 1291 1630 dolori-

314 1647 379 1679 bus
403 1646 551 1679 excitare
582 1643 672 1678 hanc
703 1646 824 1684 fidem,
868 1647 1080 1689 experientia
1110 1655 1291 1689 monstrat,

314 1704 479 1731 ettamen
506 1707 642 1729 necesse
669 1703 719 1729 est
743 1696 829 1729 disci
851 1693 936 1729 haec
959 1697 1171 1737 certamina,
1199 1706 1231 1732 et
1255 1699 1291 1732 in

313 1748 363 1781 eis
388 1747 587 1781 confirmari
612 1747 740 1785 fidem,
782 1746 912 1781 intueri
944 1747 981 1779 in
1009 1748 1119 1780 filium
1146 1747 1211 1782 Dei
1237 1761 1292 1782 re-

313 1798 516 1831 suscitatum
543 1805 575 1831 et
596 1796 787 1830 Ecclesiam
813 1805 1048 1841 praesentem,
1081 1800 1225 1842 perinde
1254 1812 1292 1833 ac

314 1849 342 1881 si
365 1849 476 1882 oculis
500 1848 656 1892 corporis
672 1860 751 1881 eum
770 1859 1009 1889 cerneremus,
1037 1856 1069 1882 et
1085 1850 1292 1884 adiunctum

314 1900 417 1932 nobis
433 1899 752 1943 complecteremur.
808 1898 853 1933 Ut
877 1906 992 1932 autem
1017 1897 1100 1933 haec
1126 1901 1211 1934 fides
1233 1913 1292 1934 ex-

316 1950 415 1983 citari
440 1950 565 1993 possit,
608 1961 745 1982 necesse
775 1956 825 1982 est
854 1950 1051 1983 doctrinam
1078 1952 1220 1994 agnosci
1249 1952 1292 1985 de

315 2000 400 2041 fide,
440 2012 508 2045 qua
538 2000 643 2043 gratis
668 2006 812 2044 propter
832 1997 1014 2034 Chr1stum
1046 2002 1215 2046 accipitur
1237 2014 1292 2035 re-

315 2051 433 2083 missio
449 2058 679 2094 peccatorum.
732 2051 852 2084 Donec
867 2051 959 2083 enim
977 2049 1122 2086 haerent
1138 2053 1173 2085 in
1193 2064 1292 2085 men-

314 2101 409 2134 tibus
435 2100 621 2145 opiniones
647 2113 686 2133 ex
709 2101 782 2144 lege
805 2108 958 2140 sumtae,
992 2114 1063 2135 non
1088 2103 1197 2147 recipi
1217 2114 1293 2143 nos,

316 2163 389 2184 non
421 2152 605 2192 exaudiri,
649 2151 717 2184 nisi
758 2152 840 2185 satis
872 2151 915 2184 sit
945 2152 1177 2193 meritorum,
1218 2165 1291 2186 non

315 2208 427 2246 potest
453 2213 551 2235 mens
574 2201 661 2244 erigi
685 2213 765 2234 vera
789 2201 1044 2244 consolatione,
1075 2210 1109 2237 et
1132 2215 1213 2237 vero
1236 2204 1291 2237 in-

314 2253 453 2287 tellectu
471 2252 722 2286 beneficiorum
746 2252 1023 2286 resurrectionis.

512 2334 649 2371 Stabat
674 2341 793 2371 autem
819 2334 954 2371 ,Elatia
971 2337 1087 2384 foris.

400 2403 591 2450 Praecipue
606 2406 650 2439 de
667 2406 919 2439 resurrectione
937 2403 1021 2439 haec
1036 2405 1289 2440 consideranda

313 2461 405 2488 sunt.
460 2454 617 2489 Primum
637 2457 709 2500 ipsa
734 2455 878 2490 historia
897 2456 1173 2490 resurrectionis.
1224 2456 1289 2491 Se—

313 2506 430 2537 cundo
450 2506 610 2547 effectus,
642 2508 793 2548 scilicet,
818 2509 913 2552 quod
942 2519 1004 2551 per
1025 2505 1206 2540 Christum
1231 2519 1288 2540 re-

310 2555 532 2596 suscitatum,
558 2564 593 2590 et
616 2565 758 2600 propter
774 2570 854 2591 eum
873 2559 1070 2591 redduntur
1095 2557 1230 2591 iusticia
1254 2565 1288 2592 et

311 2606 381 2639 vita
404 2614 564 2646 aeterna,
601 2615 638 2640 ut
661 2609 793 2641 dictum
818 2615 881 2641 est.
951 2607 1075 2641 Tertio
1100 2608 1286 2652 applicatio

311 2668 398 2701 quae
413 2657 449 2691 fit
474 2656 512 2690 in
529 2655 592 2691 hac
607 2658 677 2692 vita
700 2670 762 2703 per
785 2659 906 2699 fidem,
934 2671 1001 2704 qua
1016 2659 1190 2694 credimus
1205 2670 1286 2692 vere

905 94 1028 130 PHIL.
1057 95 1172 132 MEL.
1200 96 1407 134 SCRIPTA
1433 93 1732 133 EXEGETICA.

1341 193 1404 215 nos
1429 182 1535 226 recipi
1559 190 1701 227 propter
1724 182 1818 218 hunc
1841 186 2082 220 resuscitatum
2106 184 2317 227 Dominum,

1340 239 1373 266 et
1391 233 1564 266 credimus
1580 245 1658 266 eum
1675 246 1747 267 esse
1771 235 1948 268 assiduum
1967 237 2227 269 intercessorem
2256 248 2318 280 pro

1340 283 1460 323 nobis,
1488 291 1521 316 et
1546 296 1609 317 nos
1627 284 1740 317 iuvari
1765 287 1808 318 ab
1837 297 1877 318 eo
1901 293 1933 319 et
1956 288 2103 320 defendi.
2170 285 2216 320 Et
2241 299 2319 320 cum

1342 331 1424 366 haec
1444 335 1527 367 tides
1545 335 1588 367 sit
1605 335 1755 369 incoatio
1774 336 1864 369 vitae
1885 344 2040 370 aeternae
2058 338 2093 370 in
2112 337 2232 377 nobis,
2259 349 2320 369 ne-

1341 395 1432 417 cesse
1451 392 1500 418 est
1518 397 1591 417 cain
1612 386 1648 418 in
1665 386 1885 420 invocatione
1905 387 1941 419 in
1968 387 2129 430 periculis
2154 394 2188 422 et
2211 388 2320 422 actio-

1342 436 1446 468 nibus
1469 433 1574 468 huius
1591 436 1682 469 vitae
1697 437 1855 481 quotidie
1871 449 2033 471 crescere.

1431 488 1564 528 Quarto
1584 486 1732 520 illustria
1749 487 1964 528 testimonia,
1989 488 2149 522 videlicet
2163 488 2322 521 omnium

1342 535 1401 581 qni
1419 537 1583 570 viderunt
1599 534 1780 571 Christum
1800 545 1834 572 et
1850 538 1938 571 alios
1955 539 2185 572 resuscitatos.
2239 537 2324 572 Fuit

1342 587 1435 619 enim
1469 588 1652 620 manifesta
1684 595 1718 622 et
1747 588 1948 622 dulcissima
1978 589 2218 628 familiarium,
2260 599 2322 632 per

1344 637 1417 670 dies
1451 637 1500 671 40
1533 636 1664 673 Christi
1707 645 1740 671 et
1776 640 1969 673 multorum
2017 639 2322 682 resuscitatorum,

1343 699 1421 720 cum
1449 688 1562 721 Maria
1585 696 1694 722 matre
1721 686 1872 729 Christi,
1912 689 2110 733 Apostolis,
2153 696 2187 723 et
2216 690 2322 734 quin-

1344 739 1455 780 gentis
1487 739 1663 772 sratribns.
1727 739 1798 773 Nec
1829 740 1902 773 ullo
1931 752 2086 785 unquam
2115 747 2270 784 tempore
2302 751 2322 773 a

1345 789 1518 832 principio
1542 790 1678 833 generis
1710 787 1857 823 humani
1888 796 1983 824 tanta
2005 791 2115 834 gloria
2139 796 2322 834 conspecta

1345 846 1394 872 est
1416 840 1459 872 ab
1483 838 1687 873 hominibus
1711 840 1747 873 in
1774 839 1838 874 hac
1860 853 1963 874 carne
1980 842 2118 875 mortali
2137 837 2251 874 adhuc
2268 840 2322 872 vi-

1347 890 1526 931 ventibus,
1562 897 1729 935 quantam
1751 891 1917 925 viderunt
1941 892 2050 926 sancti
2076 892 2145 925 illis
2169 890 2218 924 40
2247 890 2322 924 die-

1347 939 1421 971 bus.
1473 939 1596 975 Voluit
1622 941 1716 974 enim
1740 953 1801 985 per
1825 949 1875 976 tot
1899 943 1974 975 dies
1999 943 2091 976 inter
2118 954 2198 976 suos
2216 944 2322 980 ficom-

1346 990 1476 1023 morari
1512 998 1546 1025 et
1582 991 1755 1035 conspici,
1797 1000 1853 1026 ut>
1870 993 2163 1026 confirmarentur
2200 1002 2324 1024 eorum

1346 1047 1478 1073 mentes
1495 1042 1538 1074 de
1554 1042 1825 1083 resurrectione,
1852 1054 1891 1076 ac
1913 1049 2007 1076 certo
2030 1048 2224 1077 statuerent
2242 1052 2322 1074 vere

1345 1091 1508 1124 revixisse
1540 1089 1721 1126 Christum
1739 1118 1749 1132 ,
1790 1104 1854 1125 nec
1877 1094 2100 1128 observatum
2125 1104 2196 1126 esse
2218 1091 2324 1125 inane

1345 1148 1518 1184 spectrum
1534 1168 1544 1183 ‚
1582 1154 1682 1185 saepe
1711 1143 1880 1176 assedisse
1907 1149 1999 1177 totos
2025 1144 2099 1176 dies
2123 1144 2214 1187 apud
2241 1141 2323 1175 Ma-

1345 1192 1451 1233 riam,
1480 1194 1608 1236 primas
1623 1193 1700 1226 illas
1716 1199 1910 1234 matronas,
1935 1191 2064 1234 Evam,
2091 1192 2226 1233 saram,
2250 1191 2327 1226 Ra-

1345 1240 1420 1280 hel,
1447 1242 1552 1276 Leam
1569 1250 1604 1277 et
1620 1243 1721 1284 alias,
1747 1250 1782 1277 et
1796 1243 1952 1287 singulas
1968 1245 2011 1276 de
2029 1255 2110 1277 suae
2127 1242 2247 1277 aetatis
2265 1253 2324 1286 pe—

1345 1293 1465 1326 riculis
1483 1301 1515 1327 et
1534 1294 1664 1327 divinis
1680 1294 1952 1328 liberationibus
1977 1294 2109 1328 locutas
2133 1305 2224 1334 esse,
2251 1293 2322 1326 imo

1344 1343 1462 1377 ettiam
1483 1346 1526 1377 de
1545 1345 1618 1377 filio
1638 1344 1703 1378 Dei
1719 1355 1820 1388 saepe
1843 1345 1928 1378 olim
1952 1351 2136 1388 conspecto
2158 1356 2176 1378 a
2202 1343 2324 1388 primis

1345 1394 1569 1436 parentibus,
1596 1401 1628 1427 et
1651 1395 1694 1427 de
1718 1394 1778 1427 illa
1801 1395 1912 1438 gloria
1934 1401 2093 1428 aeternae
2115 1394 2226 1434 vitae,
2254 1404 2322 1438 qua

1346 1444 1413 1476 iam
1437 1455 1471 1476 se
1495 1445 1662 1478 videbant
1689 1445 1835 1478 donatas
1858 1452 1891 1479 et
1913 1452 2053 1478 ornatas
2078 1456 2160 1480 esse.
2212 1443 2323 1486 Saepe

1345 1495 1544 1538 complexae
1568 1501 1650 1528 sunt
1675 1493 1827 1528 Mariam
1858 1502 2026 1540 tanquam
2057 1495 2188 1537 filiam,
2223 1495 2324 1539 eique

1344 1545 1535 1587 gratulatae
1551 1552 1632 1579 sunt
1649 1546 1745 1589 quod
1761 1552 1872 1579 mater
1888 1553 1975 1580 esset
1999 1546 2061 1578 filii
2076 1544 2161 1584 Dei,
2188 1552 2220 1578 et
2245 1555 2324 1587 gra—

1345 1595 1411 1628 tias
1429 1602 1574 1638 egerunt
1591 1596 1686 1640 quod
1703 1595 1740 1627 in
1759 1595 1822 1628 filii
1840 1597 1999 1640 passione
2016 1596 2175 1639 ingentes
2185 1596 2324 1629 dolores

1344 1658 1414 1678 una
1438 1646 1668 1680 sustinuisset.
1721 1644 1786 1680 Est
1810 1646 1917 1689 igitur
1943 1647 2182 1680 testimonium
2206 1656 2324 1678 resur-

1346 1697 1530 1736 rectionis,
1558 1707 1747 1729 consensus
1771 1703 1805 1730 et
1825 1697 2033 1731 asseveratio
2050 1704 2102 1731 tot
2123 1695 2326 1736 hominum,

1346 1747 1406 1791 qui
1434 1744 1488 1779 his
1512 1746 1559 1780 40
1585 1747 1707 1780 diebus
1729 1747 1919 1781 familiares
1950 1748 2094 1781 fuerunt
2119 1744 2260 1781 Christo
2291 1753 2324 1780 et

1345 1797 1423 1831 aliis
1443 1797 1654 1831 resuscitatis
1669 1797 1809 1832 sanctis.
1861 1797 1999 1832 Deinde
2022 1796 2148 1832 horum
2167 1797 2324 1831 testimo-

1345 1848 1444 1881 nium
1462 1849 1689 1881 confirmatur
1704 1848 1872 1882 omnibus
1887 1849 2076 1893 miraculis,
2099 1860 2187 1893 quae
2205 1854 2324 1892 postea

1345 1899 1382 1931 in
1407 1897 1562 1932 Ecclesia
1594 1910 1655 1942 per
1684 1897 1871 1941 Apostoles
1910 1906 1944 1933 et
1973 1900 2060 1932 alios
2099 1905 2201 1932 testes
2234 1899 2323 1931 facta

1346 1957 1438 1984 sunt.
1500 1949 1636 1992 Quinto
1660 1948 1926 1983 considerentur
1949 1949 2040 1983 dicta
2063 1947 2320 1992 Prophetarum

1345 2002 1388 2034 de
1404 1999 1670 2037 resurrectione,
1699 2010 1787 2043 quae
1804 1999 1851 2033 ait
1867 1999 1993 2041 Lucas,
2015 1997 2195 2034 Christum
2213 1999 2250 2032 in
2266 1998 2322 2031 via

1345 2051 1387 2083 ad
1409 2048 1537 2083 Emaus
1554 2060 1743 2083 enarrasse.
1796 2049 1900 2084 Sexto
1917 2051 2156 2084 consideretur
2170 2050 2323 2094 Aposto-

1346 2102 1460 2134 lorum
1488 2100 1692 2140 infirmitas,
1734 2100 1795 2145 qui
1825 2113 1898 2134 non
1924 2101 2038 2134 solum
2063 2107 2144 2135 ante
2167 2111 2323 2134 resurre-

1345 2152 1497 2185 ctionem
1513 2151 1614 2184 valde
1630 2151 1900 2192 dubitaverunt,
1927 2153 1987 2185 sed
2006 2152 2108 2186 etiam
2125 2158 2241 2196 postea
2264 2150 2321 2182 vix

1345 2202 1544 2236 confirmari
1570 2208 1779 2245 potuerunt,
1812 2209 1983 2237 ettamen
2015 2202 2053 2235 in
2083 2200 2147 2235 hac
2171 2201 2322 2234 infirmi-

1346 2260 1415 2287 tate
1437 2264 1510 2286 non
1535 2252 1809 2293 abiiciebantur,
1843 2253 1925 2298 quia
1951 2252 2146 2286 doctrinam
2169 2259 2202 2285 et
2225 2251 2322 2285 testi-

1345 2304 1464 2337 monia
1488 2303 1589 2337 avide
1621 2303 1825 2338 audiebant.
1889 2302 1967 2336 Hoc
1992 2302 2189 2346 exemplum
2220 2313 2322 2346 saepe

1345 2355 1564 2399 multumque
1596 2353 1807 2397 cogitemus,
1847 2365 1926 2387 cum
1951 2360 2107 2387 nostram
2135 2353 2322 2387 infirmita-

1343 2412 1412 2439 tem
1434 2405 1632 2443 intuemur,
1666 2411 1699 2438 et
1719 2416 1860 2448 agamus
1875 2402 1948 2437 Deo
1972 2404 2120 2448 gratias,
2148 2404 2242 2448 quod
2264 2416 2321 2437 re-

1343 2456 1427 2500 cipit
1451 2455 1621 2489 infirmos.
1678 2454 1748 2489 Sed
1771 2455 1920 2489 sciamus
1944 2454 2047 2488 etiam
2072 2462 2234 2499 oportere
2256 2465 2321 2488 nos

1342 2507 1472 2539 dociles
1493 2517 1584 2546 esse,
1610 2505 1733 2539 audire
1759 2513 1793 2538 et
1816 2505 1979 2538 meditari
2001 2504 2253 2548 Evangelium,
2285 2511 2319 2538 et

1342 2557 1377 2589 in
1395 2556 1677 2590 verisexercitiis
1693 2555 1799 2597 magis
1822 2555 1999 2600 magisque
2021 2557 2182 2589 accedere
2204 2555 2320 2590 fidem.

1340 2607 1435 2640 Haec
1456 2619 1514 2641 sex
1537 2607 1650 2650 capita
1681 2606 1835 2639 breviter
1865 2606 2041 2646 recensui,
2075 2613 2114 2640 ut
2139 2605 2317 2650 praecipui

1340 2658 1406 2692 loci
1425 2657 1606 2692 doctrinae
1621 2658 1664 2690 de
1683 2656 1935 2691 resurrectione
1951 2657 2060 2701 magis
2078 2656 2114 2691 in
2129 2662 2317 2701 conspectu

2251 99 2324 135 424
2368 125 2369 133 ,
