2415 2942
217 90 308 125 1307
821 77 946 113 PlllL.
975 76 1090 113 MEL.
1118 74 1327 110 SCRIPTA
1355 74 1654 111 EXEGETICA.
2161 75 2256 112 1308

219 175 447 213 beneficium,
475 170 569 216 quod
593 166 793 202 obedientia
815 165 1016 208 imperfecta
1036 161 1112 197 Deo
1131 163 1206 206 pla·
1263 163 1375 198 tibus:
1404 164 1465 197 sed
1485 163 1523 196 in
1548 161 1614 197 hac
1637 163 1708 197 vita
1734 162 1880 199 haerent
1902 165 1939 198 in
1964 166 2068 199 nobis
2090 165 2258 210 reliquiae

220 236 282 262 cet.
332 225 402 259 'Nec
429 223 522 255 enim
549 219 707 254 concedit
732 215 966 260 Evangelium
991 220 1206 248 contemtum
1260 214 1405 259 peccati,
1432 226 1544 253 mors,
1572 222 1605 248 et
1624 215 1755 248 multae
1773 216 1998 250 calamitates.
2033 216 2131 250 Sicut
2152 217 2259 260 igitur

221 279 285 313 Dei
304 284 422 310 contra
441 271 709 309 conscientiam,
737 269 816 302 ideo
840 267 988 306 dicitur,
1016 262 1207 299 Manb.5.:
1263 272 1407 298 manent
1424 278 1519 299 mors
1545 273 1578 299 et
1598 265 1687 299 aliae
1708 278 1860 310 poenae,
1890 267 1935 300 ita
1966 274 2082 300 manet
2108 268 2162 301 lex
2187 279 2257 312 quo

223 330 298 364 'Nisi
318 326 454 360 iusticia
472 330 585 357 vestra
602 321 745 355 excellet
770 331 874 364 supra
893 318 1064 351 iusticiam
1082 313 1208 349 Phari·
1265 318 1306 350 ad
1329 316 1495 360 reliquias
1521 317 1666 361 peccati:
1695 329 1777 349 nam
1804 315 1888 350 haec
1912 318 2032 350 omnia
2057 318 2162 351 simul
2193 329 2258 351 „03

223 390 410 418 saeorum,
455 387 527 408 non
559 372 737 406 intrabitis
767 371 804 404 in
839 381 986 413 regnum
1018 368 1210 401 coelorum.
1267 374 1451 408 accusant,
1498 367 1573 409 lex,
1617 379 1711 401 mors
1747 375 1781 401 et
1816 369 1904 401 aliae
1939 380 2084 412 poenae·
2150 368 2258 402 Pulso

228 432 327 464 ltem:
365 428 443 462 Non
463 426 542 458 veni
563 424 699 458 solvere
718 423 845 465 legem,
873 421 931 454 sed
953 420 1112 463 implere.
1165 415 1211 450 Et
1262 417 1394 452 Davidi
1413 430 1472 451 sua
1493 419 1672 453 calamitas
1691 426 1741 451 est
1758 432 1825 452 vox
1850 420 1955 461 legis,
1979 421 2037 452 sed
2058 419 2104 452 ita
2116 420 2154 453 fit
2171 419 2260 452 liber

227 481 349 525 implet
377 480 468 523 ipse,
496 484 532 510 ut
552 475 656 508 simul
677 474 714 506 in
737 473 842 506 nobis
866 472 1048 509 restituat,
1076 476 1113 503 ut
1134 467 1211 502 Ro-
1264 483 1281 502 a
1310 470 1384 511 lnge
1407 476 1438 502 et
1463 482 1481 503 a
1502 477 1633 510 morte,
1662 470 1746 515 quia
1772 471 1839 503 fide
1858 471 2042 505 eluctatur.
2079 470 2137 504 Sic
2153 470 2262 514 igitur

225 546 290 566 ma.
308 532 342 564 8.
358 530 502 563 dicitur:
530 526 584 561 De
602 532 740 570 peccato
756 523 935 558 damnavit
957 529 1133 566 peccatum
1148 546 1156 559 ‚
1174 525 1213 551 ut
1265 521 1378 559 iusto,
1407 527 1580 564 quatenus
1608 528 1659 554 est
1684 521 1817 561 iustus,
1847 521 1879 554 id
1905 529 1973 561 est,
2002 528 2175 565 quatenus
2190 520 2262 554 fide

228 583 363 616 iusticia
387 580 472 623 legis
497 578 686 623 impleatur
708 576 744 609 in
766 575 890 614 nobis,
922 585 994 606 non
1019 572 1212 605 secundnm
1266 571 1395 611 vincit,
1423 584 1496 604 non
1523 579 1573 605 est
1593 572 1646 605 lex
1668 573 1797 615 posita,
1833 584 1903 605 non
1931 574 2142 605 condemnat
2168 583 2261 606 cum.

227 645 365 668 carnem
393 629 667 665 ambulantibus.
720 626 826 666 Item,
854 624 980 659 Roma.
999 623 1051 658 3.:
1085 622 1212 664 Legem
1268 622 1368 655 Hanc
1386 624 1582 656 doctrinam
1599 624 1642 655 de
1659 623 1871 655 liberatione
1889 636 1905 655 a
1926 624 2019 666 lege,
2035 629 2067 656 et
2084 624 2126 655 de
2142 623 2264 656 usibus

227 684 426 719 stabilimus
450 693 512 726 per
535 681 660 720 fidem,
695 679 730 711 id
757 685 823 714 est,
860 676 939 708 ideo
963 674 1156 719 recipimur
1182 678 1216 704 et
1267 674 1351 715 legis
1371 674 1525 707 breviter
1543 671 1600 707 hic
1617 674 1817 715 recitatam,
1846 674 1930 707 alibi
1958 674 2133 718 copiosius
2158 685 2264 718 expo-

229 746 463 773 renownnur,
490 739 530 766 ut
555 731 624 763 iam
651 730 711 763 fiat
733 729 787 761 lex
812 734 844 760 et
867 727 1010 770 placeat.
1267 725 1374 758 sitam
1407 725 1561 768 relegite.

319 785 415 819 Haec
432 782 603 817 sententia
621 792 721 825 saepe
740 779 886 820 repetita
905 784 955 809 est
974 777 1052 809 aliis
1069 773 1215 808 crassio-
1607 805 1614 813 Ι
1681 805 1687 813 Ι
1980 806 1984 814 Ι

230 839 328 872 ribus
344 835 466 869 formis
482 832 672 878 loquendi,
701 831 733 865 1.
750 825 913 863 Corinth.
932 828 979 863 6.:
1010 826 1063 861 Ne
1082 824 1219 864 erretis,
1535 803 1639 853 Qum
1672 819 1883 852 mgnm‘ans
1904 807 1995 855 fffl-'l-

232 894 458 924 scortatores,
504 884 694 922 idolatrae,
736 879 886 913 adulteri
914 887 976 913 etc.
1012 890 1084 910 non
1109 875 1220 920 possi·
1372 874 1549 909 Discernit
1574 882 1829 920 persecutores,
1858 884 1896 910 ut
1923 875 2049 911 Roma.
2080 875 2137 911 10,
2155 883 2187 910 et
2210 876 2266 912 11,

232 940 367 974 debunt
385 948 531 980 regnum
549 933 627 968 Dei.
680 931 726 966 Et
749 930 998 967 1.loanni53.:
1026 928 1138 962 Nemo
1158 928 1219 960 de·
1244 961 1246 968 ,
1272 927 1382 972 aliqui
1420 933 1694 967 convertuntur,
1738 927 1846 972 aliqui
1886 939 1957 960 non
1994 934 2266 963 convertuntur.

232 990 337 1035 cipiat
360 999 438 1026 vos,
481 986 541 1031 qui
566 985 646 1018 facit
675 990 870 1026 peccatum,
913 993 951 1014 ex
978 979 1121 1013 diabolo
1157 984 1220 1010 est.
1244 970 1247 1021 ¹,
1273 979 1325 1012 De
1349 976 1414 1011 hoc
1436 977 1640 1010 discrimine
1664 985 1697 1011 et
1723 976 1895 1011 Matthaei
1925 979 1981 1012 12.
2007 978 2157 1012 dicitur:
2194 977 2268 1021 Qui

232 1041 279 1076 Et
296 1040 409 1074 Roma
431 1039 480 1073 8.:
508 1036 694 1070 Debitorcs
712 1044 850 1071 sumus,
878 1039 916 1064 ut
935 1043 1007 1064 non
1027 1030 1221 1063 secundum
1246 1034 1249 1096 1,
1275 1029 1403 1063 dixerit
1420 1040 1618 1061 sermonem
1635 1035 1756 1061 contra
1775 1029 1888 1061 filium
1911 1026 2086 1069 hominis,
2111 1029 2269 1062 remitte·

233 1103 374 1125 carnem
397 1088 627 1122 ambulemus.
680 1085 751 1118 Nec
774 1084 931 1117 debitum
957 1082 1128 1125 siguificat
1145 1079 1222 1112 vio·
1247 1105 1249 1110 s
1274 1088 1332 1114 tur
1360 1080 1413 1120 ei,
1449 1078 1520 1121 Qui
1547 1085 1664 1112 autem
1688 1080 1817 1113 dixerit
1844 1086 1965 1113 contra
1989 1079 2162 1122 Spiritum
2186 1091 2269 1113 san-

233 1142 399 1181 lenfiam,
436 1140 497 1172 sed
528 1138 714 1170 immotum
744 1135 924 1173 ordinem,
968 1145 1037 1178 quo
1065 1137 1223 1165 creatura
1248 1160 1250 1174 ,
1277 1138 1391 1172 ctum,
1420 1142 1493 1162 non
1518 1130 1720 1164 remittetur
1740 1131 1790 1172 ei,
1818 1142 1932 1175 neque
1954 1131 1990 1163 in
2010 1129 2074 1164 hac
2093 1142 2207 1176 neque
2231 1130 2269 1163 in

235 1192 420 1227 rationalis
441 1189 587 1223 creatori
614 1188 768 1220 subiecta
795 1193 854 1219 est.
894 1183 936 1218 Et
954 1182 1021 1217 hoc
1039 1184 1153 1226 ipsum
1174 1187 1225 1214 est
1248 1175 1251 1218 l,
1277 1184 1396 1216 futura
1420 1182 1502 1214 vita·
1554 1180 1623 1215 Hic
1649 1182 1758 1215 multa
1785 1183 2011 1224 disputantur
2035 1183 2079 1214 de
2105 1179 2270 1226 blasphe-

235 1244 414 1281 debitum,
442 1249 479 1275 ut
495 1238 696 1273 obedientia
713 1238 755 1271 sit
775 1243 979 1279 spontanea.
1033 1234 1079 1267 Et
1095 1230 1223 1266 zacha.
1249 1222 1252 1290 ι
1278 1235 1347 1267 mia
1370 1245 1427 1265 seu
1448 1233 1490 1265 de
1509 1239 1650 1276 peccato
1670 1232 1915 1266 irremissibili.
1951 1232 2024 1267 Nos
2042 1233 2139 1276 prius
2151 1239 2271 1266 tenea-

237 1297 269 1329 8.
290 1294 436 1328 dicitur:
465 1291 659 1324 Veritatem
685 1296 718 1322 et
749 1287 920 1321 iudicium
953 1285 1045 1330 pacis
1072 1285 1224 1317 iudicate
1250 1301 1252 1333 ἒ
1279 1296 1355 1318 mus
1381 1282 1471 1316 lianc
1495 1284 1672 1326 regulam,
1718 1283 1929 1317 Mandatum
1965 1285 2008 1317 de
2040 1283 2272 1317 conversione

236 1348 272 1380 in
291 1344 400 1390 portis
423 1342 566 1381 vestris,
599 1347 631 1373 et
655 1340 787 1372 malum
812 1345 932 1370 contra
953 1337 1132 1381 proximos
1152 1346 1226 1366 non
1280 1335 1438 1369 sineulla
1456 1335 1678 1368 dubitatione
1693 1335 1893 1369 universale
1913 1342 1976 1376 est,
1990 1335 2039 1368 sic
2054 1342 2088 1369 et
2103 1335 2179 1368 sine
2197 1335 2269 1368 ulla

244 1397 410 1439 cogitate,
453 1401 485 1427 et
518 1393 754 1425 iuramentum
792 1390 940 1421 mendax
974 1399 1018 1419 ne
1054 1385 1227 1427 diligatis:
1280 1386 1503 1420 dubitatione
1544 1386 1730 1429 promissio
1768 1385 1914 1420 Gratiae
1956 1386 2166 1419 universalis
2210 1392 2273 1427 est,

237 1447 354 1481 omnia
380 1445 472 1477 enim
499 1441 583 1476 haec
608 1450 687 1474 sunt
710 1452 798 1485 quae
822 1440 904 1478 odi,
933 1438 1017 1470 dicit
1040 1436 1229 1470 Dominus,
1281 1439 1366 1470 sicut
1387 1436 1562 1469 Dominus
1585 1437 1718 1480 inquit:
1747 1436 1875 1469 Venite
1897 1438 1938 1469 ad
1966 1450 2018 1469 me
2041 1448 2181 1476 omnes,
2209 1437 2271 1480 qui

238 1499 346 1537 Item,
387 1495 513 1529 Psalm.
537 1494 588 1528 5.:
636 1492 717 1525 Non
759 1490 854 1525 Deus
896 1489 1018 1522 volens
1062 1487 1226 1531 impieta-
1254 1517 1255 1536 ,
1282 1488 1450 1521 laboratis
1468 1494 1499 1520 et
1517 1488 1651 1520 onerati
1671 1487 1760 1520 estis.
1797 1487 1843 1521 Et
1864 1485 2039 1520 horrenda
2057 1488 2270 1520 contumelia

240 1558 308 1583 tem
337 1555 373 1580 tu
400 1557 444 1579 es.
1254 1577 1256 1588 4
1284 1547 1330 1573 est
1358 1540 1525 1571 adversus
1548 1539 1658 1570 filium
1677 1537 1762 1579 Dei,
1797 1539 1948 1580 cogitare
1969 1551 2114 1581 regnum
2139 1539 2273 1571 diaboli

341 1597 465 1632 'Manet
483 1596 590 1638 igitur
614 1593 674 1626 illa
699 1592 862 1624 volumtas
887 1591 924 1623 in
947 1588 1021 1622 Deo
1038 1596 1178 1622 aeterna
1197 1594 1229 1620 et
1283 1590 1461 1633 patentius
1483 1601 1554 1621 esse
1579 1587 1740 1629 Christo,
1787 1602 1865 1621 cum
1891 1590 2035 1634 quidem
2060 1589 2196 1622 dictum
2228 1589 2273 1623 sit

239 1652 403 1688 immota,
431 1659 519 1692 quae
539 1644 703 1678 discernit
725 1644 817 1675 bon*
837 1649 867 1674 et
887 1641 996 1678 mala,
1023 1647 1054 1673 et
1074 1640 1148 1672 vult
1168 1640 1230 1670 bo—
1285 1640 1412 1675 Roma.
1436 1641 1488 1675 5.:
1525 1638 1648 1672 Gratia
1674 1640 1840 1673 exuberat
1862 1652 1967 1684 supra
1993 1647 2183 1683 peccatum.
2228 1639 2273 1674 Et

240 1715 304 1740 na,
348 1707 381 1734 et
402 1699 477 1732 vult
507 1695 744 1731 obedienti-tm
772 1699 949 1726 creaturae
981 1696 1230 1734 congruentem
1256 1692 1257 1695 ’
1283 1691 1414 1725 sancita
1432 1691 1475 1723 sit
1493 1690 1678 1733 promissio
1694 1690 1944 1731 iureiurando,
1974 1691 2065 1724 Vivo
2078 1702 2158 1734 ego,
2186 1691 2271 1724 nolo

239 1765 321 1787 suae
341 1749 536 1787 voluntati,
563 1754 594 1780 et
620 1746 827 1789 patefactam
851 1755 912 1788 per
930 1742 1062 1779 filium,
1091 1743 1133 1774 de
1161 1753 1231 1784 quo
1284 1750 1432 1776 mortem
1462 1742 1670 1784 peccatoris,
1706 1749 1769 1777 etc.
1823 1740 2076 1785 Confugiamns
2097 1742 2205 1783 igitur
2229 1743 2272 1775 ad

241 1804 395 1843 dicitur,
438 1797 565 1834 Matth.
595 1796 668 1832 17.:
712 1795 818 1828 Hunc
844 1794 972 1827 audite.
1027 1792 1109 1826 Ideo
1136 1800 1169 1825 et
1193 1791 1229 1823 in
1256 1809 1257 1826 1
1284 1794 1396 1827 filium
1425 1792 1509 1833 Dei,
1549 1799 1580 1825 et
1606 1798 1840 1826 sustentemus
1864 1805 1928 1826 nos
1952 1793 2205 1838 promissione,
2240 1800 2273 1827 et

240 1856 439 1889 iuramento
464 1851 611 1889 dicitur,
646 1844 773 1881 Ezech.
799 1846 875 1880 33.:
916 1844 1007 1877 Vivo
1032 1856 1113 1887 egn,
1148 1843 1232 1875 nolo
1284 1856 1519 1890 repugnemus
1546 1843 1772 1878 dubitationi.

242 1912 389 1939 mortem
416 1900 621 1948 peccatoris,
663 1899 720 1931 sed
746 1904 785 1930 ut
810 1902 1036 1930 convertatur
1063 1904 1096 1928 et
1125 1895 1231 1927 vivat.
1255 1828 1259 1968 ἦ
1384 1895 1478 1929 Haec
1502 1901 1584 1928 sunt
1609 1895 1773 1927 mandata
1797 1895 1987 1934 divinitus,
2023 1902 2056 1929 et
2079 1896 2165 1929 tales
2193 1907 2274 1929 sen-

244 1955 444 2000 Utrumque
463 1952 555 1986 enim
575 1949 818 1994 complectitur
834 1947 1082 1980 Iusiurandum
1096 1973 1104 1985 ‚
1132 1956 1232 1977 man·
1284 1948 1372 1982 tient
1394 1946 1669 1980 consolationem
1688 1953 1720 1979 et
1739 1947 1965 1990 recipientur.
1999 1946 2050 1980 Ita
2074 1947 2271 1981 iudicemus

243 2009 362 2041 datum
389 2007 431 2039 de
463 2002 709 2040 conversione,
753 2007 784 2033 et
812 1998 1080 2043 promissionem
1108 2008 1230 2029 recon·
1284 2011 1301 2032 a
1320 1999 1529 2041 posteriore,
1563 1994 1627 2029 hos
1645 2009 1717 2029 non
1735 1994 1900 2030 habuisse
1921 2004 2098 2040 peccatum
2116 1997 2272 2030 irremis-

243 2057 445 2091 ciliationis.
500 2052 554 2087 Ex
576 2050 631 2085 his
648 2051 812 2084 omnibus
837 2048 988 2090 intelligi
1011 2054 1122 2092 potest
1140 2053 1232 2080 recte
1256 1969 1259 2127 Ι
1284 2050 1397 2085 sibile.
1434 2048 1492 2083 Sic
1515 2055 1671 2081 servatus
1690 2054 1739 2081 est
1756 2047 1886 2081 Paulus
1906 2055 1937 2081 et
1953 2049 2010 2081 alii
2033 2049 2134 2082 multi
2157 2061 2273 2092 perse-

242 2109 331 2148 dici,
360 2105 618 2142 obedientiam,
646 2114 735 2148 quae
758 2102 920 2134 issC0³il¹r
944 2100 1032 2137 fide,
1061 2106 1093 2131 el
1119 2098 1231 2131 subii·
1284 2108 1436 2135 cutores:
1466 2107 1498 2133 et
1524 2100 1665 2143 quidem
1686 2098 1816 2132 Paulus
1838 2100 1974 2143 inquit,
2002 2112 2099 2133 suam
2125 2112 2273 2132 conver-

244 2161 289 2194 cit
308 2171 373 2193 nos
390 2156 564 2191 voluntati
581 2154 671 2193 Dei,
700 2165 804 2198 quam
830 2152 883 2184 lex
911 2150 1082 2189 ostendit,
1111 2160 1231 2181 neces·
1285 2153 1418 2185 sionem
1455 2150 1649 2193 exemplum
1680 2157 1711 2182 et
1744 2151 1984 2183 testimonium
2014 2163 2085 2183 esse
2114 2151 2273 2193 regulae,

245 2211 376 2244 sarium
400 2221 485 2243 esse.
1285 2204 1378 2249 quod
1403 2202 1497 2236 Deus
1522 2213 1601 2234 vere
1621 2202 1704 2234 velit
1734 2200 1854 2234 Gratis
1880 2209 2023 2246 propter
2046 2202 2156 2234 filium
2184 2202 2272 2234 reci-

345 2260 509 2295 Secundo
534 2263 651 2290 manet
667 2256 721 2289 lex
739 2254 888 2292 renatis,
916 2252 1009 2296 quod
1031 2252 1070 2283 ad
1102 2251 1231 2283 (iffl‘iri-
1285 2266 1368 2299 pere
1395 2260 1592 2297 peccatores
1616 2252 1857 2293 confugientes
1877 2254 1919 2285 ad
1946 2253 2069 2288 filium.
2112 2252 2171 2286 Sic
2198 2264 2272 2285 ser-

244 2324 325 2345 nam
342 2312 485 2354 attinet,
511 2310 593 2354 quia
611 2314 749 2351 oportet
766 2316 824 2338 eos
843 2303 973 2336 habere
991 2301 1232 2334 testimonium
1286 2306 1354 2338 vati
1381 2311 1462 2338 sunt
1492 2304 1615 2337 Aaron
1644 2310 1676 2336 et
1705 2302 1850 2345 Petrus,
1893 2315 2095 2349 quanquam
2126 2304 2273 2336 scientes

245 2374 443 2407 expressum
458 2389 465 2402 ,
494 2360 552 2405 qui
570 2359 684 2392 cultus
702 2356 775 2390 Deo
795 2356 973 2398 placeant,
1003 2355 1081 2385 ideo
1101 2353 1233 2385 dictum
1287 2356 1375 2401 lapsi
1399 2363 1491 2388 sunt.

247 2422 295 2446 est
317 2414 358 2445 ad
388 2409 637 2448 Timotheum,
678 2409 712 2443 2,
732 2403 879 2440 Timotl)
902 2406 936 2439 3.
964 2405 1093 2448 capite:
1139 2403 1234 2436 Scri·
1387 2406 1518 2440 Contra
1539 2418 1620 2438 vero
1640 2406 1739 2439 multi
1764 2413 2001 2450 persecutores
2023 2413 2166 2448 pere-,int
2188 2403 2271 2438 hor-

248 2472 349 2509 ptura
367 2463 537 2495 dix-initus
556 2460 724 2503 inspirata
744 2458 841 2491 utilis
859 2464 906 2488 est
926 2457 966 2487 ad
988 2456 1199 2488 docendum.
1287 2458 1383 2492 sibili
1405 2458 1486 2491 odio
1505 2457 1586 2492 Dvi,
1614 2464 1647 2489 ιη
1661 2456 1781 2496 Iudas,
1809 2459 1851 2490 de
1868 2454 1922 2489 his
1937 2470 1952 2487 a
1973 2458 2154 2498 pusii-rimi
2178 2457 2271 2489 insti-

349 2513 472 2546 Tertio
505 2512 668 2544 liberatio
695 2522 712 2542 a
736 2510 810 2551 lege
845 2507 973 2540 clarius
1007 2506 1237 2547 intelligitur,
1288 2509 1358 2543 cari
1379 2516 1510 2552 potest,
1539 2505 1702 2540 habuisse
1726 2520 1784 2541 eos
1808 2515 1984 2551 peccatum
2013 2508 2268 2540 irremissibile:

253 2578 330 2599 cum
348 2565 531 2597 intuemur
550 2562 719 2603 integram
739 2559 1008 2597 liberationem,
1034 2557 1148 2600 qualis
1172 2557 1238 2589 ΘΓῘῑ
1288 2561 1345 2593 sed
1377 2561 1482 2592 iidem
1510 2560 1655 2591 scientes
1688 2565 1720 2591 et
1751 2560 1908 2592 volentes
1943 2565 2207 2600 pt'l'ss'v:⁴l'}*.1'ttlll
2234 2559 2270 2590 in

253 2617 287 2649 in
308 2616 411 2648 nobis
428 2615 465 2647 in
482 2614 552 2645 vita
571 2619 728 2651 aeterna,
760 2610 822 2643 ubi
840 2610 877 2642 in
902 2609 980 2642 luce
1003 2609 1122 2640 divina
1142 2607 1236 2639 vive·
1289 2611 1352 2644 illo
1375 2609 1541 2644 horribili
1567 2609 1651 2642 odio
1676 2610 1840 2642 adversus
1859 2609 1992 2648 Deum,
2021 2621 2083 2641 nec
2107 2610 2272 2650 confuge-

252 2679 328 2700 mus
346 2668 420 2700 sine
439 2671 597 2710 peccato,
620 2663 693 2696 sine
719 2667 849 2699 morie,
877 2660 951 2692 Sine
967 2659 1044 2693 aliis
1060 2658 1237 2692 calamita·
1288 2668 1372 2695 runt
1398 2663 1441 2695 ad
1469 2661 1579 2693 filium
1603 2659 1680 2695 Dei.
1739 2660 1811 2694 Nec
1834 2660 2000 2693 subtilius
2025 2672 2230 2705 quaeramus
2256 2673 2274 2694 a
