2415 2942
131 61 228 98 1025

128 145 307 182 Pharisaei
334 147 378 180 de
410 146 482 180 suis
513 147 692 181 sacrificiis
718 154 750 182 et
781 147 909 182 ritibus
939 147 1111 193 imagina—

126 199 267 232 bantur.

191 269 193 271 >
225 248 410 290 Secundo,
437 248 655 291 extinguitur
669 249 729 282 lux
751 249 795 282 de
811 249 1015 283 discrimine
1032 262 1110 283 um-

124 301 265 333 brarum
299 306 522 333 externarum
558 307 590 333 et
622 300 789 333 novitatis
828 300 990 344 spiritus,
1041 314 1108 345 qua

123 350 282 383 conversi
310 351 351 382 ad
373 348 486 383 Deum
511 349 715 383 efficiuntur
739 351 868 396 templa
888 349 963 386 Dei.
1018 351 1106 384 Cum

123 408 237 434 autem
254 401 392 444 obrepit
410 400 552 443 opinio,
580 400 670 434 ritus
694 401 923 439 monasticos,
956 403 1106 435 coeliba-

123 458 198 484 tum
221 479 229 492 ‚
256 452 372 494 fugam
400 451 561 484 laborum
589 451 830 484 communium
859 451 895 484 in
923 452 992 485 vita
1014 453 1105 497 poli-

121 502 208 542 tica,
236 501 423 535 dicrimina
439 502 616 539 ciborum,
645 512 716 534 esse
742 502 857 536 cultus
881 502 944 536 Dei
974 510 1005 537 et
1026 516 1107 548 per-

119 552 325 595 sectionem,
370 553 605 585 obscurantur
627 552 698 584 veri
724 553 856 592 cultus,
891 554 950 598 qui
976 555 1103 588 debent

121 614 194 635 esse
220 603 256 635 in
281 603 404 641 corde,
454 603 578 644 timor,
629 603 734 641 fides,
777 604 964 647 patientia,
1006 616 1103 649 spes,

119 653 259 687 castitas
280 653 493 695 coniugalis,
529 659 563 685 et
580 652 638 685 alii
657 653 789 687 fructus
805 654 962 696 spiritus.

221 703 364 742 Tertio,
382 704 517 736 deletur
531 703 689 736 doctrina
708 705 750 737 de
767 705 996 739 distinctione
1016 717 1099 748 ope-

116 765 216 792 rum,
266 766 344 787 cum
369 753 598 787 Ceremoniae
622 755 868 788 anteferuntur
892 756 1059 798 operibus
1083 769 1099 788 a

115 803 189 837 Deo
217 805 410 842 mandatis,
445 812 483 837 ut
502 802 666 837 monachi
693 806 934 847 praetulerunt
951 818 1032 840 suos
1051 807 1099 839 ri-

113 862 169 887 tus
193 855 357 897 coniugio
381 861 414 887 et
437 854 563 887 officiis
589 855 752 898 politicis.

216 904 373 948 Quarto,
408 905 546 949 obrepit
569 906 692 949 opinio
725 905 969 948 Necessitatis,
1010 919 1098 952 qnae

115 962 164 989 est
197 956 391 1000 periculosa
425 956 626 989 carnificina
661 958 977 999 conscientiarum,
1021 971 1099 991 cum

118 1007 210 1039 enim
241 1007 440 1040 observatio
474 1004 711 1040 humanorum
746 1008 878 1041 rituum
908 1009 1100 1042 necessaria

116 1069 187 1090 esse
215 1064 358 1101 putatur
374 1085 383 1098 ,
423 1065 559 1091 mentes
581 1065 768 1101 occupatae
794 1056 857 1092 hac
882 1066 977 1093 tanta
1001 1072 1101 1100 cura,

117 1108 362 1152 impediuntur
382 1109 418 1140 in
435 1109 513 1141 aliis
531 1109 734 1143 necessariis
751 1110 876 1149 rebus,
903 1122 966 1144 nec
982 1117 1098 1144 tamen

115 1170 235 1192 omnes
264 1160 353 1192 ritus
377 1170 514 1203 semper
537 1160 737 1194 observant.
789 1158 836 1194 Et
859 1173 937 1194 cum
964 1161 1101 1204 fingunt

115 1221 188 1243 esse
214 1217 373 1254 peccata,
417 1209 610 1254 impeditur
640 1210 835 1252 invocatio,
877 1211 1007 1244 deinde
1033 1210 1099 1245 hoc

115 1260 228 1302 ipsum
256 1267 306 1294 est
330 1267 531 1304 peccatum,
559 1261 758 1294 existimare
778 1263 872 1306 quod
893 1262 975 1296 talia
994 1274 1099 1306 opera

112 1311 181 1344 sint
200 1311 315 1344 cultus
333 1310 416 1351 Dei,
444 1318 475 1344 et
496 1312 590 1356 quod
607 1312 750 1344 omissio
769 1313 814 1345 sit
831 1319 1024 1356 peccatum.

214 1361 368 1403 Quinto,
395 1361 517 1405 opinio
542 1362 757 1395 necessitatis
775 1362 887 1405 gignit
905 1362 1098 1396 discordias

110 1412 345 1453 insanabiles,
372 1412 463 1445 sicut
487 1411 572 1445 olim
598 1412 641 1445 de
662 1410 833 1447 Paschate
856 1414 1001 1447 fuerunt
1026 1414 1098 1446 dis-

109 1463 300 1497 sensiones.

212 1513 317 1547 Sexto
337 1539 347 1553 ‚
397 1513 485 1546 falso
519 1512 692 1546 tribuitur
722 1511 909 1557 Episcopis
947 1520 1098 1557 potestas

109 1564 286 1597 condendi
316 1563 545 1601 traditiones,
589 1574 669 1596 cum
700 1564 869 1607 opinione
902 1565 1018 1597 cultus
1040 1572 1100 1599 aut

108 1613 340 1655 necessitatis,
374 1613 511 1658 quoties
538 1614 721 1656 ignoratur
741 1625 846 1647 verus
877 1626 964 1648 usus
988 1615 1099 1649 tradi-

109 1666 257 1699 tionum.

207 1714 298 1749 Cum
319 1714 426 1758 igitur
444 1725 543 1747 error
560 1714 604 1747 de
621 1712 897 1748 Traditionibus
913 1717 1023 1750 multa
1042 1716 1099 1749 in-

107 1767 292 1801 commoda
324 1765 454 1809 pariat,
495 1776 634 1798 necesse
660 1772 711 1799 est
736 1765 774 1798 in
799 1764 956 1800 Ecclesia
983 1775 1099 1801 extare

109 1817 306 1851 doctrinam
325 1817 368 1850 de
387 1827 452 1850 usu
476 1827 596 1849 earum
621 1822 713 1850 recte
739 1816 946 1860 explicatam
965 1826 998 1853 et
1016 1830 1098 1863 per-

107 1869 274 1913 spicuam.

211 1918 371 1952 Primum
395 1923 510 1950 autem
530 1922 613 1950 nota
631 1915 675 1950 sit
693 1916 853 1951 doctrina
877 1919 920 1952 de
936 1919 1096 1953 libertate

111 1967 332 2009 Christiana,
365 1968 408 2001 de
427 1979 492 2012 qua
512 1967 656 2007 usitate,
690 1969 840 2001 docendi
859 1981 981 2010 causa,
1007 1982 1096 2015 qua·

109 2028 190 2055 tuor
215 2020 343 2062 gradus
373 2019 411 2050 in
436 2017 500 2051 hac
525 2018 596 2051 vita
622 2018 783 2052 facimus.

212 2069 352 2103 Primus
368 2075 417 2102 est
439 2069 600 2103 liberatio
617 2080 635 2101 a
650 2076 792 2112 peccato
815 2076 848 2103 et
873 2070 925 2103 ira
953 2069 1037 2111 Dei,
1065 2077 1097 2104 et

110 2121 338 2155 damnatione
361 2126 499 2153 aeterna
525 2126 668 2164 propter
690 2120 942 2161 mediatorem,
970 2121 1096 2155 videli-

109 2179 161 2206 eet
196 2170 372 2206 Remissio
416 2177 637 2214 peccatorum
675 2177 708 2204 et
738 2171 1005 2213 reconciliatio,
1058 2184 1096 2205 ac

107 2222 307 2257 iustificatio
336 2233 397 2255 seu
424 2221 610 2266 imputatio
637 2221 794 2255 iusticiae
825 2223 976 2266 gratuita
1012 2234 1096 2267 pro-

108 2281 185 2319 pter
211 2274 453 2306 mediatorem.

211 2323 394 2359 Secundus
410 2322 620 2356 coniunctus
639 2328 690 2356 est
712 2334 791 2356 cum
815 2322 931 2366 primo
950 2325 994 2358 de
1013 2324 1095 2358 effe-

111 2375 245 2414 ctione,
287 2374 451 2408 videlicet
487 2372 687 2407 Vivificatio
713 2373 751 2406 in
780 2374 903 2415 nobis,
944 2387 1033 2420 quae
1057 2376 1096 2410 fit

109 2438 172 2470 per
194 2426 305 2459 filium
325 2424 393 2459 Dei
420 2424 654 2458 vivificantem
678 2425 804 2470 corda,
832 2432 865 2459 et
886 2426 1095 2460 liberantem

111 2489 152 2510 ex
176 2476 359 2510 doloribus
382 2476 598 2517 inferorum,
640 2476 771 2510 donato
797 2476 933 2520 Spiritu
958 2485 1094 2512 sancto:

111 2534 143 2562 et
168 2528 296 2560 deinde
319 2527 464 2561 adsidua
488 2526 684 2571 praesentia
703 2527 900 2561 divinitatis
926 2527 964 2560 in
990 2529 1094 2561 invo-

111 2578 290 2619 cantibus,
322 2589 462 2621 regens,
495 2584 700 2621 protegens,
741 2579 931 2619 adiuvans,
974 2580 1095 2613 multis

110 2628 283 2663 mirandis
307 2628 576 2662 liberationibus
597 2640 741 2663 servans
760 2641 838 2672 eos,
864 2635 903 2664 ut
923 2641 1001 2664 cum
1023 2642 1096 2664 ser-

162 2679 345 2714 Mnarru.
375 2681 476 2713 Onu.
502 2681 583 2712 Vot..
613 2681 691 2713 XV.

356 60 458 97 xltt.
492 61 525 97 3.
552 60 856 98 ENARRATIO
881 60 1036 98 EPIST.
1062 60 1210 97 PAULI
1238 59 1306 95 AD
1331 60 1594 101 ROMANOS.
1652 67 1759 106 CAP.
1785 71 1888 108 xlv.

2056 81 2075 114 1
2082 79 2157 116 026

1167 152 1270 180 vatur
1296 146 1427 181 Daniel
1464 148 1557 184 inter
1593 151 1722 188 leones.
1771 154 1820 189 Hi
1855 166 1936 195 sunt
1971 163 2151 210 praecipui

1165 198 1311 239 gradus,
1351 206 1383 231 et
1406 199 1557 242 gloriosa
1582 203 1742 244 libertas,
1785 209 1827 241 de
1852 222 1919 255 qua
1944 210 1980 244 in
2005 214 2150 250 invoca-

1163 248 1260 280 tione
1277 249 1436 292 qnotidie
1453 252 1677 294 cogitandum
1698 263 1765 298 est,
1797 265 1828 292 et
1846 261 1889 293 de
1910 259 1964 294 his
1981 266 2148 306 gradibus

1163 299 1347 342 praecipue
1374 301 1518 335 dicitur:
1546 303 1585 337 Si
1609 317 1670 338 vos
1693 307 1785 342 filius
1808 309 2029 356 liberaverit,
2064 329 2145 352 vere

1161 348 1265 381 liberi
1288 349 1397 385 eritis.

1262 398 1405 433 Tertius
1429 402 1557 443 gradus
1579 411 1629 438 est
1654 405 1818 443 liberatio
1841 422 1859 443 a
1877 413 1999 455 politia
2019 414 2141 459 Moisi,

1160 448 1321 483 videlicet
1364 463 1381 482 a
1418 455 1626 487 ceremoniis
1653 455 1819 493 Mosaicis
1855 469 1889 495 et
1925 464 2060 506 legibus
2092 468 2146 501 so-

1158 501 1320 533 rensibus
1338 500 1465 535 Moisi:
1502 504 1583 548 quia
1603 503 1736 540 Christi
1758 521 1904 553 regnum
1932 521 1982 548 est
2004 517 2145 551 restitu-

1157 550 1205 583 tio
1229 551 1320 584 vitae
1350 560 1510 586 aeternae
1538 561 1569 587 et
1601 555 1759 591 iusticiae
1790 568 1975 608 aeternae,
2010 567 2144 602 abolito

1157 608 1298 644 peccato
1321 608 1353 635 et
1375 610 1497 638 morte.
1559 603 1725 640 lncoatur
1749 617 1864 644 autem
1890 611 1958 647 hoc
1982 627 2145 660 regnum,

1157 653 1298 695 qnando
1325 653 1476 696 primum
1501 654 1595 688 filius
1623 657 1795 701 mittitur,
1831 664 2042 705 patefaciens
2061 680 2145 712 pro-

1158 703 1381 736 missionem:
1423 704 1551 738 Semen
1586 707 1744 741 mulieris
1787 714 2007 750 conculcabit
2042 726 2145 763 caput

1159 754 1341 796 serpentis,
1411 753 1480 788 Hic
1506 756 1599 789 filius
1623 758 1751 793 deinde
1775 772 1912 806 semper
1940 772 1989 800 est
2023 768 2144 803 efficax

1160 816 1220 848 per
1239 804 1474 838 ministerium
1490 804 1695 850 Evangelii,
1723 817 1755 844 et
1772 811 1908 856 Spiritu
1926 824 2045 851 sancto
2067 831 2144 853 mo-

1163 861 1217 888 vet
1234 861 1265 887 et
1283 855 1464 889 confirmat
1481 859 1676 892 credentes:
1702 867 1734 894 et
1753 859 1837 896 haec
1862 877 2028 909 persona,
2046 869 2145 904 Deus

1156 912 1188 938 et
1207 902 1331 945 homo,
1359 913 1408 939 est
1432 915 1534 951 caput
1552 907 1745 949 Ecclesiae,
1780 920 1811 947 et
1830 926 1891 958 per
1910 913 2001 951 hanc
2021 930 2143 963 perso-

1153 967 1234 988 nam
1255 956 1458 990 immediate
1475 958 1511 991 fit
1533 961 1750 995 resuscitatio
1774 972 2019 1010 mortuorum,
2052 970 2144 1006 sicut

1154 1005 1284 1039 Paulus
1311 1006 1426 1052 inquit
1452 1010 1483 1042 1.
1502 1008 1663 1046 Corinth.
1684 1010 1758 1046 15.:
1786 1013 1976 1061 Postquam
1996 1031 2058 1063 per
2076 1017 2142 1055 ho-

1153 1057 1285 1090 minem
1312 1070 1425 1097 mors,
1453 1059 1557 1092 etiam
1584 1073 1645 1104 per
1667 1060 1847 1098 hominem
1867 1067 1904 1101 fit
1922 1070 2141 1106 resuscitatio

1152 1113 1386 1144 mortuorum.
1440 1108 1548 1151 Item,
1581 1110 1757 1148 Dominus
1783 1116 1916 1162 inquit:
1946 1118 2065 1154 Omne
2087 1123 2143 1156 iu-

1153 1158 1284 1192 dicium
1311 1160 1410 1193 dedit
1434 1160 1518 1195 filio.

1255 1208 1318 1242 Est
1335 1210 1442 1252 igitur
1453 1210 1604 1245 Messiae
1621 1225 1768 1257 regnum
1789 1216 1894 1261 longe
1914 1220 2023 1262 aliud,
2035 1235 2140 1268 quam

1154 1259 1295 1302 politica
1312 1271 1439 1303 regna,
1466 1268 1498 1295 et
1517 1263 1695 1306 colligitur
1712 1266 1749 1298 in
1769 1264 1833 1300 hac
1850 1269 1919 1302 vita
1938 1283 1977 1304 ex
1995 1273 2143 1308 diversis

1152 1310 1334 1351 gentibus,
1362 1311 1423 1343 ubi
1441 1319 1522 1345 sunt
1540 1314 1699 1348 diversae
1725 1317 1888 1360 politiae,
1916 1321 2005 1355 sicut
2025 1323 2143 1369 inquit

1152 1360 1283 1393 Paulus
1301 1360 1487 1396 Colos.2.:
1517 1361 1659 1398 Induite
1685 1378 1817 1400 novum
1843 1366 2045 1415 hominem,
2080 1376 2142 1420 qui

1152 1418 1344 1445 renovatur
1383 1413 1424 1444 ad
1465 1414 1680 1455 agnitionem
1719 1420 1912 1453 secundum
1951 1423 2141 1468 imaginem

1151 1461 1242 1499 eius,
1280 1462 1341 1506 qui
1372 1463 1532 1497 condidit
1558 1476 1654 1503 eum,
1691 1468 1753 1500 ubi
1785 1481 1857 1502 non
1884 1478 1933 1505 est
1971 1472 2140 1518 Graecus,

1151 1523 1214 1544 nec
1240 1511 1407 1553 Iudaeus,
1434 1525 1498 1546 nec
1521 1526 1664 1557 servus,
1700 1529 1763 1550 nec
1789 1519 1899 1562 liber,
1932 1525 1992 1556 sed
2018 1528 2139 1562 omnia

1150 1569 1183 1596 et
1200 1562 1238 1594 in
1257 1563 1424 1596 omnibus
1439 1562 1623 1606 Christus,
1655 1567 1688 1599 id
1708 1576 1776 1609 est,
1805 1571 1891 1604 dans
1908 1575 2027 1608 omnia
2045 1577 2139 1612 bona

1152 1624 1215 1646 suo
1241 1613 1385 1652 merito,
1430 1614 1560 1649 scilicet
1604 1618 1845 1653 remissionem
1870 1631 2092 1665 peccatorum
2108 1635 2142 1663 et

1152 1664 1494 1705 reconciliationem,
1517 1673 1549 1700 et
1567 1667 1672 1702 simul
1689 1669 1846 1705 efficiens
1860 1672 1898 1705 in
1914 1677 2139 1714 credentibus

1153 1726 1281 1747 novam
1304 1715 1437 1754 lucem,
1472 1716 1646 1750 iusticiam
1671 1727 1704 1754 et
1727 1720 1847 1758 vitam.

1253 1764 1348 1799 Haec
1381 1767 1560 1815 distinctio
1587 1770 1688 1812 regni
1711 1769 1844 1806 Christi
1871 1780 1904 1808 et
1932 1775 2139 1818 politiarum

1152 1816 1275 1849 mundi
1296 1817 1448 1860 primum
1466 1819 1651 1861 cogitanda
1670 1828 1738 1862 est,
1767 1830 1884 1866 postea
1901 1826 2139 1870 cogitandum,

1152 1878 1260 1911 quare
1291 1869 1334 1900 ad
1359 1875 1498 1912 tempus
1529 1870 1636 1904 suerit
1670 1871 1829 1907 instituta
1862 1876 1986 1918 politia
2018 1877 2139 1922 Moisi,

1151 1929 1239 1962 quae
1265 1918 1406 1953 duravit
1432 1920 1672 1957 annos1582.
1727 1922 1798 1958 Tot
1822 1926 1917 1958 enim
1944 1935 2026 1963 sunt
2051 1932 2138 1965 anni

1150 1969 1194 2001 ab
1218 1969 1312 2002 exitu
1337 1982 1376 2003 ex
1403 1968 1564 2016 Aegypto
1595 1974 1637 2006 ad
1672 1973 1833 2008 ultimam
1862 1978 2137 2016 destructionem

1152 2019 1385 2065 lerosolymae
1403 2022 1468 2054 sub
1487 2021 1584 2057 Tito.
1637 2022 1761 2059 Voluit
1779 2027 1873 2060 enirn
1890 2026 1985 2063 Deus
2007 2038 2136 2066 certam

1149 2081 1221 2103 esse
1237 2073 1355 2104 sedem
1376 2072 1472 2105 illius
1490 2073 1634 2116 populi,
1653 2074 1690 2108 in
1708 2088 1778 2121 quo
1793 2078 1908 2112 voluit
1924 2081 2019 2113 nasci
2037 2081 2136 2117 Mes-

1149 2121 1255 2161 siam‚
1298 2123 1413 2165 palam
1443 2124 1671 2168 concionari,
1715 2128 1807 2171 pati,
1851 2129 2060 2165 reviviscere
2095 2146 2136 2168 ex

1147 2179 1276 2213 morte,
1304 2173 1505 2207 testimonia
1529 2177 1725 2212 ostendere.
1778 2177 1874 2212 Haec
1899 2186 1939 2214 ut
1963 2189 2055 2216 certa
2081 2196 2135 2218 es-

1148 2230 1242 2263 sent,
1269 2224 1383 2257 voluit
1402 2223 1498 2258 Deus
1516 2225 1716 2260 distinctam
1741 2239 1813 2261 esse
1835 2237 1973 2273 gentem
1993 2239 2026 2266 et
2043 2235 2135 2277 poli-

1147 2274 1232 2307 tiam
1249 2285 1267 2306 a
1285 2276 1427 2308 caeteris
1445 2276 1620 2319 gentibuS.
1674 2277 1799 2313 Postea
1825 2287 2010 2326 postquam
2034 2283 2134 2319 exhi-

1147 2325 1242 2358 bitus
1268 2332 1318 2359 est
1337 2324 1503 2367 Messias,
1531 2328 1642 2361 deleta
1670 2335 1719 2361 est
1738 2327 1823 2363 haec
1840 2331 1982 2375 politia,
2011 2341 2049 2369 ut
2067 2337 2134 2369 sci-

1146 2383 1260 2416 retur,
1288 2376 1383 2410 aliud
1410 2389 1484 2411 esse
1502 2389 1648 2421 regnum
1670 2376 1822 2422 Christi,
1850 2382 1947 2417 aliud
1970 2385 2132 2430 politiam

1146 2426 1353 2461 Mosaicam.

1247 2477 1301 2511 Ex
1317 2476 1373 2511 his
1390 2478 1548 2512 fontibus
1574 2479 1723 2522 intelligi
1748 2488 1882 2526 potest,
1907 2495 1972 2519 nos
1990 2498 2062 2521 non
2080 2489 2132 2521 al-

1146 2529 1271 2571 ligatos
1291 2541 1363 2562 esse
1379 2530 1422 2562 ad
1447 2530 1662 2563 ceremonias
1680 2538 1713 2564 et
1732 2532 1785 2566 ius
1804 2534 1996 2578 positivum
2012 2537 2132 2581 Moisi,

1145 2581 1202 2612 scd
1222 2580 1381 2623 singulos
1401 2580 1437 2612 in
1463 2581 1533 2613 suis
1559 2580 1694 2624 politiis
1710 2583 1763 2616 uti
1781 2596 1881 2628 posse
1898 2586 2033 2630 legibus
2050 2601 2129 2623 cum

1146 2631 1284 2665 ratione
1309 2631 1605 2673 congruentibus,
1645 2644 1731 2677 quas
1753 2635 1867 2670 sanxit
1890 2636 1964 2671 eius
1987 2639 2131 2682 politiae

1596 2680 1646 2715 65
