2415 2942
75 85 148 120 761
237 84 339 121 XIII.

72 171 237 214 operibus
267 170 550 204 iustificationem
571 197 579 211 ‚
622 183 700 204 cum
727 177 844 203 tamen
870 170 960 203 ratio
987 182 1059 203 non

71 222 169 255 aliud
193 221 366 265 intelligat
392 233 463 255 esse
492 222 688 262 iusticiam,
724 221 791 254 nisi
821 221 1060 254 obedientiam

73 273 167 306 iuxta
191 272 312 315 legem.

173 324 241 357 Sed
261 324 421 358 doctrina
440 322 625 367 Evangelii
652 323 694 356 de
719 328 880 366 peccato,
910 321 992 354 item
1017 323 1060 353 de

75 374 210 407 iusticia
230 375 341 419 fidei,
382 382 431 409 est
454 387 597 409 arcarna
623 380 656 407 et
679 373 864 418 peculiaris
887 372 1058 416 sapientia
1086 373 1088 391 ³

74 437 175 458 verae
193 424 379 467 Ecclesiae,
408 438 511 471 quam
529 426 630 459 etiam
650 424 748 467 pauci
769 435 808 456 ex
828 424 1058 466 scriptoribus

73 484 292 518 agnoverunt
313 489 352 510 ac
369 478 524 510 saniores
542 476 601 509 alii
619 475 822 514 obscurius,
849 475 909 506 alii
929 474 1057 506 clarius

73 535 308 569 agnoverunt,
347 528 517 562 Scotistae
542 533 575 559 et
598 526 729 559 similes
758 536 901 568 prorsus
928 525 1053 557 obrue-

72 584 167 611 runt.

72 628 258 671 diligenter
276 636 437 662 tueamur
452 629 661 661 illustratam
678 627 888 660 doctrinam.

172 678 283 713 Porro
305 692 367 714 cur
390 679 579 712 adversarii
609 678 763 711 vicissim
793 689 866 710 non
892 678 1052 711 conside·
1080 707 1082 722 ÷

71 736 170 768 rant,
205 742 308 775 quam
335 731 378 763 sit
402 731 595 763 absurdum
614 729 750 767 dicere,
774 730 869 773 quod
888 728 1053 762 Christus

71 781 272 814 liberaverit
302 793 366 814 nos
389 787 525 814 tantum
550 792 568 812 a
591 780 897 815 caeremonialibus.

69 883 200 924 profuit
217 883 374 925 patribus
391 889 471 915 ante
489 881 650 927 Moysen.
704 882 851 915 Necesse
870 891 918 915 est
935 889 1050 915 autem

68 938 238 972 statuere,
265 934 357 977 quod
384 933 546 966 liberatio
569 946 584 964 a
612 933 685 975 lege
709 933 880 977 pertineat
903 934 945 965 ad
971 933 1052 966 uui-

70 994 202 1015 versam
233 981 424 1016 Ecclesiam
456 998 473 1017 a
500 984 674 1027 principio
709 985 833 1017 mundi
866 995 977 1028 usque
1009 984 1053 1016 ad

69 1034 182 1068 tinem.
233 1032 327 1067 Haec
356 1035 531 1079 copiosius
557 1035 801 1079 disputantur,
834 1042 872 1068 ut
895 1035 986 1073 dixi,
1016 1035 1052 1067 in

69 1084 186 1118 libello
205 1085 245 1117 de
261 1085 388 1129 spiritu
405 1092 437 1119 et
456 1086 565 1119 litera.

167 1133 331 1180 Denique
354 1137 438 1181 quid
466 1137 510 1169 sit
540 1136 702 1169 liberatio
731 1148 748 1169 a
781 1137 874 1179 lege,
910 1148 1052 1180 prorsus

68 1186 230 1227 ignorant
249 1187 322 1229 illi,
352 1188 412 1232 qui
432 1188 634 1230 intelligunt
663 1199 738 1220 eam
765 1194 901 1221 tantum
929 1188 971 1220 de
996 1199 1050 1219 ce-

67 1237 250 1270 remoniis.
305 1237 351 1272 Ut
374 1250 496 1271 omnes
521 1236 681 1271 homines
709 1246 784 1282 post
801 1239 936 1282 lapsum
954 1239 1051 1270 Adae

66 1295 146 1321 sunt
173 1289 329 1332 oppressi
356 1296 515 1333 peccato,
543 1290 592 1321 ira
619 1288 705 1328 Dei,
733 1296 863 1328 morte,
897 1290 1047 1331 ingenti-

65 1339 130 1372 bus
154 1339 245 1372 vitae
272 1340 476 1379 aerumnis,
519 1340 672 1373 aeternis
702 1341 846 1383 poenis:
891 1340 936 1373 ita
969 1346 1047 1372 sunt

65 1401 185 1423 omnes
211 1391 347 1424 onerati
374 1391 465 1433 Iege,
504 1402 592 1436 quae
619 1397 795 1433 peccatum
822 1392 958 1434 arguit,
988 1401 1050 1423 nos

65 1447 224 1481 accusat,
252 1448 284 1475 et
297 1442 448 1476 aeternis
465 1442 660 1475 terroribus
679 1442 828 1480 occidit,
856 1449 894 1475 ut
919 1441 1050 1474 Paulus

66 1491 198 1536 inquit:
234 1491 328 1535 Ergo
354 1493 498 1526 liberari
523 1505 540 1526 a
565 1493 656 1535 lege,
689 1499 739 1525 est
765 1494 807 1525 ab
827 1493 887 1525 illa
910 1505 1050 1526 accusa-

65 1542 161 1576 tione
178 1543 339 1583 liberari,
373 1555 416 1576 ne
433 1544 543 1577 simus
568 1544 617 1575 rei
636 1543 707 1576 irae
725 1543 808 1583 Dei,
835 1551 868 1577 et
890 1551 1050 1577 aeternae

66 1593 190 1625 mortis
202 1619 211 1632 ‚
238 1600 287 1627 est
305 1605 376 1626 non
394 1600 531 1627 tantum
549 1606 566 1626 a
584 1594 711 1626 ritibus
726 1602 786 1628 aut
803 1595 956 1628 externis
973 1606 1050 1638 spe-

69 1643 211 1675 ctaculis
228 1643 382 1683 liberari,
409 1645 466 1676 sed
486 1644 596 1677 multo
616 1645 732 1687 potius
748 1656 766 1677 a
785 1645 860 1687 lege
876 1652 1049 1688 perterre—

67 1693 232 1734 faciente‚
268 1694 517 1734 maledicente,
547 1696 735 1727 damnante
761 1702 794 1728 et
818 1696 1049 1729 interficiente

66 1756 130 1777 nos
159 1745 257 1788 eripi.
334 1744 424 1778 Cum
452 1745 615 1778 videlicet
645 1746 711 1778 alia
744 1758 798 1778 res
826 1748 1047 1790 proponitur,

66 1802 208 1839 propter
235 1808 339 1840 quam
364 1796 446 1829 iusti
471 1797 767 1840 pronunciantur,
801 1797 931 1830 scilicet
957 1799 1049 1830 filius

64 1845 148 1886 Dei,
176 1847 286 1880 factus
303 1858 365 1890 pro
393 1847 497 1880 nobis
521 1848 674 1880 victima.
726 1847 784 1881 Sic
802 1847 936 1888 Adam,
967 1849 1050 1888 Noe,

62 1895 242 1930 Abraham
263 1904 295 1931 et
312 1910 434 1930 omnes
452 1898 551 1931 electi
568 1905 648 1931 ante
667 1898 817 1944 lWoysen
835 1912 852 1932 a
870 1900 1048 1946 Iege-libe—

64 1948 129 1981 rati
152 1949 307 1984 suerunt.
361 1948 627 1983 Accusabantur
642 1961 659 1982 a
679 1950 771 1992 tege,
798 1952 1050 1984 exercebantur

64 1997 296 2032 horribilibus
313 2000 525 2040 terroribus,
553 2007 586 2033 et
601 2012 706 2033 sensu
724 2001 795 2033 irae
811 2001 875 2035 Dei
892 2029 900 2042 ,
928 2009 959 2034 et
975 2015 1043 2035 ma-

64 2050 272 2085 ledictionis.
340 2049 407 2083 Sed
435 2050 527 2084 inter
553 2048 617 2084 1105
645 2058 796 2085 10110105
824 2054 1049 2097 erigebantur

62 2099 240 2144 agnitione
257 2100 531 2142 misericordiae,
553 2110 696 2146 propter
714 2110 900 2138 venturum
921 2104 1050 2140 Durni-

62 2165 146 2185 num
164 2151 365 2195 promissae,
381 2157 413 2184 et
429 2153 627 2186 statuebant
642 2165 678 2186 se
693 2154 802 2188 iustos
820 2158 1048 2200 pronunciari

61 2209 202 2247 propter
226 2209 409 2235 venturam
438 2203 634 2242 victimam,
665 2216 737 2237 non
764 2217 906 2250 propter
928 2208 1049 2251 legem.

61 2254 194 2287 Norant
210 2259 349 2297 peccata
365 2265 438 2286 esse
453 2266 525 2286 non
542 2261 678 2288 tantum
690 2262 828 2290 externa
839 2259 976 2299 delicta,
989 2261 1048 2293 sed

61 2305 261 2338 interiorem
273 2304 549 2345 immunditiem,
568 2303 775 2339 horribilem
788 2309 1048 2344 dubitationem

62 2357 103 2388 de
122 2356 208 2394 Deo,
226 2354 403 2389 fremitum
417 2362 449 2389 et
465 2357 744 2399 indignationem
759 2360 919 2393 adsersus
934 2360 1047 2395 Deum

63 2407 100 2438 in
115 2407 219 2439 rebus
237 2407 409 2449 adversis,
432 2414 464 2440 et
481 2410 634 2441 caeteros
653 2420 778 2451 pravos
802 2410 972 2454 impetus,
1008 2419 1040 2446 et

62 2457 217 2490 sciebant
243 2469 314 2490 non
336 2458 453 2502 aliqua
478 2459 552 2501 lege
575 2459 672 2497 tolli,
711 2461 764 2492 vel
788 2461 903 2504 ipsum
928 2475 1048 2505 pecca-

62 2516 136 2540 tum
163 2514 196 2541 et
223 2514 366 2541 naturae
391 2509 649 2551 infirmitatem,
687 2511 741 2543 vel
767 2511 854 2544 iram
874 2511 960 2553 Dei,
987 2515 1044 2547 sed

62 2565 189 2591 norant
209 2569 244 2591 se
266 2559 444 2601 agnitione
466 2568 499 2594 et
522 2561 650 2594 fiducia
674 2562 837 2605 promissi
861 2564 1047 2598 salvatoris

60 2622 99 2642 ex
119 2609 225 2642 tantis
243 2610 420 2642 aerumnis
436 2611 536 2654 eripi.
590 2611 649 2646 Sic
667 2619 699 2645 et
724 2613 776 2644 illi
802 2621 883 2647 sunt
906 2614 1045 2649 liberati

58 2672 76 2694 a
94 2660 167 2703 lege
184 2659 325 2700 morali,
353 2660 514 2696 videlicet
533 2663 711 2698 iudicante
728 2671 759 2697 et
777 2665 959 2699 occidente
974 2678 1044 2707 eOS,

391 86 428 119 2.
458 82 823 120 COMMENTARII
853 83 902 119 IN
929 83 1085 120 EPtST.

1113 83 1263 121 PAULI
1290 85 1357 122 AD
1385 86 1644 126 ROMANOS.
1709 90 1812 126 CAP.
1841 91 1937 127 xlv.
2035 95 2107 129 762

1114 178 1146 204 et
1168 172 1213 204 ab
1238 180 1377 207 aeterna
1402 175 1471 212 ira,
1501 188 1606 220 quam
1632 177 1685 210 lex
1712 177 1912 212 denunciat.
1968 178 2106 214 'Norant

1114 222 1150 254 in
1170 223 1229 255 illa
1250 226 1401 258 naturali
1424 227 1553 259 noticia
1571 240 1643 260 11011
1663 230 1812 272 proponi
1831 230 2016 273 gratuitam
2042 244 2102 263 re-

1112 273 1314 307 missionem
1336 284 1576 318 peccatorum,
1603 279 1681 311 ideo
1703 280 1847 313 aliunde
1867 282 2029 324 petebant
2048 295 2103 315 re-

1113 323 1330 357 missionem.
1366 327 1471 368 Quod
1494 328 1521 360 si
1541 330 1746 371 sensissent,
1769 332 1815 364 ita
1834 343 1869 364 se
1887 333 1996 366 iustos
2016 334 2102 371 sore,

1112 385 1190 406 cum
1208 375 1283 407 sine
1300 376 1384 408 vitio
1405 385 1529 417 essent,
1557 381 1823 415 succubuissent
1838 383 1874 415 in
1891 395 2000 425 agone
2017 396 2102 417 0011-

1085 441 1086 464 1
1111 424 1295 465 scientiae,
1323 429 1381 459 sed
1405 436 1531 461 norant
1548 429 1627 462 ideo
1653 432 1865 473 promissum
1893 446 1964 466 esse
1987 435 2099 467 salva-

220 577 302 611 Ideo
325 586 506 622 postquam
526 576 621 610 Deus
639 573 724 609 haec
742 588 862 609 rursus
883 576 1056 620 patefecit,
1081 579 1084 619 J

1109 481 1235 516 torem,
1253 484 1291 509 ut
1308 484 1501 512 statuerent
1517 490 1552 511 se
1572 481 1706 523 placere
1723 482 1810 522 Deo,
1829 485 1963 517 etiamsi
1982 494 2095 520 essent

1110 526 1247 569 indigni
1267 534 1299 560 et
1317 528 1506 563 immundi.
1546 530 1605 564 Sic
1622 533 1821 566 sentiebant
1837 547 1871 567 se
1889 535 1997 569 iustos
2014 548 2098 575 esse,

1109 589 1180 609 non
1207 585 1349 622 propter
1384 579 1515 623 legem,
1557 583 1615 615 sed
1642 591 1786 627 propter
1815 593 2001 620 venturum
2030 588 2097 620 sal-

1108 634 1274 662 vatorem.

1209 679 1281 713 Has
1307 687 1421 714 tantas
1446 694 1501 715 res
1526 684 1771 727 complectitur
1791 686 1951 721 liberatio
1978 702 1994 720 a
2014 689 2098 729 lcgv,

1079 724 1082 735 ⁸
1107 741 1193 774 quas
1210 743 1282 764 11011
1298 732 1503 775 intelligunt
1519 731 1682 768 homines
1698 738 1830 778 securi,
1858 739 1917 782 qui
1938 740 2098 773 nesciunt

967 780 1052 813 Item
1080 789 1081 792 ’

69 832 96 864 51
114 832 273 865 liberatio
291 838 423 865 tantum
443 832 485 864 ad
509 831 756 864 ceremonialia
782 831 951 875 pertinet,
980 843 1051 863 non
1080 833 1081 850 ³

1107 781 1193 824 quid
1213 783 1257 815 sit
1275 794 1355 816 vera
1375 784 1613 827 poenitentia,
1635 786 1829 821 invocatio:
1859 790 2012 835 denique
2037 791 2098 834 qui

1108 843 1179 864 non
1202 842 1408 868 exercentur
1424 836 1708 878 afflictionibus,
1736 845 1770 873 et
1787 847 1847 873 aut
1869 838 2001 875 habent
2020 842 2097 874 ani-

1107 894 1183 915 mos
1205 892 1393 929 occupatos
1412 887 1675 930 voluptatibus,
1702 896 1761 923 aut
1788 891 2008 925 delectantur
2026 892 2097 925 suis

1107 934 1336 977 opinionibus
1362 943 1394 969 et
1417 946 1652 981 aspernantur
1677 941 1823 975 verbum
1846 941 1933 983 Dei,
1968 949 2027 976 aut
2050 944 2094 976 ad

1106 996 1186 1017 suas
1228 986 1497 1029 imaginationes
1545 990 1730 1026 inflectunt
1770 1005 1809 1026 ac
1851 1001 2094 1037 corrumpunt.

1106 1035 1281 1070 Nonnulli
1304 1040 1495 1072 adversarii
1519 1042 1722 1083 astutiores,
1750 1044 1813 1076 etsi
1832 1044 1953 1077 vident
1970 1043 2094 1088 Augu-—

1107 1087 1190 1119 stini
1209 1094 1242 1121 et
1260 1095 1415 1122 nostram
1435 1091 1773 1135 interpretationem,
1802 1107 1881 1128 vere
1899 1107 1970 1128 esse
1990 1095 2091 1129 Pauli

1106 1149 1145 1170 ae
1176 1136 1401 1182 propheticae
1431 1149 1463 1174 et
1491 1144 1703 1185 apostolicae
1733 1146 1925 1188 scripturae
1952 1154 2092 1179 senteu-

1106 1189 1212 1230 tiam,
1239 1196 1355 1223 tamen
1379 1193 1589 1236 obstrepunt
1609 1195 1712 1228 nobis
1737 1203 1769 1229 et
1787 1194 1973 1240 Origenis,
2002 1197 2089 1230 Hie-

1106 1241 1264 1285 ronymi,
1290 1239 1555 1287 Chrysostomi,
1585 1252 1617 1278 et
1641 1247 1756 1279 nescio
1780 1260 1931 1292 quorum
1958 1250 2092 1282 autori-

1106 1297 1210 1323 tatem
1226 1291 1348 1332 citant‚
1375 1305 1447 1326 non
1467 1296 1559 1338 quod
1580 1296 1659 1329 illos
1672 1310 1752 1330 vere
1769 1306 1801 1331 et
1816 1311 1854 1331 ex
1871 1299 1988 1332 animo
2009 1312 2090 1342 pro-

1105 1343 1207 1381 bent,
1235 1344 1294 1375 sed
1317 1350 1454 1377 tantum
1478 1352 1517 1378 ut
1545 1346 1662 1379 fucum
1681 1348 1810 1382 faciant
1830 1350 2020 1394 imperitis,
2048 1363 2091 1383 110

1106 1392 1293 1426 videantur
1320 1395 1413 1430 victi.
1472 1395 1552 1429 Non
1579 1398 1673 1431 enim
1705 1400 1870 1434 adferunt
1899 1402 2092 1434 adversarii

1104 1444 1147 1476 ad
1176 1441 1259 1477 haec
1283 1446 1474 1479 certamina
1498 1447 1629 1481 bonam
1653 1451 1923 1494 conscientiam,
1959 1459 1991 1486 et
2015 1459 2089 1486 stu-

1105 1495 1215 1535 dium,
1229 1498 1450 1539 quaerendae
1462 1499 1629 1540 veritatis,
1648 1503 1706 1534 sed
1724 1503 1846 1536 odium
1864 1503 1987 1543 nostri,
2004 1516 2089 1537 cou-

1105 1552 1251 1578 temtum
1270 1545 1475 1590 Evangelii,
1508 1561 1627 1583 curam
1652 1554 1800 1586 tuendae
1819 1566 1899 1587 suae
1919 1555 2089 1587 autorita-

1104 1597 1159 1630 tis.
1213 1596 1308 1639 Quid
1336 1599 1485 1641 populus
1511 1602 1555 1634 de
1572 1599 1714 1636 Christo
1732 1605 1880 1644 sentiat,
1909 1607 2088 1649 quomodo

1103 1646 1313 1681 erudiantur
1328 1647 1522 1692 Ecclesiae,
1552 1650 1644 1685 nihil
1668 1656 1709 1687 ad
1737 1666 1772 1687 se
1799 1658 1975 1699 pertinere
1994 1656 2087 1689 iudi-

1104 1704 1201 1737 cant,
1233 1712 1271 1731 ac
1296 1701 1422 1742 partim
1448 1710 1566 1744 aperte
1597 1713 1757 1739 exercent
1792 1704 2088 1752 sycophanticam,

1106 1756 1141 1783 ut
1170 1748 1382 1793 Cochlaeus,
1417 1751 1597 1787 VVicelius
1620 1763 1653 1789 et
1678 1757 1828 1798 similes,
1855 1758 1981 1801 partim
2007 1765 2088 1791 511111

1104 1802 1246 1845 tyranni
1270 1809 1302 1835 et
1326 1810 1558 1849 tyrannorum
1578 1807 1761 1848 satellites,
1784 1809 1842 1853 qui
1868 1815 2010 1852 propter
2034 1821 2088 1841 sa-

1104 1852 1256 1895 pientiae
1274 1861 1334 1887 aut
1352 1855 1491 1888 virtutis
1513 1857 1718 1900 opinionem
1744 1860 1941 1901 gubernant
1967 1860 2088 1903 ponti-

1103 1903 1225 1941 ficum,
1260 1914 1379 1945 regum
1416 1913 1448 1939 et
1481 1907 1679 1952 principum
1705 1910 1870 1949 consilia,
1909 1922 1986 1943 cum
2017 1911 2086 1944 sint

1104 1951 1265 1987 homines
1289 1954 1415 1997 ἄθεοι,
1443 1958 1502 2002 qui
1520 1959 1556 1990 in
1575 1960 1778 1993 universum
1798 1961 2015 1995 arbitrantur
2033 1975 2087 1994 re-

1104 2004 1252 2047 ligiones
1268 2009 1526 2042 commentitias
1541 2022 1613 2043 esse
1626 2038 1634 2051 ,
1661 2024 1700 2044 ac
1718 2012 1785 2044 sibi
1804 2013 1869 2056 ipsi
1895 2013 2023 2044 mirum
2046 2013 2083 2045 iu

1105 2058 1246 2089 modum
1273 2054 1342 2091 hoc
1367 2060 1511 2092 nomine
1534 2061 1687 2103 placent,
1724 2065 1820 2108 quod
1844 2063 1960 2096 ausint
1985 2061 2086 2097 ἀντι-

1103 2104 1249 2151 πιέρὸειν
1264 2107 1355 2153 πρὸς
1369 2107 1434 2148 τὰς
1450 2109 1632 2156 βροντὰς,
1661 2121 1699 2146 ut
1718 2114 1777 2146 ille
1795 2115 1886 2158 apud
1914 2115 2086 2147 cornicum

1104 2159 1232 2202 inquit.
1288 2159 1333 2193 Et
1351 2162 1436 2194 tales
1455 2164 1583 2196 dicturi
1602 2172 1682 2196 511111
1701 2166 1891 2199 sententias
1917 2165 1952 2197 in
1979 2177 2086 2210 syno-

1103 2209 1157 2241 dis
1183 2211 1225 2242 de
1249 2208 1383 2244 Christi
1412 2213 1540 2256 gloria,
1577 2215 1676 2248 cuius
1701 2228 1828 2249 nomen
1851 2227 1922 2249 esse
1948 2216 2088 2249 fabulo-

1102 2272 1179 2294 sum
1203 2269 1368 2304 cogitant.

1207 2311 1362 2347 Proinde
1384 2315 1461 2359 pios
1482 2316 1627 2349 lectores
1653 2313 1838 2358 adhortor,
1865 2317 2024 2352 Primum
2051 2325 2089 2352 ut

1103 2363 1327 2398 considerent
1350 2377 1475 2408 genera
1503 2367 1700 2407 doctrinae,
1729 2369 1799 2401 utri
1824 2369 2031 2413 simpliciter
2056 2376 2087 2402 et

1102 2414 1178 2447 sine
1200 2413 1390 2458 sophistica
1413 2418 1622 2450 sententiam
1650 2419 1840 2461 scripturae
1861 2418 2088 2464 propheticae

1101 2471 1134 2498 et
1167 2466 1379 2509 apostolicae
1413 2475 1625 2512 proponant.
1703 2469 1840 2502 Deinde
1867 2483 1944 2504 cum
1974 2479 2086 2515 patres

1101 2515 1264 2556 citantur,
1282 2530 1371 2562 quae
1389 2519 1481 2552 dicta
1500 2526 1637 2563 patrum
1654 2520 1724 2554 sint
1744 2529 1977 2555 consentanea
1996 2522 2089 2554 divi-

1101 2578 1166 2599 nae
1184 2568 1271 2601 voci.
1322 2567 1386 2602 Est
1403 2569 1496 2601 enim
1519 2582 1644 2613 magna
1664 2571 1916 2606 dissimilitudo
1934 2580 2086 2616 patrum.

1101 2615 1281 2651 Postremo
1298 2626 1337 2653 ut
1354 2619 1484 2653 Paulus
1499 2620 1596 2654 iubet
1613 2623 1763 2664 probare
1779 2623 1934 2666 spiritus,
1959 2623 2087 2656 volun-

1099 2675 1150 2703 tas
1171 2669 1355 2714 utriusque
1373 2671 1482 2715 patris
1500 2674 1687 2716 spectanda
1705 2681 1774 2715 est,
1799 2682 1833 2709 et
1852 2686 1986 2708 summa
2003 2686 2089 2707 con-
