2415 2942
83 129 159 169 525
390 127 490 166 XIII.

83 216 152 250 Dei
174 219 365 258 regnante,
391 213 453 259 qui
476 214 574 248 adest
599 215 705 249 nobis
731 221 898 260 tanquam
917 214 1008 255 dux,
1043 220 1076 248 et

82 267 254 311 Spiritum
271 271 430 299 sanctum
449 264 623 310 impertit:
651 266 733 300 Non
743 266 837 299 enim
846 264 1072 307 cogitandum

83 324 134 351 est
155 314 336 351 Christum
361 327 509 359 regnare
530 317 684 351 otiosum
707 317 796 350 sicut
822 316 959 358 fingunt
984 313 1074 348 Poe-

82 375 156 408 tae,
191 367 311 401 lovem
348 367 501 401 otiosum
534 367 574 400 in
607 368 705 401 coelo
737 367 899 400 convivia
931 365 1072 407 agitare.

82 417 188 452 Tales
203 424 285 451 sunt
301 418 465 451 tenebrae
480 418 518 451 in
535 418 714 451 mentibus
728 415 913 450 hominum
931 417 974 448 de
984 414 1072 449 Deo.

81 468 150 503 Sed
178 466 214 502 hi
242 480 377 502 errores
399 469 477 501 luce
501 468 687 511 Evangelii
711 475 744 502 et
768 468 836 501 fide
860 467 1073 499 emendandi

81 526 176 554 sunt.
230 518 283 552 De
299 516 354 552 his
375 519 456 552 fidei
474 519 665 560 exercitiis,
695 525 729 552 et
753 519 796 551 de
820 529 901 550 vera
927 517 1072 551 invoca—

82 571 180 604 tione
202 570 287 616 quid
310 576 456 614 possunt
482 569 598 602 dicere
625 569 820 603 adversarii
846 569 977 608 nostri,
1011 568 1072 613 qui

80 633 145 664 pro
166 619 360 664 Evangelio
378 621 421 653 de
439 620 524 661 fide,
551 621 680 655 docent
702 631 767 654 nos
786 617 1071 666 Pyrrhoniorum

79 669 343 715 philosophiam
359 672 401 704 de
417 671 650 705 dubitatione.

182 721 235 756 De
254 722 354 756 tertia
372 722 589 767 quaestione.
643 720 739 754 Haec
755 720 874 754 minus
900 719 1071 764 explicata

81 779 132 807 est
156 772 193 806 in
219 773 393 807 veteribus
415 785 520 818 quam
547 773 703 817 priores,
733 784 817 818 cum
845 772 889 805 sit
918 771 1071 804 maxime

80 825 285 857 necessaria.
345 823 468 858 Manet
485 823 522 856 in
540 824 670 857 renatis
687 823 812 866 ingens
834 821 1070 863 imbecillitas,

81 875 200 907 minus
216 875 339 908 timent
358 873 494 918 Deum,
524 886 627 919 quam
647 874 826 918 oportuit,
856 886 930 907 non
947 873 1071 906 ardent

80 925 149 957 fide
172 932 212 970 et
235 925 442 965 dilectione,
490 925 669 959 interdum
706 931 882 970 quaerunt
914 922 1071 957 humana

79 975 252 1019 praesidia
271 975 381 1015 aliter,
408 988 513 1021 quam
529 988 735 1010 concessum
755 983 815 1017 est,
834 983 964 1016 errant,
986 981 1069 1008 sunt

79 1026 293 1069 negligentes
309 1026 345 1059 in
360 1027 494 1067 officio,
521 1027 610 1061 fiunt
633 1027 824 1060 insolentes
845 1027 883 1059 in
907 1025 1070 1059 secundis

81 1077 186 1110 rebus
200 1104 209 1118 ‚
250 1074 383 1111 habent
422 1077 674 1112 immoderatos
714 1078 858 1111 affectus
874 1104 883 1119 ‚
921 1088 1070 1114 amores,

79 1128 181 1165 odia,
222 1135 392 1172 appetunt
414 1128 635 1162 inconcessas
657 1129 872 1173 voluptates,
909 1128 947 1160 in
977 1128 1070 1160 affli—

80 1179 258 1212 ctionibus
283 1179 439 1212 fremunt
465 1180 632 1213 adversus
654 1178 769 1213 Deum
788 1207 797 1220 ,
839 1179 1003 1213 dubitant
1026 1179 1069 1210 de

81 1229 323 1262 misericordia
346 1228 431 1273 Dei,
467 1237 646 1272 anguntur
670 1230 885 1271 diffidentia,
928 1229 1070 1262 inflam-

80 1287 225 1313 mantur
241 1280 370 1313 iniusta
386 1281 578 1324 cupiditate
594 1282 788 1320 vindictae,
815 1293 888 1314 non
904 1281 1070 1314 ardenter

82 1332 225 1364 student
257 1332 507 1373 gratitudinem
533 1343 631 1365 suam
657 1330 732 1365 Deo
757 1332 953 1371 declarare,
994 1342 1068 1363 non

79 1389 185 1425 agunt
195 1382 322 1424 gratias
335 1382 496 1424 flagranti
507 1389 645 1424 pectore
653 1394 715 1425 pro
727 1388 779 1415 tot
787 1381 977 1421 beneficiis,
994 1392 1067 1412 non

79 1433 163 1465 satis
187 1431 304 1474 magni
328 1432 514 1465 aestimant
532 1429 788 1475 Evangelium,
813 1431 940 1474 frigide
965 1431 1067 1463 adiu-

79 1489 164 1516 vant
196 1479 382 1525 Evangelii
415 1482 724 1526 propagationem,
764 1494 837 1515 non
866 1481 1068 1515 afficiuntur

77 1532 230 1578 publicis
261 1533 519 1567 calamitatibus
550 1531 727 1567 Ecclesiae
759 1539 792 1567 et
823 1532 1068 1577 Reipublicae,

77 1596 152 1618 non
178 1584 313 1617 faciunt
340 1591 419 1618 vota
451 1596 514 1627 pro
537 1583 708 1626 Ecclesia,
742 1596 806 1628 pro
829 1583 1068 1628 Principibus,

77 1636 320 1669 incenduntur
338 1635 479 1668 iniustis
500 1635 625 1669 studiis
643 1636 924 1680 quaerendarum
948 1646 1068 1678 opum,

77 1685 277 1725 honorum,
313 1686 511 1729 potentiae,
540 1686 703 1719 invident
730 1686 809 1719 aliis
834 1696 924 1731 quos
945 1685 1068 1719 vident

76 1737 285 1772 antecellere
307 1736 456 1775 virtute,
491 1743 550 1770 aut
580 1737 658 1769 aliis
690 1737 811 1778 bonis,
853 1743 888 1770 et
912 1736 1067 1769 aemula-

76 1790 185 1824 tione.
238 1786 423 1821 Interdum
445 1788 606 1821 scandala
631 1788 799 1821 excitant:
834 1787 924 1821 sicut
947 1798 1068 1820 aemu-

78 1840 163 1874 latio
181 1839 439 1872 contumaciam
465 1839 599 1882 peperit
617 1838 654 1871 in
679 1850 798 1872 sorore
814 1837 921 1871 Moisi
946 1845 979 1872 et
994 1835 1067 1871 Aa-

78 1902 177 1926 rone.
223 1888 318 1923 Haec
336 1902 407 1923 non
427 1897 506 1924 sunt
523 1890 613 1923 levia
631 1890 722 1923 mala
740 1889 985 1928 existimanda,
1007 1889 1068 1922 sed

81 1949 162 1977 sunt
176 1940 260 1975 vitia
278 1941 469 1984 pugnantia
486 1953 564 1974 cum
582 1941 656 1983 lege
674 1939 757 1981 Dei,
781 1947 814 1974 et
831 1940 936 1984 digua
955 1946 1068 1973 morte

79 2000 238 2033 aeterna,
265 1998 299 2025 et
323 1992 487 2025 oriuntur
509 2003 528 2026 a
553 1991 688 2035 magnis
704 1992 859 2035 pestibus
878 1998 911 2025 et
928 1997 1067 2035 peccato

81 2044 248 2086 originis,
286 2043 452 2077 videlicet
476 2055 515 2076 ex
544 2043 768 2086 ignoratione
793 2042 874 2083 Dei,
909 2048 943 2076 et
967 2052 1068 2075 aver-

83 2096 180 2128 sione
199 2092 373 2126 humanae
389 2094 581 2127 voluntatis
597 2106 615 2126 a
632 2092 726 2135 Deo,
753 2094 796 2126 de
812 2093 940 2138 quibus
964 2092 1069 2132 vitiis,

84 2157 163 2179 cum
187 2143 302 2189 inquit
329 2139 492 2177 Paulus:⁴
511 2143 640 2178 Sensus
664 2144 781 2178 carnis
804 2151 854 2178 est
880 2143 1068 2177 inimicitia

83 2197 250 2230 adversus
274 2192 406 2233 Deum,
436 2206 508 2227 non
526 2195 637 2227 levem
655 2194 913 2229 deformitatem
935 2194 1068 2227 descri-

82 2247 152 2287 bit,
180 2247 239 2279 sed
264 2246 388 2288 ingens
411 2253 443 2279 et
468 2251 566 2278 atrox
589 2245 732 2278 malum.
791 2245 938 2279 Constat
960 2245 1070 2288 igitur

82 2297 260 2332 neminem
277 2296 344 2339 legi
361 2295 425 2329 Dei
444 2296 639 2329 satisfacere
657 2302 794 2340 praeter
810 2294 1008 2335 Christum,
1037 2302 1069 2328 et

84 2350 122 2382 in
145 2349 272 2381 sanctis
297 2359 437 2380 manere
461 2347 545 2381 vitia
572 2347 764 2391 pugnantia
790 2359 868 2380 cum
891 2348 966 2391 lege
992 2345 1070 2387 Dei,

85 2411 173 2446 quae
192 2406 271 2433 sunt
288 2405 425 2443 peccata
446 2398 552 2441 digna
567 2406 708 2432 aeterna
729 2404 862 2438 morte,
890 2398 959 2432 nisi
984 2410 1068 2430 con-

86 2453 275 2484 donentur.
327 2448 404 2483 Hoc
420 2461 499 2483 cum
516 2449 562 2483 ita
581 2449 642 2490 sit,
670 2460 743 2482 non
760 2455 897 2482 tantum
913 2448 951 2481 in
968 2446 1066 2481 scho-

86 2502 152 2540 lis,
179 2501 238 2533 sed
260 2501 298 2533 in
322 2501 481 2534 omnium
506 2500 646 2544 piorum
666 2499 844 2533 mentibus
860 2496 943 2532 haec
963 2511 1070 2544 quae-

88 2551 154 2586 stio
176 2559 343 2595 perpetuo
367 2552 538 2596 agitatur,
573 2558 604 2585 et
633 2563 705 2584 non
731 2550 887 2594 vulgaria
914 2550 1070 2598 pericula

89 2610 122 2637 et
139 2602 327 2635 certamina
345 2609 477 2637 movet:
504 2600 562 2636 An
573 2601 648 2636 Deo
667 2602 813 2646 placeat,
841 2608 873 2635 et
891 2601 1069 2646 quomodo

87 2655 223 2699 placeat
263 2653 462 2697 imperfecta
503 2660 536 2688 et
575 2653 812 2688 contaminata
857 2651 1069 2686 obedientia.

89 2705 173 2739 Ideo
195 2715 333 2738 necesse
360 2711 410 2738 est
432 2704 508 2749 pios
532 2705 574 2738 de
591 2701 655 2738 hac
673 2704 878 2750 quaestione
894 2710 987 2738 recte
1005 2704 1068 2737 do·

542 131 579 165 2.
613 126 979 165 COMMENTARII
1005 126 1057 163 ΙΝ
1084 126 1242 164 EPtST.
1269 125 1416 163 PAULI
1443 122 1511 161 AD
1538 125 1800 162 ROMANOS.

2044 126 2120 162 526

1129 213 1198 247 ceri
1229 214 1267 247 in
1299 219 1484 258 utramque
1516 219 1663 258 partem.
1722 211 1963 258 Hypocritae‚
2006 218 2046 245 ut
2067 218 2118 245 est

1128 271 1272 298 naturae
1290 264 1496 303 infirmitas,
1525 264 1592 298 sibi
1610 264 1767 309 placent,
1795 263 2017 296 admirantur
2038 273 2118 296 suas

1130 315 1295 355 virtutes,
1321 322 1512 350 extenuant
1528 323 1674 348 naturae
1700 315 1958 352 infirmitatem,
1987 325 2025 346 ac
2049 325 2118 356 pu-

1126 371 1202 398 tant
1228 377 1263 398 se
1288 365 1365 398 sine
1387 371 1528 408 peccato
1555 377 1644 406 esse,
1671 373 1703 399 et
1728 366 1795 409 legi
1815 364 1882 398 Dei
1908 364 2117 405 satisfacere,

1125 426 1160 447 se
1177 415 1303 459 dignos
1320 427 1391 448 esse
1410 415 1479 448 vita
1496 423 1655 457 aeterna,
1677 429 1716 449 ac
1733 416 1859 449 mereri
1877 416 1983 450 vitam
2003 421 2117 448 aeter-

1125 477 1220 499 nam.
1274 465 1380 498 Tales
1407 473 1488 499 sunt
1512 478 1585 499 non
1611 467 1717 499 modo
1736 464 1999 511 hypocritarum
2022 465 2117 508 cogi-

1125 516 1295 557 tationes,
1323 517 1381 548 sed
1405 516 1564 550 omnium
1591 513 1776 551 hominum
1801 516 2033 550 iudicantium
2061 528 2116 549 se-

1124 568 1280 601 cundum
1307 567 1493 602 rationem.
1548 566 1606 601 Sic
1630 566 1751 609 Plato,
1778 568 1827 601 sic
1846 566 1969 600 Cicero
1994 567 2116 611 dispu-

1123 625 1199 652 tant
1225 619 1267 651 de
1293 617 1557 651 immortalitate
1582 618 1740 660 animae,
1780 618 1941 663 puriores
1968 617 2114 658 animas,

1123 680 1213 712 quae
1241 668 1361 701 minus
1394 665 1527 702 habent
1557 670 1710 712 contagii
1740 680 1758 702 a
1789 669 2014 712 corporibus,
2048 665 2116 700 hoc

1123 725 1190 759 est,
1219 730 1307 763 quae
1322 719 1516 752 modestius
1531 719 1714 759 vixerunt,
1740 719 1926 754 subvolare
1943 719 1980 751 in
1998 715 2115 751 aethe-

1123 781 1183 810 ra,
1210 770 1268 802 sed
1291 769 1484 813 pigriores,
1517 781 1606 815 quae
1633 769 1711 813 plus
1736 770 1889 813 contagii
1915 782 1931 803 a
1957 769 2116 813 corpori-

1122 821 1188 854 bus
1204 817 1355 858 habent,
1381 817 1449 853 hoc
1477 827 1546 861 est,
1576 832 1664 866 quae
1689 821 1930 866 voluptatibus
1956 819 2114 864 corporis

1122 883 1157 904 se
1189 871 1488 916 inquinaverunt,
1533 868 1634 904 humi
1666 872 1755 906 circa
1790 872 1948 917 sepulcra
1982 871 2114 913 vagari.

1123 922 1221 965 Quid
1238 922 1335 955 aliud
1356 922 1467 965 reipsa
1486 922 1609 957 dicunt
1626 920 1815 963 Monachi,
1850 935 1930 956 cum
1953 921 2112 955 iactitant

1121 973 1247 1007 merita
1264 972 1351 1006 sua?
1387 971 1463 1006 Etsi
1487 980 1601 1007 autem
1624 975 1714 1008 ratio
1741 971 1895 1007 humana
1919 984 1992 1005 non
2010 972 2114 1005 aliter

1122 1025 1253 1058 iudicat
1281 1036 1344 1057 suo
1371 1023 1528 1065 lumine,
1557 1032 1674 1058 tamen
1702 1026 1849 1058 verbum
1874 1023 1941 1056 Dei
1964 1029 2112 1058 testatur

1122 1076 1298 1108 neminem
1325 1074 1392 1117 legi
1411 1075 1627 1115 satisfacere,
1655 1082 1793 1110 accusat
1817 1074 1978 1108 homines
2001 1074 2111 1106 confi-

1121 1128 1244 1160 dentes
1268 1126 1410 1170 propria
1438 1126 1596 1167 iusticia,
1631 1133 1663 1159 et
1687 1126 1854 1171 proponit
1878 1125 2109 1158 mediatorem

1121 1178 1232 1210 filium
1250 1176 1335 1217 Dei,
1362 1188 1501 1209 necesse
1518 1184 1567 1210 est
1586 1177 1692 1220 igitur
1706 1177 1945 1220 arrogantiam
1963 1182 1995 1209 et
2011 1187 2111 1208 secu-

1120 1229 1259 1262 ritatem
1285 1225 1548 1273 hypocritarum
1574 1225 1798 1272 reprehendi‚
1851 1225 1989 1261 Rursus
2011 1226 2111 1271 pavi-

1121 1280 1173 1312 dis
1206 1278 1429 1311 conscientiis
1460 1290 1547 1321 opus
1581 1285 1630 1312 est
1667 1291 1746 1312 vera
1775 1278 2036 1317 consolatione,
2070 1283 2110 1310 ut

1120 1330 1256 1363 discant
1273 1327 1348 1361 Deo
1367 1341 1438 1361 non
1459 1329 1596 1372 placere
1621 1330 1874 1370 diffidentiam,
1902 1330 1960 1361 sed
1985 1329 2107 1361 fidem:

1119 1381 1255 1413 discant
1280 1379 1372 1412 idem
1396 1381 1575 1424 quomodo
1601 1380 1690 1420 vita,
1734 1392 1868 1420 mores,
1910 1390 1970 1412 seu
2003 1390 2108 1422 opera

1119 1431 1295 1474 placeant:
1323 1441 1404 1462 nam
1423 1427 1507 1462 baec
1524 1443 1663 1475 quoque
1684 1431 1820 1474 placere
1840 1437 1988 1475 oportet.
2042 1429 2110 1463 Pe-

1119 1489 1193 1515 trus
1216 1481 1253 1512 in
1281 1480 1404 1526 cymba
1429 1482 1713 1524 perterrefactus,
1751 1483 1883 1527 inquit:
1921 1480 1989 1515 Exi
2014 1493 2032 1514 a
2053 1492 2111 1513 me

1118 1531 1292 1570 Domine,
1321 1531 1403 1576 quia
1422 1538 1584 1575 peccator
1600 1544 1691 1567 sum.
1746 1532 1823 1567 Etsi
1843 1533 1879 1565 in
1899 1544 1936 1565 ea
1953 1539 2110 1566 conster-

1118 1583 1262 1616 natione
1280 1581 1408 1621 animi,
1437 1582 1520 1626 quid
1540 1583 1681 1624 diceret,
1710 1596 1782 1617 non
1799 1583 1959 1623 attendit,
1978 1590 2109 1621 tamen,

1117 1641 1156 1667 ut
1173 1634 1211 1667 fit
1228 1633 1263 1665 in
1284 1632 1409 1666 subitis
1425 1633 1598 1672 motibus,
1627 1634 1702 1667 sine
1720 1635 1946 1667 simulatione
1969 1645 2110 1678 expres-

1117 1686 1181 1725 sit,
1208 1685 1303 1729 quod
1331 1683 1470 1717 animus
1494 1685 1683 1725 sentiebat,
1716 1686 1872 1729 fugiebat
1896 1685 2026 1724 Deum,
2052 1684 2110 1718 in-

1117 1744 1218 1770 tuens
1235 1747 1332 1769 suam
1352 1734 1617 1778 indignitatem:
1643 1736 1691 1769 sic
1709 1748 1832 1770 omnes
1847 1734 2009 1769 homines
2024 1747 2110 1768 con-

1118 1793 1232 1832 specta
1255 1785 1464 1829 indignitate
1488 1797 1567 1827 sua,
1593 1787 1735 1830 fugiunt
1757 1788 1891 1827 Deum,
1926 1794 1959 1820 et
1981 1793 2108 1831 putant

1117 1851 1152 1872 se
1169 1844 1261 1871 recte
1284 1838 1395 1870 facere
1409 1865 1418 1878 ,
1446 1839 1540 1883 quod
1560 1838 1699 1882 indigni
1717 1839 1833 1872 nolint
1852 1839 1892 1872 ad
1912 1837 2029 1872 Deum
2051 1850 2109 1870 ac-

1118 1890 1250 1923 cedere.
1311 1887 1417 1921 Hunc
1441 1901 1595 1921 errorem
1623 1890 1768 1923 infixum
1793 1888 1960 1923 humanis
1982 1888 2109 1922 animis

1118 1937 1346 1984 reprehendit
1370 1952 1436 1972 vox
1462 1938 1671 1983 Evangelii,
1710 1952 1799 1986 quae
1823 1941 1921 1974 iubet
1946 1941 2108 1973 accedere

1119 2002 1321 2036 quanquam
1342 1990 1519 2033 indignos,
1539 1992 1597 2024 sed
1610 1991 1716 2025 fretos
1731 1991 1925 2025 mediatore
1943 1991 2015 2024 filio
2028 1989 2107 2025 Dei.

1117 2040 1195 2075 Etsi
1213 2042 1321 2085 igitur
1337 2042 1529 2074 necessaria
1549 2048 1598 2075 est
1624 2055 1715 2076 nova
1739 2042 1960 2083 obedientia,
1988 2048 2027 2075 ut
2051 2041 2108 2075 di-

1119 2101 1212 2128 ctum
1239 2099 1309 2133 est,
1344 2104 1382 2125 ac
1404 2092 1540 2127 iusticia
1566 2093 1680 2127 bonae
1702 2094 1954 2134 conscientiae,
1990 2100 2107 2126 tamen

1118 2144 1232 2178 renati
1250 2156 1321 2176 non
1339 2144 1556 2178 satisfaciunt
1575 2145 1665 2188 legi,
1692 2152 1724 2179 et
1743 2151 1859 2178 manet
1884 2145 1920 2177 in
1938 2145 1987 2177 eis
2012 2156 2109 2177 mor-

1119 2196 1184 2229 bus
1207 2194 1372 2238 originis:
1404 2195 1483 2239 qui,
1510 2201 1547 2228 ut
1574 2206 1674 2240 saepe
1700 2196 1768 2229 iam
1793 2196 1925 2229 dictum
1950 2202 2020 2236 est,
2046 2208 2108 2228 ne-

1121 2258 1296 2291 quaquam
1315 2245 1531 2278 existimetur
1547 2246 1623 2279 leve
1642 2247 1773 2279 malum
1792 2271 1800 2284 ‚
1827 2253 1859 2279 et
1877 2244 1935 2279 llic
1960 2247 2107 2280 morbus

1119 2297 1229 2339 gignit
1255 2297 1533 2329 innumerabiles
1553 2308 1678 2340 pravos
1701 2297 1855 2331 affectus.
1909 2296 2005 2330 Haec
2028 2310 2106 2330 curn

1120 2349 1190 2381 sint
1215 2348 1297 2381 vitia
1317 2348 1421 2391 digna
1445 2354 1558 2380 morte
1583 2354 1740 2387 aeterna,
1767 2349 1880 2382 renati
1903 2349 2008 2382 etiam
2033 2355 2109 2392 post

1120 2399 1405 2438 conversionem,
1448 2410 1522 2431 non
1549 2406 1630 2432 sunt
1655 2399 1760 2439 iusti,
1801 2399 1839 2431 id
1866 2407 1934 2438 est,
1975 2400 2107 2443 accepti

1120 2449 1195 2483 Deo
1217 2451 1259 2482 ad
1286 2450 1393 2484 vitam
1415 2457 1609 2489 aeternam,
1637 2456 1782 2493 propter
1808 2450 1969 2494 proprias
1994 2450 2104 2483 virtu-

1120 2507 1188 2539 tes,
1216 2502 1275 2533 sed
1295 2513 1356 2544 per
1374 2500 1650 2533 misericordiam
1671 2501 1793 2544 gratis,
1821 2501 1948 2535 fiducia
1972 2501 2105 2534 media-

1121 2552 1207 2585 toris
1230 2549 1375 2586 Christi.
1438 2551 1525 2584 ltem
1551 2562 1624 2583 non
1650 2558 1831 2585 merentur
1859 2552 1966 2586 vitam
1994 2558 2106 2585 aeter-

1120 2615 1202 2635 nam
1226 2604 1297 2636 suis
1322 2601 1488 2645 operibus
1513 2612 1573 2634 seu
1597 2602 1802 2637 virtutibus.
1864 2602 1932 2637 Sed
1955 2609 2106 2636 statuere

1121 2654 1250 2687 debent
1286 2665 1320 2686 se
1351 2653 1426 2685 fieri
1450 2650 1617 2686 haeredes
1649 2653 1741 2687 vitae
1771 2661 1932 2688 aeternae
1963 2660 2107 2697 propter

1121 2702 1299 2739 Christum
1327 2704 1432 2747 gratis
1458 2703 1540 2738 fide:
1576 2704 1640 2739 etsi
1662 2704 1785 2746 fidem,
1827 2711 1866 2739 ut
1889 2704 2022 2739 dictum
2046 2711 2108 2746 est,
