2415 2942
279 120 352 155 867

274 204 421 239 Domini
444 200 553 236 nostri
581 198 656 231 lesu
682 194 816 229 Christi
842 193 1015 226 credimus
1037 191 1183 230 salvari,
1210 189 1257 221 si-

277 264 331 287 cut
359 262 387 286 et
413 253 475 284 illi.
531 248 574 283 Et
598 248 772 282 Dominus
800 245 933 289 inquit:
964 239 1143 276 Abraham
1171 240 1258 273 vidit

278 306 370 337 diem
390 314 524 344 meum,
563 307 594 332 et
615 299 760 331 laetatus
776 302 836 328 est.

280 386 436 421 liisli'si'a
454 383 603 431 Deipcr
614 378 724 425 fidem
743 377 828 412 Iesu
850 372 998 412 Christi
1013 376 1051 409 in
1068 385 1206 415 ornnes,
1231 378 1261 407 et

637 443 743 478 super
770 440 904 464 omnes,

384 503 424 536 In
443 502 597 547 qualibet
616 498 854 542 disputatione
878 506 1015 528 necesse
1039 501 1088 527 est
1115 493 1263 525 maxime

285 558 457 589 intentum
486 564 557 585 esse
584 551 619 583 iii
645 547 903 582 controversiae
926 552 1052 578 statum
1077 551 1108 576 et
1132 543 1264 587 princi-

284 607 396 650 palem
415 602 703 648 propositionem.
745 598 865 632 Sciant
883 597 991 639 igitur
1007 595 1181 634 iuniores,
1199 592 1265 626 lioc

286 659 360 690 loco
379 655 467 689 tradi
490 652 716 697 principalem
739 648 1013 693 propositionem
1033 647 1076 677 de
1101 645 1266 677 iustifica-

286 710 392 741 tione.
445 704 574 737 Obiter
587 709 701 735 autem
719 700 842 743 repetit
857 697 987 730 Paulus
1004 696 1107 728 aliam
1128 701 1265 727 antece—

288 761 426 791 dentem
447 753 721 798 propositionem
743 750 847 793 paulo
871 754 951 780 ante
968 746 1163 778 recitatam:
1193 743 1267 777 To-

289 818 343 842 ius
365 807 516 840 mundus
532 810 581 837 est
598 813 676 835 rens
699 800 784 834 Deo.
839 798 889 831 lta
908 795 964 830 hic
982 797 1114 841 inquit:
1132 794 1268 828 Omnes

290 862 535 903 peccaverunt,
570 860 602 886 et
633 857 752 885 carent
784 849 892 892 gloria
921 846 1004 885 Dei,
1038 846 1098 879 ubi
1129 857 1270 889 prorsus

291 912 384 942 idem
403 907 549 944 dicitur,
577 903 670 948 quod
697 908 776 934 ante
800 900 932 932 dictum
958 905 1023 931 est:
1051 894 1187 930 Omnes
1205 894 1269 929 lio-

292 961 404 992 niines
428 964 527 989 natos
551 955 586 986 in
612 951 674 986 liac
698 950 946 995 depravatione
969 955 1115 981 naturae
1142 945 1270 980 habere

292 1015 488 1053 peccatum,
517 1013 547 1038 et
566 1016 642 1037 reos
660 1015 732 1035 esse
748 1013 864 1034 coram
886 999 970 1032 Deo.
1005 998 1049 1031 Et
1068 1009 1180 1042 neque
1197 997 1270 1029 fieri

293 1071 405 1103 neque
423 1069 494 1090 esse
512 1057 620 1088 iustos
638 1054 731 1096 lege,
749 1053 836 1085 sicut
854 1050 1014 1083 Psalnins
1033 1048 1164 1093 inquit:
1193 1047 1271 1080 Non

291 1109 536 1144 iustificabitur
554 1107 587 1138 in
615 1110 801 1147 conspectu
826 1109 886 1135 tuo
910 1108 972 1136 etc.
1024 1099 1074 1133 Ita
1104 1097 1160 1131 liic
1184 1098 1272 1130 dici—

293 1170 367 1195 tur:
397 1157 532 1192 Omni-s
560 1160 810 1200 peccaverunt,
845 1153 879 1185 id
904 1158 972 1191 est,
999 1147 1128 1183 habent
1153 1160 1273 1193 pecca-

294 1220 386 1250 tum,
414 1217 443 1241 et
470 1214 551 1241 sunt
579 1206 627 1239 rei
653 1205 760 1249 (Nota
776 1204 819 1237 sit
837 1203 929 1237 enim
949 1199 1084 1245 phrasis
1105 1199 1272 1242 Ebraea).

295 1262 340 1296 Et
359 1267 473 1294 carent
494 1259 604 1301 gloria
621 1255 685 1289 Dei
700 1283 708 1295 ‚
735 1256 768 1288 id
789 1261 860 1294 est,
887 1251 963 1287 Deo
982 1252 1056 1295 ipso
1074 1252 1212 1284 lucente
1236 1250 1272 1282 in

296 1315 361 1349 eis,
399 1311 457 1355 qui
485 1321 563 1341 vere
587 1315 634 1340 cst
659 1306 788 1348 gloria,
822 1305 856 1337 id
884 1310 952 1343 est,
979 1303 1058 1341 lux,
1092 1300 1274 1343 sapientia,

296 1362 449 1400 iusticia,
473 1360 542 1391 viia
561 1365 698 1390 aeterna
717 1364 747 1388 et
766 1355 894 1388 laetitia
913 1360 1064 1386 aeterna.
1116 1350 1161 1384 Et
1177 1363 1273 1384 com-

296 1413 480 1446 mnnicans
499 1422 569 1442 sese
588 1409 714 1446 beatis,
742 1406 822 1439 facit
846 1412 884 1438 ut
910 1404 945 1436 in
972 1403 1022 1435 eis
1039 1403 1149 1435 luceat
1166 1401 1275 1444 ipsius

296 1466 377 1501 lux,
406 1461 594 1504 sapientia,
629 1458 784 1495 iusticia,
812 1456 881 1488 vita
907 1461 1046 1488 aeterna
1075 1460 1106 1485 et
1133 1451 1276 1489 laetitia,

296 1516 383 1547 sicut
404 1513 548 1545 dicitnr:
578 1509 671 1542 Deus
689 1508 753 1540 erit
770 1506 887 1539 omnia
914 1506 950 1537 in
975 1503 1151 1538 omnibus.

400 1563 493 1596 Haec
519 1558 761 1602 interpretatio
786 1555 851 1588 boc
878 1556 954 1588 loco
986 1555 1153 1598 quadrat,
1195 1552 1276 1596 quia

298 1614 354 1648 liic
376 1615 585 1651 affirmatur,
613 1610 706 1654 quod
726 1609 760 1640 iii
784 1606 886 1639 nobis
904 1617 974 1638 non
992 1604 1035 1637 sit
1051 1604 1110 1635 illa
1130 1603 1278 1643 iusticia,

298 1677 384 1710 quae
408 1671 455 1696 est
485 1662 594 1705 gloria
620 1671 734 1693 coram
759 1657 854 1697 Deo,
890 1657 924 1689 id
952 1662 1020 1695 est,
1051 1665 1106 1687 res
1133 1653 1279 1697 optima,

298 1723 441 1760 propter
466 1724 569 1757 quam
596 1711 689 1744 Dens
714 1707 894 1742 hominem
926 1706 1105 1748 diligeret,
1147 1710 1180 1737 et
1206 1715 1279 1736 non

298 1769 499 1798 destrueret.
571 1761 790 1803 intelligatur
821 1769 903 1801 ergo
943 1756 1071 1800 gloria,
1113 1754 1168 1787 vel
1208 1754 1280 1797 ipse

299 1816 392 1850 Deus
419 1827 489 1848 sese
522 1814 626 1846 nobis
652 1809 934 1847 communicans,
968 1807 1022 1839 vel
1055 1805 1280 1838 conformitas

301 1879 378 1899 siim
395 1866 469 1899 Deo
498 1866 634 1897 lucente
658 1863 695 1894 in
715 1861 827 1893 nobis.
882 1858 969 1892 Nam
993 1855 1077 1890 haec
1097 1856 1280 1889 interitura

297 1919 367 1951 sita
395 1925 428 1950 et
453 1914 537 1949 haec
563 1913 698 1946 iusticia
723 1922 885 1955 operum,
923 1914 1193 1954 quantacunque
1221 1913 1281 1946 est,

301 1981 371 2000 non
400 1974 447 2000 est
474 1966 582 2008 gloria
602 1975 717 1996 coram
739 1962 830 2001 Deo,
857 1961 891 1992 id
918 1966 985 1999 est,
1007 1969 1060 1991 res
1078 1958 1173 1997 talis,
1199 1969 1280 2000 pro-

301 2028 376 2057 pter
395 2030 498 2062 quain
518 2016 610 2048 Deus
629 2015 746 2056 diligat
767 2011 962 2050 liominem,
979 2017 1011 2043 et
1029 2021 1100 2041 non
1119 2009 1281 2041 destruat.

301 2068 447 2101 Etiamsi
477 2074 526 2100 est
547 2066 717 2098 excellens
740 2062 849 2105 gloria
867 2073 983 2094 coram
1006 2057 1210 2092 hominibus
1228 2058 1280 2090 iii-

301 2120 397 2152 sticia
416 2118 576 2158 Solonis,
611 2123 669 2149 aut
692 2113 856 2148 Aristidis
871 2138 880 2152 ,
923 2118 1039 2144 tamen
1065 2121 1136 2141 non
1159 2108 1283 2142 tribuit

303 2171 332 2202 ei
353 2172 457 2202 vitain
478 2177 665 2201 aeternam.

401 2219 540 2261 Longae
573 2224 656 2250 sunt
679 2213 933 2258 disputationes
963 2211 1114 2244 aliorum
1145 2210 1188 2242 de
1220 2207 1283 2242 hac

301 2268 434 2312 phrasi:
464 2270 591 2303 Carent
616 2267 724 2311 gloria
749 2264 834 2304 Dei,
869 2263 926 2295 sed
952 2261 1122 2295 sententia
1146 2272 1218 2293 non
1235 2267 1283 2293 est

301 2322 459 2354 obscura.
514 2319 644 2352 Paulus
668 2317 817 2349 affirmat
850 2316 966 2346 deesse
996 2311 1086 2345 lianc
1109 2311 1282 2344 iusticiam

301 2371 337 2402 in
365 2368 548 2403 hominum
575 2376 720 2407 natura,
748 2378 836 2411 qnae
864 2371 912 2397 est
940 2364 1071 2405 integra
1092 2362 1282 2396 conformi-

301 2427 352 2452 tas
376 2432 453 2453 cnm
473 2419 568 2460 Dm,
595 2420 670 2453 sine
688 2425 825 2462 peccato
843 2422 875 2448 et
892 2415 966 2447 sine
984 2420 1107 2448 morte.

404 2470 598 2512 Diligenter
621 2476 736 2502 antem
759 2467 975 2500 observanda
1003 2472 1052 2498 est
1074 2463 1281 2497 universalis

300 2521 469 2565 particula
502 2521 537 2552 in
567 2527 713 2564 utraque
741 2516 995 2562 propositione,
1033 2515 1066 2547 in
1102 2514 1281 2558 praedica-

298 2573 393 2604 tione
422 2571 655 2614 poenitentiae
681 2576 713 2602 et
737 2568 969 2612 promissione
997 2567 1140 2609 gratiae:
1170 2563 1278 2597 Dam—

298 2630 427 2655 nantur
453 2632 573 2653 omnes
605 2617 766 2651 homines
791 2619 863 2652 nati
895 2618 930 2649 in
961 2615 1025 2649 liae
1052 2616 1278 2659 corruptione

297 2681 456 2707 naturae,
484 2679 522 2704 ut
540 2670 649 2715 inquit
664 2683 669 2701 :
687 2666 823 2703 Omnes
841 2674 955 2701 carent
974 2667 1083 2711 gloria
1103 2665 1178 2705 Dei,
1205 2677 1276 2699 non

869 107 995 144 PHIL.
1023 104 1139 142 MEL.
1168 100 1378 140 SCRlPTA
1409 97 1712 138 EXEGETICA.

2224 105 2298 140 868

1311 189 1359 239 est
1377 182 1569 220 distinctio.
1623 185 1746 220 Postea
1772 195 1804 221 et
1829 190 1871 223 de
1888 192 2120 234 promissione
2140 191 2295 224 inculca-

1312 234 1362 267 bit
1381 235 1591 285 particulam
1604 237 1851 275 universalem.
1880 240 2017 276 lusticia
2030 243 2093 277 Dei
2114 255 2175 287 per
2191 242 2295 274 fidem

1313 283 1390 340 lesu
1407 283 1538 341 Qhristi
1561 286 1597 318 in
1620 299 1759 328 omnes,
1787 296 1818 322 et
1843 301 1948 336 super
1965 304 2098 329 omnes.
2153 292 2292 326 tusiicia

1313 335 1376 368 Dei
1391 360 1400 374 ‚
1428 337 1462 392 id
1483 344 1552 376 est,
1581 349 1684 382 quam
1704 337 1799 372 Deus
1816 342 1975 383 promisit
2001 350 2141 386 propter
2165 343 2297 375 media-—

1313 391 1424 418 torem
1442 394 1597 429 ignotam
1616 389 1766 430 rationi,
1790 402 1878 434 quae
1895 403 1966 424 non
1985 399 2032 425 est
2050 393 2184 425 iusticia
2202 393 2297 436 legis,

1314 448 1373 468 seii
1399 447 1563 493 operum,
1597 440 1655 471 sed
1684 447 1733 473 est
1758 442 1914 474 remissio
1943 449 2162 485 peccatorum
2188 449 2219 476 et
2244 455 2298 475 re-

1315 486 1536 528 conciliatio,
1563 495 1596 521 et
1614 489 1802 533 imputatio
1822 492 1996 530 iusticiae‚
2024 504 2083 526 seu
2109 492 2298 536 acceptatio

1317 543 1458 593 propt-er
1476 539 1678 573 mediatoris
1699 542 1958 583 obedientiam,
1985 556 2062 576 cum
2087 555 2153 588 qua
2177 554 2300 575 recon-

1317 587 1504 644 fumumie.
1518 590 1704 624 coniuncta
1738 598 1787 624 est
1812 592 2022 632 vivificatio,
2066 606 2155 638 quae
2178 593 2215 626 fit
2239 604 2301 636 per

1318 638 1566 696 ipsumqliliiim
1590 639 1677 681 Dei,
1713 654 1791 675 cum
1818 643 1884 675 fide
1911 641 2207 688 apprehendimus
2224 655 2300 676 ver-

1318 688 1402 720 bum
1421 687 1619 736 Evangelii.
1673 690 1775 725 Hanc
1792 693 1964 726 iusticiam
1989 695 2037 728 ait
2053 695 2170 727 offerri
2187 693 2302 726 omni-

1319 739 1400 796 bi153
1430 739 1517 772 sicut
1535 741 1620 774 alibi
1635 753 1735 786 saepe
1753 744 1903 778 inculcat
1921 745 2167 778 universalem.

1370 789 1455 832 bap.
1476 790 1531 824 10.
1548 790 1655 825 Dives
1671 793 1769 826 Deus
1793 794 1829 826 in
1848 806 1987 837 omnes,
2013 796 2073 840 qui
2090 794 2304 829 invocaverit

1423 850 1551 873 nomen
1563 840 1720 884 Domini,
1739 844 1855 877 salvus
1873 845 1948 878 erit.

1371 886 1417 922 ht
1433 889 1515 934 Cap.
1536 893 1590 925 11.
1615 893 1796 928 Conclusit
1821 894 1915 929 Deus
1938 908 2059 930 omnes
2087 897 2153 930 sub
2182 907 2303 940 pecca-

1425 946 1497 972 tum
1516 948 1578 974 etc.

1372 985 1417 1023 Et
1434 988 1750 1039 Dominusinquit:
1780 994 1906 1030 Venite
1931 998 1974 1030 ad
1996 1010 2051 1031 me
2075 1008 2217 1038 omnes,
2243 996 2305 1042 qui

1425 1041 1593 1076 laboratis
1611 1051 1643 1077 et
1659 1045 1795 1078 onerati
1811 1046 1891 1080 estis
1906 1054 1971 1081 etc.

1377 1088 1482 1147 Item:
1513 1091 1606 1127 Deus
1625 1096 1699 1128 vult
1715 1108 1835 1129 omnes
1852 1094 2012 1131 homines
2027 1098 2140 1131 salvos
2157 1097 2245 1132 fieri.

1377 1138 1422 1173 ht
1437 1140 1530 1176 hsai.
1550 1144 1627 1177 42:
1654 1145 1734 1179 Non
1752 1146 1897 1190 accipiet
1920 1160 2116 1191 personam.

1377 1189 1451 1226 53.:
1479 1191 1600 1229 Posuit
1616 1194 1712 1230 Deus
1735 1197 1771 1229 in
1790 1209 1830 1230 eo
1847 1197 2050 1243 iniquitates
2066 1198 2224 1232 omnium
2243 1209 2307 1231 no-

1427 1249 1550 1280 strum.

1377 1290 1471 1326 Haec
1495 1295 1707 1331 universalia
1742 1298 1832 1332 dicta
1857 1300 1900 1331 de
1929 1299 2163 1344 promissione
2189 1305 2305 1332 tenea-

1327 1353 1406 1374 mus
1429 1349 1461 1399 et
1489 1357 1707 1388 opponamus
1733 1349 1916 1382 tentationi
1952 1352 1994 1383 de
2020 1350 2306 1393 particularitate,

1327 1404 1406 1424 cum
1425 1394 1604 1437 disputant
1621 1405 1769 1438 mentes,
1799 1412 1842 1431 an
1860 1400 1929 1433 sint
1952 1401 1988 1432 in
2008 1411 2156 1432 numero
2175 1400 2307 1432 electo-

1328 1442 1430 1475 rum?
1460 1445 1503 1477 ab
1526 1443 1589 1478 liae
1614 1447 1850 1491 disput-‘itione
1874 1451 1915 1482 ad
1948 1450 2134 1483 revelatam
2159 1447 2224 1483 Dei
2248 1461 2308 1482 vo·-

1328 1493 1499 1528 luntatem
1522 1496 1558 1528 in
1582 1496 1771 1541 Evangelio
1802 1501 2037 1540 deducamur,
2071 1506 2104 1533 et
2128 1501 2309 1532 credamus

1331 1555 1490 1601 expresso
1511 1548 1618 1579 verbo
1642 1546 1725 1589 Dei,
1765 1557 1797 1582 et
1820 1562 1883 1583 nos
1909 1551 1944 1582 in
1970 1551 2200 1583 universalem
2227 1561 2309 1593 pro-

1331 1605 1533 1627 missionem
1550 1597 1793 1639 includamus,
1820 1601 1970 1633 sciamus
1986 1611 2060 1633 eam
2080 1601 2121 1632 ad
2141 1611 2205 1633 nos
2221 1611 2310 1644 quo-

1332 1656 1398 1700 que
1416 1646 1610 1688 pertinere,
1640 1648 1789 1683 sciamus
1814 1650 1925 1683 filium
1943 1649 2007 1683 Dei
2036 1662 2191 1683 veracem
2217 1662 2309 1683 nnn-

1333 1707 1425 1727 cium
1443 1707 1532 1753 esse,
1550 1710 1611 1741 per
1629 1710 1732 1743 quem
1751 1701 1884 1743 prolata
1907 1708 1958 1735 est
1975 1701 2158 1744 promissio
2175 1712 2215 1733 ex
2231 1701 2311 1733 sinu

1334 1752 1466 1803 aeterni
1483 1749 1609 1791 patris,
1635 1761 1698 1782 nec
1722 1750 1892 1794 fingamus
1911 1753 1953 1784 de
1969 1753 2088 1785 eadem
2116 1764 2153 1785 re
2170 1757 2309 1784 contra—

1334 1797 1498 1830 dictorias
1520 1800 1716 1834 voluntates
1736 1801 1770 1834 in
1789 1802 1880 1842 Deo,
1908 1803 1989 1847 quia
2013 1800 2108 1835 Deus
2131 1813 2234 1835 verax
2248 1808 2312 1835 est.

1334 1845 1434 1880 Hanc
1456 1851 1733 1884 consolationem
1764 1859 1912 1885 sumtam
1942 1864 1984 1885 ex
2012 1853 2120 1885 verbo
2150 1863 2310 1895 expresso

1335 1905 1533 1956 teneamus,
1558 1913 1620 1934 nec
1639 1913 1701 1934 nos
1719 1901 1810 1944 ipsos
1834 1903 2136 1936 inextricabilibus
2153 1903 2311 1948 labyrin—

1334 1955 1404 1981 tius
1422 1950 1697 1993 disputationum
1716 1952 1954 1996 implicemus,
1981 1965 2069 1998 quae
2093 1954 2195 1986 fidem
2213 1964 2310 1986 evei·-

1335 2006 1432 2056 tunt‚
1458 2012 1496 2033 ac
1520 2003 1630 2036 multo
1649 2003 1755 2044 magis
1773 2004 1948 2037 luctemur
1960 2016 2038 2037 cum
2058 2012 2175 2037 nostra
2199 2003 2312 2037 imbe-

1334 2051 1495 2092 cillitate,
1525 2059 1557 2085 et
1582 2053 1612 2085 ei
1639 2053 1907 2097 promissionem
1938 2054 2172 2088 universalem
2200 2066 2312 2098 oppo-

1334 2112 1475 2142 namus,
1507 2104 1561 2136 cui
1584 2104 1832 2145 assentiamur,
1867 2111 1899 2138 et
1932 2105 2035 2138 simul
2067 2111 2224 2148 petamus
2249 2117 2312 2138 nos

1334 2152 1552 2194 confirmari,
1578 2154 1666 2188 sicut
1690 2155 1749 2186 ille
1764 2155 1896 2200 inquit:
1925 2154 2039 2189 Credo
2059 2154 2225 2194 Domine,
2251 2156 2309 2187 sed

1333 2215 1433 2245 opem
1467 2204 1519 2237 fer
1552 2205 1930 2246 iiiibecillitatinieae,
1976 2218 2039 2239 nee
2069 2205 2312 2247 indulgeamus

1334 2260 1472 2287 nostrae
1489 2256 1715 2290 diffidentiae.
1768 2255 1870 2290 Hanc
1892 2256 2169 2290 admonitionem
2189 2254 2312 2288 utilem

1332 2317 1403 2339 esse
1424 2307 1646 2340 manifestum
1665 2314 1726 2341 est.

1546 2387 1800 2434 Iuslficamur
1817 2393 1934 2423 autem
1961 2386 2104 2423 Gratis.

1434 2457 1528 2491 Haec
1544 2466 1614 2492 tota
1634 2458 1816 2502 perioduS,
1845 2469 1931 2502 quae
1948 2457 2122 2502 sequitur,
2149 2462 2197 2490 est
2214 2456 2312 2500 prin-

1331 2510 1452 2554 cipalis
1485 2510 1678 2554 propositio
1705 2516 1737 2542 et
1769 2515 1877 2541 status
1907 2508 1943 2540 in
1979 2505 2043 2541 hac
2076 2507 2312 2550 disputatione

1331 2561 1450 2601 Pauli,
1478 2562 1519 2593 ac'
1538 2561 1667 2593 multae
1697 2559 1978 2592 circumstantiae
2009 2556 2065 2591 liic
2098 2558 2313 2592 intexuntur.

1329 2612 1381 2645 Sit
1406 2618 1520 2644 autem
1547 2617 1628 2643 nota
1654 2607 1790 2654 phrasis
1823 2609 2073 2649 iustificatum,
2110 2608 2145 2640 id
2170 2615 2239 2645 est,
2266 2619 2306 2640 ex

1330 2663 1396 2696 reis
1415 2661 1691 2707 pronunciamur
1713 2672 1784 2694 non
1807 2660 1877 2700 rei,
1906 2662 2079 2694 donamur
2104 2658 2308 2692 remissione
