2415 2942
272 107 346 145 795

281 190 374 234 quod
400 188 440 220 ad
468 197 581 221 mores
606 183 745 224 attinet,
778 180 982 229 hypocritae
1013 181 1069 215 isti
1093 178 1254 223 gnaviter

283 245 412 273 norunt
438 237 603 272 simulare
624 235 841 274 comitatem,
868 233 1091 274 facilitatem,
1122 230 1260 277 patien-

283 291 365 323 tiam
384 313 392 324 .
437 294 568 321 norunt
597 293 674 330 apte
706 285 862 318 alludere
895 284 938 317 ad
964 294 1085 317 eorum
1109 281 1264 320 affectus,

284 340 412 384 quibus
429 350 507 372 cum
526 344 645 381 agunt.
700 335 816 369 Huius
842 335 891 367 rei
917 333 1072 377 exempla
1096 331 1198 365 facile
1215 337 1265 363 cst

284 390 436 432 reperire
456 390 549 433 apud
573 385 776 421 monachos.
829 383 877 419 Et
901 383 969 418 hoc
993 391 1150 427 tempore
1168 382 1266 415 Aua-

283 441 473 483 baptistae,
509 451 587 472 cum
613 438 755 483 quidem
783 436 892 469 multa
919 436 1081 473 doceant,
1117 444 1187 467 non
1212 444 1268 465 so-

288 492 359 523 lum
386 490 490 529 falsa,
529 491 587 522 sed
621 489 723 522 etiam
757 488 909 520 absurda
938 493 970 520 et
996 485 1111 530 palam
1138 481 1268 516 abhor-
1294 500 1295 516 ι

286 541 397 574 rentia
431 552 448 571 a
484 547 554 574 tota
590 546 714 572 natura
745 536 950 574 hominum,
986 543 1102 569 tamen
1132 535 1267 567 animos

290 590 495 628 hominum,
533 597 650 624 tamen
672 588 807 622 animos
834 586 1016 620 hominum
1043 585 1186 628 capiunt
1211 584 1270 615 illa

292 642 492 685 prodigiosa
534 640 760 673 simulatione
792 638 981 685 patientiae
1014 644 1046 670 et
1071 634 1271 668 modestiae.

294 692 409 725 llabet
444 691 573 724 alicubi
618 701 697 723 suas
739 689 928 722 blanditias
964 687 1068 720 etiam
1103 685 1272 722 doctrina,

294 755 382 788 quae
408 750 440 775 et
464 743 536 785 ipsa
564 741 707 784 figurate
732 739 909 772 interdum
933 737 1096 770 adulatur
1131 735 1273 779 populo,

295 801 334 827 ut
351 804 428 826 cuin
449 793 573 835 vulgus
593 790 838 832 intempestive
860 789 994 822 levatur
1019 787 1185 820 oneribus
1205 793 1275 818 tra-

294 845 486 877 ditionum:
518 854 596 875 cum
623 839 788 873 homines
804 838 978 883 ingeniosi
996 838 1181 871 solvuntur
1198 836 1277 868 vin-

297 895 383 928 culis
409 894 611 935 dogmatum
637 891 862 931 coelestium,
889 901 978 934 quae
1005 888 1133 922 rationi
1156 887 1279 919 viden-

294 953 351 979 tur
373 944 536 977 absurda.

404 1016 579 1064 Εὐλογιάι
598 1018 795 1061 significant
807 1014 951 1049 Graecis
967 1014 1197 1054 laudationes,
1220 1013 1278 1046 sed

302 1070 430 1103 Paulus
451 1069 625 1102 Hebraico
647 1079 743 1102 more
759 1064 927 1113 εὐλογίας
943 1071 1043 1098 vocat
1061 1065 1276 1098 benedictio-

304 1132 382 1160 nes,
407 1118 558 1159 honest,
585 1120 696 1153 bonas
724 1117 992 1161 imprecationes
1019 1122 1051 1148 et
1077 1115 1278 1158 magnificas

300 1171 560 1215 promissiones,
628 1169 716 1203 Nam
740 1166 803 1202 liae
828 1167 979 1202 facilime
1004 1166 1179 1200 infatuant
1202 1165 1279 1200 ani·
1302 1164 1310 1199 l

859 95 985 133 PutL.
1020 92 1136 131 MEL.
1168 91 1377 128 SCRIPTA
1412 91 1708 130 ExEGETtCA.

1294 517 1295 524 ἵ
1323 485 1418 516 firma
1450 483 1650 527 cognitione
1691 484 1789 516 verbi
1820 483 1898 518 Dei.

2221 95 2294 131 796

1313 191 1386 213 mos
1410 191 1487 224 spe,
1515 185 1609 212 metu
1638 185 1669 212 et
1697 178 1775 212 aliis
1805 180 1986 215 affectibus
2009 187 2218 223 occupatos,
2256 187 2295 215 ut

1314 242 1391 264 cum
1403 230 1527 264 Annae
1545 230 1741 263 cultoribus
1760 231 2014 274 promittuntur
2032 232 2176 266 divitiae
2189 258 2198 275 ,
2215 244 2295 265 cum

1315 279 1477 314 monachi
1494 281 1707 324 promittunt
1723 281 1829 314 vitam
1845 288 2019 314 aeternam
2040 294 2101 325 pro
2123 282 2193 315 suis
2219 282 2297 315 riti—

1317 333 1393 372 bus,
1409 344 1486 364 curn
1508 333 1720 375 promittunt
1737 331 1935 365 felicitatem
1954 331 1989 364 in
2006 333 2171 366 omnibus
2190 344 2296 375 nego-

1318 383 1375 416 tiis
1396 394 1460 429 pro
1478 382 1645 415 sacrificio
1660 381 1802 417 Missae.
1838 383 2018 415 Adversus
2035 394 2156 414 omnes
2174 381 2299 416 liuius-

1320 433 1416 465 modi
1444 432 1590 466 insidias
1624 433 1756 466 muniri
1789 439 1951 476 opportet
1983 433 2118 465 animos
2145 440 2242 475 ,certa
2266 441 2300 468 et

1974 483 2074 517 Sicut
2101 483 2148 515 ait
2179 481 2304 516 Petrus

1324 532 1502 569 2.Pe1.1.:
1530 533 1761 574 Benefacitis,
1778 535 1995 567 attendentes
2013 531 2217 576 prophetico
2231 545 2303 567 ser-

1325 584 1440 623 moni,
1475 592 1640 629 tauquam
1673 584 1835 618 lucernae
1859 584 1987 617 lucenti
2013 584 2048 616 in
2085 585 2160 616 loco
2184 584 2303 627 caligi-

1327 645 1429 675 noso,
1457 636 1567 667 donec
1585 635 1760 669 illucescat
1788 635 1881 676 dies,
1908 642 1941 668 et
1967 636 2101 667 oriatur
2120 634 2242 668 lucifer
2268 635 2306 667 in

1326 686 1489 718 cordibus
1506 687 1639 720 vestris.

1428 735 1522 769 Deus
1548 736 1664 780 itaque
1689 737 1859 779 gubernet
1891 737 1994 769 corda
2027 743 2144 769 nostra
2166 742 2306 780 propter

1329 785 1519 820 Dominum
1543 795 1702 819 nostrum
1729 786 1841 820 Iesum
1868 785 2048 820 Christum
2066 786 2201 830 Spiritu
2226 798 2307 819 san-

1330 844 1383 870 cto
1395 864 1402 874 ,
1429 844 1466 870 ut
1483 837 1711 880 Evangelium
1729 839 1770 870 de
1787 836 1883 870 coelo
1900 838 2067 871 traditum
2086 837 2310 876 retineamus,

1331 894 1363 920 et
1387 888 1422 919 in
1446 887 1624 930 agnitione
1646 894 1678 921 et
1705 889 1829 921 fiducia
1855 886 1986 921 Clu-isti
2011 888 2248 931 proficiamus,
2277 893 2310 920 et

1333 945 1371 971 ut
1396 938 1542 980 gloriam
1566 936 1751 981 Evangelii
1776 938 1940 972 omnibus
1964 939 2030 982 piis
2056 938 2178 971 officiis
2205 949 2309 971 orne-

1334 1000 1428 1029 mus,
1456 996 1487 1022 et
1505 989 1626 1021 reddat
1642 988 1815 1023 Ecclesiae
1831 989 2052 1023 concordiam
2071 989 2163 1034 piam
2181 994 2214 1021 et
2231 999 2312 1032 per-

1333 1045 1489 1084 petuam,
1516 1040 1642 1074 Amen.

1660 1086 1755 1121 Deo
1782 1084 1971 1123 Gratia.

1746 1163 1884 1197 Finis
