2415 2942
73 97 169 136 1165
221 98 323 134 XIII.

70 184 206 219 iusticia
222 195 381 228 opernm,
408 184 451 217 de
470 184 656 225 coelibatu,
684 191 716 218 et
732 184 810 218 aliis
831 184 947 218 stultis
966 196 1061 217 cere-

71 236 219 275 moniis,
271 235 422 269 extincta
446 235 523 268 luce
545 234 743 279 Evangelii.

170 293 254 327 Post
279 291 370 327 hanc
394 292 703 338 reprehensionem
724 294 823 327 addit
847 293 968 327 Esaias
993 305 1056 326 an-

70 342 232 378 tithesin:
276 344 391 386 Quem
416 345 556 378 docebit
580 344 788 377 scientiam?
822 344 1013 377 ablactatos
1038 356 1055 376 a

70 396 177 434 lacte,
212 396 352 428 avulsos
377 396 421 428 ab
443 396 627 435 uberibus,
655 396 691 427 id
710 401 778 434 est,
816 395 998 436 castigatos
1023 401 1056 427 et

70 458 144 479 non
183 446 297 478 ebrios
333 446 574 490 voluptatibus
609 452 642 479 et
677 445 926 488 opinionibus,
971 456 1056 489 quas

71 497 206 539 peperit
243 493 327 528 llaec
354 508 455 529 coeca
485 503 628 536 natura,
675 503 707 529 et
735 507 821 540 quas
855 496 1056 529 didicerunt

70 547 164 580 inter
184 544 392 579 Pharisaeos
407 559 425 579 a
443 547 611 590 pueritia,
637 546 726 579 sicut
751 547 787 578 in
805 547 926 578 eodem
944 547 1056 589 capite

71 609 151 630 mox
178 598 311 641 inquit:
349 596 495 630 vexatio
520 598 578 630 dat
594 597 824 631 intellectum.

169 655 294 689 Postea
313 656 471 700 sequitur
481 655 658 696 Mimesis‚
688 667 776 700 quae
794 656 914 689 recitat
933 667 1053 687 eorum

70 706 295 740 traditiones:
325 707 455 739 Blanda
477 707 662 746 remanda,
691 714 828 749 expecta
847 718 882 738 re
904 713 1054 748 expecta,

70 758 248 790 modicum
276 757 346 797 ibi,
373 757 470 801 quasi
495 756 603 789 dicat:
641 757 710 800 Ipsi
730 758 893 789 mandata
911 765 941 789 et
961 757 1053 797 glos-

71 820 124 840 sas
142 808 332 842 cumulant.
387 807 456 840 Sed
482 805 547 839 hae
570 807 703 849 glossae
730 814 833 840 erunt
859 808 908 839 eis
934 807 1051 839 exitio.

74 857 185 891 Addit
208 858 330 899 igitur:
369 856 428 889 Me
454 857 617 891 derident
632 858 703 890 suis
722 858 775 890 vel
801 857 1053 891 traditionibus

72 909 126 940 vel
144 908 278 940 ironiis.
327 903 400 950 Ego
419 907 570 940 vicissim
590 908 716 953 loquar
734 909 782 942 eis
801 909 939 951 lingua,
965 919 1054 953 quae

69 958 286 1000 displicebit,
328 969 389 990 seu
418 958 609 999 derisoria,
652 966 685 992 et
708 959 840 992 vocabo
866 966 984 1002 gentes
1009 959 1050 991 ad

68 1008 268 1041 societatem
293 1007 468 1041 Ecclesiae
500 1009 646 1042 diversis
678 1010 826 1052 linguis,
870 1016 904 1043 et
928 1010 1053 1042 delebo

68 1059 224 1102 ipsorum
250 1059 421 1102 politiam.
475 1058 569 1092 Haec
591 1067 640 1093 est
668 1060 925 1103 simplicissima
950 1071 1052 1092 enar-

68 1110 169 1142 ratio.
199 1108 239 1141 In
258 1108 431 1142 Hebraico
450 1110 592 1151 legitur:
623 1110 740 1144 Labiis
759 1111 1051 1150 subsannatoriis,

68 1167 101 1193 et
125 1159 194 1192 alia
219 1159 338 1202 lingua
364 1160 528 1204 loquetur
554 1162 597 1193 ad
624 1159 719 1194 hunc
746 1162 927 1205 populum.
983 1160 1052 1195 Ubi

67 1208 250 1244 antithesis
282 1211 541 1251 consideretur,
582 1213 682 1255 quasi
706 1213 814 1245 dicat:
857 1211 960 1245 Nunc
987 1211 1052 1254 ipsi

67 1272 185 1294 meum
210 1261 357 1294 verbum
383 1261 561 1302 derident,
590 1269 622 1295 et
647 1275 720 1295 mea
746 1263 867 1305 lingua
890 1262 973 1305 ipsis
994 1273 1052 1305 pe-

66 1311 205 1355 regrina
230 1318 280 1344 est
301 1323 361 1344 seu
386 1312 553 1346 barbara:
582 1310 657 1355 Ego
684 1313 835 1345 vicissim
855 1313 981 1357 loquar
1006 1312 1053 1344 eis

67 1362 188 1405 lingua
210 1374 290 1395 vere
313 1363 516 1405 peregrina,
545 1375 633 1407 qnae
651 1370 734 1396 tunc
751 1364 800 1396 eis
820 1364 955 1405 ingrata
974 1363 1052 1402 erit,

67 1413 229 1454 colligam
246 1420 365 1456 gentes
384 1414 426 1446 ad
446 1414 644 1447 societatem
662 1412 837 1447 Ecclesiae
855 1414 968 1448 deleta
989 1411 1053 1446 hac

66 1463 200 1508 politia.

168 1520 222 1556 Ex
246 1519 310 1555 hac
336 1522 490 1565 simplici
512 1522 718 1556 recitatione
741 1523 968 1557 manifestum
992 1529 1053 1563 est,

67 1573 218 1607 Paulum
242 1579 332 1605 recte
355 1573 478 1605 citasse
500 1569 567 1605 boc
592 1574 743 1612 dictum,
772 1581 804 1607 et
827 1575 910 1606 inde
934 1580 1053 1607 osten-

69 1625 150 1656 dere
166 1624 300 1655 donum
318 1622 518 1664 linguarum
538 1623 675 1666 signum
692 1636 762 1657 esse
782 1624 1053 1667 praedicationis

69 1672 265 1716 Evangelii.
324 1671 365 1704 In
397 1671 532 1705 Graeca
564 1674 725 1706 versione
758 1674 880 1706 Esaiae
909 1674 1051 1716 legitur:

69 1722 131 1758 διὰ
167 1720 380 1770 φαυλισ,ιιὸν
410 1721 580 1767 χειλέων,
623 1722 685 1758 διὰ
719 1721 886 1771 γλώσσης
921 1723 1053 1769 ἑτέρας,

68 1782 131 1809 etc.
183 1773 356 1808 Reddidit
373 1774 465 1806 enim
483 1766 556 1822 :53¹2
579 1773 807 1820 φαυλισλιιὸιι,
829 1776 922 1820 quod
943 1776 1053 1818 signi-

68 1826 145 1858 ficat
164 1825 488 1858 subsannationem.
515 1816 680 1859 'Deinde
703 1834 736 1860 et
760 1827 868 1860 altera
893 1838 959 1858 vox
986 1827 1049 1858 ad-

70 1876 168 1909 ditur
185 1876 222 1907 in
240 1874 378 1909 Ebraeo
397 1882 429 1907 et
454 1876 490 1907 in
510 1874 665 1917 Graeco,
706 1877 868 1911 videlicet
896 1877 963 1909 alia
982 1877 1053 1909 lin-

69 1938 134 1970 gua
148 1954 156 1967 ‚
184 1927 278 1971 quod
297 1926 462 1959 convenit
480 1927 522 1959 ad
542 1926 642 1961 Pauli
668 1929 887 1963 sententiam.

11 2016 12 2025 ¹
61 2018 173 2055 ‘Dore
207 2018 247 2054 αἱ
279 2021 441 2066 γλῶσσαι
480 2020 528 2058 εἷς
565 2022 715 2065 σημεῖον
750 2019 861 2062 εἰσὶν,
898 2019 941 2055 οὐ
976 2022 1052 2060 τοῖς

220 2067 473 2111 πιστεύουσιν,
504 2069 596 2105 ἀλλὰ
624 2073 700 2110 τοῖς
725 2070 900 2110 ἀπίστοις.

168 2147 311 2181 Dictum
335 2153 385 2180 est
408 2157 528 2190 supra,
556 2148 688 2180 donum
712 2147 913 2190 linguarum
930 2145 1051 2179 Eccle-

69 2199 139 2232 siae
164 2199 374 2233 attributum
399 2209 488 2235 esse,
516 2205 553 2231 ut
572 2196 804 2241 Evangelium
825 2198 917 2231 inter
933 2205 1050 2240 gentes

67 2249 251 2295 propagari
277 2255 400 2292 posset.
454 2247 569 2282 Simul
588 2255 703 2281 autem
725 2250 792 2282 fuit
809 2249 1048 2283 testimonium

68 2301 285 2344 praesentiae
308 2297 393 2342 Dei,
434 2299 561 2333 utalia
594 2300 775 2333 miracula.
844 2298 912 2332 Hic
945 2300 1051 2342 igitur

15 2382 18 2387 .
67 2350 198 2385 Paulus
216 2350 350 2396 inquit,
377 2351 578 2394 linguarum
603 2351 804 2384 varietatem
825 2350 963 2392 signum
980 2362 1050 2384 esse

69 2414 140 2436 non
166 2401 410 2442 credentibus,
446 2403 505 2435 sed
532 2401 741 2442 incredulis,
785 2401 967 2441 videlicet,
1011 2408 1049 2435 ut

69 2454 154 2487 moti
179 2451 246 2486 hoc
274 2452 465 2493 miraculo,
507 2452 597 2486 sicut
627 2453 753 2485 caeteri
784 2452 981 2486 invitentur
1006 2453 1049 2485 ad

68 2501 312 2547 Evangelium.
365 2502 437 2537 Nec
461 2515 548 2549 opus
573 2509 623 2537 est
646 2504 805 2547 longiore
826 2503 1049 2537 enarratione

66 2555 102 2588 in
127 2552 193 2588 hoc
220 2555 394 2589 membro.

167 2613 291 2648 Postea
309 2612 530 2658 prophetiam
549 2614 596 2648 ait
623 2614 787 2657 prodesse
813 2613 1048 2650 credentibus,

67 2664 254 2700 Manifesta
274 2666 446 2699 sententia
463 2672 531 2707 est,
564 2665 624 2699 Ait
639 2664 965 2710 interpretationem
985 2665 1049 2699 toti

376 97 413 135 4.
442 96 778 136 COMMENTAR.
805 98 855 134 IN
881 97 1038 134 EPIST.
1065 94 1214 132 PAULI
1240 94 1307 132 AD
1334 95 1656 134 CORINTHIOS.

1719 96 1822 134 CAP.
1849 97 1947 135 XIV.
2000 98 2096 133 1166

1113 182 1226 216 coetui
1251 183 1431 226 prodesse,
1463 183 1499 216 in
1520 196 1589 228 quo
1607 184 1710 218 multi
1737 184 1935 227 peregrinas
1956 183 2093 226 linguas

1112 245 1185 266 non
1212 234 1464 277 intelligebant.
1517 234 1565 267 Hi
1594 247 1674 268 cum
1704 236 1854 269 audiunt
1878 247 1938 268 sua
1972 235 2091 277 lingua

1112 284 1371 318 enarrationem
1405 285 1552 317 alicuius
1584 283 1806 329 propheticae
1839 285 2019 318 concionis
2049 286 2092 317 de

1111 346 1247 367 summa
1269 335 1466 375 doctrinae,
1499 336 1710 369 erudiuntur
1733 343 1765 369 et
1788 337 2026 369 exuscitantur
2048 336 2092 368 ad

1111 385 1295 424 timorem,
1320 385 1443 425 fidem,
1466 397 1581 428 spem,
1606 387 1881 427 invocationem,
1900 386 2090 428 gratiarum

1110 435 1302 475 actionem,
1330 436 1574 475 tolerantiam,
1601 444 1631 470 et
1652 438 1693 469 ad
1720 438 1804 469 alias
1821 438 1977 470 virtutes.
2033 437 2091 469 Si-

1110 492 1167 518 cut
1184 485 1314 518 Paulus
1333 487 1430 518 docet
1451 493 1483 518 et
1502 487 1683 520 confirmat
1702 489 1897 527 credentes,
1926 489 2036 520 citans
2058 494 2091 519 et

1109 548 1275 568 enarrans
1303 536 1436 569 dictum
1466 548 1506 569 ex
1533 536 1682 569 Genesi:
1729 537 1885 571 Credidit
1909 536 2092 571 Abraham

1109 587 1206 624 Deo,
1243 593 1276 619 et
1304 586 1513 628 imputatum
1539 594 1589 619 est
1613 587 1641 619 ei
1669 589 1712 619 ad
1739 589 1925 623 iusticiam.
1983 587 2029 621 Et
2053 588 2091 619 in

1108 636 1266 680 Epistola
1291 638 1332 669 ad
1353 636 1507 669 Ebraeos
1532 638 1744 670 erudiuntur
1761 641 1961 677 credentes,
1990 651 2092 670 enar-

1110 688 1246 721 ratione
1265 687 1348 720 dicti
1366 688 1407 719 de
1425 688 1617 721 saserdotio
1639 688 1701 720 filii
1722 687 1805 721 Dei:
1841 689 1897 721 Tu
1916 702 1949 721 es
1968 689 2091 722 Sacer-

1107 739 1170 770 dos
1187 738 1223 770 in
1245 745 1444 778 aeternum,
1473 745 1535 773 etc.
1590 737 1705 771 Huius
1731 739 1922 772 testimonii
1939 740 2090 782 explica-

1107 789 1156 821 tio
1186 789 1392 821 ostendebat
1422 801 1562 827 causas,
1604 801 1666 821 cur
1689 790 1929 822 Sacerdotium
1958 789 2092 822 Leviti-

1107 851 1186 872 cum
1204 851 1263 871 seu
1283 840 1436 884 typicum
1458 846 1534 883 post
1554 837 1749 873 exhibitum
1770 840 1932 872 Messinm
1951 840 2091 872 desine-

1106 897 1169 924 ret.
1223 888 1269 923 Et
1295 891 1461 930 docebat,
1496 891 1598 934 quale
1617 891 1660 924 sit
1677 891 1910 924 sacerdotium
1930 891 1992 922 lilii
2014 890 2090 931 Dei,

1108 952 1177 985 quo
1205 952 1284 972 vere
1308 941 1466 984 placatur
1490 941 1540 973 ira
1559 940 1625 974 Dei
1644 942 1810 975 adversus
1836 948 2034 986 peccatum,
2057 949 2092 975 et

1107 991 1344 1024 annunciatur
1372 992 1530 1024 remissio
1558 992 1706 1034 peccati,
1743 999 1775 1025 et
1801 993 1989 1025 abolentur
2010 1003 2090 1038 pec-

1107 1049 1221 1074 catum
1242 1049 1274 1075 et
1294 1054 1406 1080 mors,
1436 1043 1525 1075 sicut
1543 1042 1591 1075 ibi
1610 1043 1777 1085 scripturn
1798 1051 1862 1076 est:
1890 1042 1966 1076 Una
1990 1043 2090 1075 obla-

1107 1092 1202 1125 tione
1220 1093 1475 1126 consummavit
1498 1094 1534 1125 in
1552 1100 1757 1137 perpetuum
1778 1106 1852 1131 eos,
1881 1094 1940 1138 qui
1961 1092 2090 1126 sancti-

1106 1143 1265 1178 ficantur.
1318 1142 1480 1187 Denique
1509 1145 1675 1176 omnibus
1698 1145 1914 1188 temporibus
1940 1145 1988 1187 pii
2011 1156 2091 1176 eru-

1107 1194 1256 1227 diuntur
1290 1201 1323 1227 et
1347 1196 1602 1227 confirmantur
1632 1195 1761 1228 talibus
1790 1194 2089 1238 enarrationibus,

1107 1256 1192 1288 quas
1210 1242 1266 1276 hic
1284 1245 1444 1278 nominat
1463 1243 1682 1286 Prophetias.
1734 1245 1811 1278 IIoc
1830 1246 1937 1288 igitur
1952 1247 2086 1278 donum

1107 1294 1144 1326 in
1160 1292 1314 1327 Ecclesia
1335 1296 1440 1334 unius
1457 1295 1595 1338 linguae
1613 1296 1721 1337 magis
1739 1297 1814 1330 vult
1831 1297 1999 1337 exerceri,
2027 1296 2090 1329 ubi

1107 1345 1135 1378 si
1168 1345 1310 1377 veniant
1337 1345 1374 1377 in
1400 1352 1535 1378 coetum
1562 1346 1675 1387 ignari
1712 1348 1977 1389 peregrinarum
2016 1347 2088 1379 lin-

1107 1407 1273 1438 guarum,
1301 1401 1333 1428 et
1350 1402 1487 1429 tantum
1514 1398 1658 1429 audiant
1684 1397 1732 1429 ibi
1754 1397 1956 1441 peregrinos
1973 1409 2091 1438 sonos,

1107 1446 1227 1478 mirari
1254 1453 1411 1489 possent,
1449 1447 1534 1490 quid
1561 1455 1738 1489 ageretur,
1777 1461 1855 1481 cum
1880 1448 1938 1480 illa
1963 1449 2091 1481 recita-

1107 1497 1155 1530 tio
1184 1496 1318 1528 nullam
1349 1497 1479 1539 populo
1510 1498 1696 1530 utilitatem
1726 1499 1879 1539 adferat,
1928 1499 2016 1532 sicut
2050 1499 2088 1532 in

1107 1547 1164 1579 die
1181 1547 1347 1591 Dionysii
1371 1548 1407 1579 in
1424 1545 1577 1580 Ecclesia
1602 1547 1891 1592 VVirtzhurgensi
1914 1556 2090 1583 canuntur

1108 1596 1241 1630 Graece
1276 1598 1470 1630 cantilenae
1505 1599 1654 1642 scriptae
1688 1600 1807 1632 latinis
1842 1601 1981 1641 literis,
2024 1612 2089 1634 nec

1107 1648 1191 1691 ipsis
1212 1648 1353 1691 quidem
1378 1649 1583 1682 canentibus
1607 1650 1815 1685 intellectae.
1869 1650 1945 1684 Hae
1969 1651 2090 1695 pueri-

1106 1699 1155 1731 les
1186 1699 1337 1742 ineptiae
1366 1711 1428 1732 nec
1456 1700 1617 1742 gravitati
1650 1698 1826 1734 Ecclesiae
1858 1702 2086 1742 conveniunt,

1106 1762 1169 1781 nec
1193 1757 1340 1793 prosunt
1362 1751 1569 1783 canentibus
1595 1757 1653 1784 ant
1678 1753 1820 1795 populo.
1874 1751 1951 1785 Hoc
1970 1765 2088 1785 exem-

1105 1800 1204 1844 plum
1230 1807 1409 1845 utcunque
1436 1802 1585 1835 illustrat
1612 1800 1696 1834 haec
1721 1804 1843 1836 verba:
1879 1802 2007 1836 Nonne
2031 1803 2089 1836 di-

1106 1858 1185 1884 cent
1205 1863 1265 1884 vos
1285 1852 1462 1885 insanire?
1513 1851 1586 1885 Cur
1610 1852 1717 1895 igitur
1739 1860 1839 1887 antea
1865 1854 1976 1892 dixit,
2005 1866 2089 1897 pro-

1105 1903 1202 1934 desse
1220 1902 1420 1945 linguarum
1439 1903 1638 1936 varietatem
1664 1911 1829 1948 tanquam
1856 1905 2088 1938 miraculum?

1106 1952 1236 1985 Verum
1253 1961 1321 1994 est,
1350 1955 1515 1997 prodesse
1534 1960 1572 1986 ut
1588 1954 1798 1987 miraculum
1816 1956 1909 1999 apud
1927 1968 1996 1996 eos,
2024 1955 2088 1989 ubi

1104 2015 1187 2036 usus
1216 2012 1264 2037 est
1296 2005 1559 2047 peregrinarum
1586 2005 1799 2047 linguarum.
1854 2005 1923 2040 Sed
1950 2004 2006 2039 hic
2034 2006 2089 2039 lo-

1105 2054 1224 2098 quitur
1248 2057 1289 2087 de
1313 2062 1412 2088 coetu
1437 2055 1544 2088 unius
1568 2055 1728 2098 linguae,
1763 2056 1800 2089 in
1829 2069 1898 2101 quo
1926 2057 1994 2090 iam
2020 2055 2089 2090 Ec-

1104 2105 1205 2137 clesia
1234 2106 1377 2139 collecta
1412 2106 1546 2148 indiget
1581 2107 1719 2139 assidua
1757 2108 1990 2143 enarratione.
2046 2107 2086 2140 ln

1104 2156 1165 2188 tali
1194 2164 1292 2190 coetu
1321 2157 1478 2201 ineptum
1508 2164 1557 2191 est
1586 2164 1761 2191 ostentare
1788 2158 1988 2203 peregrinas
2016 2158 2088 2191 lin-

1103 2218 1199 2249 guas,

1096 2290 1248 2337 Εἰςέλθῃ
1292 2290 1337 2327 δέ
1367 2305 1419 2332 τις
1461 2292 1611 2331 ἄπιστος
1647 2291 1669 2338 ἢ
1702 2290 1868 2340 ἰδιώτης,
1906 2293 2088 2342 ἐλέγχεται

1467 2342 1539 2378 ὑπὸ
1567 2341 1731 2379 πάντων.

1205 2412 1289 2445 Dixi
1315 2413 1383 2445 iam
1408 2412 1505 2457 loqui
1525 2412 1671 2445 Paulum
1697 2415 1739 2446 de
1763 2420 1863 2447 coetu
1886 2415 1993 2448 unius
2018 2416 2090 2448 lin-

1103 2474 1208 2506 guae,
1242 2463 1279 2495 in
1305 2476 1374 2508 quo
1401 2470 1434 2496 et
1455 2464 1587 2496 infideli
1618 2464 1829 2507 intelligenti
1852 2465 2028 2509 linguam,
2056 2473 2091 2500 et

1103 2514 1197 2546 fideli
1214 2515 1356 2558 prodest
1374 2515 1495 2547 concio
1518 2515 1714 2548 enarrantis
1735 2516 1939 2560 praecipuos
1955 2517 2086 2550 articu-

1103 2565 1154 2597 los
1180 2566 1361 2598 doctrinae
1388 2565 1424 2597 in
1454 2563 1631 2605 Ecclesia,
1672 2573 1710 2600 ut
1736 2574 2010 2601 consentaneum
2036 2575 2086 2602 est

1103 2615 1302 2659 saepissime
1327 2613 1392 2648 hoc
1415 2616 1596 2656 accidisse,
1623 2622 1662 2649 ut
1685 2614 1846 2650 homines
1871 2618 2018 2651 modesti
2044 2631 2085 2651 ex

1102 2663 1262 2700 Ethnicis
1287 2667 1492 2700 accesserint
1518 2679 1597 2700 cuni
1616 2668 1735 2701 amicis
1752 2669 1794 2701 ad
1814 2669 1998 2701 conciones
2015 2667 2085 2703 Ec-
