2415 2942
237 106 311 141 663

244 198 312 223 stas
343 186 493 222 clavium
529 195 601 218 non
632 180 737 216 babet
771 184 978 219 mandatum
1017 184 1229 230 imponendi

249 250 389 284 poenas,

348 286 529 325 Secundo,
564 284 711 318 Etiamsi
738 283 834 318 Deus
864 285 1056 331 aliquando
1082 286 1233 331 imponit

250 350 395 384 poenas,
431 344 468 370 ut
485 335 613 369 Davidi
639 343 717 379 post
742 336 975 378 adulterium,
1010 344 1126 371 tamen
1153 338 1235 371 inde

251 402 321 423 non
341 389 377 422 fit
392 388 509 431 regula
528 387 751 421 universalis:
787 393 820 420 et
836 399 1059 433 nequaquam
1082 389 1236 422 sentien-

252 442 336 473 dum
371 446 439 479 est,
483 439 621 471 nullum
654 444 832 480 peccatum
860 439 989 472 remitti
1013 440 1087 472 sine
1111 452 1235 484 poena,

253 491 333 536 quia
369 489 621 533 promissiones
652 488 755 521 toties
789 489 966 522 inculcant
997 491 1100 523 nobis
1132 491 1235 523 etiam

254 553 445 586 poenarum
480 540 733 573 remissionem.
801 538 905 580 Item,
955 539 1103 574 Etiamsi
1144 541 1237 575 Deus

254 603 384 637 poenas
403 591 602 634 corporales
619 590 797 634 aliquibus
815 590 988 633 imponit,
1024 599 1140 625 tamen
1165 604 1237 624 non

255 650 400 690 possunt
423 642 552 675 remitti
570 648 737 684 potestate
755 641 924 682 clavium,
938 649 975 675 ut
995 643 1120 681 morbi,
1137 643 1240 683 bella,

256 702 287 727 et
305 694 436 726 similes
452 692 676 725 calamitates-

360 743 540 776 Praeterea
580 742 773 789 peculiares
811 741 1023 775 afflictiones
1063 743 1240 777 interdum

256 795 386 828 sanctis
411 795 663 836 imponuntur,
697 799 735 824 ut
753 791 872 825 Esaias
889 800 939 826 est
962 794 1150 835 dissectus,
1187 793 1242 827 Ie-

257 846 384 878 remias
402 845 594 888 lapidatus,
624 842 772 876 loannes
789 840 944 886 Baptista
965 845 1158 877 decollatus
1179 853 1242 880 etc.

258 897 330 930 liae
356 895 562 927 afssictiones
589 906 661 926 non
685 899 767 925 sunt
792 904 924 936 poenae
949 907 1010 937 pro
1035 896 1137 928 certis
1164 907 1242 939 pec-

257 947 362 986 catis,
398 946 457 978 sed
474 945 664 987 singularia
683 956 806 987 opera,
840 944 875 976 in
896 946 1024 989 quibus
1041 946 1140 979 Deus
1167 947 1243 980 vult

257 998 440 1030 ostendere
464 1007 560 1028 suam
589 995 746 1037 gloriam.
807 993 906 1028 Sicut
930 1003 962 1028 et
985 995 1161 1041 Propheta
1186 998 1239 1029 in-

257 1048 348 1092 quit:
390 1046 505 1079 Etiam
533 1046 737 1078 innocentes
760 1045 882 1079 bibent
906 1047 1046 1080 calicem
1079 1055 1142 1083 etc.
1196 1046 1242 1081 Et

257 1096 325 1131 huc
345 1098 493 1141 pertinet
511 1098 701 1141 disputatio
724 1095 804 1136 lob,
831 1096 891 1140 qui
910 1105 1011 1140 negat
1037 1110 1071 1131 se
1099 1106 1241 1142 propter

257 1156 394 1193 peccata
412 1148 531 1190 affligi.
584 1146 693 1180 Docet
712 1146 805 1179 enim
825 1148 898 1190 pios
919 1155 1123 1194 utrumque,
1145 1151 1238 1194 quod

259 1207 401 1243 propter
417 1199 625 1232 afflictiones
641 1210 713 1230 non
732 1199 802 1231 sint
824 1198 954 1232 reiecti.
1010 1199 1116 1238 Item,
1145 1202 1239 1245 quod

257 1251 466 1284 afflictiones
499 1250 726 1292 imponantur
757 1248 859 1281 etiam
894 1250 964 1282 alio
991 1251 1139 1284 consilio
1161 1250 1239 1290 Dei,

258 1313 320 1334 nec
342 1312 477 1343 semper
493 1301 562 1332 sint
580 1312 711 1341 poenae
731 1305 904 1332 certorum
923 1308 1154 1343 peccatorum.

360 1350 453 1383 Hinc
478 1350 698 1393 perspicuum
732 1356 781 1382 est
815 1361 887 1382 non
914 1362 984 1383 csse
1010 1352 1165 1394 regulam
1187 1352 1238 1384 sa-

256 1402 436 1441 ciendam,
465 1403 558 1445 quod
576 1401 784 1433 afflictiones
798 1400 867 1433 sint
882 1401 1155 1442 satisfactiones,
1181 1410 1239 1436 aut

256 1465 388 1496 poenae
407 1465 468 1495 pro
491 1452 592 1485 certis
618 1451 775 1494 peccatis,
831 1450 877 1484 Ut
904 1451 1010 1494 igitur
1032 1453 1239 1486 afflictiones

256 1516 328 1535 non
361 1510 443 1535 sunt
476 1513 612 1544 semper
637 1513 786 1544 poenae,
820 1502 866 1534 ita
893 1502 967 1534 sine
992 1504 1093 1536 certis
1118 1505 1238 1547 poenis

255 1566 354 1598 saepe
386 1553 616 1586 remittuntur
647 1558 800 1593 peccata,
834 1552 922 1584 sicut
949 1555 1122 1596 promittit
1146 1553 1239 1586 Deus

254 1605 290 1637 in
310 1605 479 1647 scriptura
493 1630 501 1643 ‚
529 1603 711 1645 agentibus
730 1603 981 1644 poenitentiam
1001 1604 1239 1646 mitigaturum

253 1667 288 1688 se
322 1667 392 1688 esse
426 1655 649 1688 calamitates.
708 1652 754 1686 Et
776 1652 907 1687 Paulus
945 1654 1077 1699 inquit:
1114 1654 1153 1688 Si
1178 1667 1240 1688 nos

255 1706 319 1749 ipsi
341 1706 576 1738 indicaremus
589 1732 597 1744 ,
625 1717 697 1737 non
715 1704 952 1738 iudicaremur
969 1717 986 1737 a
1004 1705 1169 1739 Domino.

356 1756 539 1789 Postremo
558 1756 644 1788 illud
664 1756 843 1788 sciendum
862 1762 928 1796 est,
957 1755 1031 1789 Etsi
1049 1757 1241 1799 imponun-

254 1814 311 1840 tur
328 1819 460 1851 poenae
478 1807 531 1839 vel
549 1806 728 1846 exercitia,
753 1813 869 1839 tamen
886 1818 960 1839 non
978 1815 1059 1840 sunt
1077 1819 1243 1852 compen-

253 1859 403 1890 sationes
439 1870 502 1900 pro
537 1863 649 1890 morte
682 1864 842 1899 aeterna,
878 1858 960 1901 quia
986 1865 1123 1892 tantum
1150 1861 1269 1891 mors*

253 1907 385 1941 Christi
418 1915 467 1941 est
499 1907 685 1940 satisfactio
718 1914 749 1940 et
781 1909 1018 1950 compensatio
1045 1921 1108 1952 pro
1131 1917 1243 1943 morte

253 1967 404 1994 aeterna.
440 1957 538 1992 Sicut
562 1959 728 2002 scriptum
750 1965 816 1992 est:
851 1958 944 2001 Quia
963 1967 1069 2003 ponet
1090 1960 1242 1993 animam

254 2022 351 2043 suam
371 2022 433 2053 pro
451 2017 601 2052 peccato.

254 2069 319 2095 etc.
375 2060 492 2101 Quare
509 2060 630 2101 opinio
657 2060 939 2093 adversariorum
967 2062 1009 2094 de
1036 2062 1244 2094 satisfactio—

255 2113 359 2144 nibus
377 2111 567 2143 reiicienda
588 2117 647 2142 est.

356 2161 538 2195 Caeterum
557 2163 697 2204 prodest
721 2167 910 2204 utrumque
935 2161 1103 2193 inculcari
1121 2160 1242 2194 Eccle-
1266 2165 1267 2170 ’

255 2213 335 2250 siis,
371 2221 401 2244 ct
420 2213 511 2256 qnod
534 2212 655 2254 puniat
676 2210 769 2244 Deus
798 2218 953 2254 peccata,
990 2212 1092 2244 etiam
1117 2224 1240 2255 corpo-

256 2264 388 2295 ralibus
414 2263 552 2305 poenis,
596 2269 628 2295 et
653 2263 747 2306 quod
771 2261 907 2304 mitiget
932 2274 1060 2305 poenas
1083 2270 1140 2295 aut
1163 2275 1240 2295 mu-

255 2320 301 2345 tet
320 2321 460 2356 propter
478 2312 741 2357 poenitentiam.
795 2312 885 2345 Sunt
905 2320 933 2345 et
953 2314 1102 2345 docendi
1127 2314 1174 2357 pii
1202 2315 1238 2346 in

255 2364 523 2403 afflictionibus,
551 2371 589 2396 ut
604 2365 713 2397 sciant
732 2363 938 2395 afflictiones
958 2376 1028 2396 non
1046 2375 1117 2397 esse
1140 2364 1237 2405 signa
1262 2375 1263 2379 ¹

826 98 954 136 PHtL.
982 98 1099 135 MEL.
1125 98 1333 135 SCRIPTA
1363 101 1665 141 EXEGEthA.

659 2008 762 2041 ltem:
792 2007 826 2041 O
845 2022 955 2050 mors,
984 2023 1042 2043 ero
1060 2023 1153 2043 mors
1172 2018 1243 2051 tua,
1267 2039 1268 2045 ,

2191 109 2268 144 664

1288 184 1443 231 Oportet
1474 200 1538 222 nos
1575 187 1651 223 fieri
1673 189 1805 223 similes
1827 191 1989 235 imaginis
2012 193 2074 228 filii
2096 191 2173 229 Dei.
2225 192 2274 229 Et

1289 236 1344 271 liic
1362 239 1427 280 ait,
1460 237 1653 274 Ecclesiam
1672 241 1861 275 subiectam
1878 254 1950 276 esse
1973 245 2096 285 morti,
2130 252 2273 290 propter

1289 301 1449 332 praesens
1466 299 1644 334 peccatum
1655 318 1663 332 ,
1687 299 1726 325 ut
1742 292 1925 326 aboleatur
1941 293 2065 328 vitiosa
2081 307 2175 330 caro.
2227 293 2276 330 Et

1287 347 1403 374 tamen
1423 342 1532 382 addit,
1550 353 1621 375 esse
1641 343 1807 376 liberatos
1823 354 1841 375 a
1860 350 1972 377 morte
1987 347 2183 385 credentes,
2206 347 2274 380 sci-

1289 391 1389 432 licet,
1419 392 1500 437 quia
1519 393 1639 427 vivant
1657 393 1804 438 spiritu,
1837 401 1871 428 et
1888 394 1983 428 Deus
2006 407 2126 430 rursus
2151 397 2195 432 sit
2220 397 2274 430 vi-

1289 442 1490 477 vificaturus
1506 456 1665 489 corpora.

1617 527 1946 567 Epilogus.

1393 586 1513 634 ltaque
1536 587 1571 621 in
1597 586 1660 623 bac
1682 590 1869 623 collatione
1893 587 1978 623 baec
2000 589 2163 630 tradidit,
2197 588 2276 623 Hu-

1291 650 1430 670 manam
1464 646 1624 672 naturam
1655 653 1725 673 non
1750 652 1852 684 posse
1881 641 2076 674 satisfacere
2106 641 2173 684 legi
2198 641 2277 680 Dei,

1292 701 1398 733 qnare
1421 690 1556 723 iusticia
1583 691 1732 724 carnalis
1750 703 1821 724 non
1835 699 1886 725 est
1903 691 2038 724 iusticia
2055 703 2170 724 coram
2188 690 2276 730 Deo,

1293 752 1355 773 nec
1373 741 1536 775 vivificat.
1588 739 1737 774 Etiamsi
1763 749 1877 775 autem
1904 742 1942 775 in
1969 742 2097 775 sanctis
2121 749 2171 775 est
2192 742 2277 775 reli-

1293 803 1359 834 qua
1383 802 1483 832 caro,
1517 798 1633 825 tamen
1661 793 1798 836 placent
1824 793 1897 826 Deo
1921 801 2063 837 propter
2083 790 2276 833 Christum,

1294 848 1328 874 et
1346 849 1428 875 sunt
1444 843 1581 876 liberati
1599 855 1617 875 a
1634 851 1765 884 morte,
1779 844 1825 878 ita
1843 851 1881 878 ut
1899 844 2025 888 spiritu
2041 843 2173 882 vivant,
2191 843 2275 889 quia

1294 890 1454 926 Christus
1472 893 1509 925 in
1526 893 1575 926 eis
1589 900 1640 928 est
1657 894 1793 933 efficax,
1826 902 1859 929 et
1877 895 2007 938 incepit
2023 906 2081 928 eos
2099 894 2276 927 vivificare

1294 942 1430 987 Spiritu
1463 951 1593 980 sancto,
1658 943 1749 978 Caro
1779 953 1893 980 autem
1924 953 2067 990 propter
2094 951 2275 988 peccatum

1295 994 1398 1027 morti
1424 995 1595 1029 destinata
1620 1001 1688 1036 est,
1723 1001 1761 1029 ut
1784 997 1913 1031 abolita
1935 1002 2122 1036 vetustate,
2155 1005 2277 1029 rursus

1295 1045 1484 1078 vestiamur
1498 1058 1620 1084 carne,
1648 1047 1685 1079 in
1705 1058 1771 1090 qua
1791 1045 1881 1080 nibil
1899 1048 1943 1080 sit
1960 1047 2049 1082 vitii.

1393 1095 1550 1130 Proinde
1578 1097 1733 1131 continet
1757 1094 1814 1130 bic
1839 1098 1936 1132 locus
1957 1096 2189 1140 multiplicem
2212 1096 2278 1128 do-

1293 1148 1454 1184 ctrinam.
1506 1147 1648 1188 Primo,
1675 1149 1769 1192 quod
1788 1145 1941 1181 hnmana
1959 1155 2084 1181 natura
2101 1159 2174 1180 non
2195 1157 2278 1190 pos-

1292 1200 1336 1233 sit
1360 1200 1555 1233 satisfacere
1580 1199 1646 1242 legi
1675 1199 1749 1232 Dei.
1802 1198 1986 1236 Secundo,
2021 1199 2116 1243 quod
2141 1197 2279 1231 iusticia

1292 1251 1458 1292 carnalis,
1498 1263 1562 1284 nec
1595 1250 1757 1284 iustificet
1790 1262 1853 1283 nec
1876 1250 2027 1283 vivificet
2049 1261 2165 1282 coram
2189 1247 2276 1284 Deo.

1292 1301 1432 1342 Tertio,
1459 1303 1637 1346 quomodo
1660 1301 1818 1344 placeant
1834 1302 1961 1341 sancti,
1995 1307 2027 1333 et
2045 1300 2240 1333 liberentur
2256 1310 2276 1332 a

1293 1360 1421 1393 morte,
1464 1352 1598 1385 etiamsi
1628 1350 1744 1385 adhuc
1781 1349 1899 1386 haeret
1934 1352 1972 1384 in
2008 1351 2056 1383 eis
2085 1357 2275 1394 peccatum.

1293 1403 1445 1445 Quarto,
1479 1409 1623 1445 propter
1644 1414 1749 1447 qnam
1773 1414 1910 1435 causam
1937 1400 2090 1434 Ecclesia
2117 1401 2161 1433 sit
2189 1400 2273 1431 sub-

1292 1454 1376 1486 iecta
1394 1453 1646 1486 afflictionibus
1661 1460 1693 1485 et
1716 1453 1834 1485 morti.
1888 1452 2042 1494 Quinto,
2081 1452 2167 1497 quid
2193 1462 2273 1484 vere

1291 1505 1485 1547 significent
1504 1504 1671 1537 vocabula
1687 1502 1811 1537 Carnis
1827 1510 1859 1537 et
1877 1503 2043 1547 Spiritus.

1464 1581 1640 1622 Fratres,
1675 1581 1852 1617 debitores
1869 1595 2013 1622 sumus,
2041 1589 2101 1619 etc.

1392 1649 1571 1683 Hactenus
1588 1650 1738 1685 absolvit
1753 1651 1948 1685 doctrinam
1965 1649 2275 1687 deiustificatione.

1293 1701 1396 1735 Nunc
1421 1702 1528 1743 igitur
1552 1712 1690 1735 necesse
1711 1709 1760 1736 est
1785 1702 1869 1735 addi
1893 1703 2089 1736 doctrinam
2112 1703 2154 1734 de
2182 1714 2272 1736 nova

1292 1753 1502 1786 obedientia.
1560 1751 1646 1784 Nam
1665 1759 1696 1786 et
1714 1751 1798 1786 baec
1823 1763 1901 1796 pars
1926 1753 1962 1786 in
1981 1751 2136 1786 Ecclesia
2159 1761 2274 1787 extare

1267 1798 1269 1844 l
1291 1805 1414 1844 debet,
1454 1810 1494 1836 ut
1525 1803 1761 1846 intelligatur,
1805 1804 1919 1848 qualis
1943 1805 1986 1837 sit
2011 1804 2212 1837 obedientia
2234 1805 2272 1838 in

1268 1846 1269 1859 ¹
1291 1855 1437 1895 sanctis,
1468 1861 1500 1887 et
1518 1854 1619 1898 quale
1637 1855 1680 1888 sit
1698 1862 1896 1898 peccatum,
1933 1862 2074 1897 propter
2094 1856 2186 1899 quod
2214 1867 2272 1888 ex-

1268 1906 1414 1941 zcidont
1454 1905 1583 1948 gratia,
1626 1912 1659 1938 et
1693 1905 1859 1940 amittunt
1897 1904 2003 1938 fidem
2036 1912 2068 1938 et
2099 1905 2271 1949 Spiritum

1291 1963 1462 1990 sanctum.

1393 2005 1549 2039 Instituit
1577 2017 1658 2048 ergo
1679 2004 1809 2039 Paulus
1836 2006 2128 2050 propositionem:
2164 2005 2275 2040 Debi-

1267 2050 1269 2079 ἶ
1291 2066 1381 2091 tores
1396 2068 1535 2094 smnus,
1558 2068 1601 2088 ne
1618 2057 1823 2090 obediamus
1842 2057 1948 2090 carni.
2004 2057 2091 2090 Nam
2108 2069 2185 2090 cum
2205 2059 2273 2091 fide

1267 2107 1268 2110 ¹
1292 2109 1524 2148 renascimur,
1565 2108 1725 2140 incoatur
1763 2109 1901 2141 novitas
1930 2107 2142 2155 spiritualis,
2182 2121 2271 2153 quae

1290 2168 1338 2192 est
1359 2160 1492 2191 incoata
1520 2158 1718 2191 obedientia
1743 2171 1821 2202 erga
1844 2157 1988 2200 Deum,
2023 2171 2080 2192 scu
2105 2159 2189 2200 legis
2215 2160 2271 2192 in-

1718 2209 1764 2244 Ut
1791 2211 1958 2254 scriptum
1988 2216 2054 2243 est:
2092 2208 2193 2242 Dabo
2219 2211 2270 2242 le-

1287 2273 1362 2304 gem
1380 2273 1489 2293 meam
1512 2260 1547 2292 in
1567 2262 1670 2293 corda
1687 2272 1820 2297 eorum.
1871 2259 1965 2302 Ergo
1988 2260 2057 2292 iam
2082 2260 2142 2292 illa
2168 2261 2271 2294 novi-

1264 2305 1265 2315 *
1287 2320 1336 2345 tas
1354 2310 1480 2345 habeat
1498 2323 1578 2343 suos
1595 2312 1751 2352 effectus,
1779 2318 1939 2354 agnoscat
1959 2310 2069 2344 Deum
2085 2317 2118 2344 et
2135 2311 2164 2343 ei
2183 2313 2269 2345 obe-

1286 2364 1376 2403 diat,
1418 2371 1448 2396 et
1479 2369 1647 2406 repugnet
1679 2363 1831 2396 motibus
1855 2361 1987 2402 carnis,
2037 2361 2099 2406 qui
2125 2362 2268 2407 rapiunt

1264 2210 1266 2268 j
1290 2211 1401 2243 coatio
1426 2210 1462 2242 in
1490 2210 1665 2243 cordibus,

255 2414 343 2453 irae,
378 2415 510 2447 etiamsi
527 2421 640 2448 essent
659 2426 808 2459 poenae,
843 2420 874 2447 et
893 2421 1009 2448 tamen
1027 2427 1070 2447 ne
1096 2415 1236 2459 quidem
1261 2435 1263 2444 ι
1286 2422 1405 2447 contra
1425 2414 1640 2446 voluntatem
1658 2411 1735 2447 Dei.

255 2476 390 2507 semper
418 2476 545 2506 poenas
569 2477 657 2503 esse,
692 2466 750 2498 sed
777 2465 937 2497 exercitia
963 2473 1019 2499 aut
1045 2465 1235 2507 singularia
1260 2451 1264 2501 l

253 2527 375 2559 opera,
403 2515 437 2546 in
456 2515 581 2559 quibus
599 2515 692 2548 Deus
712 2516 786 2549 vult
803 2527 866 2548 nos
883 2527 1068 2557 agnoscere
1088 2516 1237 2548 infirmi-
1260 2503 1262 2522 Ι

254 2573 357 2598 tatem
377 2572 530 2597 nostram
545 2592 553 2603 ,
581 2573 611 2598 et
629 2578 747 2598 rursus
767 2567 832 2598 fide
849 2573 881 2599 et
897 2567 1117 2600 invocatione
1138 2567 1235 2610 erigi⁷

255 2624 292 2649 ut
325 2624 452 2649 crescat
486 2616 624 2648 novitas
654 2618 856 2660 spiritualis.
917 2617 967 2651 lta
995 2616 1150 2651 Ecclesia
1185 2625 1235 2651 est

254 2667 407 2700 subiecta
427 2667 676 2700 afflictionibus
689 2694 697 2708 ‚
727 2667 816 2701 sicut
832 2668 921 2702 infra
940 2680 1061 2703 rursus
1082 2669 1232 2703 dicetur:

1386 2464 1480 2498 Dicit
1497 2471 1611 2496 autem
1629 2463 1773 2496 diserte:
1791 2461 1974 2496 Debitores
1990 2473 2121 2498 sumus.
2164 2462 2266 2497 Hanc

1286 2528 1404 2549 vocem
1443 2515 1590 2559 opponit
1628 2514 1718 2546 male
1757 2513 2033 2556 intelligentibus
2070 2514 2266 2548 libertatem

1286 2567 1543 2607 evangelicam,
1570 2577 1658 2609 qnae
1676 2565 1818 2604 liberat,
1854 2577 1898 2596 ne
1915 2575 2119 2598 accusemur
2145 2578 2161 2597 a
2181 2566 2264 2608 lege,

1286 2630 1356 2650 non
1371 2617 1514 2656 liberat,
1542 2628 1585 2648 ne
1599 2616 1814 2648 obediamus.
1867 2613 1989 2647 Manet
2005 2615 2099 2647 enim
2125 2624 2263 2650 aeterna

1284 2676 1315 2703 et
1333 2667 1563 2703 immutabilis
1587 2666 1785 2708 ordinatio,
1819 2672 1857 2700 ut
1878 2666 2083 2701 obediamus
2099 2665 2197 2708 Deo,
2231 2674 2264 2702 et
