2415 2942
276 104 342 137 tlt

279 199 378 226 rum,
413 196 491 218 cuni
517 180 709 225 Apostoli&
762 176 854 219 Quia
877 176 970 208 enim
996 174 1121 217 repetit
1145 173 1263 206 animo

281 237 472 271 Ecclesiam
505 233 663 266 oninium
697 236 913 270 tempor-nin,
945 225 1116 267 significat
1142 224 1268 258 diffici-

285 290 408 321 liorem
429 287 533 318 fuisse
552 278 842 325 gubernationem
862 274 1138 319 Prophetarum,
1164 287 1267 320 quam

285 341 403 373 sutura
423 337 465 368 sit
485 331 747 376 Apostolorum.
801 326 890 360 Nam
903 324 1098 369 Prophetae
1114 326 1200 359 duas
1216 336 1270 358 res

288 389 549 422 sustinuerunt,
585 380 762 425 politicam
786 378 1096 422 gubernationem,
1130 384 1163 410 et
1190 389 1271 421 pro-

288 437 511 481 pagationem
550 431 748 470 doctrinae,
798 430 841 462 de
878 427 1188 471 promissionibus,
1230 427 1272 458 de

287 487 429 523 messia,
457 491 488 517 et
506 485 549 516 de
567 483 635 515 vita
651 488 803 513 aeterna.
856 478 1040 515 Samuelis,
1066 477 1174 518 Eliae,
1199 477 1273 511 Eli-

288 539 376 576 saei,
419 534 606 574 Ieremiae‚
645 530 821 569 Danielis,
853 529 965 561 multo
997 528 1176 561 difficilior
1207 527 1273 559 suit

289 585 568 622 administratio,
611 594 716 627 quam
749 580 1014 624 Apostolorum.
1087 578 1133 611 Et
1163 585 1201 611 ut
1231 578 1274 609 de

291 637 434 672 caeteris
458 647 531 668 non
557 634 690 673 dicam,
717 643 820 676 qnam
846 630 998 662 difficilis
1019 629 1083 663 suit
1100 630 1275 670 guberna-

291 691 341 724 tio
360 685 546 722 lereniiae‘?
588 684 649 729 qui
673 693 785 715 minos
809 681 857 715 40
874 680 1059 713 continuos
1078 680 1208 712 rixatus
1227 686 1276 711 est

292 752 371 774 cum
403 737 561 780 regibus,
606 733 830 778 pontificibus
863 738 894 764 et
926 730 1155 775 principibus.
1230 727 1276 763 Et

293 790 400 824 suasit
433 787 647 820 deditionem
679 791 798 817 contra
829 782 989 815 omnium
1017 779 1275 823 Prophetarum

295 840 470 883 exempla,
499 837 558 881 qui
584 841 664 868 ante
688 846 766 866 eum
791 834 946 871 fuerant,
973 838 1006 864 et
1027 829 1092 864 hoc
1111 830 1276 863 inusitato

296 891 445 925 consilio
475 886 625 921 servavit
649 884 831 929 populum.
893 882 959 915 llic
984 893 1069 925 quas
1092 881 1173 913 tulit
1193 892 1278 913 con-

297 941 478 977 tumelias,
505 936 640 981 quoties
658 935 812 967 inclusus
829 939 877 965 est
893 933 1040 971 carceri,
1068 932 1203 975 quoties
1218 931 1279 963 ab-

298 993 407 1024 iectus
430 991 465 1021 in
483 989 590 1020 fossas
606 985 816 1029 profundas,
845 982 904 1015 ubi
924 983 960 1013 in
979 993 1087 1014 coeno
1105 981 1281 1023 periturus

299 1050 391 1080 erat,
423 1039 490 1071 nisi
519 1036 690 1070 divinitus
713 1035 880 1066 liberatus
904 1032 1048 1065 suisset?
1097 1030 1143 1064 Et
1168 1043 1282 1076 qnan-

300 1103 405 1138 quam
430 1101 503 1122 non
528 1093 577 1120 est
600 1087 674 1120 leve
692 1096 781 1118 onus
798 1084 887 1116 serre
908 1082 1136 1115 contumelias
1154 1089 1186 1115 et
1203 1093 1283 1114 cru-

302 1144 412 1176 ciatus
435 1137 611 1183 corporis,
645 1144 760 1170 tamen
784 1134 1052 1176 gubernatorem
1081 1133 1192 1165 multo
1218 1133 1283 1165 du-

301 1194 375 1226 rius
400 1196 560 1224 exercent
581 1187 689 1220 animi
712 1185 868 1222 dolores,
897 1184 1104 1226 agnoscebat
1121 1182 1285 1216 Ieremias

303 1245 391 1276 iram
410 1240 479 1274 Dei
502 1240 666 1272 adversus
685 1236 805 1280 populi
824 1241 978 1279 peccata,
1004 1241 1037 1268 et
1056 1232 1287 1266 horribilibus

303 1293 498 1328 terroribus
524 1287 807 1327 concutiebatur,
848 1286 988 1328 lugebat
1018 1284 1140 1329 populi
1165 1284 1287 1317 interi-

304 1353 399 1383 tum,
438 1340 617 1385 pugnabat
647 1337 805 1371 oratione
834 1349 896 1380 pro
925 1336 1077 1379 populo,
1111 1335 1290 1367 rixabatur

307 1407 386 1428 curn
411 1391 527 1435 impiis
552 1389 775 1431 doctoribus,
804 1387 1075 1430 perturbabatur
1097 1384 1290 1418 exorienti-

306 1447 373 1479 bus
399 1442 548 1476 subinde
572 1439 755 1473 scandalis,
809 1436 971 1480 Denique
992 1436 1090 1469 nulla
1108 1446 1207 1468 mens
1222 1432 1289 1467 hu-

307 1506 412 1531 mana
437 1491 632 1537 prospicere
658 1496 717 1522 aut
741 1498 946 1521 enumerare
967 1497 1088 1520 omnes
1105 1485 1293 1518 difficulta-

309 1555 360 1582 tes
384 1550 515 1588 potest,
545 1551 629 1585 quas
654 1540 751 1572 affert
776 1537 1001 1580 gubernatio,
1030 1537 1232 1581 praesertim
1255 1537 1291 1568 in

310 1594 492 1640 republica
518 1591 693 1636 inquieta,
727 1589 906 1628 seditiosa,
939 1595 972 1621 et
994 1588 1062 1620 iam
1087 1593 1229 1626 ruente,
1254 1593 1293 1619 ut

311 1654 393 1681 sunt
425 1643 569 1687 imperia
600 1639 728 1674 horum
759 1646 956 1682 temporum
983 1638 1160 1682 pleraque.
1212 1636 1295 1670 Fuit

311 1699 419 1741 igitur
454 1693 618 1727 Ieremiae
653 1701 773 1723 cursus
806 1690 917 1722 multo
951 1688 1147 1726 difficilior,
1190 1699 1294 1732 quam

312 1745 584 1791 Apostolorum,
611 1742 671 1786 qui
699 1740 801 1774 liberi
824 1752 841 1772 a
868 1738 1120 1781 gubernatione
1142 1738 1296 1782 politica,

314 1805 452 1833 tantum
476 1793 767 1828 circumtulerunt
783 1789 1025 1831 Evangelium.
1080 1787 1161 1820 Ideo
1181 1788 1297 1832 inquit

313 1847 493 1883 Christus:
529 1845 657 1877 instare
683 1853 845 1879 messem,
880 1840 937 1872 sed
964 1839 1069 1872 fuisse
1095 1839 1202 1878 alios,
1236 1839 1297 1882 qui

314 1899 412 1944 prius
428 1902 616 1929 sementem
631 1894 799 1931 fecerunt,
826 1891 861 1923 id
880 1896 946 1929 est,
974 1889 1112 1929 Patres,
1139 1886 1296 1932 Prophe-

315 1957 387 1988 tas,
414 1954 447 1981 et
464 1958 546 1980 sese.
600 1943 694 1977 Haec
709 1949 776 1980 est,
801 1948 839 1975 ut
858 1938 944 1973 mihi
964 1940 1121 1979 videtur,
1147 1940 1298 1973 secunda

316 2011 398 2045 pars
419 1995 606 2040 colloquii,
639 2005 702 2027 nec
726 1992 877 2025 difficilis
899 1997 949 2024 est
971 1990 1178 2024 similitudo.
1238 1990 1299 2023 Ait

317 2052 447 2084 instare
470 2057 636 2085 messem,
662 2049 774 2077 sumta
797 2042 976 2075 occasione
999 2054 1016 2074 a
1039 2047 1225 2084 conspectu
1247 2051 1300 2073 se-

319 2107 448 2144 getum.
499 2096 544 2130 Et
557 2095 638 2141 quia
654 2092 720 2128 hoc
739 2093 804 2126 iter
819 2093 947 2125 sactum
963 2098 1012 2125 est
1028 2092 1208 2136 aliquanto
1223 2097 1302 2135 post

318 2148 452 2185 Pascha
467 2175 475 2189 ,
501 2148 655 2191 primum
675 2144 768 2189 quod
786 2144 822 2177 in
842 2142 974 2176 Ioanne
993 2142 1221 2181 describitur,
1247 2141 1302 2174 vi-

322 2202 447 2235 delicet
482 2199 518 2231 in
550 2198 618 2230 fine
651 2194 794 2232 Martii,
828 2200 887 2227 aut
918 2193 1018 2225 initio
1049 2193 1204 2237 Aprilis,
1239 2193 1302 2226 ait:

320 2251 405 2285 Post
422 2249 444 2283 4
467 2259 602 2281 menses
620 2247 693 2278 fore
710 2256 854 2277 messem
867 2270 874 2284 ‚
914 2250 945 2276 et
965 2243 1032 2275 iam
1048 2243 1231 2276 flavescere
1249 2254 1304 2276 se-

323 2309 427 2345 getes.
484 2298 592 2331 Instat
617 2298 722 2339 igitur
746 2294 884 2331 messis,
919 2294 964 2326 ite
988 2294 1121 2338 inquit,
1150 2300 1182 2327 et
1204 2293 1304 2326 vobis

324 2353 429 2385 instat
449 2348 628 2392 Apostolis
655 2346 774 2379 messis
799 2345 910 2377 multo
937 2344 1088 2383 facilior,
1117 2355 1220 2388 quam
1237 2343 1301 2376 Pa-

325 2403 455 2440 tribus,
490 2396 673 2441 Prophetis
704 2404 737 2430 et
769 2393 869 2429 mibi.
937 2393 1064 2436 Magna
1096 2395 1162 2427 suit
1197 2395 1305 2437 gloria

325 2450 595 2496 Apostolorum,
623 2448 716 2491 quod
739 2446 836 2478 brevi
860 2452 1015 2487 tempore
1038 2445 1165 2478 multas
1188 2452 1304 2487 gentes

326 2506 576 2536 converterunt
611 2499 653 2530 ad
677 2509 792 2529 veram
816 2496 1028 2535 agnitionem
1057 2501 1089 2528 et
1112 2495 1306 2528 invocatio-

326 2565 407 2586 nem
431 2550 516 2587 Dei,
551 2556 584 2582 et
616 2548 708 2593 quod
739 2559 811 2578 non
841 2547 982 2579 fuerunt
1007 2546 1141 2578 onerati
1166 2546 1304 2588 politica

325 2601 598 2647 gubernatione,
639 2598 696 2631 sed
730 2596 795 2640 ipsi
827 2596 968 2629 interim
998 2593 1199 2629 habuerunt
1230 2607 1306 2628 suas

323 2663 529 2691 aerumnas,
562 2660 711 2695 quarum
737 2645 820 2680 haec
844 2654 894 2681 est
919 2647 1089 2686 maxima,
1123 2647 1217 2692 quod
1240 2646 1307 2679 soli

867 90 992 126 PIIlL.
1019 87 1136 124 MEL.
1162 86 1373 124 SCRIPTA
1398 87 1701 128 EXEGETICAJ

2224 91 2299 127 112

1318 182 1349 209 et
1366 176 1494 224 privati
1511 174 1673 210 homines
1690 176 1765 209 sine
1781 175 1893 220 specie
1909 175 2065 222 imperii,
2083 175 2201 210 >coacti
2216 181 2300 210 sunt

1319 227 1557 261 contradicere
1588 228 1754 261 omnibus
1785 228 2013 271 potestatibus
2042 228 2078 260 in
2109 234 2182 260 toto
2213 227 2299 260 orbe

1319 285 1503 313 terrarum.
1564 277 1659 311 Haec
1686 289 1740 311 res
1769 290 1873 323 quam
1898 279 1941 312 sit
1964 278 2116 312 difficilis
2139 276 2242 311 bonis
2266 283 2302 310 et.

1320 329 1520 369 moderatis,
1546 341 1617 362 non
1637 336 1749 372 potest
1762 329 1834 361 nlla
1849 329 1985 362 ratione
2001 328 2174 376 explicari.
2223 326 2300 361 Ha·-

1322 381 1473 413 buerunt
1502 385 1534 412 et
1557 380 1693 413 infinita
1717 379 1869 423 pericula
1895 391 2101 422 corporum,
2125 385 2157 412 et
2175 389 2302 412 arcana

1323 430 1511 463 certamina
1530 442 1607 462 cum
1628 430 1760 463 diaboli
1778 429 1922 473 spectris
1939 437 1971 463 et
1989 429 2144 469 insidiis,
2166 435 2199 462 et
2217 440 2304 462 con-

1324 480 1498 513 tentiones
1519 480 1593 513 sine
1610 481 1677 513 fine
1695 493 1772 513 cum
1790 480 1950 514 fanaticis
1968 480 2183 513 doctoribus.
2232 478 2305 513 Sed

1323 531 1360 563 in
1380 529 1433 562 his
1446 531 1624 563 aerumnis
1641 531 1732 564 lucet
1749 532 1858 574 gloria
1877 538 1909 564 et
1927 529 2119 575 praesentia
2134 528 2218 568 Dei,
2242 529 2305 574 qui

1324 581 1495 613 mirandis
1526 581 1791 615 liberationibus
1813 588 1976 622 testatur,
2007 593 2042 614 se
2066 591 2187 614 curare
2210 577 2307 612 hunc

1326 633 1524 674 despectum
1544 638 1576 665 et
1594 631 1770 664 infirmum
1788 643 1944 674 gregem,
1971 632 2058 664 sicut
2078 627 2308 676 inquitChri-

1326 689 1417 715 stus:
1452 680 1618 724 Confide,
1651 682 1732 726 quia
1764 693 1826 724 ego
1855 683 1922 714 vici
1953 682 2139 716 mundum.
2202 679 2308 713 Item:

1328 732 1446 765 Maior
1479 739 1545 771 est,
1581 732 1641 776 qui
1675 732 1711 763 in
1743 732 1842 764 vobis
1875 739 1942 772 est,
1978 744 2082 776 quam
2113 730 2175 775 qui
2197 736 2247 763 est
2269 730 2310 763 in.

1328 784 1473 818 mundo.
1528 782 1631 816 Item:
1659 781 1739 815 Non
1752 783 1948 827 relinquam
1961 793 2022 815 vos
2033 779 2222 826 orphanos,
2245 786 2310 814 etc.

1378 880 1463 930 Ipsi
1486 882 1579 916 enim
1604 880 1836 928 audivimus,
1863 887 1894 916 et
1917 881 2050 916 scimus
2071 879 2171 929 quod
2185 878 2245 916 hic
2261 885 2315 916 est

1428 933 1597 967 salvator
1613 931 1753 968 mundi.

1432 1008 1557 1042 Statim
1582 1009 1684 1042 initio
1711 1009 1746 1040 in
1762 1007 1929 1041 Paradiso
1954 1015 2032 1052 post
2056 1008 2192 1051 lapsum
2215 1007 2314 1041 Adae

1333 1059 1532 1092 institutum
1559 1066 1609 1092 est
1641 1059 1875 1092 ministerium
1900 1057 2105 1101 Evangelii,
2140 1058 2315 1097 videlicet,

1333 1118 1364 1143 et
1400 1109 1635 1153 poenitentiae
1671 1110 1942 1152 praedicandae,
1990 1116 2024 1142 et
2060 1108 2316 1152 promissionis·

1335 1160 1411 1192 Hoc
1446 1172 1554 1192 unum
1585 1166 1616 1193 et
1648 1159 1739 1191 idem
1765 1159 1997 1191 ministerium
2022 1166 2228 1202 perpetuum
2254 1165 2316 1197 est,

1336 1218 1367 1244 et
1386 1210 1571 1254 eritusqne
1585 1211 1626 1243 ad
1641 1209 1939 1242 resuscitationem
1950 1216 2188 1241 mortuorum.
2231 1207 2318 1242 Vult

1339 1261 1445 1304 igitur
1465 1260 1559 1293 Deus
1581 1272 1667 1293 voce
1681 1259 1862 1302 Evangelii
1883 1271 2006 1292 vocare
2023 1257 2232 1300 Ecclesiam,
2259 1259 2319 1292 sed

1339 1312 1415 1344 vult
1440 1309 1506 1344 boc
1531 1322 1690 1355 quoque,
1724 1317 1763 1343 ut
1789 1310 1971 1342 audientes
1992 1310 2151 1350 credant,
2187 1316 2221 1343 et
2244 1321 2320 1342 cre-

1339 1364 1424 1395 dant
1447 1374 1518 1393 non
1544 1361 1724 1394 autoritati
1749 1359 1940 1399 humanae,
1967 1360 2026 1392 sed
2052 1360 2158 1392 verbo
2175 1365 2208 1392 et
2223 1359 2321 1393 testi-

1340 1412 1467 1444 moniis
1477 1411 1554 1444 Dei.
1605 1411 1700 1443 Haec
1717 1421 1901 1442 monemur
1918 1410 1955 1442 in
1971 1407 2035 1442 hac
2050 1406 2213 1442 historia:
2241 1408 2323 1442 Pri-

1341 1474 1437 1495 mum
1462 1462 1591 1495 mulier
1614 1460 1772 1501 fungitur
1800 1472 1945 1493 munere
1975 1460 2187 1503 apostolico,
2223 1466 2323 1494 vocat

1341 1513 1510 1557 populum
1534 1512 1576 1544 ad
1596 1511 1780 1551 Messiam,
1807 1508 1900 1543 nihil
1925 1511 1968 1543 ad
1985 1508 2216 1554 Evangelium
2241 1521 2323 1554 per-

1341 1565 1428 1596 tinet
1451 1562 1640 1606 dispntatio
1665 1563 1707 1594 de
1723 1561 1901 1594 ordinaria
1923 1566 2101 1604 potestate.
2154 1560 2324 1605 Quisquis

1343 1613 1442 1646 affert
1467 1625 1585 1645 vocem
1604 1611 1688 1653 Dei,
1716 1612 1911 1645 audiendus
1933 1618 2002 1651 est,
2026 1611 2099 1643 sive
2118 1611 2162 1643 sit
2179 1611 2325 1644 ordina-

1345 1664 1416 1696 rius
1431 1661 1642 1706 Episcopus,
1669 1663 1740 1696 sive
1755 1663 1911 1706 privatus
1925 1659 2045 1696 homo.
2098 1661 2186 1694 Nam
2203 1660 2324 1694 Evan-

1346 1715 1425 1756 gelii
1450 1713 1519 1747 Dei
1545 1713 1738 1745 necessario
1765 1713 1959 1756 parendum
1985 1718 2056 1751 est,
2083 1711 2243 1755 quisquis
2266 1718 2328 1753 est,

1348 1777 1407 1808 per
1425 1775 1528 1808 quem
1546 1769 1657 1797 sonat.
1712 1762 1763 1795 lta
1784 1769 1865 1795 nato
1883 1759 2023 1796 Christo
2038 1768 2136 1795 erant
2153 1760 2329 1806 Apostoli,

1348 1821 1516 1858 pastores:
1552 1825 1630 1846 cum
1647 1810 1808 1845 Christus
1833 1813 1871 1844 in
1896 1823 1997 1845 cruce
2020 1813 2204 1854 penderet,
2230 1819 2328 1846 erant

1349 1864 1529 1908 Apostoli,
1562 1864 1672 1901 latr0,
1706 1869 1739 1896 et
1763 1861 1935 1895 centurio.
2005 1860 2045 1893 In
2071 1859 2162 1895 hanc
2186 1869 2328 1896 senten-

1349 1916 1432 1949 tiam
1458 1914 1573 1958 inquit
1590 1913 1738 1947 Paulus:
1766 1912 1860 1947 Deus
1883 1923 2066 1956 personam
2087 1909 2242 1946 hominis
2256 1925 2331 1947 non

1349 1965 1485 2009 accipit.

1452 2022 1531 2056 Non
1551 2022 1658 2066 igitur
1670 2022 1759 2055 valet
1772 2027 2032 2065 argumentum:
2058 2019 2334 2067 HaecEpiscopi

1354 2075 1600 2113 decreverunt,
1633 2085 1740 2118 quare
1763 2084 1826 2116 pro
1850 2073 1969 2113 certis,
1996 2072 2104 2112 veris,
2130 2073 2334 2107 necessariis

1353 2125 1552 2168 recipienda
1578 2131 1671 2158 sunt.
1725 2122 1765 2156 In
1791 2123 1936 2169 Synodo
1961 2120 2183 2156 Antiochena
2206 2125 2334 2157 adver-

1355 2176 1497 2208 sabatur
1529 2174 1640 2208 Paulo
1674 2173 1900 2207 Samosateno
1933 2173 2117 2217 praecipue
2152 2173 2334 2208 Diaconus

1356 2224 1558 2264 Malchion,
1591 2231 1625 2258 et
1646 2231 1736 2256 recte
1763 2225 2022 2268 praeferebatur
2046 2223 2215 2257 sententia
2238 2223 2334 2257 Mat-

1357 2275 1510 2315 chionis,
1537 2275 1617 2320 quia
1635 2275 1807 2308 retinebat
1824 2274 1966 2308 Ioannis
1978 2272 2140 2318 Apostoli,
2155 2275 2336 2319 scriptum,

1357 2328 1449 2371 quod
1469 2326 1716 2360 Samosatenus
1741 2326 1998 2368 corrumpebat.
2048 2323 2145 2357 Haec
2166 2325 2210 2358 de
2234 2332 2336 2359 auto-

1357 2378 1459 2410 ritate
1482 2376 1660 2410 ordinaria
1687 2375 1839 2408 breviter
1861 2387 2004 2408 monere
2020 2375 2101 2413 satis
2116 2381 2185 2416 est,
2209 2375 2337 2409 videli-

1358 2436 1428 2469 cet,
1456 2428 1550 2472 quod
1568 2432 1725 2470 oporteat
1741 2426 1904 2458 anteferri
1924 2425 2070 2458 verbum
2085 2425 2166 2461 Dei.

1458 2493 1621 2527 Secundo
1636 2498 1755 2525 monet
1774 2492 1982 2536 exemplum,
2001 2497 2163 2535 oportere
2181 2492 2338 2535 singulos

1358 2556 1420 2588 per
1442 2556 1514 2578 sese
1535 2544 1668 2577 iudices
1696 2554 1767 2575 esse
1795 2543 1994 2583 doctrinae,
2024 2542 2086 2576 etsi
2111 2540 2177 2575 hoc
2199 2543 2339 2578 videtur

1360 2602 1564 2637 arroganter
1588 2601 1621 2628 et
1644 2594 1794 2627 absurde
1820 2593 1909 2631 dici,
1945 2604 2018 2626 non
2042 2593 2124 2625 satis
2146 2604 2217 2626 esse
2239 2595 2338 2640 sequi

1360 2646 1575 2692 synodorum
1591 2657 1629 2679 ac
1645 2645 1828 2679 doctorum
1845 2643 1973 2678 iudicia
1985 2670 1994 2686 ‚
2021 2644 2081 2677 sed
2098 2644 2224 2678 debere
2240 2656 2337 2680 acce-
