2415 2942
79 103 157 140 209
477 99 561 138 ΧΙΙ.

78 188 146 224 Dei
171 199 245 222 esse
267 199 342 221 non
365 187 478 221 solum
503 193 604 221 natos
628 199 667 220 ex
689 184 871 220 Abraham
897 194 930 221 et
954 187 1073 220 obser·
1100 186 1104 238 l

80 246 202 274 vantes
229 239 446 273 ceremonias
469 238 584 279 Mosi‚
612 239 670 271 sed
696 249 818 270 omnes
845 237 882 270 in
908 238 1075 271 omnibus
1100 263 1101 278 i

78 291 264 335 gentibus,
296 290 356 335 qui
384 288 618 333 Evangelium
642 288 837 332 amplexuri
863 296 978 328 erant,
1013 289 1072 320 sed
1099 301 1101 312 ·

79 342 230 376 alterum
266 341 466 374 convicium
497 341 643 379 refutat,
686 339 911 372 daemonium
946 336 1070 373 habes:

78 390 137 426 hic
164 393 268 437 plane
292 399 324 425 et
342 392 476 425 diserte
499 390 703 434 respondet:
736 390 976 423 Daemonium
998 402 1071 422 non

79 441 204 479 babeo.
257 442 346 476 Nam
367 440 424 475 hic
442 442 671 486 pugnandum
689 446 757 480 est,
781 440 871 473 nulli
892 447 1070 474 creaturae.

80 495 266 529 tacendum
294 500 362 533 est,
389 505 468 527 cum
492 492 618 525 veritas
636 489 701 524 Dei
726 491 856 524 dicitur
880 503 951 524 esse
971 504 1070 524 men-

79 545 220 579 dacium
243 544 395 583 diaboli,
421 550 480 577 aut
503 549 654 575 econtra.
709 541 784 575 Hae
806 548 886 575 sunt
905 541 1070 586 blasphe-

80 596 188 634 miae,
226 607 311 641 quas
339 595 441 628 etiam
473 594 558 627 alibi
592 593 739 633 refutat,
771 599 810 626 ut
844 591 973 629 Mattb.
994 595 1069 629 12:

80 646 153 690 Qui
184 658 256 679 non
282 652 332 679 est
355 657 512 685 mecum,
547 650 668 677 contra
694 656 750 677 me
775 650 843 682 est,
872 651 935 678 etc.
995 643 1069 677 Has

78 697 187 737 igitur
212 696 438 730 refutationes
461 695 744 734 meminerimus,
772 702 804 728 et
827 695 976 728 sciamus
1002 708 1068 728 no-

78 748 132 780 his
157 747 320 781 similiter
344 746 515 790 praecipi,
541 753 579 779 ut
597 746 744 788 gloriam
763 743 829 778 Dei
848 752 966 779 nostra
983 758 1067 779 con-

76 799 228 831 fessione
253 798 500 837 defendamus,
535 797 732 830 tribuamus
757 796 850 835 Deo,
875 809 963 842 quae
985 804 1067 831 sunt

76 848 161 889 Dei,
189 856 221 882 et
243 861 316 881 non
335 849 490 881 sinamus
508 860 546 881 ea
563 848 760 891 depravari.
815 846 893 880 Hoc
909 848 1064 880 officium

23 915 25 917 ·
74 900 279 933 mandatum
311 906 360 932 est
384 899 632 932 universaliter
656 899 842 937 omnibus,
877 911 955 931 cum
977 900 1065 931 dici-

72 956 148 985 tur:
193 950 264 993 Qui
286 950 463 983 confessus
486 950 592 984 fuerit
617 962 672 982 me
696 961 813 982 coram
843 947 1066 992 hominibus,

74 1001 268 1035 confitebor
285 1012 364 1034 eum
382 1013 498 1034 coram
516 1008 614 1044 patre
630 1001 791 1042 coelesti,
820 1007 883 1037 etc.

125 1108 174 1145 Si
201 1109 283 1158 quis
315 1120 514 1143 sermonem
545 1120 662 1142 meum
693 1107 873 1151 servabit,
916 1115 1064 1144 mortem

177 1174 269 1200 non,
297 1165 359 1197 etc.

175 1233 374 1279 Exaggerat
413 1247 511 1269 suam
552 1236 828 1276 confessionem,
869 1242 903 1269 et
938 1237 1064 1281 repetit

75 1298 250 1321 summam
273 1287 474 1326 doctrinae,
498 1298 572 1319 non
595 1288 710 1320 solum
736 1293 837 1329 negat
860 1298 895 1320 se
920 1287 1062 1320 daemo-

75 1338 174 1370 nium
200 1335 346 1377 habere,
375 1338 434 1370 sed
460 1337 565 1370 etiam
590 1338 742 1381 amplius
761 1344 924 1377 testatur,
949 1350 984 1371 se
1002 1351 1063 1382 pa-

74 1394 162 1422 trem
186 1385 322 1421 honore
340 1388 486 1423 afficere.
539 1387 675 1421 Deinde
690 1400 863 1421 summam
882 1389 1063 1422 doctrinae

73 1438 220 1482 repetit,
247 1445 280 1472 et
304 1438 473 1483 proponit
499 1439 706 1473 sententiam
731 1439 840 1482 magis
865 1440 1062 1473 mirandam

73 1489 148 1524 istis
164 1489 404 1530 auditoribus,
430 1489 581 1523 affirmat
596 1502 631 1523 se
649 1490 755 1523 vitam
773 1497 950 1524 aeternam
968 1492 1062 1532 dare,

73 1547 107 1574 et
135 1541 281 1574 modum
315 1540 478 1576 ostendit.
537 1540 576 1575 Si
607 1541 686 1586 quis
718 1552 914 1574 sermonem
944 1554 1061 1575 meum

74 1591 245 1629 servabit,
280 1598 426 1624 mortem
456 1603 530 1624 non
562 1591 708 1627 videbit.
767 1591 862 1625 Haec
890 1605 956 1626 vox
981 1606 1060 1626 cum

75 1643 119 1675 sit
136 1639 320 1684 Evangelii
345 1654 500 1680 summa,
528 1642 717 1685 diligenter
740 1644 867 1676 animis
887 1644 1061 1686 infigenda

76 1700 143 1731 est,
178 1704 240 1724 nec
271 1693 339 1724 dici
373 1693 558 1736 quicquam
583 1693 696 1726 maius
722 1701 816 1736 post,
852 1702 971 1739 estque
996 1693 1062 1728 hoc

76 1742 208 1775 dictum
240 1742 307 1784 legi
338 1744 602 1785 opponendum.
669 1742 790 1776 Iudaei
824 1746 995 1788 putabant
1028 1758 1062 1778 se

76 1800 219 1837 propter
244 1793 351 1835 legem
371 1793 485 1826 salvos
501 1793 586 1826 fieri.
639 1791 801 1827 Christus
819 1795 922 1827 aliam
940 1808 1061 1829 vocem

76 1843 260 1887 proponit,
295 1844 425 1876 scilicet
455 1855 555 1876 suum
579 1855 797 1884 sermonem,
830 1857 933 1889 quem
963 1847 1063 1880 toties

75 1894 144 1927 iam
170 1894 349 1937 repetivit,
377 1900 415 1927 ut
441 1905 545 1938 supra
569 1906 645 1938 cap.
663 1895 715 1929 3.:
744 1894 803 1928 Sic
826 1897 946 1930 dilexit
968 1896 1063 1931 Deus

75 1946 268 1984 mundum,
296 1952 334 1978 ut
352 1945 464 1978 filium
481 1955 583 1977 suum
601 1946 823 1988 unigenitum
842 1948 997 1988 dederit,
1023 1956 1064 1982 ut

76 1996 192 2029 omnis
213 1996 272 2040 qui
293 1996 402 2029 credit
422 1995 458 2028 in
475 2008 573 2036 eum,
599 2008 673 2029 non
693 2004 831 2041 pereat,
858 2000 915 2031 sed
937 1997 1064 2034 habeat

76 2047 182 2079 vitam
209 2054 397 2079 aeternam.
458 2045 564 2080 Hunc
589 2058 787 2080 sermonem
810 2049 872 2093 qui
896 2050 1063 2090 retinent,

76 2104 222 2130 mortem
241 2110 311 2129 non
331 2098 501 2130 videbunt
519 2105 551 2131 et
570 2110 642 2131 non
658 2100 861 2142 gustabunt.

179 2164 279 2197 Hanc
310 2165 497 2198 salutarem
527 2167 802 2200 consolationem
837 2179 901 2201 nec
924 2168 1062 2212 profani

75 2228 139 2249 nec
169 2216 280 2249 securi
313 2214 515 2261 hypocritae
541 2217 761 2261 intelligunt,
798 2219 859 2263 qui
885 2220 1063 2253 somniant

613 98 912 137 ENARRATIO
942 100 994 135 IN
1021 97 1203 136 EVANG.
1233 96 1446 136 IOANNIS.
1499 98 1603 134 CAP.
1630 99 1729 136 vm.

1088 2255 1089 2271 ι
1116 2249 1211 2270 mors
1245 2243 1397 2272 aeterna.

76 2265 236 2300 homines
257 2275 398 2311 propter
414 2268 693 2313 qualemcunque
712 2269 935 2314 disciplinam
954 2270 1064 2303 iustos
1088 2273 1089 2277 ’

76 2330 167 2359 esse,
194 2325 228 2351 et
252 2326 300 2352 est
327 2330 491 2362 magnum
516 2325 548 2351 et
572 2320 804 2353 necessarium
829 2322 933 2354 decus
955 2321 1062 2354 disci-

78 2369 195 2413 plina,
222 2370 279 2402 sed
305 2375 421 2403 tamen
444 2381 547 2402 nemo
571 2369 608 2402 in
633 2367 696 2403 hac
718 2372 944 2415 corruptione
960 2378 1063 2405 natu-

78 2432 135 2453 rae
165 2421 240 2453 sine
264 2427 403 2464 peccato
429 2427 495 2461 est,
530 2427 562 2454 et
585 2421 634 2465 pii
656 2421 860 2465 intelligunt
882 2430 1061 2467 peccatum

79 2482 150 2503 csse
172 2483 333 2514 maguam
359 2479 390 2505 et
413 2469 626 2505 horrendam
645 2473 792 2511 molem,
821 2485 910 2518 quae
927 2485 1063 2518 semper

79 2529 214 2555 accusat
251 2534 289 2554 ac
327 2523 470 2556 damnat
498 2529 617 2556 nostra
652 2524 775 2564 corda,
818 2524 915 2558 iubet
943 2525 1062 2568 sugere

77 2571 211 2612 Deum,
243 2579 333 2606 vetat
363 2585 502 2617 sperare
523 2574 669 2617 gratiam
693 2581 726 2608 et
748 2575 940 2616 auxilium,
974 2576 1063 2610 sicut

78 2624 114 2656 in
133 2622 336 2668 quotidiana
354 2624 566 2668 experientia
584 2637 706 2658 omnes
722 2626 771 2669 pii
790 2626 940 2660 discunt.
981 2625 1062 2662 Nun

78 2674 186 2717 igitur
203 2674 256 2707 lex
275 2672 405 2713 salvat,
430 2676 489 2709 sed
508 2677 748 2718 agnoscendus
765 2684 815 2711 est
832 2677 1017 2715 mediator.

130 2726 308 2758 MELANTR.
328 2727 429 2759 Oriza.
457 2725 543 2761 Vm..
561 2730 639 2761 XV.

1087 2382 1090 2435 l

2045 104 2119 138 210

1231 182 1295 219 Est
1332 192 1365 220 et
1398 186 1434 219 in
1469 183 1532 219 hac
1563 186 1732 230 particula
1765 186 1878 220 dulcis
1910 188 2116 227 consolatio,

1127 237 1222 279 quod
1255 237 1320 271 ait:
1356 237 1394 271 Si
1425 238 1503 282 quis
1535 249 1731 270 sermonem
1764 251 1880 271 meum
1911 241 2116 274 servaverit.

1126 284 1272 320 Duriter
1290 288 1384 320 enim
1403 295 1574 322 vexantur
1591 290 1738 336 pavidae
1757 297 1910 329 mentes,
1937 297 2022 323 tunc
2038 302 2116 334 spe·

1125 348 1238 369 rarem
1263 338 1429 379 gratiam,
1456 339 1484 371 si
1503 339 1658 372 viderem
1681 338 1768 373 mihi
1786 342 1905 374 adesse
1920 338 2115 380 Christum,

1125 387 1153 419 si
1180 399 1234 420 res
1257 389 1458 421 ostenderet
1483 401 1540 422 me
1562 390 1703 423 liberari
1720 404 1759 424 ex
1778 391 1951 435 praesenti
1969 392 2114 425 calami-

1124 443 1214 479 tate,
1242 438 1271 470 si
1294 435 1460 472 haberem
1484 439 1670 482 flagrantes
1688 449 1802 475 motus
1820 442 1973 485 Spiritus
1991 443 2114 484 sancti,

1123 500 1161 521 ac
1177 501 1286 522 novas
1301 490 1543 523 revelationes.
1596 489 1669 523 Hae
1688 492 1895 525 tentationes
1912 500 2016 526 notae
2032 501 2114 527 sunt

1122 539 1207 584 piis,
1235 540 1296 585 qui
1322 547 1439 574 tenere
1465 538 1549 574 haec
1566 541 1658 575 dicta
1678 543 1818 577 debent.
1872 541 1962 575 Ecce
1979 545 2021 576 ad
2040 556 2112 577 ser-

1121 603 1262 624 monem
1295 592 1525 635 deducimur,
1573 593 1621 625 sic
1654 591 1953 637 apprehendimus
1983 593 2113 636 Deum,

1121 641 1170 674 sic
1200 642 1393 675 liberamur
1421 643 1464 676 ab
1496 650 1635 676 aeterna
1668 644 1739 683 ira,
1775 644 1823 676 sic
1848 641 1914 676 hoe
1938 656 2111 689 sermone,

1121 689 1186 725 hac
1209 693 1441 735 promissione
1466 705 1531 726 nos
1548 701 1800 734 sustentamus,
1827 706 1930 738 quam
1950 691 2112 729 Christus

1120 744 1284 784 tradidit,
1318 745 1407 778 sicut
1437 751 1469 778 et
1493 743 1624 778 Paulus
1648 745 1780 790 inquit:
1817 744 1932 778 Probe
1956 752 2006 779 est
2033 759 2111 779 ver-

1121 794 1204 827 bum
1233 795 1269 827 in
1295 807 1354 828 ore
1380 802 1460 836 tuo,
1487 802 1520 829 et
1546 795 1581 829 in
1606 797 1710 828 corde
1736 803 1815 834 tuo,
1845 794 1910 828 hoc
1935 802 2003 837 est,
2031 809 2112 830 ver-

1119 845 1202 878 bum
1229 846 1329 887 fidei,
1364 847 1457 891 quod
1484 846 1737 890 praedicamus.
1791 846 1910 889 Quare
1934 847 2050 880 audita
2078 855 2110 882 et

1119 897 1256 939 cognita
1290 909 1375 930 voce
1410 895 1616 940 Evangelii,
1652 905 1845 931 statuamus
1877 895 1967 930 hanc
1998 898 2109 941 ipsam

1118 960 1199 980 vere
1225 960 1296 981 esse
1321 948 1539 981 voluntatem
1559 947 1643 988 Dei,
1670 961 1775 993 quam
1800 949 1849 981 ibi
1875 949 1979 981 nobis
1994 950 2110 983 decla-

1118 1005 1188 1037 rat,
1218 1005 1410 1032 statuamus
1427 1011 1490 1032 nos
1508 999 1602 1032 iuxta
1621 996 1683 1032 has
1700 999 1948 1043 promissiones
1967 1008 2111 1044 propter

1117 1049 1228 1082 filium
1254 1062 1334 1082 vere
1361 1050 1487 1094 recipi,
1517 1057 1547 1084 et
1571 1062 1772 1095 quanquam
1793 1062 1926 1095 poenae
1944 1062 2109 1094 praesen-

1118 1107 1167 1134 tes
1193 1099 1282 1134 hanc
1303 1101 1407 1133 fidem
1425 1107 1649 1145 oppugnant,
1677 1108 1793 1134 tamen
1812 1113 1884 1133 non
1905 1101 2109 1143 frangamur

1118 1163 1227 1186 mora.
1291 1151 1373 1184 Ideo
1398 1152 1498 1185 dicit:
1535 1151 1573 1185 Si
1600 1152 1678 1195 quis
1702 1152 1902 1187 servaverit,
1954 1150 2109 1186 Difficile

1117 1202 1210 1235 euim
1235 1209 1284 1235 est
1307 1203 1458 1235 retinere
1480 1202 1583 1234 fidem
1608 1202 1699 1234 inter
1724 1210 1921 1246 praesentes
1938 1203 2108 1245 miserias,

1117 1265 1203 1298 quae
1219 1253 1415 1296 significant
1432 1253 1518 1286 iram
1538 1251 1603 1286 Dei
1621 1253 1787 1286 adversus
1807 1260 2003 1300 peccatum,
2031 1262 2094 1289 etc.

1219 1319 1288 1354 Sed
1321 1332 1383 1353 cur
1414 1320 1546 1365 inquit:
1588 1319 1669 1353 Non
1697 1320 1831 1354 videbit
1863 1328 2031 1360 mortem,
2075 1330 2108 1356 et

1116 1372 1378 1415 posteadictum
1397 1371 1536 1415 repetit:
1565 1369 1645 1404 Non
1661 1371 1812 1412 gustabit
1830 1379 1990 1407 mortem.
2017 1370 2107 1405 Ein—

1117 1420 1234 1466 pbasis
1258 1429 1306 1455 est
1332 1422 1369 1454 in
1393 1423 1501 1455 verbo
1527 1422 1685 1456 videndi.
1740 1421 1827 1455 Item
1852 1423 1889 1455 in
1911 1423 2019 1456 verbo
2043 1435 2107 1467 gu-

1116 1473 1246 1508 standi.
1300 1472 1382 1506 Non
1416 1473 1555 1514 videre,
1590 1485 1662 1506 non
1692 1480 1831 1515 gustare
1855 1481 2023 1512 mortem,
2056 1481 2107 1508 est

1116 1536 1189 1557 non
1228 1536 1330 1557 ruere
1367 1524 1405 1556 in
1443 1531 1621 1558 aeternam
1655 1524 1763 1562 iram,
1805 1531 1839 1558 et
1870 1536 1943 1557 non
1978 1525 2107 1559 sentire

1116 1575 1390 1608 damnationem.
1444 1574 1610 1608 Damnati
1632 1575 1770 1613 vident,
1801 1582 1831 1608 et
1850 1582 1990 1617 gustant
2010 1588 2107 1609 mor-

1117 1634 1184 1660 tem
1213 1634 1402 1670 perpetuo,
1437 1626 1471 1658 id
1500 1633 1567 1665 est,
1602 1626 1759 1659 sentiunt
1784 1633 1942 1659 aeternas
1965 1639 2105 1671 poenas,

1116 1685 1145 1711 et
1166 1675 1373 1710 horribilem
1393 1678 1478 1710 iram
1490 1676 1567 1711 Dei.
1622 1676 1690 1710 Sed
1708 1674 1873 1709 haeredes
1889 1677 1976 1710 vitae
1992 1684 2106 1711 aeter-

1116 1741 1182 1761 nae
1208 1741 1280 1761 nou
1307 1728 1496 1768 videbunt,
1530 1740 1602 1760 non
1627 1729 1816 1770 gustabunt
1840 1735 2005 1769 mortem,
2032 1729 2105 1762 irno

1116 1787 1219 1812 erunt
1238 1780 1274 1812 in
1292 1779 1440 1819 laetitia,
1468 1786 1499 1812 et
1517 1779 1586 1811 vita
1604 1784 1787 1822 perpetua,
1814 1779 1885 1811 imo
1903 1779 2006 1812 etiam
2025 1792 2105 1813 cum

1116 1831 1153 1864 fit
1175 1830 1361 1863 dissolutio
1388 1842 1597 1874 corporum,
1628 1842 1699 1861 non
1728 1830 1847 1862 vident
1875 1841 1938 1863 nec
1964 1837 2105 1873 gustant

1117 1888 1284 1919 mortem,
1313 1881 1348 1913 id
1376 1888 1444 1920 est,
1472 1878 1605 1914 habent
1630 1881 1666 1912 in
1689 1881 1811 1924 seipsis
1837 1881 1904 1913 iam
1930 1881 2104 1914 incoatam

1117 1932 1244 1971 vitam,
1271 1944 1334 1964 nec
1357 1939 1439 1965 suut
1462 1932 1617 1975 oppressi
1644 1932 1838 1964 terroribus
1856 1932 1926 1963 irae
1945 1930 2029 1971 Dei,
2057 1931 2105 1965 si-

1117 1990 1173 2015 cut
1191 1982 1275 2016 Saul
1301 1990 1332 2016 et
1352 1982 1456 2015 ludas
1479 1989 1560 2015 sunt
1586 1983 1742 2025 oppressi
1765 1983 1937 2014 ineffabili
1957 1989 2103 2017 terrore.

1116 2032 1213 2067 Dixit
1230 2045 1327 2075 ergo:
1354 2032 1434 2066 'Non
1451 2033 1585 2066 videbit
1602 2040 1767 2073 mortem,
1797 2040 1833 2065 ut
1851 2032 1979 2066 diserte
1995 2033 2104 2076 signi-

1116 2085 1252 2124 ficaret,
1280 2096 1314 2117 se
1333 2096 1404 2117 non
1424 2096 1548 2126 negare
1567 2096 1753 2126 corporum
1773 2084 1972 2117 mortalium
1992 2084 2104 2117 disso-

1116 2135 1306 2173 lutionem,
1333 2137 1390 2168 sed
1411 2135 1614 2169 concionari
1631 2147 1666 2167 se
1682 2136 1724 2167 de
1738 2134 1945 2168 liberatione
1961 2135 2004 2167 ab
2019 2133 2104 2168 hor-

1116 2187 1213 2219 ribili
1239 2187 1288 2218 ira
1308 2185 1394 2227 Dei,
1420 2184 1510 2219 hanc
1530 2187 1678 2223 sentire,
1709 2186 1843 2225 videre,
1868 2192 2024 2228 gustare,
2053 2192 2104 2219 est

1469 2237 1567 2270 Haec
1602 2237 1663 2270 etsi
1697 2236 1864 2279 prolixius
1896 2236 2103 2279 explicanda

1116 2295 1249 2328 essent,
1276 2296 1394 2322 tamen
1419 2288 1499 2333 quia
1524 2300 1624 2332 saepe
1649 2287 1813 2331 repetitae
1837 2294 1918 2321 sunt
1942 2285 2006 2321 hae
2024 2299 2104 2321 sen-

1116 2340 1264 2378 tentiae,
1291 2336 1349 2372 hic
1366 2351 1442 2372 sum
1463 2339 1614 2373 brevior.

1139 2446 1329 2497 Numquid
1343 2453 1381 2482 lu
1403 2447 1525 2482 maior
1545 2459 1580 2481 es
1595 2452 1700 2495 patre
1717 2451 1842 2482 nostro
1857 2444 2082 2481 Abraham?

1219 2524 1289 2559 Hic
1328 2524 1514 2567 insigniter
1550 2523 1732 2558 declarant
1772 2523 1890 2557 ludaei
1930 2525 2104 2558 inscitiam

1116 2588 1233 2617 suam,
1269 2576 1331 2621 qui
1361 2574 1528 2608 Messiam
1561 2575 1798 2615 arbitrantur,
1832 2587 1904 2607 non
1936 2575 2105 2609 maiorem

1087 2660 1089 2664 Α
1115 2628 1191 2660 fore
1209 2634 1305 2671 patre
1324 2623 1521 2665 Abraham,
1549 2637 1612 2658 nec
1629 2626 1830 2669 intelligunt
1846 2623 2028 2658 Abraham
2045 2638 2108 2670 per

1086 2668 1091 2716 l
1116 2677 1285 2712 Messiam
1308 2678 1495 2711 liberatum
1515 2687 1586 2709 esse
1600 2688 1619 2709 a
1640 2683 1769 2718 morte,
1794 2677 1946 2722 denique
1962 2689 2107 2721 prorsus

1555 2726 1601 2761 14
