2415 2942
127 101 201 139 345
526 99 609 135 XII.

118 188 255 233 insigne
287 185 412 225 πάθος
438 186 476 219 in
499 186 668 231 particula
685 184 821 219 Gratis:
857 183 1024 218 Oderunt
1049 197 1102 217 me

123 251 196 272 non
220 238 335 272 solum
358 238 492 270 nullius
517 237 655 269 sceleris
678 250 796 276 reum,
833 247 896 267 nec
918 241 1100 267 nocentem

119 289 223 333 ipsis,
251 289 310 322 sed
328 289 432 322 etiam
449 288 692 321 ardentissime
709 287 908 330 cupientem
925 286 973 318 eis
993 286 1100 317 bene-

117 342 249 380 facere,
293 340 501 372 servientem
532 350 666 371 summa
692 335 909 375 bumilitate,
951 335 1101 369 transfe-

117 398 252 424 rentem
272 390 309 422 in
336 403 389 422 me
408 401 557 436 poenas,
594 400 679 433 quas
706 388 771 431 ipsi
793 393 988 425 merentur,
1025 397 1098 417 non

116 449 341 487 quaerentem
365 441 473 473 ullam
491 439 702 476 vindictam,
730 438 799 470 imo
821 437 954 479 ingenti
979 437 1099 468 dolore

116 493 359 535 deplorantem
391 492 547 535 ipsorum
580 489 827 533 pertinaciam,
876 495 909 521 et
944 488 1100 526 exitium,

118 543 322 576 offerentem
353 542 400 575 eis
416 553 550 574 summa
566 548 599 573 et
616 546 754 572 aeterna
781 539 885 571 bona.
939 537 1008 571 Pro
1036 536 1099 570 hac

117 594 249 637 optima
275 593 472 632 voluntate,
522 597 552 623 et
584 590 688 634 plena
721 590 890 622 moeroris
921 596 953 621 et
987 589 1099 620 luctus

117 651 260 688 propter
277 644 386 687 ipsos,
414 649 447 676 et
467 641 615 675 maxime
634 641 759 684 cupida
777 640 1019 673 benefaciendi
1040 640 1099 677 eis,

116 702 257 739 reporto
276 694 408 728 odium.

217 762 318 795 Hanc
349 760 536 803 imaginem
568 758 791 792 considerent
822 759 1002 796 doctores,
1041 758 1099 803 qui

116 825 215 857 saepe
231 815 418 845 incurrunt
433 812 469 843 in
487 810 580 850 odia,
603 810 660 842 sed
682 809 741 842 alii
759 817 901 854 propter
919 810 1002 842 alias
1019 821 1100 842 cau-

116 876 180 899 sas.
238 863 317 896 Non
342 866 517 896 accersant
542 860 644 893 nobis
668 860 757 893 iusta
781 861 879 901 odia,
917 861 1099 904 turpitudo

115 915 224 953 vitae,
250 914 412 957 rapinae,
439 907 737 955 πλεοιέκτή,ιιαῖα
759 911 865 944 nimis
884 911 1016 956 iniqua,
1046 917 1100 956 ty-

115 965 279 997 rannicae
297 964 519 1007 asperitateS,
548 970 580 995 et
605 962 671 994 alia
696 962 792 997 vitia.
846 962 982 995 Deinde
1002 961 1098 1002 boni,

115 1015 176 1060 qui
200 1015 305 1047 alieni
336 1021 416 1047 sunt
443 1014 487 1046 ab
511 1010 566 1045 his
590 1013 704 1052 vitiis,
739 1013 847 1046 sciant
876 1025 1097 1046 communem

113 1066 279 1099 morbum
299 1077 370 1098 esse
387 1066 458 1096 sere
478 1064 584 1096 totius
600 1064 737 1106 generis
761 1061 927 1103 humani,
954 1064 1098 1106 ingrati-

114 1117 287 1151 tudinem.
340 1115 386 1148 Εἰ
404 1115 539 1159 placide
564 1115 676 1147 serant
703 1115 767 1147 sibi
790 1127 852 1158 pro
880 1115 1011 1158 optima
1037 1128 1098 1146 vo-

113 1167 246 1201 luntate
274 1173 306 1199 et
334 1166 536 1209 ingentibus
562 1165 738 1198 beneflciis
755 1166 855 1197 reddi
875 1166 1001 1197 malam
1021 1177 1098 1207 gra-

112 1219 218 1258 tiam,
258 1218 357 1256 odia,
399 1216 646 1254 contumelias,
687 1222 720 1248 et
750 1216 816 1247 alia
855 1216 966 1254 mala,
1011 1217 1099 1248 sicut

115 1279 237 1300 omnes
260 1265 426 1299 historiae
443 1267 565 1309 plenae
588 1272 670 1299 sunt
695 1267 952 1309 exemplorum,
982 1267 1099 1308 ingra-

113 1318 287 1351 titudInis.
324 1316 439 1350 Attica
457 1318 578 1349 civitas
596 1316 785 1349 Miltiaden
805 1317 841 1348 in
859 1329 994 1349 carcere
1012 1329 1098 1360 pene

113 1370 156 1402 ad
186 1375 332 1401 mortem
358 1379 468 1411 usque
491 1367 654 1400 detinuit.
714 1365 915 1407 Aristiden,
950 1365 1098 1399 Themi-

113 1419 275 1459 stoclem,
303 1417 487 1451 Cimonem
513 1417 643 1459 optime
661 1418 804 1450 meritos
829 1418 970 1462 expulit.
1025 1418 1097 1451 De-

112 1470 220 1515 nique
263 1469 438 1511 catalogus
477 1468 636 1501 infinitus
667 1475 717 1501 est
753 1468 897 1507 talium,
946 1481 1096 1513 quorum

112 1520 268 1567 exempla
299 1532 363 1553 nos
392 1521 624 1559 admoneant,
666 1526 704 1552 ut
730 1521 932 1552 studeamus
956 1526 1098 1563 propter

110 1571 225 1604 Deum
242 1577 333 1604 recta
351 1571 480 1613 facere,
509 1582 582 1602 non
601 1577 743 1613 propter
759 1571 952 1603 mercedem
972 1568 1097 1603 huma-

111 1634 213 1662 nam,
249 1633 313 1654 nec
338 1622 543 1664 frangamur
566 1621 712 1661 animis,
747 1633 825 1654 cnm
852 1634 924 1653 non
951 1633 1096 1664 respon-

112 1673 196 1706 dent
223 1669 406 1704 hominum
433 1672 547 1705 studia
573 1679 604 1704 et
627 1671 740 1704 officia
776 1679 896 1705 nostra
922 1672 1097 1706 voluntati

112 1730 145 1756 et
162 1723 290 1756 nostris
308 1722 451 1756 meritis.

287 1811 380 1848 Cum
408 1818 527 1847 autem
547 1813 676 1847 venerit
701 1811 922 1860 paracletus.

211 1890 327 1924 Multa
345 1891 463 1924 docuit
480 1902 584 1933 snpra
605 1891 648 1922 de
670 1902 803 1923 summa
821 1888 1028 1932 Evangelii,
1055 1891 1097 1923 de

110 1941 223 1985 seipso
242 1939 424 1980 Christus,
452 1942 494 1974 de
511 1954 589 1973 vera
606 1940 783 1981 Ecclesia,
808 1942 850 1973 de
865 1942 999 1984 Spiritu
1017 1953 1096 1974 san-

111 2000 187 2033 cto,
210 1993 254 2026 de
272 1992 467 2025 ministerio
488 1990 687 2034 Evangelii.
739 1991 950 2024 Consolatus
967 1999 1015 2025 est
1033 2005 1096 2025 au-

111 2044 242 2076 ditores
266 2055 366 2083 suos,
399 2051 432 2076 et
454 2043 550 2076 dedit
574 2051 741 2087 tanquam
768 2043 981 2075 discessurus
1003 2051 1094 2075 certa

111 2095 288 2128 mandata.
359 2093 462 2126 Nunc
500 2094 623 2136 repetit
660 2094 865 2126 concionem
894 2095 936 2126 de
959 2094 1095 2137 Spiritu

111 2151 248 2185 sancto,
276 2151 308 2177 et
325 2145 366 2176 de
383 2144 578 2177 ministerio
594 2142 790 2187 Evangelii.

214 2211 372 2244 Primum
390 2218 505 2244 autem
525 2211 698 2243 discamus
724 2212 995 2255 descriptionem
1014 2211 1094 2255 Spi-

110 2263 199 2296 ritus
215 2261 347 2302 sancti,
384 2275 472 2306 quae
496 2262 648 2295 ostendit
672 2262 750 2306 quis
773 2269 804 2296 et
829 2263 942 2307 qualis
966 2263 1028 2300 sit,
1064 2269 1095 2296 et

111 2320 256 2348 testatur
273 2314 472 2346 distinctam
495 2325 679 2356 personam
698 2324 769 2345 esse
790 2325 807 2346 a
825 2321 922 2356 patre
952 2321 984 2346 et
1011 2313 1096 2353 filio,

113 2366 171 2397 sed
193 2372 232 2398 ut
253 2376 354 2408 saepe
379 2365 464 2397 alias
488 2364 629 2401 monui,
664 2363 818 2397 firmiora
843 2371 876 2397 et
901 2365 1093 2397 illustriora

113 2422 193 2448 sunt
217 2415 404 2448 cuiuslibet
430 2415 570 2447 articuli
604 2415 821 2454 testimonia,
856 2427 934 2447 cum
960 2416 1094 2459 praeci—

114 2478 179 2508 pua
196 2466 300 2499 simul
318 2467 601 2509 coniunguntur,
635 2472 668 2498 et
685 2465 752 2498 alia
770 2466 847 2498 aliis
863 2466 960 2510 quasi
976 2466 1094 2499 lumen

113 2518 258 2551 addunt.
299 2516 429 2562 >Quare
453 2519 494 2549 ad
512 2515 605 2550 hunc
630 2517 744 2549 locum
765 2517 1001 2559 adiungantur
1019 2529 1095 2550 cae-

113 2574 184 2600 tera
204 2568 292 2600 dicta
305 2594 313 2607 ,
342 2580 428 2612 quae
445 2569 588 2608 docent,
616 2568 694 2612 quis
713 2568 756 2601 sit
773 2568 925 2612 Spiritus
944 2575 1095 2609 sanctuS,

113 2625 145 2650 et
165 2624 336 2651 testantur
353 2630 535 2661 personam
555 2631 572 2651 a
590 2626 706 2662 patre,
734 2627 767 2652 et
790 2619 862 2651 filio
879 2618 953 2651 eius
970 2617 1094 2652 Domi-

112 2681 158 2702 no
176 2675 294 2702 nostro
314 2667 390 2702 Iesu
406 2667 546 2704 Christo
563 2670 764 2704 distinctam
789 2681 870 2705 esse.
924 2667 1094 2704 Ostendi-

661 96 958 135 ENARRATIO
987 97 1036 134 IN
1064 95 1247 133 EVANG.
1276 94 1490 131 IOANNIS.

1543 94 1646 132 CAP.
1675 95 1754 132 XV.
2076 99 2149 133 346

1155 188 1213 215 tur
1228 189 1343 216 antem
1370 182 1554 226 perspicue
1579 182 1760 216 distinctio
1786 194 2014 225 personarum
2033 183 2068 216 in
2091 197 2146 217 re-

1154 233 1329 266 velatione
1354 234 1460 266 trium
1496 246 1745 277 personarum,
1786 234 1874 267 sacta
1908 235 1945 266 in
1970 235 2144 278 baptismo

1153 281 1306 322 Christi,
1333 291 1371 317 ut
1387 284 1455 317 alio
1473 284 1549 318 loco
1567 285 1700 319 dictum
1721 292 1785 319 est.

1255 357 1369 401 Supra
1387 365 1502 391 autem
1522 360 1684 400 recitavi,
1719 360 1805 405 quid
1831 360 2001 403 significet
2022 357 2141 406 παρά-

1152 410 1297 453 κλητος,
1325 409 1456 441 scilicet
1474 410 1694 443 advocatum.
1750 410 1795 443 Ut
1813 418 1929 444 autern
1946 413 2139 444 advocatus

1153 459 1190 491 iu
1216 459 1348 491 iudicio
1375 459 1483 493 multa
1516 460 1627 493 officia
1661 461 1826 501 sustinet,
1867 469 2008 502 monet,
2053 463 2140 505 regit

1153 521 1250 542 suam
1268 515 1402 553 p'artem
1421 511 1588 551 consilio,
1616 518 1665 544 est
1681 508 1841 544 hortator
1868 519 1901 545 et
1927 513 2139 553 consolator,

1153 560 1237 593 dicit
1255 572 1317 603 pro
1333 572 1392 600 eo,
1422 561 1476 594 cui
1500 568 1549 594 est
1566 563 1764 596 advocatus,
1819 561 1868 595 lta
1887 562 2040 606 Spiritus
2057 575 2139 595 san-

1153 618 1227 644 ctus
1244 611 1373 644 similia
1394 609 1499 644 habet
1517 612 1631 645 officia
1649 612 1813 656 privatim
1838 613 1875 645 in
1902 613 2137 653 credentibus,

1153 669 1186 696 et
1203 662 1342 705 publice
1360 662 1396 694 in
1413 661 1566 695 Ecclesia
1583 663 1621 695 in
1645 662 1860 703 ministerio,
1899 663 2056 696 accendit
2082 665 2137 696 lu-

1152 725 1225 746 cem
1245 713 1282 745 in
1301 713 1487 753 cordibus,
1513 711 1795 756 utEvangelium
1812 714 2031 756 intelligant,
2062 727 2136 747 mo-

1152 770 1207 797 vet
1225 770 1263 797 ut
1281 764 1536 804 assentiantur,
1564 765 1747 797 confirmat
1763 765 2018 804 assensionem,
2046 777 2135 810 quae

1151 821 1374 858 oppugnatur
1403 815 1508 847 variis
1545 815 1677 854 modis,
1726 822 1898 849 monstrat
1936 816 2136 854 consilium,

1150 866 1415 909 perterrefactos
1442 866 1559 909 erigit,
1588 878 1651 910 pro
1677 866 1779 898 nobis
1803 866 1979 911 loquitur,
2012 867 2048 899 id
2074 873 2135 905 est,

1150 916 1300 960 impellit
1325 917 1429 949 corda
1454 918 1496 949 ad
1521 916 1799 958 invocationem,
1833 917 1947 959 palam
1973 918 2077 950 ctiam
2100 918 2136 949 in

1150 967 1367 1000 consessione
1386 973 1505 1000 noster
1521 975 1639 1000 orator
1656 974 1727 1007 est,
1755 974 1788 1000 et
1805 968 1948 1001 adiuvat
1970 968 2135 1002 dicentes,

1151 1017 1202 1051 lta
1219 1025 1249 1051 et
1270 1018 1304 1050 in
1323 1018 1467 1065 publico
1492 1018 1688 1051 ministerio
1715 1019 1813 1051 adest
1836 1025 1866 1052 et
1883 1026 1997 1051 servat
2015 1019 2135 1062 publi-

1149 1081 1222 1102 cam
1242 1067 1427 1111 Evangelii
1445 1081 1583 1109 vocem,
1621 1077 1653 1102 et
1679 1081 1741 1112 per
1763 1081 1837 1102 eam
1862 1076 1909 1102 est
1932 1069 2069 1110 efficax,
2096 1076 2134 1102 ut

1149 1119 1251 1152 multi
1291 1127 1542 1152 convertantur
1571 1121 1614 1151 ad
1648 1131 1766 1151 veram
1797 1118 1862 1151 Dei
1908 1120 2134 1161 agnitionem.

1148 1170 1243 1203 I‘Iaec
1269 1170 1436 1203 beneficia
1470 1170 1661 1212 significata
1695 1169 1932 1213 appellatione
1958 1171 2134 1213 paracleti,

1149 1221 1256 1263 magis
1272 1232 1430 1263 expressa
1446 1228 1545 1260 sunt,
1582 1232 1660 1253 cum
1683 1221 1889 1253 nominatur
1913 1221 2055 1264 spiritus
2075 1234 2133 1254 ve-

1149 1271 1279 1310 ritatis,
1307 1271 1342 1303 id
1361 1278 1430 1309 est,
1459 1271 1601 1314 spiritus
1619 1283 1722 1303 verax
1748 1278 1779 1305 et
1804 1271 1959 1304 efficiens
1984 1284 2132 1306 veraces.

1149 1321 1301 1365 Spiritus
1319 1328 1384 1360 est,
1412 1321 1525 1354 lucem
1545 1322 1733 1365 praebens,
1762 1323 1969 1365 ctagitator.
2006 1322 2132 1363 Verax,

1148 1373 1181 1405 id
1199 1378 1267 1412 est,
1295 1373 1406 1405 menti
1423 1372 1564 1405 divinae
1583 1384 1779 1415 congruens
1794 1400 1802 1413 ,
1830 1386 1902 1406 non
1921 1373 2131 1407 dissentiens

1147 1424 1191 1456 ab
1208 1429 1352 1456 aeterno
1372 1430 1489 1466 patre,
1515 1431 1583 1457 eta
1603 1423 1764 1464 Christo,
1794 1436 1857 1457 nec
1883 1437 1900 1456 a
1927 1425 2034 1456 verbo
2061 1431 2132 1466 tra-

1147 1475 1220 1507 dito
1241 1486 1302 1518 per
1315 1481 1450 1518 patrem
1480 1482 1512 1507 et
1538 1487 1601 1518 per
1620 1472 1815 1509 Christum.
1868 1474 2005 1507 Deinde
2026 1475 2130 1508 etiam

1147 1525 1301 1559 efficiens
1343 1537 1479 1558 veraces
1501 1552 1509 1564 ,
1563 1532 1594 1558 et
1629 1532 1861 1568 congruentes
1890 1526 2065 1559 voluntati
2098 1533 2132 1559 et

1147 1577 1253 1609 verbo
1273 1574 1356 1615 Dei,
1384 1584 1416 1609 et
1435 1576 1617 1609 veritatem
1638 1577 1674 1608 in
1694 1577 1833 1619 publico
1853 1577 2049 1610 ministerio
2076 1577 2130 1609 in—

1147 1633 1359 1671 terpretans,
1387 1638 1607 1671 proponens,
1634 1633 1665 1660 ct
1688 1639 1926 1671 propugnans,

1249 1703 1316 1736 Hic
1334 1710 1367 1737 et
1388 1704 1527 1736 collatio
1555 1703 1805 1736 consideretur.
1861 1702 2020 1737 Aliarum
2046 1716 2130 1747 gen-

1148 1756 1234 1788 tium
1255 1755 1441 1797 opiniones
1459 1756 1502 1787 de
1525 1753 1599 1786 Deo
1625 1761 1707 1786 suut
1735 1755 1857 1796 plenae
1883 1768 2059 1795 errorum,
2089 1764 2127 1789 ut

1146 1804 1287 1838 Ethnici
1307 1806 1483 1838 finxerunt
1501 1805 1646 1837 immani
1665 1805 1809 1837 audacia
1828 1817 1939 1837 novos
1961 1808 2060 1847 dem,
2097 1814 2130 1840 et

1147 1857 1260 1889 cultus
1277 1857 1352 1889 sine
1376 1857 1462 1896 fine,
1490 1856 1579 1889 alius
1603 1853 1802 1896 Bacchum,
1837 1856 1926 1889 alius
1945 1857 2128 1900 Proserpi-

1146 1920 1246 1947 nam,
1274 1907 1362 1939 alius
1381 1906 1567 1951 Priapum,
1591 1906 1680 1939 alius
1704 1907 1781 1939 alia.
1831 1907 1888 1940 Sic
1908 1908 1975 1940 iam
1995 1906 2128 1949 Iudaei,

1147 1956 1435 1995 Mahometistae,
1476 1955 1645 1990 Monaehi
1677 1956 1993 1991 comminiscuntur
2021 1965 2128 1992 tetros

1145 2010 1300 2048 furores,
1329 2010 1386 2040 sed
1416 2021 1486 2040 nna
1506 2015 1554 2041 est
1573 2020 1652 2040 vera
1684 2008 1860 2049 doctrina,
1901 2010 2028 2052 scripta
2064 2022 2126 2054 per

1146 2057 1339 2103 Prophetas
1377 2067 1408 2092 et
1441 2058 1649 2102 Apostolos,
1696 2072 1799 2104 quam
1841 2066 1942 2093 sonat
1973 2060 2126 2103 Spiritus

1145 2118 1300 2149 sanctus,
1336 2117 1368 2143 et
1399 2111 1440 2142 de
1467 2123 1533 2154 qua
1559 2110 1713 2151 Spiritus
1746 2117 1884 2143 sanctus
1912 2111 2125 2155 testificatur,

1145 2162 1233 2199 sicut
1252 2158 1307 2193 hic
1334 2168 1364 2194 et
1389 2173 1492 2204 supra
1522 2161 1613 2193 clare
1643 2161 1746 2193 dixit:
1800 2162 1861 2193 lllc
1894 2162 2033 2194 docebit
2065 2175 2125 2196 vos

1144 2213 1280 2251 omnia,
1325 2220 1358 2245 et
1393 2213 1526 2254 rediget
1558 2212 1657 2243 robis
1690 2212 1726 2243 in
1760 2212 1964 2244 memoriam
1994 2215 2125 2251 omnia,

1144 2275 1232 2308 quae
1251 2263 1333 2295 dixi.
1387 2261 1449 2295 Est
1476 2263 1581 2306 igitur
1597 2262 1749 2306 Spiritus
1774 2269 1997 2295 conservator
2018 2265 2127 2296 mini-

1143 2315 1240 2347 sterii
1266 2314 1474 2356 evangelici,
1507 2321 1538 2347 et
1565 2325 1624 2355 per
1642 2311 1706 2345 hoc
1731 2313 1967 2346 ministerium
1985 2321 2033 2347 est
2053 2316 2128 2347 esti-

1145 2377 1214 2397 cax.
1268 2364 1407 2398 Deinde
1425 2373 1456 2397 et
1476 2363 1559 2397 haec
1579 2364 1720 2396 collatio
1740 2365 1991 2397 consideretur.
2047 2365 2126 2398 Ple-

1144 2428 1209 2448 nae
1235 2423 1317 2449 sunt
1350 2428 1532 2455 errorum,
1567 2414 1848 2455 dubitationum,
1884 2423 1916 2447 et
1949 2417 2127 2449 confusio-

1145 2479 1228 2499 num
1248 2474 1383 2500 mentes
1399 2466 1637 2508 singulorum,
1671 2466 1860 2508 cogitantes
1885 2467 1928 2498 de
1953 2465 2026 2499 Deo
2052 2468 2126 2500 sine

1143 2518 1221 2550 luce
1239 2517 1392 2560 Spiritus
1411 2516 1539 2555 sancti,
1567 2514 1664 2549 'sicut
1690 2529 1771 2548 vere
1797 2517 1884 2551 dixit
1908 2516 2126 2551 Simonides:

1145 2568 1225 2610 Quo
1246 2569 1379 2602 diutius
1397 2574 1557 2600 naturam
1575 2575 1606 2601 et
1625 2567 1842 2601 voluntatem
1854 2567 1918 2601 Dei
1936 2577 2127 2612 quaereret,

1144 2631 1185 2652 eo
1206 2631 1241 2652 se
1256 2619 1366 2661 magis
1383 2619 1567 2658 dubitare,
1591 2618 1624 2651 id
1644 2617 1699 2658 fit,
1727 2631 1804 2651 cum
1824 2625 1957 2652 mentes
1982 2631 2054 2651 non
2072 2632 2127 2652 re-

1144 2676 1276 2713 guntur
1307 2682 1391 2703 voce
1416 2667 1620 2713 Evangelii,
1662 2675 1695 2703 et
1727 2668 1863 2714 Spiritu
1894 2675 2013 2704 sancto
2044 2670 2130 2703 illu-
