2415 2942
289 87 384 125 1235

292 174 362 207 vita
380 180 531 207 aeterna.
582 169 628 205 Et
650 170 792 215 quidem
816 171 1033 215 intelligatur
1048 173 1181 206 donum
1198 184 1271 206 non

290 226 334 258 de
361 224 556 257 incoatione
586 228 744 261 tantum,
785 223 844 255 sed
870 223 913 255 de
945 229 1018 257 tota
1051 235 1274 258 cousumma-

291 276 387 309 tione
407 272 655 306 beneficiorum
671 270 816 306 Christi.

394 330 574 364 Vocabulo
598 326 734 363 Pacis
759 329 911 363 Hebraei
936 338 1086 365 utuntur
1104 332 1192 365 sicut
1210 344 1273 365 nos

289 382 462 415 vocabulo
490 380 620 414 Salutis
649 392 708 413 seu
733 380 912 414 Laetitiae.
965 382 1144 425 Significat
1168 383 1275 425 igitur

287 431 355 466 hoc
375 432 451 465 loco
468 432 621 474 primum
638 431 803 464 laetitiam
826 432 861 464 in
878 430 964 473 Deo,
993 434 1120 466 deinde
1142 434 1274 466 bonum

287 490 416 517 statum
444 480 641 521 Ecclesiae,
669 488 702 514 et
726 482 888 525 privatim
915 484 1006 516 dona
1033 483 1098 516 Dei
1127 484 1273 525 singulis

289 533 482 567 necessaria
505 533 541 565 in
557 532 848 573 sanctificatione,
877 534 947 566 vita
967 541 999 567 et
1018 535 1275 568 vocationibus,

291 583 399 621 Item,
427 583 618 627 tranquilla
642 583 807 626 imperia,
836 596 1010 617 successus
1037 585 1074 616 in
1100 586 1274 627 guberna-

292 634 401 668 tione.
453 632 548 667 Haec
564 634 790 677 grammatica
815 634 1000 677 explicatio
1026 635 1188 667 vocabuli
1209 634 1275 668 Pa-

293 685 343 717 cis
365 695 471 728 quani
498 685 564 717 late
588 691 702 728 pateat
727 685 952 726 cogitandum
979 686 1040 725 ist,
1069 691 1107 718 ut
1132 697 1211 718 cum
1237 685 1274 717 in

294 734 435 768 Psalmo
459 735 603 769 dicitur:
636 734 771 777 Rogate
794 746 882 779 quae
907 736 951 769 ad
976 747 1094 780 pacem
1120 743 1201 769 sunt
1223 734 1277 768 Ie-

295 785 458 819 rusalcm.

328 884 363 920 A
377 884 461 919 Deo
476 890 582 931 patre
599 889 723 918 nostro
740 888 770 918 el
787 882 954 919 Domino
970 888 1050 920 Iesu
1067 882 1232 922 Christo.

397 959 486 994 Cum
521 959 703 1002 coniungit
737 967 917 994 aeternum
952 969 1086 1006 patrem
1115 970 1148 996 et
1174 961 1278 996 Chri-

297 1018 408 1051 stum,
444 1012 514 1043 dno
543 1008 626 1043 haec
658 1010 938 1052 consideremus,
972 1010 1277 1056 Omnipotentiam

297 1062 362 1095 filii
390 1068 422 1094 et
446 1061 747 1101 intercessionem,
789 1074 866 1095 cum
894 1063 942 1096 ait
971 1064 1047 1096 dari
1072 1065 1217 1106 gratiam
1245 1071 1279 1097 et

297 1114 431 1146 donum
459 1111 564 1144 simul
593 1124 609 1143 a
638 1118 736 1155 patre
766 1119 797 1146 et
829 1112 921 1155 filio,
967 1114 1135 1156 significat
1166 1115 1277 1147 filium

297 1164 401 1196 etiam
427 1169 550 1195 natura
572 1161 685 1195 Deum
712 1174 794 1196 esse.
868 1161 915 1197 Et
946 1162 1014 1197 huc
1048 1165 1279 1208 adiungamus

296 1211 382 1246 haec
400 1213 506 1245 dicta:
535 1211 637 1246 Pater
658 1225 753 1245 meus
777 1225 887 1258 usque
910 1216 1015 1247 modo
1037 1223 1218 1259 operatur,
1247 1223 1280 1250 et

300 1275 362 1306 ego
380 1275 515 1306 operor.
548 1262 649 1296 ltem:
678 1262 867 1297 Benedicat
885 1263 939 1297 bis
957 1266 1072 1309 pueris
1090 1265 1185 1299 Dens
1202 1280 1280 1299 om-

299 1315 482 1358 nipotens,
509 1320 543 1346 et
567 1315 711 1356 angelus
734 1315 793 1358 qui
819 1315 946 1358 eripuit
970 1328 1025 1348 me
1050 1329 1088 1349 ex
1115 1318 1280 1351 omnibus

297 1364 410 1397 malis.
462 1364 560 1397 Item:
589 1362 720 1397 Omnia
737 1376 796 1408 per
813 1376 891 1397 eum
910 1367 1115 1402 consistunt.

400 1421 563 1456 Secundo
588 1424 865 1463 consideremus,
893 1425 996 1458 etiam
1021 1437 1061 1458 eo
1087 1426 1160 1458 fieri
1179 1438 1279 1460 men-

300 1473 433 1506 tionem
451 1473 527 1512 filii,
542 1481 579 1506 ut
596 1474 849 1506 admoneamur
864 1475 906 1507 de
923 1475 1132 1514 mediatore,
1160 1478 1278 1510 omnia

297 1525 411 1563 bona,
440 1535 528 1568 quae
544 1525 671 1556 dantur
687 1522 878 1562 Ecclesiae,
905 1526 1035 1558 dantur
1052 1534 1193 1569 propter
1208 1540 1279 1560 me-

300 1575 490 1614 diatorem,
519 1575 579 1618 qui
599 1581 631 1607 et
652 1575 858 1607 sacrificinm
876 1586 977 1608 suum
998 1588 1060 1619 pro
1089 1578 1190 1610 nobis
1215 1580 1280 1610 ob-

299 1625 399 1664 tulit,
425 1631 457 1657 et
483 1636 617 1668 semper
643 1625 826 1658 intercedit
849 1637 912 1668 pro
929 1627 1043 1660 nobis.
1097 1626 1163 1660 Hic
1182 1640 1279 1671 repe-

302 1682 396 1708 tatur
418 1676 615 1707 communis
647 1676 805 1708 doctrina
829 1677 872 1709 de
897 1677 1100 1710 discrimine
1124 1691 1222 1711 verae
1248 1686 1281 1712 et

302 1726 409 1758 falsae
428 1726 670 1759 invocationis.
725 1724 905 1760 Discamus
922 1728 1102 1771 seiungere
1127 1737 1279 1762 nostram

304 1777 565 1809 invocationem
593 1779 636 1809 ab
662 1774 832 1817 Etlinica,
872 1777 1020 1811 Turcica
1047 1786 1079 1812 et
1097 1779 1280 1823 papistica,

303 1835 336 1860 et
352 1827 510 1871 quotidie
529 1828 562 1859 in
581 1828 800 1860 invocatione
818 1828 1026 1871 cogitemus,
1054 1843 1155 1874 quem
1167 1830 1279 1863 Deum

302 1878 535 1921 alloquamur,
563 1879 622 1910 ubi
642 1886 672 1911 et
691 1879 819 1922 quibus
837 1880 1046 1914 testimoniis
1061 1882 1268 1924 patefactum

305 1936 335 1961 et
353 1939 458 1972 quare
476 1929 714 1961 exaudiamur.

1272 1909 1281 1923 2

413 1987 544 2021 ljsitate
587 1995 700 2020 antem
746 1989 975 2022 discernimus
1020 1990 1277 2024 invocationem

302 2035 539 2070 Christianam
563 2040 605 2070 ab
631 2039 707 2071 aliis
732 2040 881 2083 populis.
932 2038 1061 2074 Errant
1081 2040 1223 2074 Ethnici
1247 2050 1279 2075 et

302 2086 571 2122 Maliometistae
597 2090 639 2121 de
662 2087 820 2122 Essentia
843 2097 876 2123 et
902 2091 1081 2124 voluntate
1105 2091 1189 2132 Dei,
1216 2105 1277 2125 ne-

303 2146 385 2181 gant
412 2137 506 2172 hunc
537 2151 616 2172 vere
647 2151 718 2172 esse
741 2139 874 2181 Deum,
918 2149 1107 2174 creatorem
1133 2143 1218 2175 coeli
1246 2151 1278 2176 et

301 2196 428 2229 terrae,
455 2197 488 2222 et
511 2187 714 2229 hominum,
750 2191 809 2235 qui
833 2203 867 2223 se
892 2193 1048 2234 patefecit
1075 2194 1178 2226 misso
1205 2192 1275 2226 Do-

302 2240 399 2272 mino
418 2247 537 2273 nostro
557 2239 633 2273 Iesu
649 2238 808 2281 Christo,
835 2249 868 2275 et
889 2243 1087 2275 testimonia
1115 2245 1156 2276 de
1181 2256 1215 2276 se
1240 2245 1275 2277 in

301 2289 454 2323 Ecclesia
471 2291 586 2332 dedit,
612 2292 720 2335 etqui
737 2292 784 2324 sic
800 2292 971 2325 revelatus
990 2301 1039 2326 est
1058 2294 1093 2326 in
1109 2292 1275 2333 Ecclesia,

301 2342 393 2385 quod
413 2341 578 2375 divinitas
595 2342 640 2375 sit
655 2349 817 2375 aeternus
842 2349 955 2386 pater,
981 2351 1013 2377 et
1031 2340 1152 2390 λόγος,
1184 2346 1275 2378 filius

300 2391 430 2423 aeterni
452 2393 556 2433 patris
573 2404 708 2435 semper
724 2394 848 2426 missus
864 2394 904 2426 ad
923 2392 1125 2433 Ecclesiam,
1150 2403 1181 2429 et
1195 2396 1274 2440 Spi-

299 2440 388 2474 ritus
411 2450 548 2475 sanctns
566 2443 753 2476 laetificans
776 2451 807 2477 et
827 2444 1036 2478 confirmans
1060 2457 1145 2482 eam.
1205 2447 1272 2480 Sed

299 2498 467 2531 vagantur
487 2490 631 2525 Etlinici
654 2495 841 2528 nescientes
866 2495 948 2539 quid
976 2496 1158 2537 invocent,
1185 2498 1272 2531 sicut

296 2541 440 2574 Hecuba
465 2545 556 2586 apud
577 2543 778 2586 Euripidem
808 2546 939 2590 inquit:
968 2544 1002 2579 O
1021 2545 1153 2590 Iupiter
1175 2549 1271 2592 quic-

296 2592 380 2636 quid
416 2604 468 2631 es,
510 2594 581 2626 sive
616 2591 681 2626 hoc
716 2596 850 2628 coelum
880 2597 951 2628 sive
980 2609 1076 2629 mens
1104 2598 1139 2630 in
1166 2599 1271 2632 coelo.

293 2641 429 2675 Deinde
453 2643 495 2676 de
514 2643 704 2678 Voluntate
727 2653 862 2687 errant,
896 2648 990 2692 quod
1014 2649 1192 2690 nesciunt,
1226 2661 1271 2683 an

852 84 976 119 PHlL.
1006 84 1121 121 MEL.
1151 85 1359 122 SCRIPTA
1391 83 1693 122 EXEGETICA.

2203 89 2302 126 1236

1327 178 1360 205 et
1384 183 1446 204 cur
1470 171 1649 213 exandiat,
1675 178 1710 205 et
1734 171 1900 207 invocant
1921 173 1960 207 in
1986 174 2207 209 dubitatione
2235 187 2315 220 per-a

1329 228 1453 266 petua,
1473 222 1563 256 sicut
1581 230 1614 256 et
1633 222 1793 266 Papistae
1812 224 1950 260 docent.

1428 280 1476 314 At
1492 292 1556 314 nos
1573 281 1609 313 in
1626 278 1781 314 Ecclesia
1799 282 2000 316 invocantes
2018 283 2170 326 primum
2190 285 2232 318 de
2248 283 2314 318 Es-

1328 331 1439 364 sentia
1457 332 1647 374 cogitemus
1673 330 1766 365 hunc
1789 344 1861 366 esse
1884 345 2004 366 verum
2023 332 2155 374 Deum,
2180 342 2314 370 creato·

1328 393 1421 419 rem,
1450 383 1509 426 qui
1534 393 1568 415 se
1594 383 1754 426 patefecit
1778 383 1883 417 misso
1903 384 2061 418 Domino
2083 391 2205 418 nostro
2231 386 2312 419 Iesu

1328 430 1491 472 Christo,
1515 439 1548 466 et
1567 433 1627 478 qni
1646 435 1746 467 docet
1768 446 1833 467 nos
1857 435 1893 467 in
1908 432 2065 467 Ecclesia
2090 435 2311 469 divinitatem

1329 493 1400 515 esse
1425 489 1603 516 aeternum
1630 491 1783 527 patrem,
1816 491 1849 518 et
1872 481 2004 531 λόγον,
2044 485 2155 518 filium
2179 497 2315 530 semper

1330 534 1372 565 ad
1392 531 1580 566 Ecclesiam
1598 535 1761 575 missum,
1787 542 1821 569 et
1839 534 2010 579 Spiritum
2028 542 2187 569 sanctum
2212 536 2314 570 laeti-

1330 583 1488 616 licantem
1506 592 1537 618 et
1556 584 1820 618 confirmantem
1845 586 1960 619 corda.
2013 585 2085 619 Has
2105 593 2173 619 tres
2193 599 2312 631 perso-

1331 645 1392 666 nas
1408 634 1513 667 simul
1533 642 1648 668 mente
1664 636 1884 677 intueamur,
1911 644 1944 670 et
1963 636 2111 670 sciamus
2135 637 2240 671 simul
2263 638 2308 671 ab

1331 684 1379 716 eis
1402 685 1479 716 dari
1507 686 1614 726 bona,
1643 686 1724 730 quia
1748 687 1902 720 actiones
1926 688 1969 720 ad
1991 694 2084 721 extra
2109 694 2191 720 sunt
2216 700 2313 721 com-

1332 746 1453 768 munes
1471 736 1583 768 tribus
1611 737 1786 779 personis,
1811 738 1905 770 iuxta
1932 735 2017 770 haec
2041 738 2150 772 dicta:
2180 736 2313 771 Omnia

1332 796 1393 828 per
1418 786 1532 828 ipsum
1556 787 1644 819 sacta
1667 794 1760 820 sunt.
1824 787 1930 821 Item:
1959 786 2092 821 Omnia
2114 800 2175 833 per
2198 789 2312 832 ipsum

1332 836 1536 871 consistunt.
1596 835 1706 869 ltem:
1743 836 1860 871 Verbo
1886 838 2033 872 Domini
2065 839 2152 872 coeli
2184 839 2313 874 firmati

1332 893 1430 927 sunt,
1458 894 1489 920 et
1506 887 1632 930 spiritu
1649 887 1720 920 oris
1735 889 1807 921 eius
1823 890 1938 922 omnis
1955 889 2068 923 virtus
2088 901 2221 926 eorum.

1432 943 1570 977 Deinde
1599 951 1632 978 et
1662 946 1706 978 de
1730 945 1922 979 Voluntate
1956 947 2170 990 cogitemus,
2223 947 2313 980 velle

1332 996 1443 1029 Deum
1460 995 1616 1028 invocari
1632 1007 1704 1028 non
1721 1008 1798 1028 cum
1816 997 2051 1035 dubitatione,
2078 998 2121 1030 de
2137 1009 2204 1042 qua
2219 999 2314 1042 apud

1331 1046 1475 1080 Poe'tam
1511 1046 1655 1080 dicitur:
1690 1044 1777 1079 Esse
1811 1045 1925 1079 Deum
1959 1048 2146 1088 assentior,
2180 1049 2238 1081 sed
2267 1059 2313 1081 an

1331 1104 1427 1130 curet
1444 1094 1597 1130 humana
1613 1097 1753 1129 dubito:
1787 1098 1846 1130 sed
1866 1098 1955 1130 velle
1971 1110 2034 1131 nos
2051 1099 2199 1138 credere,
2217 1099 2312 1143 quod

1332 1160 1410 1180 vere
1430 1148 1512 1180 velit
1531 1159 1594 1179 nos
1611 1148 1775 1180 exaudire
1800 1155 1941 1191 propter
1956 1148 2067 1180 filium
2085 1149 2311 1182 mediatorem

1333 1197 1445 1231 Deum
1471 1205 1501 1231 et
1525 1196 1725 1239 hominem,
1766 1199 1854 1230 velle
1890 1200 2103 1231 mentionem
2133 1199 2196 1232 filii
2228 1199 2313 1240 fleri,

1332 1250 1419 1283 sicut
1441 1249 1585 1282 dicitur:
1631 1248 1808 1292 Quicquid
1835 1249 2002 1292 petieritis
2029 1256 2161 1292 patrem
2187 1250 2223 1282 in
2246 1262 2312 1283 no-

1332 1300 1425 1333 mine
1444 1312 1540 1340 meo,
1567 1300 1663 1332 dabit
1689 1300 1802 1332 nobis.
1855 1299 1955 1332 lubet
1978 1300 2045 1343 peti
2071 1301 2214 1333 nomine
2238 1312 2314 1333 me—

1332 1351 1494 1390 diatoris,
1529 1350 1610 1394 quia
1634 1350 1780 1388 fiducia,
1807 1351 1902 1394 quod
1928 1362 2000 1383 non
2022 1351 2067 1384 sit
2089 1351 2188 1385 irrita
2210 1351 2312 1385 invo-

1333 1401 1441 1441 catio,
1469 1401 1594 1433 nititur
1612 1401 1816 1433 mediatore.

1435 1465 1553 1508 Quare
1575 1477 1710 1508 semper
1733 1465 1769 1497 in
1793 1465 2015 1498 invocatione
2040 1472 2190 1511 utroque
2206 1468 2311 1500 modo

1333 1517 1556 1559 cogitandum
1572 1523 1621 1548 est
1638 1517 1680 1548 de
1700 1515 1782 1547 filio.
1835 1514 1992 1547 Primum
2009 1523 2175 1560 tanquam
2193 1518 2235 1550 de
2250 1520 2311 1550 da-

1334 1575 1408 1601 tore
1425 1567 1599 1599 bonorum
1625 1577 1701 1597 cum
1721 1564 1821 1598 Patre
1844 1572 1876 1598 et
1904 1564 2038 1608 Spiritu
2060 1574 2188 1602 sancto.
2247 1567 2312 1602 Se-

1334 1618 1448 1650 cundo
1475 1628 1594 1649 rursus
1625 1623 1791 1659 tanquam
1817 1616 1860 1648 de
1889 1616 2081 1648 mediatore
2111 1628 2170 1649 sen
2201 1618 2309 1652 inter-

1333 1679 1478 1701 cessore.
1545 1666 1638 1709 Quia
1663 1666 1753 1698 clare
1780 1666 1828 1698 sic
1847 1666 1956 1699 dicit:
1992 1666 2169 1711 Quicquid
2203 1669 2311 1712 petie-

1334 1719 1409 1752 ritis
1439 1725 1570 1761 patrem
1603 1717 1639 1748 in
1671 1717 1814 1749 nomine
1842 1729 1939 1753 meu,
1980 1714 2046 1749 lior.
2076 1718 2173 1751 dabit
2198 1719 2310 1754 vobis.

1333 1768 1436 1803 Rom.
1454 1769 1486 1801 8.
1509 1768 1654 1801 dicitur:
1683 1766 1755 1809 Qui
1772 1768 1866 1800 sedet
1884 1768 1926 1799 acl
1945 1768 2098 1800 dextram
2117 1769 2241 1812 patris,
2274 1777 2312 1803 ut

1334 1820 1532 1863 interpellet
1563 1831 1624 1862 pro
1656 1818 1769 1851 nobis.
1844 1816 1890 1851 Et
1916 1817 2054 1851 Hebrae
2077 1817 2130 1854 7.:
2166 1819 2310 1864 Semper

1334 1872 1471 1908 vivens,
1498 1877 1535 1903 ut
1555 1869 1749 1912 interpellet
1773 1880 1835 1911 pro
1855 1868 1911 1902 eis.
1967 1868 2175 1902 Mandatum
2201 1877 2248 1904 est
2272 1878 2311 1904 ut

1335 1923 1517 1954 credamus
1541 1932 1604 1952 nos
1623 1919 1799 1958 exaudiri,
1826 1919 1920 1951 iuxta
1938 1920 2086 1952 dictum:
2121 1919 2309 1963 Quomodo

1334 1973 1566 2010 invocabunt,
1589 1971 1617 2002 si
1643 1982 1715 2002 non
1738 1969 1910 2002 credunt?
1960 1969 2062 2002 Item:
2096 1968 2206 2004 Orate
2233 1973 2309 2005 sine

1334 2024 1382 2056 ira
1410 2031 1441 2056 et
1467 2021 1706 2055 haesitatione.
1761 2020 1833 2053 miii
1857 2020 1939 2052 fides
1965 2021 2069 2054 debet
2093 2033 2164 2054 non
2190 2030 2307 2056 nostra

1332 2074 1498 2117 dignitate
1511 2100 1519 2113 ,
1543 2073 1602 2105 sed
1622 2071 1821 2105 mediatore.
1844 2076 1856 2085 “
1869 2068 1962 2113 Ergo
1980 2083 2116 2104 necesse
2134 2078 2182 2106 est
2197 2073 2306 2107 filium

1331 2132 1369 2158 ut
1387 2124 1611 2157 mediatorem
1629 2133 1814 2165 agnoscere
1830 2127 1861 2154 et
1879 2121 2024 2166 alloqui.

1433 2191 1536 2234 Quod
1572 2202 1654 2222 vero
1691 2189 1857 2222 obiicitur
1901 2189 2033 2223 dictum
2081 2187 2202 2224 Iohan.
2234 2191 2307 2227 16.;

1329 2243 1408 2277 Non
1425 2244 1501 2275 dico
1520 2242 1635 2281 vobis,
1664 2243 1758 2285 quod
1775 2252 1837 2282 ego
1857 2247 2058 2283 precaturus
2081 2241 2145 2273 sim
2163 2254 2225 2285 pro
2243 2255 2305 2276 vo—

1330 2295 1400 2334 bis,
1435 2292 1657 2335 grammatica
1685 2298 1716 2324 et
1743 2303 1823 2323 vera
1845 2290 2025 2333 responsio
2049 2298 2118 2329 est,
2151 2304 2222 2325 non
2248 2305 2305 2326 ex-

1330 2345 1424 2378 cludi
1442 2341 1571 2377 Clu-isti
1595 2342 1846 2386 precationem,
1873 2348 1911 2374 ut
1933 2341 1977 2374 sit
1997 2341 2066 2374 dux
2089 2342 2197 2375 dicat:
2224 2342 2305 2376 Non

1328 2397 1404 2428 ‹lico
1425 2407 1478 2427 me
1497 2394 1744 2438 praeliaturum
1763 2403 1851 2431 esse,
1879 2392 1937 2424 sed
1957 2403 2024 2431 ,vos
2049 2403 2184 2425 mecum
2205 2405 2305 2438 prae·

1330 2445 1513 2479 liabimini.
1567 2445 1638 2478 Hic
1655 2444 1736 2476 satis
1755 2449 1896 2486 apparet
1923 2442 1958 2473 in
1985 2442 2176 2485 posteriore
2193 2456 2303 2476 mem-

1329 2498 1390 2530 bro
1410 2496 1653 2529 affirmativam
1671 2493 1877 2526 sententiam
1895 2503 1983 2534 esse,
2012 2493 2100 2525 sicut
2124 2500 2158 2527 et
2181 2496 2302 2527 eodem

1327 2548 1401 2580 loco
1426 2547 1558 2591 inquit:
1602 2544 1641 2578 ln
1666 2545 1728 2577 illo
1751 2544 1806 2576 die
1831 2543 1868 2574 in
1895 2542 2040 2575 nomine
2066 2554 2142 2575 meo
2166 2545 2303 2587 petetis.

1324 2597 1411 2631 Vult
1428 2608 1508 2640 ergo
1524 2608 1617 2629 nunc
1636 2606 1775 2639 quoque
1795 2593 1954 2636 agnosci,
1981 2594 2076 2638 quod
2101 2593 2145 2627 sit
2170 2596 2301 2628 media-

1323 2656 1378 2683 tor
1403 2655 1435 2682 et
1463 2648 1680 2681 intercessor.
1738 2643 1820 2679 Non
1846 2650 1897 2678 est
1919 2643 2027 2687 igitur
2059 2644 2211 2679 exclusio
2243 2646 2300 2679 in-
