2415 2942
277 99 351 135 63³

858 90 984 126 PlllL.
1018 88 1135 124 MEL.
1173 86 1381 123 SCRIPTA
1417 83 1715 121 EXEGETICA.

2222 88 2297 123 684

281 184 385 227 pellat
403 182 474 226 ipse
491 191 581 217 sese,
609 185 642 213 et
664 182 909 220 argumentum
933 186 1135 214 commune,
1164 173 1260 218 quod
1310 169 1510 210 electionis,
1554 170 1648 214 quod
1685 170 1757 204 sint
1789 171 1849 205 alii
1879 172 1998 213 electi,
2032 173 2092 207 alii
2128 172 2295 211 indurati,

282 235 444 266 omnibus
461 231 554 264 sanis
576 230 612 262 in
631 236 783 261 mentem
802 227 922 260 venire
941 237 1077 259 necesse
1095 232 1161 265 est,
1179 236 1261 268 pro-

283 284 381 327 ponit
414 290 444 315 et
479 281 594 314 diluit.
666 279 703 313 Si
729 278 822 312 Esau
851 285 883 311 et
916 276 1019 310 lacob
1050 283 1131 309 sunt
1164 286 1262 319 pares

282 334 375 367 Deus
402 340 578 376 utrunque
604 330 729 373 eligere
754 336 813 362 aut
843 329 985 362 reiicere
1011 327 1152 366 debuit,
1180 326 1262 370 quia

283 385 392 417 iustus
409 384 512 416 iudex
536 382 651 415 reddit
677 381 771 425 paria
799 380 951 424 paribus,
1005 378 1135 411 Paulus
1159 376 1263 409 diluit

282 434 347 468 hoc
379 435 500 467 modo:
537 433 638 466 Paria
669 432 812 476 paribus
844 430 1021 463 reddenda
1053 436 1151 467 sunt,
1185 439 1262 460 cum

283 487 432 518 solvitur
448 485 616 517 debitum.
675 482 713 515 ln
742 481 947 520 donatione,
977 481 1029 513 vel
1055 492 1131 512 cum
1151 479 1264 521 agitur

282 549 343 581 per
369 535 662 572 misericordiam,
700 531 893 577 nihilopus
920 538 969 565 est
996 531 1092 575 paria
1117 530 1264 562 reddere

284 588 437 631 paribus.

385 646 482 680 Sicut
506 652 537 678 ct
555 642 716 677 Christus
744 643 779 675 in
798 641 983 686 parabola,
1018 641 1060 672 de
1084 638 1267 672 conductis

285 699 320 731 in
340 698 495 737 xineam,
523 696 693 733 ostendit,
721 706 782 737 per
806 692 1082 726 miscricordiam
1105 689 1181 722 dari
1207 701 1266 732 pa-

284 751 334 782 ria
362 748 572 791 disparibus.
633 747 672 778 ln
702 743 790 777 hanc
816 743 1024 776 senteutiam
1050 742 1177 773 citatur
1199 737 1266 772 hoc

284 801 431 833 dictum:
469 798 657 835 Misereor,
691 795 789 827 cuius
809 794 992 831 misereor,
1022 792 1140 830 idest,
1170 790 1268 822 cuius

287 849 371 883 mihi
405 850 514 882 xisum
547 855 594 879 est
627 846 799 881 misereri,
842 844 939 888 qnasi
965 843 1074 875 dicat:
1113 841 1267 875 Salvatio

286 901 455 941 contingit
491 911 551 942 per
580 895 876 934 misericordiam,
909 907 980 926 non
1012 905 1071 936 per
1098 892 1267 925 debitum.

287 952 329 985 l‘it
354 950 472 984 attexit
506 959 740 992 consequens:
780 945 858 978 Non
889 952 939 978 est
972 943 1121 977 volentis
1156 954 1269 987 neque

286 1002 475 1041 currentis,
497 1001 554 1032 sed
577 998 640 1031 Dei
660 997 866 1029 miserentis.
922 994 1014 1027 Haec
1031 994 1201 1028 sententia
1220 1000 1270 1026 te-

286 1061 413 1092 statur,
447 1050 607 1084 homines
632 1049 711 1091 eligi
740 1060 800 1092 per
823 1046 1120 1085 misericordiam,
1154 1051 1187 1078 et
1210 1056 1270 1076 vo—

287 1104 357 1137 cari
372 1131 379 1143 ,
406 1111 442 1136 ut
459 1102 568 1134 velint
586 1108 617 1134 et
637 1106 790 1133 currant.

388 1162 499 1195 Antea
524 1160 642 1193 citavit
669 1159 759 1191 dicta
787 1159 829 1190 de
854 1155 1114 1195 misericordia,
1156 1161 1188 1187 ct
1215 1165 1270 1186 os-

288 1214 401 1248 tendit
434 1211 710 1245 misericordiam
745 1221 815 1241 esse
848 1219 985 1240 causam
1012 1205 1211 1246 electionis,
1239 1211 1271 1237 et

289 1265 458 1309 populum
477 1262 539 1296 Dei
559 1274 637 1294 vere
657 1272 728 1293 esse
748 1260 844 1291 illam
861 1259 1049 1291 electorum
1068 1255 1269 1288 Ecclesiam.

289 1316 392 1349 Nunc
410 1327 427 1347 e
443 1314 584 1356 regione
599 1311 695 1344 addit
713 1309 929 1349 testimonia,
949 1315 980 1340 et
996 1307 1271 1350 disputationem

290 1368 333 1400 de
352 1365 565 1409 reprobatis,
594 1362 699 1405 Quod
724 1361 766 1393 sit
790 1361 906 1404 aliqua
932 1359 1121 1390 multitudo
1151 1368 1272 1399 repro-

290 1419 470 1456 batorum,
498 1426 601 1459 quam
622 1412 712 1444 Deus
737 1412 816 1444 sinit
843 1411 1008 1448 existere,
1037 1415 1073 1440 ut
1102 1408 1136 1439 in
1156 1418 1269 1450 perse-

291 1469 432 1502 cutione
457 1467 501 1500 sit
523 1463 742 1507 conspectior
767 1462 875 1505 gloria
907 1459 1099 1501 Evangelii.
1164 1457 1273 1501 quue

292 1531 332 1552 eo
363 1519 510 1556 dicitur,
550 1523 588 1548 ut
617 1515 725 1546 simus
755 1512 882 1545 muniti
920 1518 1040 1543 contra
1070 1509 1272 1541 scandalum

292 1567 548 1606 multitudinis,
573 1577 636 1598 nec
650 1564 859 1606 cogitemus,
886 1562 1103 1606 sequendum
1123 1571 1193 1592 esse
1215 1571 1272 1590 ex-

293 1627 446 1664 emptum
466 1615 717 1651 multitudinis.

396 1676 570 1711 Gamaliel
588 1675 683 1707 videt
703 1670 817 1705 adhuc
842 1671 1010 1703 maiorem
1041 1675 1073 1702 et
1099 1675 1276 1712 praestan-

294 1731 418 1764 tiorem
438 1735 569 1772 partem
588 1724 708 1770 populi
734 1722 911 1756 adversari
930 1719 1134 1763 Evangelio.
1184 1718 1276 1760 lirgo

294 1782 342 1815 ita
368 1780 514 1823 cogitat,
541 1777 607 1810 sibi
631 1786 771 1820 quoque
795 1773 1009 1805 manendum
1037 1783 1109 1803 esse
1141 1771 1177 1802 in
1212 1767 1277 1801 hoc

296 1839 416 1872 coetu,
444 1830 489 1864 ita
511 1840 606 1861 nunc
637 1827 794 1859 iudicant
817 1822 1092 1856 innumerabiles
1119 1819 1278 1854 homines

297 1887 338 1915 cle
357 1882 527 1919 Ecclesia,
544 1890 631 1924 quae
649 1877 717 1909 sihi
735 1874 830 1908 hunc
846 1874 990 1908 titulum
1009 1880 1159 1915 arrogat.
1198 1871 1277 1903 ldeo

298 1933 428 1967 Paulus
453 1932 496 1964 ab
518 1928 572 1963 his
599 1928 736 1961 iudiciis
770 1937 832 1959 nos
857 1922 1047 1964 abstrahit,
1087 1931 1119 1956 et
1146 1929 1276 1961 monet,

299 1995 425 2029 paucos
448 1983 574 2014 electos
603 1990 674 2012 esse
695 1977 905 2016 Ecclesiam,
942 1983 972 2008 et
1004 1988 1021 2008 e
1053 1974 1196 2015 regione
1224 1973 1279 2004 in-

300 2043 436 2078 gentem
472 2030 737 2065 multitudinem
770 2028 1024 2071 reproborum,
1067 2025 1280 2066 belligeran-

300 2094 368 2119 tem
386 2096 463 2118 cum
485 2080 689 2123 Evangelio.

507 2182 556 2217 In
574 2179 640 2215 lzoc
658 2180 775 2227 ipsum
793 2176 950 2212 excitati
972 2182 1002 2210 Ie
1022 2182 1080 2209 etc.

405 2254 542 2295 allegat
573 2251 680 2292 igitur
719 2245 902 2280 historiam
937 2243 1150 2285 Pharaonis,
1195 2257 1283 2290 quae

304 2309 373 2341 duo
399 2305 573 2342 continet,
605 2300 699 2345 quod
731 2297 892 2330 videlicet
915 2296 959 2329 sit
992 2296 1217 2339 reprobatuS,
1252 2303 1283 2329 et

305 2366 421 2391 tamen
445 2367 482 2388 eo
506 2353 691 2390 toleretur,
723 2356 761 2383 ut
790 2349 847 2381 fiat
871 2348 907 2379 in
933 2346 1173 2391 persecutione
1198 2359 1281 2380 con-

306 2407 455 2452 spectior
476 2404 585 2448 gloria
615 2401 690 2435 Dei.

482 2491 587 2538 Ergo
612 2490 712 2524 cuius
740 2487 814 2523 uult
836 2487 1024 2521 miseretur
1047 2490 1106 2522 etc.

409 2561 519 2596 Addit
533 2559 663 2592 Paulus
681 2557 957 2590 conclusionem:
985 2552 1079 2597 Ergo
1097 2554 1194 2586 cuius
1210 2553 1285 2588 vult

307 2617 509 2650 miseretur,
541 2621 644 2655 quem
673 2608 747 2639 vult
773 2607 926 2641 indurat.
986 2604 1080 2638 Haec
1108 2604 1285 2638 conclusio

309 2680 380 2702 non
399 2666 440 2699 de
467 2661 578 2697 causis
600 2658 731 2704 pariter
754 2657 989 2700 intelligatur,
1012 2656 1069 2689 sed
1096 2655 1138 2688 de
1162 2655 1285 2689 effectu

1311 221 1372 266 qui
1391 222 1622 254 adversantur
1641 219 1848 265 Evangelio.

1414 271 1573 305 Primum
1599 278 1714 305 autem
1746 274 1789 305 de
1814 270 1932 316 phrasi
1958 275 2089 316 discas,
2123 273 2294 308 Hebraeis

1313 324 1417 356 verba
1444 322 1626 356 transitiva
1651 324 1936 357 communissime
1968 322 2098 359 habent
2121 325 2295 368 significa-

1314 374 1446 408 tionem
1468 373 1711 417 permittentis.
1764 374 1878 416 Quale
1904 381 1970 408 est:
1998 374 2049 407 Ne
2065 387 2128 409 nos
2147 377 2295 409 inducas

1314 426 1350 457 in
1367 425 1596 457 tentationem
1614 424 1726 462 idest,
1749 436 1793 457 ne
1810 425 1904 458 sinas
1922 437 1985 458 nos
2004 425 2134 458 induci.
2188 425 2293 459 Item:

1316 475 1375 508 Tu
1391 486 1506 507 errare
1529 486 1593 508 nos
1617 475 1748 516 fecisti,
1775 475 1810 508 id
1829 482 1895 516 est,
1924 487 2042 519 passus
2068 488 2123 516 es,
2150 482 2188 509 ut
2206 476 2295 509 inci-

1314 527 1475 559 deremus
1491 525 1526 557 in
1545 537 1709 559 errorem.
1764 525 1814 559 lta
1838 526 2003 559 indurare
2030 527 2199 570 significat
2223 537 2297 559 non

1317 577 1466 610 liberare
1483 576 1639 620 aliquos,
1665 577 1724 609 sed
1748 576 1861 610 sinere
1886 584 1924 610 ut
1941 584 2084 621 pergant
2104 588 2298 620 repugnare

1315 626 1402 662 Deo.
1453 624 1517 659 Est
1535 638 1616 669 ergo
1634 627 1823 661 sententia:
1853 628 1951 670 Quos
1974 628 2048 662 vult
2073 628 2234 669 indurat,
2260 627 2298 660 id

1317 685 1384 719 est,
1419 689 1491 709 non
1525 677 1669 718 liberat,
1711 690 1785 710 non
1815 678 2005 720 convertit,
2039 679 2121 724 quia
2148 683 2299 724 pergunt

1319 740 1512 773 repugnare
1531 728 1669 762 vocanti
1687 726 1776 762 Deo.

1420 779 1604 819 Secundo,
1639 791 1711 811 non
1736 779 1820 812 dicit
1844 778 1975 812 Paulus
2000 777 2068 812 hoc
2092 780 2186 820 loco,
2218 778 2299 812 Non

1319 841 1390 863 esse
1414 840 1552 863 causam
1586 830 1842 870 indurationis,
1877 837 1936 863 aut
1969 831 2227 874 reprobationis
2261 831 2299 863 in

1320 880 1449 924 impiis.
1511 879 1593 913 ldeo
1620 881 1806 924 prudentia
1839 878 1896 913 hic
1923 879 2123 914 adhibenda
2149 889 2216 915 est:
2252 878 2300 915 Et

1319 931 1560 970 sentiendum,
1587 932 1680 976 quod
1708 932 1744 963 in
1769 931 1852 974 ipsis
1878 931 1995 976 impiis
2012 932 2056 965 sit
2073 943 2174 966 causa
2192 932 2299 964 indu—

1321 982 1486 1021 rationis,
1521 992 1582 1014 seu
1618 982 1896 1026 reprobationis,
1931 983 2079 1021 scilicet,
2114 983 2194 1027 quia
2227 993 2301 1015 non

1322 1033 1487 1066 desinunt
1504 1043 1698 1075 repugnare
1714 1031 1787 1065 Deo
1807 1033 1957 1066 vocanti.
2008 1031 2055 1066 Et
2078 1039 2195 1066 tamen
2210 1033 2302 1065 inte—

1324 1084 1390 1116 rim
1416 1089 1577 1115 constant
1603 1080 1703 1123 haec,
1738 1094 1826 1127 quae
1847 1083 1933 1116 dicit
1954 1082 2103 1124 Paulus,
2137 1084 2230 1129 quod
2258 1083 2303 1116 sit

1325 1133 1513 1167 multitudo
1533 1133 1715 1173 indurata,
1743 1144 1803 1166 seu
1829 1133 1973 1173 reiecta,
2001 1134 2209 1177 belligerans
2223 1145 2302 1166 cum

1325 1186 1432 1218 verbo
1449 1183 1526 1217 Dei.
1565 1183 1603 1217 Si
1631 1184 1709 1228 quis
1736 1191 1850 1217 autem
1868 1185 2085 1230 obtemperat
2102 1185 2209 1217 verbo
2225 1182 2303 1223 Dei,

1322 1234 1378 1269 hic
1397 1247 1469 1267 non
1490 1241 1595 1267 estex
1613 1234 1674 1267 illo
1691 1246 1851 1269 numero.

1424 1283 1470 1319 Et
1488 1285 1663 1318 discamus
1681 1283 1746 1318 hoc
1764 1285 1858 1325 loco,
1885 1285 1988 1329 quale
2011 1286 2054 1319 sit
2071 1285 2241 1318 iudicium
2261 1285 2304 1318 de

1324 1334 1399 1374 his,
1433 1337 1494 1380 qui
1525 1343 1721 1379 repugnant
1746 1336 1853 1368 verbo
1878 1334 1954 1369 Dei.
2015 1335 2107 1378 Quia
2130 1336 2223 1369 enim
2248 1347 2304 1368 re-

1326 1393 1500 1431 pugnant,
1543 1386 1775 1424 indurantur,
1811 1393 1844 1420 et
1871 1387 2062 1420 ostendunt
2098 1398 2133 1420 se
2160 1397 2232 1419 esse
2264 1397 2304 1418 ex

1326 1449 1472 1471 nurnero
1497 1438 1776 1479 reprobatorum.

1428 1487 1517 1521 Cum
1536 1494 1649 1519 autem
1671 1487 1813 1521 dixerit:
1837 1486 1950 1529 Quem
1970 1488 2043 1520 vult
2063 1487 2223 1526 indurat,
2238 1492 2308 1519 sta-

1328 1540 1387 1571 tim
1408 1539 1505 1571 addit
1523 1538 1771 1570 obiectionem:
1800 1537 1837 1571 Si
1866 1538 2046 1570 voluntate
2062 1537 2126 1570 Dei
2147 1538 2183 1570 fit
2200 1536 2306 1569 indu-

1329 1590 1434 1628 ratio,
1468 1587 1562 1630 Ergo
1595 1600 1666 1620 non
1701 1594 1812 1630 potest
1840 1587 2030 1620 multitudo
2055 1588 2115 1620 illa
2139 1586 2307 1621 converti.

1329 1640 1366 1673 Si
1389 1651 1462 1672 non
1492 1644 1605 1682 potest
1635 1638 1808 1677 converti,
1841 1650 1948 1682 quare
1967 1638 2178 1681 accusatur?
2234 1635 2308 1676 Re-v

1330 1691 1494 1734 spondet,
1530 1690 1723 1722 concedens
1748 1700 1820 1721 non
1847 1699 1946 1731 posse
1968 1688 2144 1729 converti,
2178 1686 2310 1721 scilicet

1331 1741 1532 1774 necessitate
1561 1739 1848 1784 consequentiae,
1892 1745 1994 1784 quast
2026 1740 2133 1772 dicat:
2175 1737 2308 1771 Verum

1331 1800 1381 1825 est
1407 1803 1477 1824 esse
1505 1791 1668 1824 reiectam
1696 1790 1978 1830 multitudinem,
2019 1801 2082 1823 nec
2102 1800 2200 1832 posse
2224 1800 2309 1822 con-

1333 1844 1437 1883 verti,
1480 1842 1562 1887 quia
1594 1842 1719 1874 reiecta
1750 1848 1814 1874 est:
1855 1842 1913 1873 sed
1945 1848 1995 1874 est
2017 1841 2141 1874 reiecta
2167 1846 2310 1883 propter

1334 1894 1510 1938 propriam
1530 1892 1756 1935 impietatem.
1809 1890 1847 1923 Si
1865 1891 1941 1935 quis
1959 1897 2074 1924 autem
2092 1891 2310 1932 obtemperat

1333 1945 1406 1978 Deo
1423 1943 1578 1983 vocanti,
1599 1954 1670 1974 non
1688 1948 1791 1974 estex
1808 1941 1868 1973 illo
1889 1953 2046 1975 numero,
2098 1940 2147 1974 lta
2164 1951 2310 1983 respon-

1333 1997 1389 2028 det
1413 2006 1474 2039 per
1498 1992 1775 2030 concessionem,
1809 1998 1840 2024 et
1867 1991 1966 2025 addit
1993 2003 2130 2025 causam
2159 1990 2310 2030 finalem,

1334 2058 1440 2092 quare
1467 2044 1559 2077 Deus
1584 2041 1668 2076 haec
1699 2043 1743 2075 ita
1776 2041 2012 2082 ordinaverit,
2054 2042 2234 2082 videlicet,
2271 2047 2311 2074 ut

1337 2097 1442 2139 magis
1460 2095 1566 2139 possit
1585 2101 1732 2138 utraque
1747 2092 1920 2135 conspici,
1946 2092 2109 2126 videlicet
2127 2093 2178 2125 ira
2196 2098 2228 2125 et
2243 2091 2311 2123 mi-

1334 2146 1532 2180 sericordia.
1585 2143 1621 2178 Si
1648 2145 1874 2177 accommodo
1902 2142 2001 2176 Pauli
2028 2143 2310 2187 responsionem:

1336 2198 1453 2241 Quare
1477 2196 1591 2238 litigas
1614 2207 1691 2228 cum
1717 2193 1815 2227 Deo'?
1850 2194 1884 2226 id
1912 2201 1980 2234 est,
2020 2206 2097 2227 cum
2121 2194 2218 2226 vides
2246 2191 2311 2225 hoc

1335 2247 1495 2280 mirabile
1526 2246 1712 2279 consilium
1735 2244 1824 2284 Dei,
1865 2256 1934 2289 quo
1967 2255 2093 2287 paucos
2126 2243 2238 2287 eligit,
2278 2249 2311 2276 et

1335 2299 1463 2332 multos
1483 2297 1613 2336 reiicit,
1639 2296 1783 2329 obedias
1806 2293 1900 2335 Deo,
1933 2301 1966 2328 et
1987 2294 2109 2328 timeas
2125 2294 2199 2327 eius
2218 2292 2312 2326 iudi·

1335 2350 1447 2389 cium,
1487 2360 1532 2381 ne
1556 2347 1747 2380 offendaris
1775 2346 1931 2389 exemplo
1962 2345 2220 2385 multitudinis,
2252 2345 2312 2377 sed

1335 2401 1420 2434 scito
1453 2398 1567 2432 Deum
1601 2398 1776 2431 declarare
1822 2395 2098 2428 misericordiam
2139 2395 2175 2428 in
2210 2394 2313 2428 nobis

1336 2450 1536 2489 servandis,
1569 2456 1602 2483 et
1625 2448 1711 2481 iram
1743 2447 1779 2479 in
1806 2445 1995 2490 puniendis
2020 2446 2109 2490 illis,
2154 2445 2214 2491 qui
2240 2455 2312 2479 non

1336 2503 1590 2543 obtemperant.

1438 2550 1533 2583 Haec
1551 2556 1602 2583 est
1621 2548 1766 2581 minime
1784 2547 1944 2580 intricata
1968 2546 2153 2579 enarratio.
2191 2545 2313 2591 Neque

1337 2602 1432 2635 en'im
1452 2601 1673 2634 sentiendum
1691 2604 1759 2639 est,
1786 2609 1857 2630 non
1875 2608 1946 2629 esse
1962 2609 2098 2630 causam
2117 2597 2314 2630 induratio-

1339 2653 1392 2686 nis
1421 2663 1480 2686 seu
1505 2648 1762 2696 reprobationis
1783 2648 1821 2681 in
1852 2647 1936 2692 ipsis
1960 2648 2095 2692 impiis,
2138 2659 2250 2693 neque
2278 2647 2313 2680 id
