2415 2942
251 95 325 129 583

365 179 465 212 Hanc
499 178 528 210 ei
557 177 696 209 laudem
727 187 799 209 non
836 175 1000 210 tribuunt
1032 172 1247 220 hypocritae.

261 230 342 264 Non
371 231 511 267 dicunt,
553 234 694 271 expecto
730 227 888 268 veniam,
925 233 964 260 ut
988 226 1187 260 iustificeris
1211 225 1249 258 in

261 280 483 314 sermonibus
500 278 587 318 tuis,
615 284 654 311 ut
671 278 909 322 praedicemus
921 304 929 319 ‚
957 284 990 311 te
1006 284 1152 322 propter
1165 288 1249 322 pro-

261 332 401 363 missam
434 329 708 362 misericordiam
741 329 895 372 recipere
928 329 1104 371 indignos.
1176 327 1247 363 Sed

260 387 386 423 negant
403 381 507 424 recipi
528 381 581 412 vel
601 379 759 413 exaudiri
775 379 950 423 indignos.
1013 379 1118 413 Prior
1140 380 1250 413 inter-

260 432 428 476 pretatio,
471 443 559 476 quae
595 438 645 464 est
679 443 745 463 vox
779 431 882 473 legis,
924 431 1063 464 facilius
1099 430 1249 473 intelligi

262 489 386 526 potest.
417 481 597 516 Posterior
613 482 794 525 aliquanto
813 489 862 515 est
878 482 1072 520 obscurior,
1090 483 1149 515 sed
1169 493 1249 514 vera

263 540 398 571 tamen,
427 540 459 566 et
484 535 525 565 ad
554 530 643 566 hanc
666 531 797 566 Paulus
824 533 931 576 magis
958 533 1110 577 respicit.
1165 532 1248 565 ldeo

263 584 384 617 attexit
409 591 610 628 sequentem
635 584 901 628 quaestionem:
948 583 986 618 Si
1009 583 1248 617 misericordia

263 633 329 668 Dei
350 635 581 677 amplificatur
599 646 659 678 per
682 632 765 675 hoc,
794 636 888 679 quod
916 635 1037 678 recipit
1061 647 1098 667 ac
1125 634 1249 668 iustifi-

263 693 317 719 cat
334 686 518 728 indignos,
545 698 584 718 ac
600 692 736 719 tantum
755 693 890 728 peccata
908 686 1115 725 adserentes,
1143 696 1250 730 quare

263 734 359 770 Deus
373 737 535 769 irascitur
550 737 784 778 peccantibus,
796 736 970 780 siquidem
983 743 1119 779 peccata
1131 742 1248 769 nostra

266 787 480 830 amplificant
499 787 646 828 gloriam
667 787 928 819 misericordiae
949 787 1058 829 ipsius
1072 786 1088 818 ’ἓ
1116 786 1202 820 ltem
1221 785 1249 817 si

265 850 337 870 non
364 849 482 870 sumus
503 838 582 869 iusti
612 844 754 879 propter
774 844 911 870 nostras
929 837 1093 872 virtutes:
1131 836 1250 880 Quor-

264 900 340 920 sum
357 899 444 930 opus
461 895 509 920 est
529 887 755 920 benefacere?
785 886 883 926 Item,
907 900 976 932 quo
994 887 1095 931 plura
1114 895 1249 932 peccata

264 940 409 971 remittit
428 938 684 978 misericordia,
712 950 751 971 eo
769 938 804 971 fit
824 938 1008 973 illustrior.
1063 938 1250 972 Peccemus

263 989 388 1032 igitur,
417 996 448 1022 et
469 989 622 1021 laxemus
640 989 738 1022 frena
758 989 1022 1033 cupiditatibus.

355 1063 450 1097 Ilaec
466 1064 614 1097 absurda
631 1064 847 1098 obiiciebant
866 1063 974 1098 Paulo
990 1065 1147 1106 docenti,
1172 1076 1251 1107 gra-

263 1116 306 1150 tis
333 1115 561 1159 pronunciari
587 1116 696 1148 iustos
719 1127 797 1158 eos,
839 1116 900 1160 qui
925 1117 1083 1151 credunt.
1151 1115 1189 1150 Si
1215 1116 1251 1149 fit

263 1166 503 1200 misericordia
538 1166 733 1207 illustrior,
775 1179 854 1199 curn
887 1173 1024 1209 peccata
1049 1167 1251 1206 adferimus,

265 1229 345 1261 ergo
362 1217 495 1261 prolixe
512 1228 702 1260 peccemus.
758 1216 851 1250 Infra
876 1224 991 1250 autem
1015 1218 1057 1250 ad
1078 1218 1161 1251 haec
1184 1218 1250 1249 ab-

265 1269 371 1301 surda
404 1269 651 1311 respondebit,
695 1280 803 1313 eaque
837 1268 969 1309 diluet,
1003 1269 1114 1312 capite
1143 1275 1250 1302 sexto.

265 1318 368 1352 Nunc
391 1326 526 1352 tantum
553 1320 732 1363 abrumpit
760 1318 892 1351 adiecta
925 1319 1171 1362 obiurgatione
1194 1332 1249 1352 ca-

263 1369 529 1403 lumniatorum.

429 1468 534 1518 Quid
550 1470 692 1516 igitur?
722 1467 987 1505 Praecellimus
1003 1483 1060 1505 eos
1069 1470 1088 1503 P

365 1548 433 1582 Hic
449 1548 540 1581 redit
560 1549 602 1580 ad
624 1548 824 1581 institutum
842 1548 1059 1592 principale,
1088 1548 1251 1582 videlicet
1276 1560 1277 1566 ¹

263 1602 307 1635 ad
322 1599 606 1644 exaequationem
631 1597 839 1632 Iudaeorum
857 1605 888 1632 et
909 1597 1101 1638 Gentium,
1129 1606 1168 1632 ut
1186 1600 1250 1631 do—

261 1659 337 1686 ceat
360 1662 482 1684 omnes
506 1646 669 1682 homines
702 1650 768 1683 sub
799 1656 957 1691 peccato,
1000 1649 1036 1682 id
1062 1657 1133 1690 est,
1174 1662 1250 1683 reos

263 1715 335 1737 esse
353 1700 485 1746 peccati
505 1707 538 1733 et
554 1700 626 1733 irae
644 1699 722 1735 Dei.
777 1698 996 1733 Observabis
1014 1707 1129 1733 autem
1148 1701 1249 1733 dissi-

262 1754 362 1787 miles
385 1751 630 1796 responsiones
656 1752 697 1783 ad
726 1751 947 1796 quaestiones
972 1751 1009 1783 in
1034 1751 1249 1794 digressione
1275 1771 1277 1777 ·

261 1805 408 1838 additas.
462 1802 621 1835 Primum
646 1802 851 1835 affirmative
868 1803 1074 1845 respondet,
1103 1801 1249 1836 ludaeos

262 1853 391 1889 habere
415 1864 576 1896 magnam
603 1853 895 1896 praerogativam,
923 1854 1017 1898 quod
1036 1854 1077 1886 ad
1100 1854 1250 1897 promis-

261 1907 397 1940 sionem
439 1904 588 1944 attinet,
625 1915 697 1936 non
737 1904 833 1949 quod
867 1904 911 1937 ad
949 1905 1072 1938 merita
1115 1905 1249 1940 attinet.

262 1956 346 1990 Ideo
363 1954 422 1989 hic
441 1954 586 1988 additur
603 1954 765 2000 negativa
781 1955 986 1998 responsio:
1018 1955 1138 1989 Iudaei
1157 1954 1249 1989 nihil

261 2013 455 2053 praestant,
481 2005 632 2045 seilicet,
657 2007 751 2050 quod
772 2007 813 2038 ad
832 2006 997 2039 meritum
1015 2007 1147 2041 attinet.
1186 2005 1248 2040 Est

266 2070 348 2102 ergo
382 2056 569 2092 sententia:
603 2054 832 2101 Nequaquam
861 2057 1081 2098 excellimus,
1117 2058 1152 2091 id
1188 2066 1249 2099 est,

262 2122 334 2143 non
351 2120 472 2142 sumus
488 2107 569 2140 iusti
589 2113 730 2150 propter
747 2114 902 2140 nostram
920 2108 1139 2150 dignitatem,
1164 2121 1245 2153 pro-

262 2168 338 2205 pter
352 2171 455 2204 opera
473 2158 576 2202 legis,
605 2164 748 2205 propter
767 2165 904 2191 nostras
924 2158 1070 2192 virtutes
1088 2166 1151 2194 etc.

312 2274 415 2312 Nam
449 2281 532 2311 ante
565 2275 687 2311 causis
724 2274 876 2311 redditis
913 2274 1136 2310 ostendimus
1165 2281 1195 2310 el

626 2324 788 2361 Iudaeos
817 2332 875 2364 etc.

365 2401 540 2446 Repetitio
571 2410 622 2437 est
648 2403 924 2448 propositionis:
973 2403 1025 2436 Ac
1059 2403 1246 2447 diligenter

264 2454 522 2486 observandum
541 2461 610 2495 est,
637 2455 817 2499 quodiam
837 2454 936 2487 effert
963 2467 1037 2487 eam
1062 2455 1243 2490 univcrsa—
1267 2476 1271 2517 f

264 2505 363 2544 liter,
399 2511 431 2537 et
462 2505 525 2543 ait,
563 2517 684 2538 omnes
719 2506 784 2539 sub
819 2511 959 2549 peccato
994 2517 1085 2546 esse,
1120 2507 1155 2539 id
1183 2514 1244 2548 est,

264 2566 386 2589 omnes
403 2552 565 2588 homines
583 2567 654 2588 esse
671 2568 746 2589 reos
763 2556 904 2600 peccati,
931 2556 1001 2589 irae
1015 2555 1078 2589 Dei
1099 2563 1129 2589 ct
1148 2570 1242 2591 mor-

262 2607 306 2639 tis
323 2612 493 2640 aeternae.
545 2605 720 2650 Loquitur
737 2614 852 2640 autem
876 2609 917 2640 de
943 2607 1106 2640 omnibus
1125 2605 1241 2641 homi-

847 89 974 126 PHtL.
1003 88 1118 124 MEL.
1144 87 1352 125 SCRIPTA
1379 85 1683 125 EXEGEthA.

261 2658 367 2691 nibus
389 2663 528 2703 excepto
553 2654 714 2699 Christo,
742 2668 780 2691 ac
802 2667 938 2692 sanctos
959 2659 1062 2692 etiarn
1086 2660 1239 2703 comple-

2209 91 2283 127 584

1303 172 1428 212 ctitur‚
1445 178 1619 217 quatenus
1636 172 1792 217 ipsorum
1810 180 1934 209 natura
1946 175 2202 218 consideratur,
2227 187 2291 211 nee

1303 222 1555 266 intelliguntur
1570 235 1632 268 per
1641 223 1918 259 misericordiam
1930 228 2162 262 reconciliati.
2190 227 2291 262 Sem·

1302 286 1365 320 per
1381 281 1496 308 autem
1512 272 1597 308 haec
1612 275 1816 320 exaequatio
1831 287 1897 309 nos
1912 278 2109 320 admoneat,
2124 279 2220 325 quod
2233 290 2292 312 su-

1301 325 1429 371 perbos
1449 323 1650 371 hypocritas
1666 332 1699 360 et
1713 337 1853 360 securos
1874 329 2121 371 perterrefacit,
2153 329 2292 364 Rursus

1303 382 1493 421 prostratos
1502 377 1616 421 erigit,
1627 377 1708 422 quia
1719 384 1876 419 testatur,
1886 380 1980 423 quod
1990 378 2084 413 Deus
2094 392 2174 414 vere
2182 380 2291 423 gratis

1302 434 1444 472 propter
1459 425 1640 462 Christum
1668 427 1772 461 nobis
1795 428 1976 471 ignoscere
2001 430 2095 463 velit.
2145 430 2288 465 Confir-

1301 484 1373 511 mat
1396 485 1512 512 autem
1538 479 1815 523 propositionem
1841 479 1954 514 citatis
1984 481 2213 522 testimoniis,
2250 481 2288 514 in

1301 529 1429 573 quibus
1451 541 1522 562 non
1538 537 1673 563 tantuin
1700 529 1817 563 civilia
1838 531 1966 564 delicta
1989 531 2200 575 culpantur,
2228 533 2291 565 sed

1302 579 1470 613 interiora
1491 589 1645 624 peccata,
1672 587 1792 614 contra
1814 581 1962 625 primam
1987 583 2158 616 tabulam.
2209 581 2291 616 Non

1302 636 1353 663 est
1369 630 1568 673 intelligens
1588 644 1651 664 ncc
1666 633 1848 676 requirens
1859 631 1991 673 Deum,
2020 633 2054 666 id
2076 641 2142 674 est,
2166 643 2292 666 omnes

1303 688 1539 715 contemnunt
1555 681 1689 723 Deum,
1718 690 1799 716 sunt
1822 683 1898 716 sine
1924 683 2051 717 timore
2068 683 2134 720 Dei
2159 690 2194 718 et
2217 683 2293 717 sine

1305 731 1384 770 fide,
1414 739 1595 776 propterea
1613 731 1742 767 babent
1760 734 1885 778 impias
1904 734 2090 778 opiniones
2107 741 2140 769 et
2157 734 2292 768 doctri-

1303 794 1386 822 nas,
1413 790 1445 816 et
1469 783 1576 827 impia
1601 785 1746 817 consilia
1760 811 1769 825 ,
1796 792 1828 819 et
1854 798 1916 829 per
1931 786 2133 829 superbiam
2151 791 2185 819 et
2199 784 2292 818 fidu-

1302 833 1391 866 ciam
1415 834 1469 867 sui
1488 835 1596 868 multa
1618 836 1751 868 audent
1768 843 1890 869 contra
1911 836 2128 882 voluntatem
2145 835 2228 877 Dei,
2257 842 2292 869 et

1303 892 1563 929 persequuntur
1580 885 1636 929 pia
1655 887 1820 919 docentes
1847 894 1879 920 et
1900 895 2099 922 monentes.
2160 885 2212 920 Ita
2230 887 2292 919 de-

1303 935 1425 969 scribit
1443 936 1628 979 praecipue
1648 934 1911 981 hypocritarum
1930 949 2057 972 arcana
2075 937 2179 978 vitia,
2202 948 2292 981 quae

1304 987 1457 1019 mundus
1475 987 1621 1030 suspicit
1640 994 1806 1032 tanquam
1833 989 2060 1023 excellentem
2083 987 2292 1033 sapientiam

1303 1044 1336 1069 et
1355 1037 1542 1071 iusticiam.

1341 1117 1411 1153 Ex
1437 1119 1605 1167 operibus
1636 1119 1728 1168 legis
1755 1134 1828 1155 non
1853 1120 2115 1169 iustificabitur
2138 1121 2256 1156 omnis

1712 1185 1796 1206 caro
1825 1178 1886 1210 etc.

1408 1238 1449 1272 ln
1477 1239 1704 1273 conclusione
1732 1241 1859 1274 iterum
1888 1240 2016 1285 repetit
2041 1241 2292 1274 universalem:

1304 1289 1352 1325 Ut
1367 1302 1470 1323 omne
1487 1302 1525 1323 os
1547 1291 1771 1330 obstruatur,
1798 1299 1832 1325 et
1849 1298 1943 1325 totus
1967 1292 2121 1325 mundus
2144 1291 2190 1325 sit
2212 1303 2291 1325 reus

1303 1352 1419 1374 coram
1447 1338 1533 1375 Deo.
1609 1341 1678 1375 Sed
1705 1342 1849 1386 quidam
1877 1342 1939 1386 qui
1964 1342 2101 1384 fingunt
2131 1339 2292 1376 homines

1304 1391 1429 1424 mereri
1458 1392 1699 1424 remissionem
1736 1399 1957 1436 peccatorum
1976 1416 1985 1430 ‚
2027 1399 2060 1425 et
2084 1403 2156 1424 esse
2180 1392 2290 1425 iustos

1304 1448 1448 1486 propter
1473 1443 1563 1474 bona
1588 1454 1692 1486 opera
1718 1443 1883 1483 moralia,
1918 1442 2068 1475 eludunt
2090 1440 2182 1475 hanc
2207 1443 2290 1475 uni-

1304 1493 1470 1525 versalem
1484 1520 1492 1533 ,
1521 1500 1553 1526 et
1571 1494 1692 1527 dicunt
1708 1505 1778 1526 esse
1793 1490 2057 1538 synecdochen,
2080 1492 2179 1536 quasi
2197 1491 2290 1525 Pau-

1304 1543 1358 1576 lus
1382 1555 1452 1575 non
1481 1556 1624 1586 prorsus
1641 1556 1763 1577 omnes
1788 1550 1928 1586 arguat,
1955 1544 2014 1576 sed
2041 1543 2230 1587 plurimOS,
2257 1550 2291 1578 et

1303 1595 1347 1626 ab
1368 1591 1431 1626 hac
1450 1595 1641 1627 universali
1666 1594 1736 1627 sint
1759 1594 1956 1638 excipiendi
1982 1593 2182 1637 paucissimi
2207 1594 2287 1639 qui-

1304 1646 1383 1676 «lam
1409 1644 1513 1677 boni:
1549 1652 1587 1678 ut
1614 1645 1774 1690 quamvis
1798 1643 1934 1678 Romae
1960 1644 2103 1688 plurimi
2130 1644 2200 1677 sint
2225 1644 2289 1686 rei,

1276 1701 1277 1710 ¹
1303 1701 1422 1727 tamen
1449 1695 1587 1738 fingunt
1619 1708 1659 1728 ex
1692 1695 1754 1728 illo
1785 1707 1932 1729 numero
1963 1695 2188 1739 excipiendos
2217 1707 2289 1728 esse

1304 1757 1432 1788 paucos
1464 1747 1654 1791 quosdam,
1699 1746 1922 1790 Scipionem,
1964 1743 2134 1781 Atticum.
2211 1744 2290 1779 Etsi

1304 1796 1396 1830 inter
1414 1795 1561 1829 Iudaeos
1576 1797 1719 1840 plurimi
1736 1804 1890 1841 peccant,
1908 1804 2026 1830 tamen
2043 1808 2170 1840 paucos
2183 1808 2289 1842 quos-

1304 1848 1383 1880 dam
1407 1847 1519 1892 excipi
1542 1848 1685 1888 volunt,
1720 1855 1759 1880 ut
1784 1845 1999 1889 Iohannem,
2032 1846 2196 1888 Petrum,
2223 1854 2287 1883 etc.

1305 1899 1482 1932 Adversus
1508 1896 1709 1932 huiusmodi
1731 1898 1972 1931 cavillationes
1995 1897 2179 1930 muniendi
2205 1905 2286 1932 sunt

1303 1949 1432 1992 animi,
1468 1955 1506 1982 ut
1531 1949 1725 1992 simplicem
1752 1955 1786 1982 et
1809 1960 1927 1981 veram
1951 1948 2157 1982 sententiam
2183 1947 2285 1982 Pauli

1274 2007 1276 2010 ·
1303 2000 1532 2040 retineamus,
1569 2012 1607 2032 ac
1631 2000 1822 2043 prudenter
1846 2000 1937 2033 cavit
1961 1999 2033 2043 ipse
2057 1998 2208 2039 Paulus,
2244 2011 2287 2032 ne

1304 2047 1388 2083 haec
1404 2051 1558 2093 exceptio
1576 2050 1692 2092 affingi
1712 2058 1840 2094 posset.
1893 2049 2054 2083 Primum
2071 2050 2165 2082 enim
2184 2061 2285 2094 saepe

1302 2101 1454 2134 inculcat
1490 2101 1748 2134 universalem:
1793 2101 1922 2134 deinde
1957 2101 2056 2134 addit
2099 2101 2282 2142 rationem,

1303 2164 1392 2197 quae
1416 2153 1570 2185 ostendit
1589 2153 1673 2197 quid
1694 2159 1841 2185 accuset.
1894 2152 1953 2185 Ait
1971 2153 2078 2184 enim:
2115 2150 2169 2184 Eo
2186 2153 2281 2196 quod

1301 2215 1341 2236 ex
1364 2202 1530 2246 operibus
1559 2203 1644 2246 legis
1675 2216 1747 2236 non
1782 2203 2027 2237 iustificabitur
2051 2202 2167 2235 omnis
2191 2214 2283 2235 caro.

1301 2252 1368 2286 Hic
1385 2254 1512 2288 diserte
1530 2266 1602 2287 non
1620 2261 1754 2288 tantum
1773 2265 1936 2298 personas
1951 2259 2106 2295 accusat,
2134 2253 2193 2285 sed
2211 2253 2282 2286 illis

1301 2304 1385 2348 ipsis
1402 2305 1505 2338 bonis
1521 2305 1687 2350 operibus
1702 2304 1855 2338 detrahit
1872 2304 2165 2342 iustificationem,
2193 2315 2281 2348 quae

1300 2356 1354 2388 illi
1380 2357 1504 2390 volunt
1530 2356 1653 2400 excipi.
1715 2354 1854 2389 Deinde
1875 2353 2005 2387 Psalm.
2031 2355 2164 2399 inquit:
2199 2353 2281 2388 Non

1299 2407 1407 2440 intres
1426 2408 1463 2439 in
1482 2408 1651 2440 iudicium
1670 2418 1748 2439 cum
1766 2417 1866 2439 servo
1887 2412 1966 2446 tuo,
1991 2405 2071 2450 quia
2090 2416 2162 2438 non
2180 2405 2281 2440 iusti-

1298 2458 1458 2491 ficabitur
1486 2459 1522 2490 in
1548 2464 1734 2500 conspectu
1759 2464 1818 2490 tuo
1844 2456 1960 2488 omnis
1984 2456 2116 2491 vivens.
2183 2455 2279 2490 Haec

1297 2510 1466 2542 sententia
1494 2516 1525 2541 et
1548 2509 1731 2552 pleraeque
1754 2507 1886 2540 similes
1909 2513 2081 2540 testantur
2104 2507 2279 2551 exceptio-

1296 2572 1376 2592 nein
1400 2560 1495 2593 illam
1521 2559 1642 2592 falsam
1667 2570 1758 2599 esse,
1786 2559 1866 2603 quia
1892 2558 1983 2590 clare
2009 2559 2136 2601 docent
2160 2563 2277 2591 nostra

1294 2611 1386 2643 bona
1406 2622 1510 2653 opera
1528 2622 1598 2642 non
1618 2621 1717 2654 posse
1732 2609 1865 2653 opponi
1884 2609 2016 2643 iudicio
2036 2609 2110 2644 Dei.
2171 2607 2278 2641 Prae-

1293 2668 1384 2695 terea
1408 2662 1437 2694 si
1462 2661 1608 2694 moralia
1635 2672 1738 2705 opera
1757 2660 2005 2701 iustificarent,
2034 2659 2276 2693 iustificassent

2371 1083 2374 1167 ἲ

2370 1170 2375 1254 2
