2415 2942
86 115 184 155 1225

544 117 648 154 ARG
656 118 912 155 UMENTUM
938 117 1217 155 EPISTOLAE
1244 117 1601 156 COLOSSENSES.

2026 117 2121 151 1226

84 204 191 245 siam,
225 203 299 248 ipse
322 203 381 237 dat
406 203 497 236 dona
523 203 719 247 Ecclesiae,
746 206 930 248 doctores,
957 212 1078 250 pasto-
1129 206 1285 239 cundum
1310 205 1480 239 elementa
1505 205 1640 239 mundi.
1694 204 1783 238 Nam
1803 202 2014 237 vocabulum
2033 199 2116 235 Ele-

84 267 157 296 res,
186 266 248 299 per
272 266 360 299 quos
385 262 436 289 est
459 255 589 291 efficax.

188 313 312 347 Postea
332 314 368 347 in
387 315 502 358 primo
521 316 631 359 capite
649 316 691 348 de
712 314 948 359 applicatione
967 315 1074 348 bene-

84 365 243 399 ficiorum
262 363 392 399 Christi
412 366 592 410 loquitur,
611 379 688 399 cum
708 366 771 399 ait:
807 366 844 400 Si
863 366 899 398 in
917 366 983 398 fide
997 378 1072 398 ma-

90 416 183 454 netis
202 416 304 450 firmi.
357 415 496 449 Deinde
514 418 683 462 quaedam
701 417 798 451 addit
816 419 859 449 de
877 416 1073 450 ministerio

88 466 272 509 Evangelii
290 473 323 500 et
337 467 379 499 de
399 478 510 500 cruce.
564 466 614 500 lta
630 468 744 500 cernis
765 468 891 500 ordine
915 468 1072 500 membra

88 518 269 551 doctrinae
285 517 471 562 praecipua
489 518 643 551 breviter
659 519 696 551 in
716 518 832 562 primo
848 518 960 562 capite
976 530 1071 551 com-

86 566 261 613 prehensa
287 579 377 608 esse,
422 569 600 609 videlicet,
636 569 832 603 doctrinam
858 570 900 602 de
924 581 1071 612 persona

87 616 240 659 Christi,
268 620 309 651 de
329 619 466 652 duabus
482 619 634 661 naturis,
663 622 705 653 de
722 620 918 659 beneficiis,
946 621 989 652 de
1008 631 1071 662 ap—

86 669 276 714 plicatione
294 670 544 703 beneficiorum
569 683 631 715 per
653 671 776 709 fidem,
808 672 850 704 de
874 671 1071 704 ministerio

81 719 267 764 Evangelii
294 727 325 753 et
351 722 393 753 de
420 719 544 754 Cruce.

187 778 251 813 Est
269 787 382 813 autem
402 780 531 821 insigni
552 779 660 822 figura
678 791 762 813 usus
781 781 822 813 de
842 780 969 815 Cruce:
1000 779 1071 813 lm-

82 831 161 875 pleo
187 832 280 875 quod
299 831 395 864 deest
410 830 664 863 afflictionibus
681 837 762 869 etc„
782 832 945 865 videlicet
959 858 968 872 ,
996 843 1069 864 non

84 883 179 926 qnod
197 882 239 913 ad
259 882 423 914 meritum
447 882 544 913 ducis
566 881 711 922 attinet,
738 883 796 914 sed
815 883 910 927 quod
935 884 977 915 ad
1003 882 1069 914 mi-

81 932 180 965 litiae
205 931 401 965 societatem
424 932 565 972 attinet,
598 944 686 976 quae
711 933 869 966 nondum
895 933 1067 977 completa

82 989 150 1023 est,
184 983 244 1015 sed
262 982 367 1015 durat
385 994 494 1026 usque
513 983 555 1015 ad
576 981 682 1015 finem
708 983 907 1019 ministerii.
959 982 1068 1017 Ducis

79 1030 213 1067 Christi
248 1033 410 1066 meritum
442 1033 615 1076 integrum
648 1041 698 1067 est
730 1041 762 1067 et
793 1035 969 1068 sufficiens
1004 1047 1066 1078 pro

79 1084 246 1117 omnibus
275 1084 435 1118 subditis.
488 1083 561 1117 Nos
585 1090 698 1116 autem
725 1097 845 1118 sumus
874 1086 1002 1119 milites
1029 1085 1065 1118 in

81 1136 204 1168 eodem
232 1134 446 1175 ministerio,
489 1136 588 1167 cuius
613 1136 774 1169 nondum
798 1136 878 1169 finis
902 1143 962 1171 est.
1014 1138 1064 1169 Ita

81 1186 232 1219 subinde
256 1187 298 1217 ad
325 1186 533 1218 afflictiones
557 1187 654 1219 ducis
683 1188 853 1220 accedunt
876 1187 1064 1221 succeden-

80 1237 169 1270 tium
198 1236 353 1270 milituxn
380 1236 605 1277 afflictiones,
634 1250 721 1281 quae
744 1238 914 1282 tantisper
940 1239 1064 1271 desunt

80 1287 175 1327 duci,
206 1288 317 1320 donec
335 1287 414 1319 finis
433 1295 483 1320 est
502 1288 688 1320 ministerii
707 1289 743 1320 in
762 1289 968 1322 collectione
985 1289 1064 1321 uni-

79 1350 199 1371 versae
223 1336 416 1376 Ecclesiae,
453 1339 587 1371 etiamsi
613 1339 784 1373 disserunt
809 1340 972 1373 meritum
999 1341 1065 1372 du-

79 1389 128 1423 cis
148 1396 180 1422 et
205 1390 335 1433 praelia
359 1389 522 1422 militum.
578 1388 643 1422 His
667 1391 783 1423 verbis
807 1390 1064 1434 simplicissime

80 1447 264 1473 enarretur
289 1439 390 1473 Pauli
418 1441 569 1474 dictum:
615 1440 747 1485 Impleo
773 1442 867 1485 quod
893 1442 988 1474 deest
1014 1441 1063 1473 as—

79 1491 297 1525 flictionibus
322 1489 454 1524 Christi
482 1498 566 1529 etc.‚
604 1504 676 1524 non
703 1493 796 1536 quod
820 1493 861 1525 ad
887 1492 1064 1531 meritum,

82 1543 178 1587 quod
204 1542 447 1585 plenissimum
481 1549 529 1575 est
557 1542 666 1575 solius
690 1541 839 1582 Christi,
883 1544 940 1576 sed
970 1543 1062 1586 quod

80 1593 122 1625 ad
158 1592 303 1624 militiae
334 1593 531 1625 societatem
564 1593 704 1633 attinet,
747 1594 783 1625 in
815 1606 884 1637 quo
916 1593 1065 1625 subinde

81 1643 211 1675 milites
237 1643 457 1675 succedentes
482 1649 619 1686 oportet
643 1643 770 1676 similia
798 1644 869 1687 pati
898 1643 1063 1676 afflictio-

79 1705 166 1725 num
192 1693 302 1727 ducis.
359 1692 450 1735 Quia
476 1693 607 1725 diaboli
635 1695 785 1727 oderunt
812 1696 957 1734 ducem,
1001 1695 1063 1726 do-

81 1744 229 1776 ctrinam
255 1750 286 1776 et
309 1745 453 1783 milites,
480 1757 518 1776 ac
542 1745 610 1776 dici
637 1752 770 1787 posset,
798 1746 946 1778 sormam
974 1745 1062 1778 asili-

82 1795 238 1828 ctionum
270 1807 340 1827 esse
371 1795 542 1832 similem,
587 1807 705 1828 causas
730 1796 850 1828 finales
880 1796 1065 1828 dissimiles

79 1857 173 1885 esse,
200 1843 363 1879 Clu-istus
390 1853 439 1878 est
467 1846 681 1890 propitiator
707 1854 738 1880 et
761 1848 902 1888 doctor,
935 1846 1065 1880 Paulus

76 1904 214 1930 tantum
240 1904 288 1929 est
313 1899 446 1931 doctor.

182 1966 342 2010 Papistae
366 1967 472 2010 impie
491 1967 702 2012 detorquent
724 1967 855 2000 dictum
880 1969 921 2000 ad
941 1968 1062 2001 merita

79 2024 299 2057 sanctorum,
328 2028 360 2051 et
382 2019 518 2059 fingunt
536 2019 754 2052 adflictiones
775 2026 975 2052 sauctorum
992 2032 1062 2052 me-

78 2070 146 2102 reri
177 2069 419 2101 remissionem
447 2070 529 2112 ipsis
549 2077 579 2102 et
597 2070 684 2102 aliis.
738 2068 830 2102 Haec
855 2072 1064 2114 interpreta-

79 2120 128 2154 tio
151 2120 238 2153 falsa
258 2127 306 2152 est
325 2120 417 2153 iuxta
445 2122 594 2158 dictum,
630 2119 783 2154 Roman.
801 2120 852 2154 5.:
891 2120 1013 2154 Gratia
1033 2130 1065 2155 et

80 2173 214 2204 donum
246 2183 305 2214 per
333 2171 477 2214 gratiam
507 2172 612 2204 unius
642 2169 795 2203 huminis
828 2171 905 2205 lesu
932 2171 1063 2206 Christi

81 2223 283 2255 exuberavit
305 2222 340 2254 in
366 2222 506 2256 multos.
565 2220 735 2256 1.10han.
751 2224 808 2256 2:
841 2223 915 2266 lpse
932 2231 965 2257 et
984 2237 1065 2268 pro—

81 2273 222 2317 piciatio
247 2285 308 2317 pro
338 2274 466 2306 nostris
493 2274 658 2315 peccatis,
696 2281 727 2307 et
750 2286 821 2306 non
848 2287 910 2317 pro
937 2275 1065 2308 nostris

81 2330 234 2364 butum,
277 2325 334 2356 sed
361 2336 423 2368 pro
450 2324 555 2356 totius
584 2326 704 2357 mundi
734 2327 890 2368 peccatis,
953 2325 997 2359 Et
1022 2328 1064 2359 ad

79 2375 281 2408 Hebraeos:
313 2375 389 2409 Una
409 2375 588 2408 oblatione
606 2377 866 2409 consummavit
892 2384 1040 2410 sanctos.

213 2443 249 2476 ln
294 2441 452 2476 secundo
495 2443 610 2489 capite
628 2471 636 2485 ,
683 2451 720 2477 ut
759 2446 913 2488 prudeus
955 2447 1065 2478 medi-

81 2506 158 2535 cus,
195 2507 274 2527 cum
302 2495 449 2528 tradidit
473 2496 646 2535 salubria,
680 2502 798 2528 monet
827 2496 969 2529 vitanda
995 2509 1066 2530 esse

81 2546 279 2585 contraria,
320 2546 487 2589 praecipit
512 2546 643 2579 Paulus
667 2547 709 2579 de
740 2546 893 2580 vitandis
930 2548 1067 2581 insidiis

83 2604 117 2631 et
132 2597 340 2640 corruptelis
357 2598 547 2632 doctrinae.
601 2596 746 2636 Videte,
768 2597 901 2642 inquit,
926 2611 970 2631 ne
990 2600 1066 2644 quis

81 2660 142 2680 vos
166 2649 400 2692 depraedetur
425 2660 486 2691 per
513 2646 773 2692 philosophiam
795 2655 827 2682 et
846 2649 985 2682 inanem
1005 2651 1065 2683 de-

80 2699 276 2743 ceptionem
301 2700 494 2733 secundum
519 2700 745 2734 traditionem
769 2697 978 2742 hominum,
1014 2712 1064 2735 se-

1126 264 1283 290 mentum
1307 268 1380 289 non
1404 256 1631 300 intelligitur,
1676 264 1717 291 ut
1741 254 1882 302 Physici
1905 255 2112 298 loquuntur,

1125 309 1183 341 sed
1210 307 1419 351 generaliter
1443 308 1486 340 de
1511 314 1653 341 externo
1678 308 1824 346 ordine,
1851 306 1946 340 unde
1966 303 2111 337 Graecis

1125 365 1176 393 est
1199 370 1329 391 nomen
1356 359 1511 402 στοῖχος.

1225 408 1336 442 Addit
1355 415 1470 441 autem
1491 409 1661 452 insignem
1679 421 1834 450 causam,
1859 419 1965 453 quare
1982 417 2108 439 caven-

1125 461 1208 494 dum
1228 460 1291 499 sit,
1320 471 1362 491 ne
1380 459 1597 503 decipiamur
1613 458 1778 494 humanis
1796 457 2107 501 imaginationibus

1124 519 1157 545 et
1180 509 1440 545 traditionibus.
1495 509 1606 553 Quia,
1634 511 1769 557 inquit,
1797 512 1835 543 in
1857 509 2000 543 Christo
2022 519 2106 540 con-

1123 561 1287 595 summati
1306 560 1397 594 estis.
1450 559 1545 593 Haec
1566 563 1823 595 consummatio
1842 559 2031 604 dupliciter
2049 558 2106 590 in-

1123 613 1308 656 telligenda
1326 618 1392 651 est,
1419 612 1571 654 primum
1591 612 1841 655 imputatione,
1870 611 1982 656 quod,
2009 608 2105 641 scili-

1121 671 1189 704 cet,
1223 663 1382 697 conversi
1406 670 1549 706 propter
1570 663 1800 697 mediatorem
1824 664 1894 695 sint
1918 660 2000 693 iusti
2026 660 2103 699 fide,

1120 716 1153 748 id
1173 722 1243 755 est,
1268 713 1484 746 reconciliati
1510 720 1542 745 et
1569 715 1699 757 accepti
1719 713 1812 754 Deo,
1837 711 1971 746 etiamsi
1995 711 2032 742 in
2055 710 2103 742 eis

1120 767 1156 798 111
1180 764 1244 798 hac
1270 765 1338 797 vita
1363 761 1479 797 adhuc
1506 761 1625 797 haeret
1662 765 1784 808 ingens
1817 762 2019 801 infirmitas,
2064 766 2103 792 ut

1118 816 1243 850 Roma.
1256 818 1290 850 3.
1307 815 1452 847 dicitur.-
1480 814 1661 848 iustificati
1678 817 1848 859 sanguiue
1867 813 1987 857 ipsius.
2040 810 2103 844 Se-

1118 868 1232 900 cundo
1266 866 1514 905 renovatione,
1550 878 1637 910 quae
1669 867 1830 900 incoatur
1854 866 1890 898 in
1916 861 1981 896 hac
2006 868 2037 894 et
2067 861 2103 894 fit

1118 919 1250 961 integra
1274 917 1310 949 in
1335 917 1404 949 vita
1431 923 1582 952 aeterna.
1642 916 1768 962 Fitque
1802 915 1888 950 haec
1919 913 2101 947 renovatio

1118 976 1259 1013 propter
1277 967 1458 1001 Christum
1476 968 1573 1008 ideo,
1601 969 1682 1012 quia
1707 969 1743 1001 in
1768 981 1806 1002 eo
1833 966 1966 1001 habitat
1985 964 2101 996 omnis

1117 1020 1299 1064 plenitudo
1324 1019 1520 1052 divinitatis
1545 1020 1785 1062 corporaliter.
1840 1016 1969 1052 Omnis
1987 1015 2101 1059 pleni-

1117 1072 1220 1111 tudo,
1257 1070 1439 1110 videlicet,
1484 1082 1553 1114 quo
1584 1072 1625 1102 ad
1659 1072 1750 1103 dona
1783 1082 1842 1104 seu
1868 1067 2099 1113 proprietates

1117 1122 1289 1161 efficaces,
1315 1121 1350 1153 id
1370 1127 1438 1161 est,
1472 1122 1596 1161 vitam,
1632 1121 1944 1165 omnipotentiam,
1981 1117 2101 1150 infmi-

1117 1180 1187 1206 tam
1216 1172 1421 1216 sapientiam
1441 1177 1473 1204 et
1498 1172 1692 1213 iusticiam,
1717 1185 1806 1217 quae
1833 1173 1923 1204 (lona
1943 1180 2101 1202 commu-

1118 1223 1210 1255 nicat
1228 1220 1452 1262 hominibus,
1486 1224 1673 1256 ostendens
1691 1224 1773 1267 ipsis
1792 1224 1904 1256 lucem
1927 1227 1959 1254 et
1977 1231 2101 1253 conso-

1118 1274 1284 1307 lationem
1311 1285 1394 1305 voce
1422 1271 1626 1321 Evangelii,
1652 1282 1684 1307 et
1709 1276 1795 1307 dans
1823 1273 1994 1318 Spiritum
2020 1282 2101 1303 san-

1118 1332 1229 1364 ctum,
1265 1324 1363 1368 quasi
1391 1324 1498 1356 dicat:
1538 1325 1580 1356 ln
1597 1326 1727 1366 angelis
1748 1333 1778 1358 et
1797 1323 2002 1357 hominibus
2020 1326 2102 1353 sunt

1118 1375 1341 1419 particularia
1361 1377 1473 1415 dona,
1501 1387 1572 1407 11011
1592 1382 1640 1407 est
1656 1375 1933 1419 omnipotentia,
1962 1384 2035 1405 nou
2051 1377 2101 1404 est

1119 1426 1254 1458 infinita
1278 1426 1447 1469 sapientia
1473 1432 1505 1459 et
1529 1426 1682 1466 iusticia,
1724 1429 1781 1460 sed
1807 1425 1893 1459 haec
1916 1424 2099 1468 plenitudo

1116 1477 1177 1510 filii
1201 1484 1268 1516 est,
1302 1478 1362 1520 qui
1385 1477 1528 1520 quidem
1556 1478 1804 1518 corporaliter,
1831 1475 1898 1510 hoc
1923 1483 1991 1513 est,
2021 1486 2100 1518 per-

1115 1528 1282 1561 sonaliter
1315 1525 1447 1559 habitat
1474 1527 1511 1559 in
1537 1534 1661 1560 natura
1687 1535 1859 1568 assumta,
1901 1539 1974 1560 11011
2001 1537 2101 1569 sepa-

1116 1579 1291 1617 rabiliter,
1333 1590 1405 1610 non
1435 1584 1571 1610 tautum
1604 1579 1776 1611 effective:
1805 1586 1844 1612 ut
1871 1577 1965 1612 Deus
1990 1575 2101 1610 estin

1115 1629 1250 1662 Davide
1275 1629 1534 1671 separabiliter,
1563 1636 1595 1662 et
1613 1630 1786 1670 effective,
1822 1631 1881 1662 sed
1906 1629 1971 1668 ita,
1994 1634 2033 1661 ut
2055 1626 2100 1659 sit

1115 1692 1184 1713 una
1212 1691 1357 1723 persona
1383 1692 1443 1712 seu
1466 1676 1722 1726 ὑφιστάμενον
1750 1693 1881 1721 unum,
1910 1681 1945 1713 id
1966 1685 2031 1719 est,
2060 1683 2099 1710 ut

1115 1732 1184 1764 sint
1211 1731 1491 1774 insep.·iral»iliter
1516 1732 1695 1774 copulatae
1721 1733 1810 1765 duae
1840 1739 2004 1771 naturae,
2043 1728 2100 1761 di-

1117 1783 1196 1815 vina
1222 1789 1254 1815 et
1279 1779 1454 1822 humana,
1481 1782 1614 1814 unione
1637 1781 1873 1828 hypostatica,
1901 1794 1967 1828 qua
1989 1786 2100 1824 gesta-

1115 1841 1172 1868 tur
1191 1840 1314 1866 natura
1332 1831 1483 1865 humana
1501 1845 1518 1866 a
1535 1830 1650 1881 λόγῳ,
1675 1835 1950 1878 propemodum,
1969 1839 2007 1866 ut
2023 1830 2100 1864 ani-

1116 1897 1170 1917 ma
1203 1891 1235 1917 et
1267 1896 1394 1928 corpus
1420 1882 1573 1917 hominis
1597 1886 1667 1919 siut
1691 1898 1802 1919 unum
1830 1880 2098 1932 ὑφιστάμενον,

1116 1947 1242 1979 corpus
1267 1942 1418 1979 gestatur
1440 1936 1484 1969 ab
1509 1936 1644 1977 anima,
1682 1938 1754 1975 vel,
1789 1943 1828 1970 ut
1852 1936 2012 1970 surculus
2043 1934 2099 1965 in-

1116 1995 1226 2021 sertus
1251 1988 1369 2020 arbori
1395 1988 1438 2021 ab
1463 2001 1499 2020 ea
1520 1996 1691 2031 gestatur,
1719 1989 1781 2021 etsi
1801 1986 1885 2021 haec
1901 1984 2098 2019 similitudo

1115 2039 1254 2079 longius
1277 2040 1382 2074 abest.
1438 2039 1506 2073 Sed
1531 2047 1647 2073 tamen
1681 2037 1746 2072 hoc
1770 2046 1950 2083 utcunque
1977 2035 2101 2081 pingit,

1115 2098 1273 2123 naturam
1293 2087 1483 2122 humanam
1503 2098 1672 2123 servatam
1692 2103 1781 2125 esse:
1802 2091 1882 2135 quia
1900 2089 1992 2122 filius
2008 2097 2096 2119 mas-

1116 2154 1186 2174 sam
1211 2142 1391 2182 assumsit,
1429 2149 1460 2174 et
1488 2154 1551 2173 nos
1579 2139 1660 2174 huic
1683 2154 1814 2175 massae
1838 2141 1960 2174 inserti
1983 2149 2100 2172 serva-

1116 2204 1213 2231 mur,
1243 2193 1322 2236 quia
1347 2204 1386 2224 ex
1410 2193 1630 2236 plenitudine
1657 2193 1719 2225 filii
1744 2192 1950 2235 accipimus,
1986 2190 2100 2233 place-

1117 2255 1194 2276 mus
1219 2251 1362 2287 propter
1385 2244 1499 2286 ipsum
1525 2251 1555 2276 et
1575 2243 1793 2277 vivificamur
1816 2243 2015 2275 immediate
2040 2250 2102 2283 pel·

1118 2307 1214 2334 eum,
1242 2293 1332 2327 sicut
1351 2294 1483 2337 inquit:
1521 2292 1594 2335 Ego
1615 2307 1690 2327 sum
1717 2295 1814 2334 vitis,
1849 2307 1910 2327 vos
1928 2291 2100 2337 palmites-

1117 2347 1292 2379 Aeternus
1309 2352 1407 2389 pater
1425 2345 1516 2377 misit
1535 2346 1663 2386 filium,
1685 2358 1744 2388 per
1761 2357 1863 2389 quem
1884 2344 2001 2389 patefit
2019 2354 2101 2386 pro-

1117 2397 1235 2429 missio
1249 2424 1257 2436 ,
1281 2394 1387 2429 ethic
1406 2396 1497 2429 filius
1516 2396 1647 2437 colligit
1665 2395 1876 2436 Ecclesiam,
1900 2401 1950 2430 est
1965 2395 2101 2428 redem—

1117 2455 1189 2488 tor,
1222 2454 1254 2480 et
1279 2459 1362 2479 voce
1387 2446 1629 2490 promissionis
1654 2448 1740 2480 dicit
1763 2447 2039 2480 consolationem
2063 2444 2101 2475 iu

1117 2498 1302 2538 cordibus,
1330 2504 1362 2531 et
1386 2499 1443 2531 dat
1470 2497 1641 2541 Spiritum
1667 2505 1837 2532 sanctum.
1892 2498 1950 2532 Sic
1969 2508 2046 2530 cum
2063 2493 2101 2525 in

1118 2562 1156 2582 eo
1183 2547 1316 2582 habitet
1341 2548 1458 2581 omnis
1484 2548 1669 2592 plenitudo
1696 2548 1912 2589 divinitatis,
1953 2555 2002 2580 est
2027 2544 2101 2578 effi-

1117 2613 1176 2634 cax
1202 2601 1238 2632 in
1265 2600 1368 2633 nobis
1385 2626 1392 2638 ,
1441 2606 1473 2632 et
1499 2599 1689 2643 accipimus
1716 2612 1756 2633 ex
1780 2600 1855 2633 eius
1879 2597 2101 2644 plenitudine

1116 2652 1225 2685 vitam
1251 2658 1448 2693 aeternam,
1491 2650 1699 2695 sapientiam
1729 2657 1762 2684 et
1788 2651 1962 2684 iusticiam
1990 2654 2101 2682 aeter-

1116 2714 1211 2736 nam.
