2415 2942
91 91 140 128 53
523 90 604 124 ΧΠ.

93 177 274 211 tractanda
293 183 352 210 est.
400 173 500 208 Nunc
527 176 570 208 ad
596 182 727 210 textum
751 176 874 213 redeo,
908 176 943 208 in
963 188 1031 220 quo
1049 184 1081 209 et

93 226 161 261 hoc
184 228 380 260 monendus
405 233 454 260 est
476 226 606 270 lector,
634 227 728 271 quod
753 226 982 259 insulsissime
1001 227 1082 271 qui-

93 279 174 311 dam
198 278 418 321 interpretati
451 285 533 312 sunt
555 277 765 310 vocabulum
789 278 912 322 κηφᾶς
937 289 999 320 pro
1023 289 1082 310 κε-

92 330 212 374 φαλῇ,
239 329 274 361 id
302 336 369 367 est,
406 328 535 372 capite,
570 339 648 360 cum
675 338 818 371 prorsus
842 327 909 359 alia
937 340 1002 360 vox
1025 327 1080 368 sit,

90 381 213 426 κηφᾶ,
240 380 352 413 aliena
371 391 387 412 a
407 378 540 412 Graeca
561 378 702 421 lingua,
728 389 851 421 rupem
870 378 1080 421 significans,

90 478 166 514 Die
190 479 351 514 crastino
380 478 492 512 voluit
518 477 623 512 Iesus
647 477 773 525 egredi
794 478 832 512 in
849 476 1080 513 Galilaeam.

190 554 286 588 Haec
302 552 446 587 historia
466 565 553 598 quae
571 552 608 585 in
626 554 740 598 primo
767 554 878 597 capite
904 562 1078 593 narratur,

90 605 247 638 continet
263 616 298 636 ea
311 616 398 649 quae
415 605 619 638 acciderunt
636 605 751 638 statim
771 612 847 649 post
866 606 1079 649 baptismum

89 653 240 694 Christi,
266 667 343 688 cum
376 655 445 687 iam
470 656 677 699 complesset
695 667 829 688 annum
851 656 909 689 30.
927 657 992 689 sub
1011 657 1080 688 ini-

87 706 177 739 tium
196 705 307 746 veris,
334 718 404 750 quo
421 712 579 753 tempore.
596 708 719 739 docere
745 706 880 750 coepit,
909 719 947 740 ac
971 707 1078 741 trium

88 768 266 790 annorum
280 757 385 789 series
401 769 440 789 ex
461 755 759 800 hocEvangelista
779 755 996 801 deprehendi
1015 771 1078 802 po-

87 814 163 841 test.
225 806 346 841 Incoat
379 808 488 851 igitur
512 808 581 840 iam
603 806 765 842 Christus
789 819 887 841 suam
916 807 1079 850 scholam,

87 866 121 892 et
138 865 239 891 vocat
255 858 464 902 discipulos,
491 859 688 897 Andream,
716 858 895 897 loannem,
924 859 1079 901 Petrum,

86 907 293 953 Philippum
322 916 355 941 et
379 906 646 942 Nathanaelem.
688 907 897 942 Offenditur
913 917 1027 944 autem
1046 919 1078 944 et
1103 914 1105 927 ³

85 958 286 993 Nathana'e'l
306 957 432 992 humili
454 960 567 1004 specie
583 957 726 993 Christi.
782 960 941 994 Primum
958 974 1078 994 move-

87 1017 146 1044 tur
173 1010 330 1055 quaestio
358 1011 400 1042 de
428 1011 558 1054 patria,
603 1011 790 1044 videbatur
813 1012 1005 1045 absurdum
1039 1025 1078 1045 ex
1102 1033 1104 1040 ‹
1132 1049 1138 1053 ¹
1177 1048 1184 1054 ἱ
1236 1037 1254 1068 d
1520 1039 1539 1070 d
1796 1043 1803 1049 .
2046 1048 2053 1054 .

88 1072 176 1105 pago
188 1058 377 1101 Nazareth,
402 1060 614 1094 exGalilaea
634 1061 944 1103 venireMessiam,
973 1075 1075 1107 quem
1101 1062 1104 1088 ὲ
1130 1047 1230 1068 ‘¹⁵²⁶‘ss
1262 1043 1342 1076 um'
1376 1044 1495 1080 postea
1547 1041 1760 1082 escendunt’
1794 1044 1829 1075 ’ὁ
1854 1056 1994 1090 quoque
2020 1050 2119 1081 ”de-

929 1112 975 1147 Et
990 1115 1078 1146 imtt—
1101 1139 1104 1155 4

88 1113 245 1145 sciebant
263 1124 303 1145 ex
321 1112 416 1155 regio
433 1124 562 1155 genere
579 1119 768 1145 venturum
792 1124 875 1146 esse.

85 1163 299 1206 ginabantur
323 1170 482 1206 parentes
502 1163 575 1196 fore
601 1163 737 1207 amplos
765 1170 799 1196 et
825 1171 1004 1207 potentes,
1044 1172 1075 1197 et

87 1215 201 1256 ipsum
230 1214 433 1257 praesertim
461 1213 527 1246 iam
555 1214 734 1253 adultum,
777 1211 980 1247 habiturum
1005 1226 1076 1247 esse

86 1272 240 1297 catervas
265 1276 450 1308 procerum
476 1264 677 1302 adiunctas,
712 1265 872 1296 futurum
892 1265 929 1297 in
949 1265 1075 1308 guber—

86 1315 231 1348 natione
256 1315 393 1357 reipub.
420 1321 457 1347 ut
487 1321 615 1348 norant
646 1321 746 1348 antea
773 1326 991 1348 summorum
1021 1317 1074 1348 vi-

86 1377 206 1398 rorum
227 1365 440 1398 incrementa
460 1365 495 1397 in
516 1364 620 1398 lsrael
638 1365 787 1398 illustria
805 1365 930 1406 fuisse,
956 1373 994 1399 ut
1012 1366 1076 1400 Sa-

86 1416 231 1458 muelis,
275 1415 434 1449 Davidis.

87 1467 241 1500 offensus
269 1467 484 1500 absurditate
513 1468 554 1499 de
579 1467 709 1511 patria,
747 1467 880 1511 inquit:
916 1467 1010 1501 Num
1038 1482 1076 1501 ex

85 1515 258 1551 Nazareth
284 1518 419 1562 aliquid
442 1518 525 1550 boni
551 1518 710 1551 orietur?
745 1519 842 1562 quasi
865 1519 975 1552 dicat:
1003 1518 1072 1552 bio—

85 1575 155 1602 stra
175 1576 339 1602 vaticinia
365 1581 436 1602 non
464 1570 645 1602 adducunt
664 1568 828 1602 Messiam
846 1582 885 1602 ex
904 1570 1075 1605 (Jalilaea.
1129 1593 1226 1633 licet,
1252 1595 1346 1638 quod
1364 1606 1427 1638 per
1443 1595 1556 1628 solum
1585 1594 1679 1630 hunc
1698 1598 1862 1633 Mpssiffln
1883 1603 1925 1636 Sit
1942 1606 2057 1638 aditus
2075 1608 2119 1640 ad

84 1619 161 1653 Hoc
193 1620 388 1664 exemplum
422 1631 542 1653 rursus
566 1621 749 1660 admonet,
784 1632 828 1652 ne
853 1620 1076 1654 offendamur

85 1668 213 1702 humili
238 1671 351 1712 specie
375 1670 572 1711 Ecclesiae,
600 1672 657 1703 sed
682 1671 904 1715 inquiramus
926 1673 1073 1705 verbum

86 1719 173 1758 Dei,
209 1728 242 1753 et
273 1721 471 1753 testimonia
499 1721 630 1755 divina.
696 1721 744 1754 Ita
770 1719 827 1754 hic
848 1723 1077 1756 confirmatur

87 1767 284 1803 Nathanaejl
310 1771 502 1810 miraculo,
544 1783 622 1803 cum
648 1771 813 1813 intelligit
837 1784 871 1804 se
896 1775 1073 1807 absentem

86 1828 309 1864 conspectum
327 1832 399 1853 esse
415 1835 432 1852 a
449 1818 610 1859 Christo,
638 1823 702 1854 sub
722 1822 796 1854 fico.

212 1909 375 1945 Posthac
404 1910 571 1946 videbitis
599 1911 735 1946 coelum
765 1918 941 1961 apertam.

185 1989 281 2023 Haec
296 1997 346 2024 est
362 1990 474 2023 dulcis
492 1990 680 2034 descriptio
691 1990 840 2024 Messiae
858 1990 1076 2024 etEcclesiae

86 2050 198 2076 sumta
225 2054 264 2074 ex
287 2041 414 2074 Genes.
439 2054 511 2087 cap.
532 2042 591 2075 28.
619 2042 661 2074 de
689 2042 779 2074 scala
808 2042 922 2076 [acob.
975 2041 1072 2075 Scala

87 2145 123 2177 in
143 2143 273 2177 Genesi
299 2144 445 2176 dicitur:
483 2144 563 2188 quia
592 2151 641 2177 est
665 2143 700 2175 in
731 2156 770 2176 eo
793 2150 918 2178 natura
941 2144 1074 2179 divina.

87 2194 169 2228 Ideo
186 2195 222 2227 in
240 2193 369 2227 Genesi
391 2194 482 2227 clare
508 2194 655 2237 dicitur,
682 2193 777 2228 Deus
801 2195 944 2227 innixus
967 2195 1073 2228 fuisse

90 2247 213 2282 scalae.
270 2246 441 2279 Consistit
467 2253 581 2278 autem
606 2246 643 2278 in
660 2252 769 2286 terra,
795 2246 875 2291 quia
897 2241 1005 2293 λόγος
1020 2258 1075 2278 as-

86 2298 210 2331 sumsit
227 2294 419 2330 humanam
448 2303 630 2337 naturam,
675 2297 863 2330 obnoxiam
892 2297 1076 2330 doloribus

86 2357 117 2381 et
134 2347 251 2382 morti.
303 2347 371 2381 Sed
393 2345 477 2381 haec
495 2348 584 2380 scala
604 2355 719 2381 tamen
738 2348 922 2391 coniungit
938 2348 1073 2381 coelum

87 2407 119 2432 et
137 2407 282 2438 terram,
310 2401 343 2431 id
363 2406 433 2439 est,
460 2397 574 2431 Deum
592 2405 625 2432 et
641 2396 845 2434 Ecclesiam.
899 2398 1074 2444 Quodque

87 2451 221 2483 coelum
239 2450 367 2483 dicitur
386 2462 457 2483 esse
476 2456 635 2493 apertum
648 2477 657 2490 ‚
685 2450 856 2492 significat
875 2449 942 2482 iam
963 2450 1074 2483 Deum

89 2502 283 2545 propicium
304 2513 376 2534 esse
401 2508 433 2534 et
457 2501 627 2545 respicere
653 2501 859 2535 invocantes
881 2501 1013 2546 ipsum,
1042 2509 1073 2535 et

90 2552 236 2585 salvare.

191 2610 293 2653 Quod
308 2624 389 2644 vero
410 2611 444 2643 in
463 2609 526 2644 bac
542 2611 632 2644 scala
651 2611 844 2644 ascendunt
872 2617 905 2644 et
931 2611 1075 2644 descen-

90 2662 181 2695 dunt
207 2662 337 2704 angeli,
379 2662 549 2706 significat
579 2661 760 2696 Christum
793 2662 907 2706 ipsum
943 2669 1075 2705 gestare

656 88 955 126 ENARRATto
987 90 1034 124 IN
1058 88 1239 125 EVANG.
1268 87 1480 127 IOANNlS.
1532 91 1636 127 CAP.
1667 93 1693 128 Ι.

2074 104 2121 139 54

1134 173 1352 214 Ecclesiam,
1402 182 1437 209 et
1467 178 1658 220 perducere
1688 181 1732 212 ad
1768 188 1948 217 aeternum
1977 195 2121 230 patrem.

1135 223 1293 257 Primum
1311 226 1383 270 ipse
1400 234 1505 269 gestat
1526 240 1654 272 poenas
1675 239 1893 274 peccatorum
1911 244 2121 281 nostrorum,

1135 281 1167 307 et
1194 275 1307 318 placat
1337 284 1481 319 patrem.
1543 279 1680 313 Deinde
1705 295 1781 315 cum
1810 285 1977 328 placavit,
2017 291 2119 323 etiam

1135 336 1199 357 nos
1222 327 1377 361 adducit.
1437 328 1535 362 Sicut
1560 329 1664 366 Rom.
1690 331 1723 367 5.
1747 335 1892 369 dicitur:
1928 336 1995 372 Per
2026 338 2119 375 hunc

1134 373 1303 408 habemus
1324 389 1496 411 accessum
1517 380 1552 411 in
1573 383 1717 422 gratiam
1737 382 1837 419 hanc.
1892 387 1962 420 Sed
1989 397 2021 423 et
2046 392 2119 435 ipse

1135 426 1268 470 inquit:
1296 425 1371 469 Ego
1390 439 1465 460 sum
1489 430 1565 467 via,
1596 434 1721 465 veritas
1750 443 1781 467 et
1805 437 1894 478 vita,
1924 451 2027 474 nenio
2058 456 2118 475 ve·-

1134 477 1185 509 nit
1202 478 1243 509 ad
1270 484 1403 521 patrem
1422 479 1488 511 nisi
1509 492 1569 522 per
1591 494 1657 515 me.
1712 484 1770 517 Sic
1795 486 1900 528 igitur
1923 493 2118 526 accedimus

1133 528 1173 559 ad
1193 527 1303 560 Deum
1322 535 1452 561 stantes
1471 530 1506 562 in
1525 527 1588 564 hac
1606 534 1708 571 scala,
1738 535 1898 571 videlicet
1917 540 1951 571 in
1967 540 2107 577 Christo

1133 579 1263 611 scilicet
1295 579 1380 620 fide,
1432 577 1498 613 hoc
1533 589 1603 622 est,
1654 596 1733 616 vere
1765 592 1976 633 statuentes,
2024 572 2119 638 quod

1132 636 1275 673 propter
1290 627 1385 663 hunc
1402 638 1562 664 aeternus
1580 640 1678 677 pater
1701 636 1805 669 nobis
1830 639 1912 671 velit
1938 652 2010 675 esse
2037 657 2118 687 pro-

1134 680 1263 723 picius,
1312 692 1374 713 nos
1412 683 1596 724 exaudire,
1640 687 1742 719 nobis
1768 688 1852 720 dare
1876 690 1982 724 vitam
2008 702 2118 727 aeter-

1132 743 1229 763 nam:
1258 729 1322 764 hac
1348 732 1415 764 fide
1434 733 1623 776 accipimus
1639 737 1880 771 remissionem
1901 751 2119 784 peccatorum

1133 790 1274 826 propter
1290 779 1385 814 bunc
1411 784 1639 818 mediatorem
1669 794 1701 819 et
1722 789 1941 831 pontificem,
1971 791 2034 827 hac
2053 798 2119 830 fide

1131 833 1218 865 sacta
1249 833 1425 866 invocatio
1451 836 1652 878 exauditur,
1693 836 1756 871 lizic
1780 840 1848 873 fide
1872 846 2120 890 consequimur

1132 891 1237 916 Vitam
1258 890 1448 920 aeternam.

1234 935 1337 976 Quod
1359 948 1438 968 vero
1457 937 1616 970 nominat
1631 938 1795 982 AngeIOS,
1822 941 1993 986 significat
2009 952 2118 979 totam

1130 982 1339 1024 Ecclesiam,
1374 998 1412 1018 ac
1435 987 1621 1031 praecipue
1642 990 1818 1035 doctoreS,
1846 1001 1877 1027 et
1903 992 1938 1026 bi
1965 997 2118 1038 primum

1131 1093 1189 1119 tur
1223 1087 1435 1120 mirandum.
1506 1088 1575 1122 Sed
1614 1102 1653 1122 eo
1685 1091 1930 1135 intelligantur
1966 1098 2118 1138 primum

1129 1139 1333 1177 ascendere,
1372 1138 1453 1182 quia
1479 1138 1610 1181 singuli
1635 1141 1732 1182 prius
1758 1143 1928 1178 debemus
1954 1159 2120 1190 quaerere

1101 1220 1102 1224 Ἰ
1131 1187 1456 1220 reconciliationem
1475 1201 1554 1221 cum
1573 1188 1660 1231 Deo,
1691 1198 1723 1224 et
1737 1193 1780 1225 ab
1797 1205 1837 1226 eo
1855 1196 2010 1240 accipere
2026 1201 2119 1233 dona

1130 1245 1272 1280 propter
1295 1237 1420 1272 filium.
1481 1238 1606 1272 Postea
1630 1253 1711 1274 vero
1739 1244 1966 1288 descendere,
1994 1257 2026 1283 et
2052 1251 2119 1283 im-

1129 1288 1249 1331 pertiri
1279 1285 1363 1321 haec
1390 1290 1483 1322 dona
1513 1290 1609 1329 aliis,
1646 1293 1862 1334 doctrinam,
1892 1299 2119 1340 gubernatio-

1128 1350 1228 1379 nem,
1267 1346 1299 1371 et
1333 1339 1529 1373 ministeria
1562 1342 1657 1376 iuxta
1689 1346 1919 1381 vocationem.

1988 1349 2119 1397 Estque

501 1414 595 1449 EWO
620 1413 819 1449 Natlmnaffl
851 1417 1019 1450 dubitlffls
1044 1426 1075 1451 et
1100 1412 1102 1433 3
1129 1387 1213 1422 haec
1228 1390 1430 1423 dulcissima
1457 1393 1569 1434 imago
1588 1391 1781 1436 Ecclesiae,
1810 1410 1914 1442 quam
1934 1399 2029 1434 Deus
2046 1404 2119 1446 ipse

554 1442 571 1459 τ’
719 1444 724 1448 ·
957 1440 965 1449 ’
1100 1448 1102 1473 1
1128 1441 1328 1484 proposuit,
1357 1448 1493 1474 ostensa
1511 1443 1600 1476 scala
1619 1444 1734 1487 Iacob,
1763 1454 1794 1481 et
1811 1450 1854 1481 de
1873 1462 1938 1494 qua
1955 1450 2118 1487 Christus

1130 1491 1185 1523 liic
1210 1503 1275 1524 nos
1306 1493 1473 1526 admonet
1505 1506 1643 1539 semper
1668 1497 1703 1528 in
1730 1508 1920 1543 conspectu
1946 1500 2118 1539 habenda.

1129 1542 1217 1574 Nam
1239 1544 1281 1575 de
1299 1544 1419 1576 multis
1439 1546 1574 1587 magnis
1589 1548 1693 1580 rebus
1712 1549 1788 1592 pios
1805 1552 1989 1594 admonet,
2019 1556 2119 1588 vide-

1127 1650 1308 1677 aeternum
1336 1653 1486 1688 patrem,
1527 1658 1600 1680 non
1626 1660 1687 1691 per
1718 1651 1903 1694 opiniones
1935 1652 2108 1690 humanas

1129 1707 1200 1727 11011
1220 1707 1280 1738 per
1298 1696 1419 1728 merita
1437 1703 1569 1733 DOSU'R,
2112 1686 2121 1699 '

1624 1698 1711 1733 Item
1741 1704 1833 1746 quod
1861 1702 1944 1737 haec
1970 1719 2118 1750 persona

1099 1758 1101 1766 1
1130 1746 1172 1778 sit
1189 1745 1303 1784 Deus,
1332 1756 1363 1779 et
1381 1745 1499 1782 horno.
1544 1748 1629 1781 Item
1646 1754 1738 1795 quod
1760 1756 1946 1788 ascendere
1965 1770 2029 1790 nos
2046 1760 2118 1802 pri-

1130 1809 1246 1837 mum,
1276 1804 1307 1830 et
1333 1811 1349 1829 a
1375 1796 1450 1831 Deo
1477 1800 1817 1843 reconciliationem,
1854 1813 1885 1839 et
1908 1808 2001 1840 dona
2028 1811 2119 1843 acci-

1130 1859 1210 1891 pere
1227 1856 1404 1891 oporteat,
1445 1856 1478 1882 et
1503 1850 1630 1883 deinde
1652 1864 1689 1885 ea
1717 1855 1867 1897 proferri
1894 1864 1927 1890 et
1954 1862 2118 1899 exerceri,

1130 1905 1168 1930 ut
1194 1897 1289 1931 Deus
1322 1900 1534 1941 celebretur,
1576 1909 1608 1935 et
1632 1904 1798 1937 beneficia
1824 1906 1884 1938 filii
1911 1907 1976 1941 Dei
2012 1911 2117 1944 inno·

1129 1955 1273 1982 tescant.
1334 1949 1431 1982 Sicut
1456 1950 1580 1985 Petrus
1610 1953 1744 1999 inquit,
1782 1969 1845 1989 nos
1871 1967 2010 1993 vocatos
2035 1974 2118 2003 esse,

1129 2007 1166 2031 ut
1186 2011 1388 2032 enarren‘ius
1408 2002 1553 2035 virtutes
1580 2004 1675 2047 eius,
1704 2007 1763 2050 qui
1790 2019 1851 2040 nos
1876 2009 1911 2041 in
1938 2012 2119 2046 admiran-

1100 2066 1103 2075 ι
1129 2052 1212 2082 dum
1231 2052 1351 2083 lumen
1371 2053 1518 2085 vocavit.

87 2101 135 2127 est
161 2094 233 2136 ipse
256 2090 437 2132 Christus,
471 2093 653 2125 cacumine
681 2099 827 2136 tangens
853 2094 1010 2133 coelum,
1037 2100 1073 2126 ut
1100 2119 1101 2126 1

1231 2099 1386 2145 Exposui
1404 2104 1558 2136 breviter
1573 2106 1759 2154 praecipua
1780 2109 1998 2155 dictaqprimi
2023 2115 2118 2157 capi-

1129 2152 1191 2191 tis,
1229 2154 1271 2184 de
1295 2165 1365 2197 quo
1390 2165 1490 2198 saepe
1515 2157 1706 2191 extiterunt
1729 2159 1883 2200 ingentia
1914 2165 2117 2206 certamina,

1128 2206 1186 2235 sed
1214 2214 1341 2248 sequor
1361 2211 1393 2238 et
1409 2206 1542 2239 retineo
1564 2208 1695 2250 optima
1713 2210 1779 2242 fide
1798 2219 1968 2254 veterem,
1998 2228 2115 2249 verain

1129 2261 1160 2287 et
1180 2262 1383 2298 perpetuam
1411 2254 1602 2290 catholicae
1618 2257 1793 2293 Ecclesiae
1817 2260 1948 2296 Christi
1974 2273 2115 2299 senten-

1129 2306 1225 2340 tiain.
1281 2305 1375 2339 Utile
1400 2315 1449 2340 est
1466 2315 1580 2341 autem
1600 2311 1734 2342 moneri
1757 2311 1853 2355 pios,
1884 2326 1971 2358 quae
1989 2317 2032 2349 de
2050 2315 2116 2351 boc

1129 2357 1205 2389 loco
1225 2357 1403 2390 extiterint
1421 2361 1696 2400 controversiae,
1725 2369 1756 2394 et
1779 2367 1958 2408 quomodo
1975 2367 2043 2400 sint
2062 2381 2116 2401 re-

1128 2409 1313 2446 futandae,
1349 2420 1393 2441 ne
1420 2409 1532 2451 ignari
1558 2422 1676 2443 earum
1705 2415 1972 2449 contentionum
1998 2430 2116 2452 assen-

1128 2459 1408 2492 tiamur-levibus
1428 2460 1595 2502 ingeniis,
1622 2474 1772 2507 quorum
1800 2467 1994 2509 petulantia
2020 2477 2114 2503 vete-

1129 2522 1183 2543 res
1203 2522 1336 2542 errores
1360 2519 1584 2546 renovantur.

1233 2559 1284 2593 Ac
1308 2562 1490 2605 praecipua
1510 2562 1690 2596 dimicatio
1715 2572 1761 2598 est
1782 2579 1859 2599 curn
1877 2567 2116 2610 samosateno,

1130 2611 1229 2644 cuius
1262 2612 1437 2644 cavillatio
1463 2613 1506 2651 ¹in
1537 2614 1685 2657 speciem
1726 2618 1881 2660 profanis
1912 2617 2117 2653 bominibus

1130 2662 1280 2695 maxime
1303 2663 1442 2696 videtur
1468 2665 1652 2701 concinna.
1712 2668 1879 2702 Alienum
1905 2670 1998 2703 enim
2020 2672 2117 2704 vide-

1436 2711 1494 2747 4*
