2415 2942
281 120 355 155 823

284 212 380 249 pater
406 212 521 240 meus,
548 205 586 232 ut
607 198 758 231 fructum
778 195 956 239 copiosum
982 197 1117 234 seratis,
1141 202 1175 230 et
1190 196 1263 228 sitis
1287 196 1291 223 ῑ

286 255 351 286 inei
386 250 561 294 discipuli.
627 248 712 282 ltem
747 245 872 280 Esaiae
896 245 972 281 51.:
1017 246 1123 280 Posui
1157 247 1263 279 verba

285 316 357 336 inea
383 303 419 334 in
443 313 503 334 ore
528 308 608 340 tuo,
643 306 675 332 et
699 309 804 330 manu
831 308 906 330 mea
932 304 1110 341 protegam
1135 304 1187 337 te,
1227 303 1264 330 ut

287 355 421 397 plantes
440 351 565 384 coelos,
622 348 696 382 lIae
715 347 971 381 consolationes
990 361 1090 392 saepe
1109 347 1265 391 cogitan-

285 406 349 437 dae
365 410 464 442 sunt,
492 414 534 434 ne
553 400 669 434 studia
687 398 870 432 doctrinae
895 399 1112 434 abiiciamus.
1291 386 1295 438 l,

286 466 438 502 Graccis
455 472 484 502 et
503 465 695 505 barbaris,
717 462 944 511 sapientibus
961 469 990 497 et
1010 463 1267 511 insipientibus
1292 450 1296 537 l

651 514 790 549 debitor
811 527 904 549 sum.
1293 540 1296 546 .

387 577 483 611 Ilaec
518 588 583 610 vox
612 575 730 618 impiis
758 581 790 607 et
824 573 1070 617 ignorantibus
1103 573 1188 618 quid
1225 574 1269 607 sit

286 627 544 671 Evangelium‚
587 625 870 669 arrogantissima
901 636 973 657 esse
1005 626 1167 662 videtur,
1207 625 1266 669 qni
1294 632 1296 651 ἢ

287 680 486 722 cogitabant
505 688 665 719 magnam
685 675 941 718 impudentiam
966 686 1057 714 esse,
1093 672 1186 707 hunc
1213 687 1268 707 er-

288 742 410 763 ronem
431 729 634 773 promittere
653 726 877 770 sapientiam,
909 736 997 769 quae
1020 725 1126 758 suerit
1150 725 1267 767 ignota

288 779 553 824 sapientissimis
579 776 801 815 bominibus,
833 775 992 820 quiante
1021 776 1129 808 multa
1153 776 1268 809 secula

291 831 520 874 Respublicas
547 828 814 861 constituerunt.
868 824 938 859 Sed
964 837 1027 859 nos
1053 827 1089 858 in
1117 825 1267 860 Ecclesia

291 882 436 917 scimus,
467 879 734 923 promissionem
759 878 801 909 de
829 877 1044 909 redemtione
1073 884 1104 910 et
1128 878 1270 911 restitu-

290 933 385 964 tione
409 930 545 973 generis
571 927 737 970 hnmani,
779 927 1047 959 discernendam
1073 939 1144 960 esse
1170 940 1188 961 a
1213 940 1269 961 sa-
1294 945 1297 962 ι

291 982 421 1024 pientia
459 980 598 1024 politica
625 987 657 1012 et
683 975 939 1022 philosophica.
1005 978 1057 1010 Ac
1084 979 1150 1011 nisi
1176 978 1269 1013 Deus

291 1034 363 1076 ipse
389 1031 656 1076 promissionem
682 1029 916 1072 patefecisset,
953 1028 1050 1061 nulla
1075 1041 1149 1061 eam
1175 1041 1270 1062 crea-
1294 1034 1297 1044 '

291 1092 368 1116 tura
386 1083 471 1115 scire
489 1088 612 1124 posset.
666 1079 824 1113 Primum
841 1085 958 1112 antem
977 1079 1084 1122 ipsius
1102 1078 1168 1113 Dei
1189 1091 1270 1112 voce
1295 1095 1298 1110 ι

292 1133 416 1167 tradita
442 1140 491 1165 est
514 1131 718 1176 promissio,
761 1131 802 1163 de
827 1129 917 1172 filio,
960 1137 993 1163 et
1017 1142 1117 1174 saepe
1143 1137 1272 1174 postea,

293 1196 371 1218 curn
391 1184 443 1216 vel
461 1183 639 1216 oblivione
659 1181 771 1213 deleta
790 1187 897 1220 esset,
925 1181 979 1213 vel
1005 1182 1184 1214 erroribus
1206 1182 1271 1214 ob-

292 1241 446 1274 scurata,
473 1244 592 1266 rursus
610 1233 777 1264 immensa
794 1231 950 1264 bonitate
966 1230 1031 1264 Dei
1055 1232 1156 1264 novis
1174 1243 1272 1265 reve-

294 1286 485 1318 lationibus
519 1284 690 1316 illustrata
721 1289 770 1315 est
797 1293 857 1325 per
886 1281 1022 1322 Patres,
1062 1280 1272 1324 Prophetas,

295 1337 407 1368 filium
423 1335 507 1374 Dei,
534 1333 739 1377 Apostol05‚
764 1341 795 1364 et
814 1332 888 1374 pios
907 1334 1078 1366 doctores.
1132 1331 1176 1365 Et
1194 1333 1271 1377 qui-
1298 1365 1299 1368 ,

296 1391 374 1420 dem
394 1386 468 1419 vult
492 1384 585 1417 Deus
608 1383 765 1416 exaudiri
782 1394 854 1414 eam
874 1396 890 1414 a
909 1390 981 1416 toto
999 1394 1123 1424 genere
1148 1380 1272 1415 huma--

297 1450 364 1477 uo,
411 1443 443 1469 et
476 1434 614 1477 agnosci
650 1434 760 1465 filiuni
787 1446 803 1466 a
836 1439 908 1466 toto
942 1445 1067 1476 genere
1101 1431 1274 1473 humano,

296 1490 390 1520 iuxta
413 1487 518 1519 illud:
549 1485 651 1517 Hunc
672 1484 801 1518 audite.
853 1484 936 1517 Ideo
963 1483 1092 1516 Paulus
1116 1482 1173 1515 bic
1198 1496 1273 1515 om·
1299 1486 1300 1499 ¹

298 1549 358 1571 nes
382 1535 541 1569 homiues
566 1535 829 1577 complectitur,
856 1534 902 1566 ait
930 1546 964 1565 se
983 1531 1163 1566 Omnibus
1188 1547 1273 1566 cou-
1298 1501 1302 1578 l

299 1587 453 1627 cionari,
491 1585 706 1629 sapientibus
731 1592 763 1616 et
789 1584 1054 1627 insipientibus,
1091 1584 1171 1628 quia
1204 1596 1276 1616 non

299 1639 412 1672 adfert
450 1638 628 1681 politicam
661 1642 720 1668 aut
748 1632 1027 1678 philosophicam
1060 1635 1277 1678 sapientiam,

302 1690 361 1723 sed
385 1688 652 1733 promissionem
683 1686 853 1729 prolatam
877 1698 916 1717 ex
942 1697 1068 1717 arcano
1093 1685 1173 1717 sinu
1199 1684 1278 1728 Dei,
1301 1702 1304 1751 1

303 1752 407 1786 quam
427 1739 500 1771 vult
518 1737 611 1770 Deus
628 1737 784 1769 exaudiri
801 1748 820 1768 a
839 1742 912 1769 toto
930 1747 1054 1778 genere
1071 1733 1238 1770 humano.

406 1789 554 1833 L‘trique
586 1794 701 1821 autem
733 1784 790 1819 hic
813 1787 856 1818 de.
881 1786 994 1819 officio
1021 1798 1083 1819 sno
1113 1787 1279 1828 cogitent,

305 1843 464 1875 doctores
497 1847 529 1873 et
561 1838 752 1881 discipuli,
798 1837 937 1881 utrique
976 1844 1056 1869 sunt
1093 1837 1308 1870 debitores..

306 1891 494 1930 Doctores,
521 1897 557 1923 ut
575 1891 740 1927 doceant,
760 1887 950 1921 Auditores
969 1899 1067 1926 vero,
1085 1895 1121 1920 ut
1139 1888 1284 1920 audiant

308 1949 340 1974 et
367 1943 511 1975 discant.
564 1939 643 1972 Huc
667 1939 844 1982 pertinent
874 1938 1024 1982 plurima
1051 1939 1162 1976 dicta,
1195 1951 1283 1983 quae

308 1992 528 2037 praecipiunt
552 1990 773 2026 doctoribus,
815 1996 852 2022 ut
879 1989 1026 2023 fideliter
1050 1990 1212 2029 doceant,
1251 1995 1284 2021 et

308 2050 473 2077 tueantur
506 2042 691 2086 puritatem
725 2040 904 2072 doctrinae
936 2040 1196 2083 incorruptam,
1247 2046 1310 2082 ut,

309 2094 494 2127 consulant
540 2091 650 2124 firmis
692 2097 725 2124 et
763 2090 911 2123 infirmis
953 2097 1014 2123 etc.
1084 2089 1189 2129 Item,
1218 2090 1284 2122 alia
1308 2086 1311 2110 Ι

311 2146 491 2184 mandata,
529 2154 617 2187 quae
644 2141 788 2175 caeteris
815 2141 1052 2184 praecipiunt,
1077 2146 1116 2173 ut
1142 2141 1285 2173 audiant
1309 2166 1313 2198 2

311 2202 343 2227 et
370 2196 503 2227 discant
532 2193 781 2235 Evangelium,
816 2192 911 2225 iuxta
944 2191 1048 2223 illud:
1090 2190 1196 2223 Hunc
1223 2203 1284 2223 au-

313 2245 394 2278 dite.
468 2244 576 2277 Item:
625 2242 782 2276 Primum
826 2242 982 2286 quaerite
1022 2252 1168 2284 regnum
1209 2240 1285 2277 Dei.

313 2294 417 2328 Item:
446 2295 517 2337 Qui
548 2306 619 2327 non
647 2293 815 2333 audierit,
850 2305 912 2336 ego
939 2293 1032 2325 ultor
1059 2304 1128 2327 ero.
1179 2291 1283 2325 Item:

311 2344 356 2378 Et
380 2357 473 2378 nunc
508 2345 619 2388 Reges
653 2343 855 2387 intelligite,
896 2341 1118 2376 Osculamini
1154 2335 1312 2382 filiorm!

315 2407 358 2428 ne
389 2397 529 2440 quando
565 2396 744 2428 irascatur.
815 2393 919 2428 item:
961 2392 1033 2435 Qui
1065 2405 1136 2425 non
1171 2394 1286 2437 diligit

312 2446 506 2479 Dominum
525 2445 637 2478 Iesum
657 2443 854 2489 Christum,
888 2445 933 2478 sit
956 2441 1175 2488 Anathema,
1204 2444 1282 2478 Ma-

313 2508 375 2530 ran
399 2494 497 2536 atha,
528 2496 563 2528 id
588 2504 654 2536 est,
680 2495 854 2529 Dominus
876 2496 983 2530 venit.

479 2559 566 2597 Non
591 2562 683 2595 enim
704 2560 813 2609 pudet
835 2575 888 2596 me
905 2560 1117 2607 Evangelii.

407 2621 522 2656 Locus
548 2628 597 2655 est
621 2621 841 2660 attentionis,
875 2629 907 2654 et
932 2623 1117 2665 respondet
1143 2621 1283 2655 iudiciis

309 2671 473 2707 bostium.
527 2670 574 2705 Et
591 2678 642 2705 est
661 2669 862 2718 αἰτιολογία
879 2679 990 2706 sumta
1009 2684 1048 2705 ex
1067 2684 1145 2707 vera
1164 2673 1281 2717 digni-

879 109 1005 147 PHIL.
1033 109 1148 147 MEL.
1175 104 1385 145 SCRIPTA
1416 101 1712 142 EXEGETICA.

2219 108 2298 143 824

1317 197 1386 225 tate
1406 197 1440 224 et
1458 191 1607 224 efficacia
1623 188 1821 235 Evangelii.
1875 191 1923 228 Ut
1939 200 2053 228 autem
2074 191 2159 228 baec
2177 193 2295 226 brevis

1317 242 1541 275 asseveratio:
1568 241 1650 275 Non
1678 244 1786 287 pudet
1810 255 1864 276 me
1886 241 2092 288 Evangelii,
2122 245 2297 286 intelliga-

1321 299 1396 333 tur,
1423 293 1677 326 consideranda
1695 301 1776 328 sunt
1793 293 1943 334 iudicia,
1965 306 2114 339 quorum
2133 295 2302 328 acerbitas

1319 350 1402 376 tunc
1421 344 1529 386 magis
1547 344 1781 388 conspicitur,
1808 345 1952 389 quando
1970 345 2073 378 motis
2095 353 2299 378 controver-

1320 393 1380 426 siis
1414 394 1612 428 voluntates
1647 393 1830 429 bominum
1864 395 2046 439 patefiunt.
2115 394 2299 438 Sapientes

1322 444 1460 486 profani
1484 457 1662 478 summum
1688 447 1821 478 bonum
1850 457 1922 478 esse
1945 447 2097 486 ducunt,
2127 447 2300 489 tranquil-

1322 496 1452 528 litatem
1472 495 1658 539 politicam.
1710 495 1810 529 Hanc
1825 508 1904 529 cum
1921 496 2048 529 nolunt
2069 495 2205 529 turbari
2228 495 2302 528 ulla

1321 545 1494 585 novitate,
1528 547 1749 579 acerbissime
1772 548 1924 581 oderunt
1947 558 2074 580 novam
2101 545 2300 580 doctrinam

1321 597 1364 627 de
1380 594 1465 635 Deo,
1483 603 1650 641 tanquam
1668 598 1775 632 facem
1795 597 2008 630 seditionum
2025 604 2057 631 et
2074 594 2302 630 horribilium

1323 646 1598 688 discordiarum,
1625 655 1657 681 et
1673 648 1748 681 tolli
1774 655 1898 681 curant
1922 649 2082 681 doctores
2107 654 2140 680 et
2162 648 2303 680 audito-

1322 707 1393 734 res,
1415 703 1582 741 tauquam
1598 698 1780 731 seditiosos
1797 705 1830 732 et
1848 696 1962 732 hostes
1979 699 2122 741 patriae.
2167 698 2304 732 Deinde

1322 747 1381 779 alii
1405 759 1477 780 non
1497 749 1651 791 profani,
1678 751 1737 782 sed
1764 749 1923 782 fascinati
1949 749 2218 793 superstitione,
2245 760 2301 781 ar-

1322 799 1406 830 dent
1441 799 1553 832 mutto
1587 800 1900 833 truculentioribus
1924 800 2034 839 odiis,
2079 800 2160 844 quia
2185 799 2304 843 plures

1322 859 1441 881 causas
1467 847 1594 889 habere
1619 861 1654 882 se
1683 850 1899 890 existimant,
1934 858 1973 884 ut
1996 851 2181 890 dimicent,
2216 850 2306 883 sicut

1323 899 1388 941 ipsi
1412 899 1608 942 loquuntur
1635 901 1677 933 de
1699 901 1808 943 gloria
1833 901 1920 942 Dei,
1956 902 1999 934 de
2025 903 2160 935 unitate
2181 898 2305 934 Eccle-

1323 951 1412 989 siae,
1445 957 1478 983 et
1501 952 1543 982 de
1571 962 1653 993 pace
1679 951 1831 993 politica.
1905 952 2081 985 Accusant
2105 952 2199 984 enim
2229 951 2305 994 pios

1322 1001 1481 1033 doctores
1514 1001 1550 1032 in
1583 999 1854 1044 reprehensione
1885 1002 2093 1035 vitiosorum
2131 1001 2305 1041 cultuum,

1323 1052 1419 1095 quod
1444 1050 1658 1094 impediant,
1685 1063 1754 1096 quo
1777 1053 1893 1085 minus
1915 1052 1990 1086 Deo
2016 1052 2126 1086 debiti
2151 1050 2306 1085 honores

1323 1102 1540 1134 tribuantur.
1598 1101 1736 1134 Deinde
1755 1109 1991 1146 quaeruntur,
2018 1100 2165 1136 distrahi
2182 1100 2307 1135 Eccle—

1323 1152 1427 1192 siam,
1453 1160 1486 1185 et
1503 1153 1638 1185 turbari
1666 1165 1794 1196 pacem.
1848 1154 1900 1186 Ac
1924 1154 1966 1186 de
1990 1153 2064 1195 lege
2080 1152 2188 1186 Moisi
2214 1152 2307 1186 diffi-

1324 1203 1425 1235 cilior
1449 1203 1638 1246 disputatio
1663 1211 1746 1236 tunc
1767 1210 1858 1245 erat,
1893 1204 1973 1249 quia
1995 1215 2171 1237 summum
2197 1204 2308 1236 scelus

1325 1254 1511 1286 videbatur
1530 1254 1670 1287 abolere
1689 1255 1802 1287 cultus
1827 1266 1844 1287 a
1863 1255 1941 1288 Deo
1965 1254 2155 1288 institutos.
2208 1253 2309 1288 Sicut

1326 1311 1358 1337 et
1386 1316 1480 1336 nunc
1506 1305 1607 1337 multi
1633 1317 1810 1337 summum
1837 1305 1948 1338 scelus
1971 1317 2043 1338 esse
2059 1305 2307 1341 vociferantur,

1327 1366 1398 1386 non
1417 1355 1527 1386 facere
1544 1355 1759 1387 oblationem
1779 1356 1813 1386 in
1831 1356 1945 1388 missa.
2001 1355 2083 1388 ldeo
2105 1361 2309 1388 execrantur

1326 1405 1571 1438 dissentientes
1588 1412 1753 1449 tauquam
1782 1403 1991 1445 haereticos,
2017 1402 2257 1438 schismaticos
2274 1411 2307 1437 et

1327 1455 1529 1495 seditiosos,
1570 1464 1604 1489 et
1632 1456 1850 1495 existimant,
1891 1454 1966 1488 Deo
1990 1462 2126 1499 gratum
2153 1455 2307 1488 officium

1327 1518 1418 1545 esse,
1444 1507 1638 1538 interficere
1656 1518 1739 1544 nos,
1767 1514 1932 1550 tanquam
1953 1513 2064 1549 pestes
2085 1506 2222 1548 generis
2240 1503 2308 1538 hu-

1328 1557 1441 1595 mani,
1460 1568 1519 1589 seu
1536 1565 1701 1601 tanquam
1717 1553 1948 1601 καθάρματα
1964 1554 2027 1590 καὶ
2043 1553 2258 1602 ἀλάστορας.

1433 1623 1630 1655 Adversuss
1655 1620 1739 1654 haec
1770 1621 1992 1655 acerbissima
2023 1622 2151 1655 iudicia
2185 1633 2310 1665 magno

1331 1675 1456 1706 robore
1481 1674 1560 1706 fidei
1586 1673 1702 1718 inquit
1724 1671 1871 1706 Paulus:
1899 1671 1979 1705 Non
1996 1674 2103 1716 pudet
2121 1685 2174 1706 me
2191 1672 2312 1706 Evan-

1331 1724 1422 1767 gelii.
1465 1723 1523 1757 Sic
1540 1723 1664 1756 Esaiae
1683 1724 1742 1758 51.
1772 1724 1917 1756 dicitur:
1951 1721 2031 1756 Non
2048 1724 2165 1757 timete
2183 1725 2311 1768 probra

1332 1774 1526 1809 bominum.
1581 1773 1763 1817 Quantum
1787 1781 1903 1806 autem
1929 1774 1972 1807 sit
2000 1786 2107 1814 onus,
2140 1775 2312 1808 sustinere

1333 1833 1403 1859 tam
1423 1826 1596 1859 virulenta
1614 1825 1758 1864 iudicia,
1786 1830 1818 1857 et
1833 1831 1970 1857 tantum
1988 1825 2151 1857 odiorum
2177 1826 2311 1858 acerbi-

1334 1883 1458 1915 tatem,
1501 1876 1713 1920 experientia
1742 1875 1913 1912 ostendit,
1948 1881 2067 1918 estque
2092 1875 2232 1908 difficile
2263 1876 2310 1908 ita

1335 1928 1540 1960 confirmare
1557 1927 1709 1964 animos,
1735 1938 1778 1958 ne
1796 1925 1894 1958 fracti
1918 1925 2046 1957 talibus
2068 1925 2226 1963 iudiciis,
2253 1938 2310 1959 ca—

1308 1982 1309 1992 *
1336 1978 1499 2018 lumniis‚
1536 1978 1644 2019 odiis,
1678 1976 1891 2016 terroribus,
1917 1975 2117 2019 suppliciis,
2145 1976 2312 2010 abiiciant

1335 2027 1519 2072 Evangelii
1538 2028 1800 2072 professionem.

1387 2138 1556 2173 Potentia
1592 2137 1686 2171 enim
1711 2134 1787 2170 Dei
1817 2140 1866 2169 est
1897 2133 1952 2169 ad
1976 2133 2134 2169 salutem
2165 2136 2267 2170 οηιηί

1744 2184 1910 2221 credenti.

1434 2264 1487 2299 Ex
1519 2264 1675 2298 sontibus
1708 2263 1912 2307 principalis
1943 2261 2125 2295 doctrinae
2160 2261 2310 2295 sumitur

1337 2317 1449 2360 ratio,
1484 2318 1526 2349 de
1549 2315 1719 2358 dignitate
1751 2320 1783 2347 et
1806 2313 1956 2346 efficacia
1977 2311 2177 2354 Evangelii,
2211 2313 2310 2356 quasi

1308 2376 1311 2411 t
1337 2368 1444 2401 dicat:
1471 2367 1552 2400 Non
1569 2373 1618 2399 est
1634 2365 1748 2398 inanis
1763 2364 1880 2397 fabula
1893 2362 2145 2405 Evangelium,
2174 2368 2212 2395 ut
2228 2375 2311 2406 pro-

1337 2419 1408 2451 fani
1425 2416 1583 2451 homines
1601 2417 1768 2449 iudicant.
1824 2413 1899 2447 lmo
1921 2414 2024 2446 etiam
2047 2414 2222 2455 potentins
2247 2420 2310 2455 est,

1337 2482 1440 2514 quam
1459 2470 1510 2501 lex
1523 2496 1531 2509 ,
1559 2468 1638 2513 quia
1656 2473 1706 2499 est
1724 2467 1784 2499 illa
1800 2476 1887 2504 vox,
1915 2475 1976 2507 per
1998 2475 2101 2507 quam
2119 2462 2213 2496 Deus
2230 2476 2310 2497 vere

1337 2528 1386 2554 est
1410 2520 1526 2552 efficax
1549 2520 1585 2551 in
1609 2528 1732 2561 genere
1755 2513 1929 2554 humano,
1957 2514 2090 2556 colligit
2109 2514 2176 2547 sihi
2199 2522 2309 2548 aeter-

1337 2583 1416 2604 nam
1435 2566 1647 2609 Ecclesiam,
1676 2579 1754 2600 vere
1779 2565 1870 2599 tollit
1893 2571 2070 2608 peccatum
2096 2571 2128 2597 et
2152 2572 2310 2606 mortem,

1336 2625 1394 2656 dat
1409 2621 1581 2664 Spiritum
1605 2625 1780 2658 sanctum,
1807 2616 1924 2649 reddit
1951 2616 2052 2648 nohis
2082 2615 2253 2648 iusticiam
2276 2623 2310 2650 et

1337 2673 1442 2708 vitam
1458 2679 1646 2706 aeternam.
1698 2667 1790 2702 Haec
1807 2678 1942 2701 sumnia
1962 2667 2054 2700 bona
2077 2677 2138 2699 nec
2155 2677 2217 2709 per
2236 2664 2304 2700 hu·
