2415 2942
103 111 175 147 893
367 108 469 144 xm.

104 197 215 231 mines
241 194 348 239 gratis
370 202 514 239 propter
539 196 769 229 mediatorem
805 193 936 228 babere
964 195 1087 228 remis-

103 247 258 288 sionem,
287 253 321 280 et
337 258 410 280 esse
434 253 592 291 acceptos
609 245 704 285 Deo,
731 259 803 280 non
823 252 965 290 propter
980 245 1088 278 ullius

102 298 217 342 operis
242 297 449 341 dignitatem
476 299 514 330 in
540 298 660 338 nobis,
688 298 759 330 sive
778 298 837 332 fiat
855 296 984 330 nostris
1001 296 1086 328 viri-

102 351 184 389 bus,
204 349 277 381 sive
294 347 370 382 Deo
387 357 549 382 movente
568 349 683 382 cordA.
721 348 811 382 Sunt
827 355 859 380 et
876 345 960 380 haec
980 358 1085 390 opera
1111 368 1114 395 ἐ

100 412 119 433 a
138 399 213 433 Deo
238 399 275 432 in
298 400 402 433 nobis
430 411 590 441 accensa,
622 399 763 432 dilectio
786 397 871 436 Dei,
907 398 1085 441 patientia,

103 451 254 485 castitas-

101 509 245 545 propter
262 498 348 535 baec
372 513 495 546 opera,
522 501 568 534 ita
596 513 659 533 nec
685 508 828 544 propter
851 500 972 539 fidem,
997 512 1084 544 qua-

101 559 205 585 tenus
233 559 282 586 est
307 553 479 596 qualitas,
513 563 572 584 seu
596 563 684 595 opus
707 553 742 584 in
768 551 886 591 nobis,
921 554 979 583 sed
1001 550 1084 595 quia

101 604 168 636 fide
185 604 407 646 agnoscimus
425 603 670 641 mediatorem,
693 610 725 635 et
748 602 912 635 beneficia
931 602 1004 634 eius
1022 604 1083 634 ad-

100 654 224 697 plicari
242 653 345 686 nobis
367 660 504 698 oportet
531 653 615 693 fide,
643 653 790 696 cogitata
815 665 898 686 voce
921 650 1083 695 Evange-

103 704 153 739 lii.
205 703 416 748 Respondeo
436 704 542 747 igitur
567 706 610 736 ad
631 705 817 745 maiorem,
844 704 933 737 sicut
959 704 1083 736 usitate

99 755 266 789 dicimus:
288 756 376 789 Fide
390 755 630 790 iustificamur.

197 806 296 839 Haec
323 806 516 850 propositio
534 805 740 839 correlative
768 805 997 848 intelligenda
1019 813 1081 848 est,
1108 822 1109 826 =

98 856 197 901 quasi
215 857 370 897 dicatur,
398 855 466 889 Per
484 857 762 889 misericordiam
791 865 931 901 propter
950 857 1081 889 media-

98 915 208 940 torem
235 907 482 947 iustificamur,
518 920 620 952 quem
650 916 766 941 tamen
791 908 859 940 fide
885 908 1023 949 agnosci
1050 914 1081 940 et

95 957 265 1000 adplicari
291 958 394 991 nobis
420 958 494 991 eius
528 959 692 991 beneficia
718 959 785 991 fide
812 966 959 1000 oportet.
1019 957 1082 990 Est

95 1019 175 1050 ergo
193 1010 365 1042 sententia
391 1010 428 1041 in
458 1010 606 1042 maiore:
638 1010 786 1053 Propter
807 1008 987 1043 Christum
1017 1007 1079 1042 ba-

94 1061 214 1093 bemus
238 1060 481 1093 remissionem
505 1068 537 1093 et
557 1072 677 1093 sumus
706 1061 806 1101 iusti,
834 1061 867 1093 id
887 1068 956 1101 est,
984 1072 1080 1093 acce-

94 1110 153 1153 pti.
206 1110 286 1143 Non
314 1111 422 1154 igitur
443 1112 601 1154 sequitur
627 1112 824 1149 conclusio,
867 1114 961 1156 quod
999 1124 1079 1153 pro-

93 1168 168 1204 pter
184 1172 287 1204 opera
307 1163 415 1195 simus
433 1163 529 1195 iusti.

91 1211 230 1245 Noticia
256 1214 347 1245 servi
369 1213 436 1246 mei
463 1214 569 1253 iusti,
596 1213 795 1246 iustificabit
825 1214 970 1246 multos:
1007 1225 1076 1245 non

92 1262 326 1305 intelligatur,
364 1265 544 1297 credentes
581 1272 722 1307 propter
761 1265 967 1307 dignitatem
999 1264 1077 1296 fidei

94 1313 245 1357 placere,
279 1316 337 1346 sed
370 1316 450 1348 ideo
483 1316 531 1348 sic
565 1316 722 1359 loquitur
758 1311 951 1358 Propheta,
997 1315 1077 1358 quia

91 1365 232 1406 agnosci
253 1366 485 1398 mediatorem
510 1372 541 1398 et
566 1366 630 1398 fide
656 1365 823 1408 adplicari
849 1366 921 1397 eius
947 1366 1078 1397 benef]-

90 1415 140 1446 cia
172 1421 320 1457 oportet.
380 1418 494 1449 Antea
520 1417 612 1448 enim
651 1417 801 1449 dixerat:
847 1416 973 1449 Livore
1004 1416 1077 1448 eius

89 1465 201 1498 sanati
225 1476 356 1500 sumus.

191 1515 286 1550 Haec
304 1518 457 1550 breviter
479 1517 569 1550 dicta
588 1525 686 1557 sunt,
716 1525 752 1550 ut
778 1517 986 1550 vocabulum
1018 1517 1078 1550 Fi-

91 1567 169 1606 des,
193 1578 252 1599 seu
269 1569 435 1606 credidit,
459 1570 501 1600 sit
523 1570 755 1611 perspicuum.
800 1567 901 1600 Nunc
920 1580 1076 1612 sequun-

91 1624 148 1649 tur
165 1625 295 1650 caetera
314 1613 499 1657 vocabula,
531 1618 701 1662 lmpntata
724 1626 769 1651 est
792 1619 820 1650 ei
843 1619 995 1651 iusticia:
1029 1619 1076 1651 sic

91 1667 183 1698 enim
202 1666 352 1701 Hebraei
373 1669 510 1709 tegunt,
541 1670 573 1701 id
594 1682 660 1704 est,
685 1669 843 1710 Cogitata
863 1681 922 1702 seu
941 1671 1075 1701 decreta

91 1715 257 1758 estliuic,
289 1720 349 1763 qui
381 1728 481 1752 antea
515 1733 592 1752 reus
634 1731 725 1759 erat,
764 1719 917 1759 iusticia,
955 1720 986 1751 ia
1014 1727 1076 1759 est,
1104 1737 1105 1740 =

93 1770 250 1801 remissio
267 1777 509 1813 peccatorum,
538 1778 567 1804 et
585 1770 774 1810 acceptatio
793 1771 912 1802 divina
943 1777 971 1801 et
994 1769 1076 1801 iiae-
1102 1790 1104 1806 2

91 1820 219 1852 reditas
238 1827 397 1854 aeternae
416 1823 504 1854 vitae
521 1830 551 1855 et
569 1822 744 1859 iusticiae‚
768 1833 846 1853 cum
866 1822 974 1854 credit
996 1833 1076 1863 pro—

92 1882 262 1905 missioni.

91 1934 185 1952 mum
212 1933 371 1966 expresse
396 1924 500 1960 dicit,
534 1922 724 1965 Quomodo
750 1920 885 1954 homini
908 1924 1075 1955 decerna-

89 1980 145 2004 tur
163 1971 296 2005 iusticia
312 1974 386 2007 sine
405 1975 619 2007 conditione.
677 1972 715 2005 ln
736 1974 808 2016 lege
827 1973 920 2005 enim
939 1981 1073 2006 tantum

88 2034 153 2054 con
169 2022 343 2057 litionales
364 2026 620 2069 propositiones
646 2032 743 2057 sunt:
782 2023 992 2057 Maledictus
1013 2025 1072 2068 qni

91 2085 160 2105 non
181 2080 298 2107 manet
320 2075 356 2107 in
382 2077 548 2108 omnibus
574 2083 635 2109 etc.
699 2075 809 2108 Addit
834 2075 941 2117 igitur
958 2075 1073 2107 decla-

91 2124 279 2165 rationem,
315 2128 407 2169 quod
435 2127 619 2170 imputatio
645 2127 687 2160 sit
713 2126 882 2168 gratuita,
912 2126 1073 2159 videlicet

89 2176 181 2218 quod
207 2173 301 2208 Deus
325 2173 420 2210 hunc
446 2179 644 2209 credentem
670 2178 794 2219 cogitet
819 2189 879 2210 seu
908 2179 1071 2210 decernat

87 2237 157 2258 esse
174 2227 305 2258 iustum
324 2238 384 2260 sua
411 2228 672 2269 misericordia,
703 2228 836 2261 etiamsi
865 2240 935 2261 non
965 2235 1011 2260 est
1035 2229 1071 2260 in

87 2290 127 2307 eo
153 2277 308 2320 impletio
335 2278 437 2321 legis,
464 2291 568 2324 qnam
597 2277 691 2311 Deus
713 2279 922 2321 adprobaret
948 2291 983 2311 ex
1009 2280 1071 2311 de-

90 2327 182 2364 bito,
210 2328 238 2359 si
263 2330 414 2370 adesset,
443 2330 560 2374 inquit
587 2330 708 2372 igitur:
745 2328 880 2362 Merces
903 2331 1007 2362 datur
1030 2342 1069 2362 ex

89 2378 226 2418 debito,
268 2379 302 2411 id
328 2388 396 2419 est,
441 2379 509 2414 Ubi
550 2388 600 2413 est
635 2380 747 2424 reipsa
785 2380 870 2423 legis
898 2381 1068 2423 impletio,

90 2427 199 2466 Deus,
223 2430 282 2473 qui
299 2438 346 2464 est
364 2432 459 2470 talis,
487 2432 657 2475 approbat
683 2444 756 2463 eam
784 2443 823 2463 ex
840 2442 900 2463 sua
921 2431 1067 2464 iusticia.

188 2478 254 2512 Hic
277 2481 412 2516 discant
437 2484 593 2515 iuniores
612 2482 780 2515 vocabula
802 2480 920 2514 Debiti
938 2489 969 2515 et
990 2481 1067 2514 Me-

88 2530 145 2562 riti
173 2530 374 2566 coi-remim
413 2546 495 2568 esse.
571 2533 657 2567 Cum
689 2530 853 2565 monachi
882 2533 1064 2566 dixerunt:

86 2582 265 2614 (Joiitritus
283 2579 385 2617 habet
413 2586 533 2618 merita
558 2586 599 2617 de
626 2585 822 2626 condigno,
853 2582 918 2616 boc
943 2584 1062 2616 volue-

84 2641 184 2671 runt,
213 2629 301 2665 hanc
319 2635 554 2668 obedientiam
571 2647 642 2668 esse
667 2635 858 2671 iusticiam,
889 2646 991 2679 qwim
1009 2647 1063 2666 re-

82 2683 184 2727 cipiat
209 2682 301 2716 Deus
324 2697 362 2717 ex
388 2687 503 2719 debito
528 2694 592 2722 etc.
651 2685 695 2720 Ut
721 2686 828 2730 igitur
850 2682 906 2718 hic
933 2684 1062 2719 Paulus

524 110 558 145 5.
593 106 890 144 ENARRATIO
919 106 1072 146 EPIST.
1100 105 1245 142 PAULl
1274 104 1339 141 AD
1367 103 1630 141 ROMANOS.

308 450 406 484 Sicut
422 458 536 484 autem
556 462 629 483 non
648 447 815 483 habemus
840 449 1084 482 remissionem
1110 471 1112 491 ἶ

1108 658 1111 680 ἒ
1137 663 1207 683 non
1226 662 1346 683 sumus
1364 650 1436 691 lege
1461 649 1553 681 iusti.

584 1162 641 1195 Sic
660 1175 738 1194 cuin
759 1163 793 1194 in
809 1161 911 1195 Esaia
931 1163 1077 1195 dicitur:
1106 1190 1108 1197 .

316 1870 367 1904 Ac
387 1872 466 1905 citat
488 1872 616 1905 Paulus
636 1871 700 1904 hoc
720 1872 876 1908 dictum,
905 1873 984 1915 quia
1005 1872 1075 1914 pri-
1102 1889 1104 1896 ν

1682 103 1788 140 CAP.
1816 104 1878 138 IV.
2061 105 2134 140 894

1141 194 1253 227 reiicit
1277 193 1433 226 debitum
1446 219 1454 232 ,
1474 192 1520 224 ita
1538 191 1687 225 sciamus
1706 190 1803 224 reiici
1821 191 1985 224 meritum
2004 191 2128 224 remis-

1140 245 1250 276 sionis
1270 251 1488 287 peccatorum
1506 250 1536 276 et
1558 243 1648 276 vitae
1666 248 1839 277 aeternae.

1240 294 1438 327 Consilium
1468 293 1569 326 Pauli
1600 293 1789 335 diligenter
1826 292 2125 326 considerandum

1141 353 1201 380 est.
1242 345 1322 378 ldeo
1341 346 1422 377 citat
1437 345 1567 377 dictum
1585 344 1621 376 in
1643 343 1774 377 Genesi
1798 345 1840 376 de
1857 344 1944 381 fide,
1971 343 2052 388 quia
2073 343 2123 376 ibi

1111 398 1113 419 ;
1139 408 1296 439 expresse
1319 403 1352 429 et
1368 396 1442 427 sine
1464 395 1668 428 conditione
1690 395 1727 427 fit
1754 395 1982 432 asseveratio,
2011 403 2043 428 et
2067 406 2122 426 re-

1138 447 1275 480 velatur
1295 457 1453 490 expresso
1474 445 1674 478 testimonio
1688 473 1696 485 ‚
1724 446 1816 489 quod
1835 446 1980 478 credens
1997 446 2041 479 sit
2065 445 2121 477 iu—

1138 508 1219 530 stus.
1283 496 1359 530 Hoc
1383 497 1533 539 opponit
1556 496 1641 539 legi,
1670 495 1769 540 quasi
1799 496 1907 529 dicat:
1937 495 2120 540 Nusquam

1138 549 1284 591 legimus
1301 547 1529 592 pronunciari
1549 547 1701 591 aliquem
1728 546 1878 584 iustum,
1906 547 1985 590 quia
2012 548 2123 589 legem

1137 600 1316 645 implevit,
1345 599 1403 631 sed
1423 599 1473 630 lex
1502 609 1638 641 semper
1660 604 1796 630 accusat
1822 595 2000 637 homines,
2028 597 2120 637 Ergo

1608 647 1807 682 Retinenda
1834 655 1883 680 est
1906 648 2012 689 igitur
2037 646 2120 680 baec

1109 710 1110 713 ’
1137 702 1331 735 consolatio
1350 697 1514 733 Abrahae
1532 700 1644 740 dicta,
1673 700 1766 744 quod
1786 699 1829 731 sit
1849 699 1959 731 iustus
1978 699 2054 732 tide.

1238 752 1487 786 Commoratur
1514 757 1630 783 autem
1660 749 1791 782 Paulus
1823 750 1860 781 in
1885 749 2121 782 declaratione

1136 803 1397 847 imputationis,
1424 810 1462 835 ut
1487 802 1646 835 ostendat
1672 801 1857 844 gratuitam
1883 811 1974 840 esse,
2001 807 2033 833 et
2049 812 2122 833 esse

1136 868 1210 888 eam
1237 854 1479 888 remissionem
1515 860 1756 896 peccatorum,
1800 858 1831 884 et
1862 851 2122 884 reconciliatio-

1136 919 1235 943 nem,
1285 917 1344 938 seu
1384 904 1658 947 acceptationem
1700 910 1842 945 propter
1879 903 2120 936 mediatorem.

1135 957 1306 999 Adiungit
1330 956 1438 998 igitur
1467 955 1558 988 dista
1576 953 1726 988 Psalmi:
1760 953 1858 986 Beati
1886 965 2037 998 quorum
2066 965 2123 986 re-

1136 1009 1259 1040 missae
1286 1014 1368 1040 sunt
1394 1007 1598 1051 iniquitates
1615 1013 1677 1038 etc.
1731 1004 1860 1038 Beatus
1877 1004 1948 1045 vir,
1974 1005 2030 1038 cui
2049 1016 2121 1037 non

1135 1059 1322 1102 imputavit
1340 1057 1518 1091 Dominus
1537 1063 1713 1100 peccatum
1733 1063 1794 1090 etc.

1236 1109 1376 1143 Recitat
1402 1108 1532 1141 Paulus
1557 1109 1783 1143 antecedens,
1814 1108 1870 1139 sed
1899 1106 1955 1139 fiet
1982 1118 2121 1139 accom-

1135 1161 1288 1194 modatio
1309 1160 1416 1202 magis
1437 1159 1638 1204 perspicua,
1667 1170 1745 1190 cum
1767 1169 1983 1202 consequens
1998 1159 2122 1191 attexi-

1107 1221 1108 1225 ’
1133 1219 1210 1251 tur,
1245 1211 1423 1243 videlicet:
1460 1209 1547 1242 Cum
1572 1221 1675 1242 nemo
1701 1209 1800 1241 aliter
1825 1209 1869 1241 sit
1903 1210 2044 1248 beatus,
2084 1210 2120 1241 id

1133 1270 1201 1301 est,
1229 1263 1340 1294 iustus
1367 1273 1426 1293 seu
1444 1267 1604 1304 acceptus
1623 1259 1715 1298 Deo,
1742 1260 1810 1291 nisi
1838 1267 1973 1303 peccata
1999 1261 2122 1293 remit-

1105 1321 1107 1337 ¹
1133 1321 1272 1352 tantur,
1310 1319 1470 1354 tegantur
1500 1318 1531 1343 et
1558 1322 1630 1342 non
1664 1311 1902 1353 imputentur,
1937 1311 2120 1345 manifeste

1133 1364 1310 1406 sequitur,
1339 1363 1517 1394 neminem
1543 1362 1578 1393 in
1607 1359 1671 1393 hac
1702 1362 1889 1404 depravata
1916 1369 2040 1394 natura
2066 1373 2121 1394 sa-

1104 1412 1106 1454 }
1133 1415 1290 1447 tisfacere
1319 1414 1405 1456 legi,
1440 1414 1618 1445 neminem
1643 1412 1716 1454 lege
1740 1413 1870 1446 iustum
1898 1424 1989 1450 esse,
2022 1420 2054 1446 et
2085 1414 2121 1446 in

1105 1503 1106 1509 ἵ
1131 1466 1299 1498 omnibus
1325 1462 1467 1497 haerere
1492 1470 1648 1507 peccata,
1683 1464 1764 1508 quia
1790 1470 1931 1506 propter
1949 1464 2120 1496 mediato-

1104 1515 1106 1557 l
1132 1529 1203 1548 rem
1235 1516 1467 1548 remittuntur
1498 1514 1664 1547 credenti.
1736 1514 1787 1547 Sit
1820 1521 1934 1546 autem
1962 1514 2121 1548 Psalmus

1104 1563 1106 1587 s
1132 1567 1191 1598 ille
1208 1574 1302 1599 totns
1323 1566 1545 1604 notissimus,
1573 1566 1653 1608 quia
1672 1565 1868 1597 doctrinam
1891 1566 2119 1598 necessariam

1132 1626 1161 1650 et
1196 1618 1434 1649 dulcissimam
1473 1616 1748 1648 consolationem
1781 1616 1950 1650 continet.
2029 1617 2118 1649 (lum

1104 1659 1105 1685 Ξ
1132 1668 1224 1699 enirn
1242 1668 1430 1699 didicimus
1457 1675 1489 1700 et
1517 1679 1555 1699 ex
1578 1679 1617 1697 eo
1639 1666 1795 1707 Psalmo,
1824 1674 1912 1699 etex
1938 1664 2002 1698 hac
2028 1668 2118 1700 inte-

1133 1731 1188 1749 ¹⁷14
1217 1718 1314 1750 t‘..uli
1340 1718 1518 1757 doctrina,
1552 1719 1646 1762 quod
1678 1715 1743 1750 boc
1776 1718 1881 1750 modo
1907 1725 2042 1750 tantum
2085 1726 2118 1751 et

1131 1744 1148 1761 Ὀ

1103 1766 1105 1785 ¹
1133 1782 1203 1801 non
1220 1770 1320 1801 :diter
1344 1768 1448 1801 bomo
1468 1768 1526 1801 fiat
1547 1769 1676 1808 ἰιιεῐιιε,
1704 1769 1737 1800 id
1758 1776 1828 1809 est,
1852 1777 2011 1811 acceptus
2030 1768 2117 1809 Deo,

1102 1808 1105 1840 Ῑ
1131 1833 1207 1852 cnm
1236 1821 1343 1852 credit
1363 1821 1427 1852 sibi
1455 1820 1583 1852 remitti
1620 1827 1755 1862 peccata
1781 1827 1921 1862 propter
1947 1821 2119 1853 mediato-

1131 1883 1220 1906 rem,
1247 1872 1372 1913 gratis,
1401 1880 1431 1903 et
1459 1872 1550 1914 quod
1580 1871 1661 1903 velit
1678 1869 1772 1903 Deus
1789 1868 1877 1902 lianc
1896 1882 1992 1902 suain
2013 1872 2117 1903 mise-

1131 1923 1319 1954 rit-ordiam
1339 1922 1500 1964 agnosci,
1528 1929 1559 1954 et
1583 1922 1739 1964 conspici
1767 1922 1933 1953 beneficia
1960 1922 2042 1962 filii,
2071 1924 2118 1955 si-

1130 1981 1186 2006 cut
1203 1973 1346 2012 clamat,
1371 1970 1592 2005 Osculamini
1620 1972 1751 2012 filium,
1787 1971 1884 2005 Beati
1909 1985 2030 2005 omnes
2057 1974 2117 2018 qui

1129 2024 1310 2056 confidunt
1329 2025 1364 2055 in
1386 2036 1442 2056 eo:
1469 2023 1685 2066 amplissima
1703 2024 1896 2056 consolatio
1915 2024 2016 2056 nobis
2036 2037 2117 2068 pro-

1129 2075 1291 2117 ponitur„
1328 2087 1416 2119 quae
1441 2081 1609 2107 sustentat
1638 2086 1700 2106 nos
1728 2075 1761 2106 in
1789 2074 2036 2115 conversione,
2074 2088 2118 2108 ne

1128 2138 1326 2167 mergamur
1345 2128 1379 2157 in
1400 2126 1680 2169 desperationem
1701 2136 1731 2158 et
1750 2126 1911 2166 exitium,
1940 2127 1999 2158 sed
2020 2139 2116 2159 acce-

1127 2177 1250 2208 damus
1268 2179 1309 2208 ad
1332 2176 1446 2208 Deum
1469 2175 1531 2208 hac
1551 2177 1629 2208 fide.

1231 2227 1407 2260 vocabula
1437 2228 1472 2259 in
1509 2226 1648 2259 Psalmo
1681 2234 1761 2259 sunt
1793 2227 1984 2269 perspicua.
2036 2227 2116 2262 Pri-

1126 2290 1220 2310 inum
1249 2279 1453 2311 nominatur
1480 2278 1639 2310 remissio
1666 2285 1905 2320 peccatorum,
1951 2291 2039 2321 qnae
2063 2288 2112 2314 est

1124 2329 1283 2361 desinere
1314 2329 1414 2362 irasci
1438 2329 1606 2373 peccatis,
1639 2340 1696 2360 seu
1724 2329 1918 2371 praeteritis
1936 2341 1996 2362 seu
2014 2343 2113 2373 prae-

1123 2381 1291 2413 sentibus.
1331 2380 1466 2413 Deinde
1482 2380 1549 2419 tegi
1569 2386 1704 2422 peccata
1725 2386 1773 2411 est
1794 2379 2023 2412 mediatorem
2041 2395 2113 2415 esse

1122 2431 1386 2471 umbraculum,
1416 2443 1459 2463 ne
1486 2430 1688 2462 effundatur
1713 2431 1747 2461 in
1777 2442 1839 2461 nos
1866 2430 1914 2461 ira
1936 2429 2009 2466 Dei,
2065 2433 2111 2467 Et

1122 2483 1262 2526 proprie
1280 2482 1427 2515 dicitur:
1455 2481 1541 2523 Tegi
1563 2487 1740 2523 peccatum
1756 2508 1764 2519 ‚
1792 2482 1888 2524 quod
1913 2480 2028 2515 adliuc
2046 2487 2110 2516 ad-

1120 2539 1169 2566 est
1195 2534 1231 2565 in
1259 2534 1399 2566 renatis.
1463 2530 1537 2564 Etsi
1564 2532 1656 2563 enim
1682 2538 1728 2563 est
1756 2539 1956 2575 peccatum,
1999 2542 2028 2566 et
2056 2537 2110 2566 di-

1117 2595 1224 2625 gnum
1251 2591 1390 2616 aeterna
1420 2594 1547 2625 poena,
1585 2589 1699 2614 tamen
1731 2583 1881 2624 tegimur
1907 2596 1967 2626 per
1994 2586 2103 2617 tilium

1120 2635 1209 2673 Dei,
1237 2635 1327 2668 sicut
1351 2635 1497 2667 dicitur:
1525 2632 1606 2665 Non
1635 2633 1716 2666 estis
1740 2634 1805 2665 snb
1833 2633 1925 2676 lege,
1955 2637 2012 2666 sed
2038 2639 2103 2668 snb

1117 2686 1237 2729 gratia.
1291 2683 1337 2718 Et
1354 2696 1557 2730 quanquam
1582 2684 1750 2727 intelligit
1768 2683 1928 2717 Psalmus
1944 2686 2013 2727 tegi
2032 2699 2109 2729 pec-

1391 2761 1417 2772 Q
