2415 2942
89 84 184 120 1081
244 81 345 116 XIII.

89 165 247 209 coniugii
284 164 497 206 constituta,
542 164 631 199 sicut
673 164 875 199 institutum
919 172 969 200 est
1005 164 1077 199 Ge-

89 217 181 250 nesis
207 219 242 251 2.

191 265 404 309 Coniugium
429 273 480 300 est
505 267 610 300 unius
636 267 743 299 maris
771 273 804 300 et
822 266 928 299 unius
950 267 1075 299 foemi-

88 329 172 356 nae,
202 329 290 362 quae
309 317 463 360 legitime
490 318 587 361 iungi
608 324 772 361 possunt,
801 318 1004 350 coniunctio
1020 318 1076 349 in-

89 368 325 408 dissolubilis,
353 368 513 402 instituta
538 381 557 401 a
576 367 675 408 Deo,
711 374 855 411 propter
876 368 1072 411 generatio—

86 431 186 457 nem,
215 425 248 451 et
267 420 309 451 ad
328 418 490 452 vitandas
509 430 610 462 vagas
625 419 802 453 libidines.

185 468 286 502 Hanc
305 469 552 502 definitionem
578 469 682 501 verba
708 466 813 502 huius
840 469 962 512 capitis
987 481 1070 502 con-

85 519 248 559 firmant,
283 521 378 564 quod
405 520 449 553 sit
478 519 679 553 coniunctio
705 519 982 557 indissolubilis,
1019 527 1069 552 te-

86 577 224 603 stantur
240 567 332 614 ⁴haec
357 572 478 604 verba:
507 570 688 613 Praecipio
712 582 785 602 non
810 582 890 613 ego,
917 572 976 602 sed
996 570 1070 602 Do—

84 621 220 661 minus,
246 620 430 653 mulierem
455 633 473 653 a
497 621 572 653 viro
596 632 669 653 non
693 621 890 660 discedere,
923 628 955 653 et
980 622 1068 661 viro,

84 672 269 704 mulierem
297 682 369 703 non
394 671 579 706 dimittere.
646 670 751 714 Quod
780 669 836 704 bic
858 672 938 704 finis
963 672 1067 704 etiam

84 722 162 754 Deo
182 723 324 765 placeat,
352 728 389 754 ut
404 723 552 755 ducatur
568 734 667 760 uxor,
691 722 719 754 si
738 734 808 754 uon
827 722 936 766 prolis
954 734 1066 762 causa,

83 779 201 806 tamen
217 774 258 805 ad
280 773 439 805 vitandas
456 784 558 815 vagas
576 772 760 813 libidines,
788 774 821 805 id
848 785 988 817 quoque
1009 771 1065 805 bic

83 834 240 866 expresse
269 823 417 863 (licitur,
461 830 495 856 et
519 823 679 856 doctrina
707 835 746 856 ac
779 824 974 856 consolatio
1000 824 1065 866 piis

83 874 273 906 necessaria
292 880 353 906 est:
384 873 557 907 vitandae
574 874 797 907 scortationis
815 886 928 915 causa,
956 887 1065 907 uuus-

81 925 231 969 quisque
250 935 347 956 suarn
369 921 495 958 babeat
515 937 672 960 uxorem.

183 975 389 1019 Sequuntur
404 976 555 1019 regulae.
593 975 725 1010 Prima.
760 974 974 1019 Coniugium
992 987 1065 1008 non

82 1025 195 1059 solum
221 1038 293 1058 non
319 1024 581 1069 prohibendum
604 1035 672 1065 est,
700 1027 759 1059 sed
785 1027 890 1060 etiam
914 1027 975 1067 iis,
1000 1027 1061 1071 qui

81 1088 155 1109 non
177 1084 259 1109 sunt
284 1077 403 1109 idonei
437 1079 480 1110 ad
515 1078 788 1118 continentiam,
830 1078 1063 1110 necessarium

79 1135 140 1161 est.
193 1127 294 1161 Sicut
311 1128 426 1172 iuquit
443 1128 592 1161 Paulus:
621 1129 752 1161 Melius
771 1135 819 1161 est
835 1129 961 1161 ducere
976 1141 1063 1161 uxo-

78 1190 151 1210 rein
170 1190 274 1222 quarn
295 1179 458 1211 incendia
477 1180 562 1223 pati.
615 1178 709 1212 Haec
727 1179 844 1222 regula
864 1187 985 1212 contra
1003 1191 1061 1212 su-

80 1229 298 1272 perstitiosos
326 1230 438 1272 posita
470 1238 542 1268 est,
581 1232 639 1274 qui
665 1241 741 1263 cum
768 1241 869 1272 vagas
894 1230 1062 1262 libidines

77 1277 314 1312 Etlinicorum
336 1280 505 1321 viderent,
527 1293 619 1313 novo
636 1281 753 1314 studio
772 1281 938 1313 castitatis
957 1281 1059 1313 etiam

77 1330 279 1373 coniugium
306 1331 505 1373 fugiebant,
532 1338 565 1364 et
589 1332 857 1375 improbabant,
885 1343 976 1378 quae
1000 1342 1058 1364 su-

76 1381 234 1423 perstitio
250 1379 443 1414 Ecclesiam
468 1389 552 1415 tuuc
576 1383 675 1415 valde
699 1382 862 1416 exercuit.
918 1381 1000 1414 Ideo
1026 1388 1058 1414 et

75 1430 207 1464 Paulus
229 1438 261 1464 et
277 1432 528 1475 Apostolorum
551 1433 715 1476 discipuli
740 1432 961 1475 gravissimas
977 1444 1056 1465 sen-

74 1482 201 1516 tentias
227 1490 494 1526 opposuerunt,
529 1495 617 1528 quae
643 1491 676 1517 et
698 1496 794 1517 nunc
818 1484 884 1526 legi
915 1484 1056 1527 pontifi—

75 1533 167 1573 ciae,
193 1539 226 1566 et
247 1534 427 1566 doctrinae
446 1532 700 1568 monachorum
716 1535 947 1578 opponendae
962 1541 1055 1567 sunt.

78 1582 135 1617 Sic
162 1584 256 1616 enim
294 1585 432 1627 scripsit
458 1584 639 1627 lguatius:
683 1585 903 1628 Virginitatis
935 1586 1055 1628 iugum

74 1634 209 1667 nemini
230 1635 416 1678 imponito.
469 1636 667 1668 Periculosa
693 1643 742 1669 est
766 1636 858 1668 enim
884 1637 1054 1679 possessio

76 1693 109 1719 et
125 1685 313 1718 difficulter
330 1686 520 1724 retinetur,
547 1688 691 1730 quando
710 1688 836 1719 coactis
853 1686 1054 1730 imperatur.

74 1735 280 1769 Iunioribus
305 1738 455 1769 concede
480 1738 703 1779 coniugium,
746 1737 949 1781 priusquam
978 1749 1054 1769 cor-

72 1794 284 1830 rumpantur
308 1788 561 1821 consuetudiue
594 1788 871 1831 prostitutarum.
938 1787 1054 1820 Verba

71 1835 157 1870 haec
188 1837 534 1884 sunt271a929÷1rla9
566 1836 635 1885 ζῶ)
639 1851 681 1872 ov
721 1836 853 1882 arctari
894 1836 1054 1872 ἑπιτιὸει.

72 1886 266 1934 ἐπισφαλὲς
287 1887 360 1936 γὰρ
378 1887 420 1923 τὸ
436 1891 557 1934 κτῆιια
574 1888 635 1923 καὶ
652 1887 936 1935 δυσφύλακτον,
963 1887 1054 1924 όταν

70 1938 165 1973 κατὰ
189 1936 357 1987 ἀνάγκη]
378 1940 442 1988 γέι
447 1953 539 1985 mat.
575 1942 652 1979 τοῖς
679 1954 701 1974 τ
705 1953 868 1985 εωῑεροις
890 1938 1054 1986 ἐπιτρεπε

72 1991 206 2037 γααεῑι
216 2015 226 2034 ,
255 1989 342 2036 πρὶν
357 1990 624 2038 διαφθαρῶσιν
641 1992 689 2030 εἷς
711 1990 868 2037 ἑταίρας.

163 2039 209 2074 Et
225 2039 281 2074 hic
299 2042 427 2075 Paulus
441 2055 730 2087 unumquemque
747 2043 842 2076 iubet
858 2054 936 2076 suas
953 2043 1053 2083 vires,

72 2103 133 2125 seu
154 2093 246 2124 dona
272 2104 332 2124 sua
362 2093 602 2133 considerare,
636 2106 674 2126 ac
698 2094 870 2134 iudicare,
907 2106 950 2126 au
974 2095 1050 2126 ido-

69 2154 156 2176 neus
172 2143 215 2175 sit
233 2144 275 2175 ad
292 2144 521 2181 coelibatum,
549 2151 698 2177 autnon
716 2145 771 2177 sit.
817 2144 898 2177 Ideo
918 2145 1051 2189 inquit:

69 2192 321 2238 Unusquisque
340 2195 522 2238 proprium
541 2195 674 2227 donum
692 2192 796 2229 habet
812 2208 830 2228 a
850 2197 939 2236 Deo,
963 2197 1052 2229 alius

71 2244 139 2282 sic,
175 2244 264 2276 alius
290 2245 401 2279 aliter.
471 2244 566 2278 Haec
592 2246 787 2279 admonitio
820 2247 873 2279 bis
906 2248 1050 2291 repetita

71 2295 240 2338 significat
264 2294 429 2343 Apostoli
451 2297 732 2337 solicitudinem,
769 2310 856 2342 quae
879 2299 1051 2341 praevidit

70 2353 266 2380 secuturam
294 2359 453 2390 magnam
478 2348 669 2390 perniciem
695 2348 893 2381 animarum
920 2361 959 2381 ex
983 2350 1050 2382 im-

68 2398 255 2440 prudentia
280 2410 421 2439 eorum,
456 2398 517 2443 qui
542 2410 577 2431 se
603 2406 732 2432 temere
755 2401 934 2433 oneraturi
953 2408 1050 2434 erant

67 2448 254 2481 coelibatu.

169 2497 306 2532 Deinde
321 2507 518 2544 sequuntur
539 2501 678 2544 regulae
703 2501 746 2534 ‹le
771 2501 846 2545 ipso
873 2502 1050 2545 coniugio,

67 2549 126 2582 sed
153 2549 190 2581 in
207 2547 344 2583 Scholis
367 2551 463 2594 prius
487 2553 760 2596 desponsatione
782 2553 931 2594 dicitur,
961 2566 1049 2598 quae

64 2610 234 2643 personae
255 2601 421 2645 coniungi
447 2603 601 2647 possint,
629 2609 661 2636 et
681 2604 824 2648 quando
852 2612 1048 2638 contractus

62 2650 186 2685 valeat.

397 81 432 118 4.
460 79 797 116 COMMENTAR.
826 80 876 115 IN
905 80 1060 117 EPIST.
1088 79 1235 116 PAULI
1263 80 1330 114 AD
1359 79 1685 115 CORINTHIOS.
1740 78 1843 116 CAr.
1873 80 1952 118 vlt.

2022 83 2119 119 1082

1233 163 1434 199 Proliibitio
1459 166 1501 198 de
1526 165 1685 210 personis
1712 172 1803 199 extat
1827 163 1941 201 Levit.
1964 167 2020 202 18.
2063 165 2114 201 Ea

1130 213 1322 258 prohibitio
1348 217 1467 249 divina
1495 224 1570 256 est,
1609 224 1642 250 et
1668 217 1799 258 obligat
1826 229 1948 250 omnes
1980 225 2112 260 gentes,

1128 272 1293 311 tanquam
1324 267 1378 300 ius
1401 275 1545 301 naturae
1562 293 1571 306 ‚
1612 268 1693 312 quia
1716 267 1810 301 Deus
1835 264 1926 301 hanc
1951 281 2114 301 reveren-

1127 317 1210 349 tiam
1234 317 1372 358 cognati
1389 319 1571 359 sanguinis
1596 319 1632 351 in
1653 325 1777 351 natura
1799 318 1935 359 sanxit,
1963 332 2007 352 ne
2028 321 2112 353 fiant

1126 368 1391 400 commixtiones
1431 381 1508 402 cuin
1546 369 1785 412 promiximis,
1821 378 1852 403 et
1890 367 2112 403 horribiliter

1125 419 1226 461 punit
1246 419 1393 451 incestas
1410 419 1594 458 libidines,
1620 427 1658 452 ut
1677 421 1724 451 ibi
1743 422 1784 451 ‹le
1802 421 1998 453 Cauanaeis
2020 421 2110 453 dici-

1125 475 1201 509 tur,
1244 475 1277 501 et
1302 470 1457 512 exempla
1485 482 1675 512 poenarum
1701 468 1833 514 Oedipi
1863 479 1892 504 et
1918 471 2109 516 Aegyptio-

1123 531 1201 552 rum
1220 530 1340 561 regum
1359 519 1446 551 iram
1470 518 1531 552 Dei
1549 522 1749 555 ostendunt.

1220 569 1342 603 Postea
1368 570 1427 614 qui
1447 571 1574 613 gradus
1593 572 1766 614 probabili
1785 572 1920 605 ratione
1939 573 2050 606 additi
2071 573 2107 605 in

1121 618 1287 653 Ecclesiis
1319 629 1411 654 recte
1442 621 1612 654 institutis
1641 629 1843 660 serventur,
1879 623 2106 656 consideran-

1121 672 1205 703 dum
1227 678 1288 706 est,

1221 722 1274 754 De
1292 728 1471 755 contractu
1492 730 1523 756 et
1544 720 1609 755 hoc
1628 723 1778 756 servavit
1806 731 1976 765 vetustas,
2005 727 2100 769 quod

1120 770 1326 813 honestum,
1360 774 1473 817 pium,
1507 782 1539 807 et
1570 775 1611 807 ad
1645 774 1867 817 explicandas
1893 783 2100 808 controver-

1122 823 1189 855 sias
1216 825 1530 867 desponsationum
1558 825 1854 858 accommodatius
1882 834 1951 864 est,
1980 833 2018 860 ut
2044 828 2104 859 de-

1121 875 1365 917 sponsationes
1382 876 1457 907 sine
1482 876 1665 919 perspicuo
1691 883 1721 908 et
1745 888 1906 919 expresso
1931 889 2104 910 consensu

1119 933 1303 967 pareutum
1321 926 1429 959 factae
1448 926 1648 959 iudicentur
1667 927 1794 961 irritae.
1850 928 1969 970 Quare
1987 929 2023 960 in
2043 929 2102 960 In-

1118 976 1362 1009 stitutionibus
1395 977 1553 1010 dicitur?
1582 977 1801 1011 Consensum
1830 986 2016 1022 pareutum
2041 977 2103 1011 ha-

1118 1027 1242 1066 beant,
1271 1040 1420 1072 quorum
1442 1029 1576 1061 suntin
1603 1035 1782 1071 potestate.
1834 1029 1924 1062 Nam
1943 1027 2008 1062 hoc
2028 1029 2103 1062 fieri

1117 1079 1243 1110 debere
1261 1085 1292 1111 et
1309 1079 1423 1111 civilis
1440 1086 1473 1112 et
1493 1080 1662 1111 naturalis
1681 1080 1769 1112 ratio
1795 1081 1934 1120 suadet,
1963 1081 1998 1112 iu
2023 1088 2101 1113 tan-

1116 1135 1208 1167 tum,
1237 1138 1274 1162 ut
1294 1130 1406 1162 iussus
1425 1137 1608 1172 parentum
1635 1132 1839 1173 praecedere
1864 1132 2000 1165 debeat.
2054 1130 2099 1164 Et

1116 1178 1325 1213 Ambrosius
1343 1181 1378 1213 iu
1398 1179 1541 1214 historia
1553 1180 1732 1215 Rebeccae
1743 1182 1818 1215 vult
1837 1184 1998 1214 accedere
2016 1194 2100 1214 con-

1114 1242 1253 1263 sensum
1287 1239 1491 1275 parentum‚
1532 1233 1638 1276 idque
1661 1233 1709 1265 ait
1732 1234 1818 1265 adeo
1851 1230 2038 1265 honestum
2065 1239 2098 1265 et

1113 1289 1257 1314 naturae
1274 1288 1547 1314 consentancum
1565 1295 1655 1323 esse,
1684 1290 1721 1315 ut
1739 1284 1843 1316 etiam
1862 1283 1989 1316 Poetae
2006 1283 2098 1315 idem

1112 1332 1309 1365 docuerint.
1350 1331 1396 1365 Et
1412 1333 1494 1365 citat
1511 1334 1643 1365 dictum
1663 1332 1860 1377 Euripidis,
1884 1335 1974 1377 apud
1995 1345 2098 1378 quein

1111 1382 1147 1414 in
1172 1381 1445 1423 Andromache,
1486 1396 1564 1416 curn
1590 1382 1735 1416 Orestes
1772 1385 1856 1428 petit
1892 1385 2097 1426 coniugium

1110 1431 1341 1474 Hermiones,
1371 1432 1454 1466 haec
1480 1436 1686 1477 respondet,
1711 1434 1799 1467 Eam
1824 1447 1898 1468 rem
1923 1435 2097 1479 pertinere

1110 1485 1152 1516 ad
1169 1485 1355 1517 arbitrium
1374 1485 1493 1529 patris.
1549 1484 1678 1517 Versus
1697 1483 1733 1518 hi
1752 1493 1853 1520 sunt:

1235 1549 1477 1590 vacqngua'rmv
1490 1550 1545 1588 μὲν
1558 1553 1619 1579 τῶν
1634 1550 1716 1587 ἐμῶν
1731 1550 1835 1590 πατὴρ
1851 1551 1942 1593 ἔμὸς,

1235 1601 1385 1641 μέριμναν
1400 1600 1472 1641 ἕξει,
1496 1597 1521 1630 κ’
1537 1599 1593 1630 οὐκ
1608 1600 1683 1639 ἐμὸν
1699 1602 1808 1641 κρίνειν
1821 1600 1904 1632 τάδε.

1208 1670 1298 1704 Cum
1317 1670 1383 1704 hoc
1400 1671 1506 1704 veteri
1524 1683 1620 1703 more
1639 1679 1845 1716 ⁴congruunt
1866 1673 1972 1706 verba
1992 1672 2094 1707 Pauli

1110 1723 1145 1755 in
1165 1722 1230 1755 hoc
1250 1723 1380 1766 capite:
1410 1721 1480 1764 Qui
1500 1723 1628 1761 elocat‚
1656 1730 1748 1756 recte
1764 1724 1855 1756 facit.
1897 1724 1989 1757 Nam
2009 1722 2094 1758 haec

1109 1774 1214 1806 verba
1237 1772 1454 1816 significant,
1492 1784 1665 1806 consensu
1691 1781 1876 1817 pareutum
1904 1776 1946 1807 de
1970 1776 2093 1808 coniu-

1108 1825 1172 1868 giis
1194 1825 1439 1867 paciscendum
1467 1835 1549 1858 esse.
1603 1824 1641 1858 Si
1667 1825 1721 1858 lex
1738 1824 1857 1871 Moysi
1882 1826 1998 1859 locuta
2025 1833 2090 1859 est:

1107 1875 1195 1909 Cum
1213 1877 1317 1908 duces
1334 1875 1407 1908 filio
1424 1887 1580 1908 uxorem.

1208 1926 1309 1959 Hanc
1331 1933 1501 1959 vetustam
1527 1927 1815 1960 consuetudinem
1840 1939 1936 1961 nunc
1952 1940 2092 1973 quoque

1106 1986 1297 2022 sequantur
1325 1976 1518 2017 Ecclesiae,
1560 1978 1688 2010 omissa
1717 1978 1849 2012 recenti
1878 1979 1969 2022 lege,
2003 1990 2091 2023 quae

1106 2028 1365 2061 inextricabiles
1383 2025 1604 2073 labyrinthos
1629 2030 1763 2073 peperit
1787 2030 1824 2062 in
1851 2029 2089 2063 diiudicandis

1105 2080 1240 2112 arcanis
1260 2079 1601 2123 desponsationibus.

1208 2138 1274 2172 Sed
1298 2145 1415 2171 tamen
1440 2139 1501 2171 ubi
1535 2139 1696 2174 duriores
1722 2147 1802 2173 sunt
1827 2147 2004 2183 parentes,
2037 2139 2087 2183 pii

1104 2190 1325 2233 magistratus
1348 2202 1445 2223 suam
1468 2190 1693 2223 ‘autoritatem
1723 2190 1967 2234 interponant:
1997 2191 2086 2225 sicut

1104 2242 1206 2275 etiam
1224 2248 1378 2274 vetustae
1395 2242 1484 2284 leges
1499 2240 1729 2284 praecipiunt.

1205 2299 1404 2333 Discrimen
1432 2300 1534 2333 etiam
1561 2306 1610 2332 est
1638 2299 1729 2333 inter
1751 2300 1925 2344 sponsalia
1956 2302 1999 2333 de
2030 2301 2086 2334 fu-

1105 2359 1185 2385 turo
1212 2358 1245 2384 et
1272 2352 1314 2384 de
1337 2351 1532 2395 praesenti,
1570 2352 1661 2394 quod
1689 2358 1847 2384 sumatur
1871 2364 1909 2384 ex
1932 2352 2084 2385 aliorum

1104 2396 1324 2445 longioribus
1352 2402 1502 2445 scriptis.
1572 2402 1604 2433 A
1637 2400 1859 2443 sponsalibus
1891 2403 1933 2435 de
1963 2403 2083 2436 futuro

1103 2453 1217 2486 recedi
1246 2459 1378 2496 potest,
1420 2452 1489 2485 nisi
1517 2452 1697 2485 accesserit
1726 2453 1946 2487 concubitus.
2013 2454 2082 2487 Sed

1102 2504 1276 2548 sponsalia
1302 2504 1344 2537 de
1360 2503 1532 2548 praesenti
1561 2509 1641 2535 sunt
1661 2503 1728 2535 iam
1746 2515 1782 2536 re
1808 2504 1882 2547 ipsa
1904 2505 2093 2546 matrimof

1102 2556 1200 2589 nium
1228 2566 1289 2588 seu
1312 2554 1536 2597 coniugium,
1571 2553 1651 2597 quia
1679 2566 1867 2587 consensus
1894 2556 1974 2588 facit
1997 2567 2082 2588 con-

1100 2607 1246 2650 iugium,
1298 2605 1370 2638 Nec
1394 2606 1436 2637 de
1460 2602 1527 2637 hoc
1551 2604 1755 2638 discrimine
1779 2606 1943 2639 subtilius
1961 2606 2082 2648 ‹lispu-

1100 2659 1194 2692 tabo.
1250 2656 1329 2690 Non
1345 2656 1438 2690 enim
1458 2653 1541 2688 haec
1557 2667 1736 2697 recenseo,
1763 2663 1802 2690 ut
1826 2657 1903 2701 plus
1928 2657 2082 2689 rixarum
