2415 2942
195 98 294 139 1555

301 184 465 221 Secundo
495 180 646 215 affirmat
672 176 824 216 Paulus,
864 182 959 210 certo
988 174 1119 217 multos
1149 174 1187 208 in

787 88 916 124 PHlL.
942 87 1061 124 MEL.
1088 87 1296 124 SCRIPTA
1326 86 1629 123 EXEGETICA.

2137 88 2232 125 1356

1340 173 1489 208 Prodest
1514 171 1600 207 haec
1622 173 1818 208 admonitio
1842 176 1885 208 ad
1909 173 1976 209 hoc
2001 188 2161 221 quoque,
2188 188 2232 217 ne

199 237 355 274 Ecclesia
380 243 562 279 sparsuros
593 237 627 263 et
655 228 860 261 defensuros
888 238 962 260 esse
986 226 1077 259 mala
1102 228 1189 269 dog-
1213 214 1216 252 ἶ
1241 225 1416 260 scandalis
1433 225 1565 259 turbati
1582 225 1819 259 existimemus
1836 226 1970 259 nullam
1991 239 2063 260 esse
2079 227 2146 261 Dei
2163 226 2231 261 Ec-

200 296 312 329 mata,
336 298 409 320 non
426 284 534 328 igitur
551 281 662 315 securi
680 279 785 313 nobis
802 277 1030 312 blandiamur
1047 285 1191 321 propter
1213 268 1217 285 ¹

201 340 365 382 titulum,
398 343 437 370 ut
462 334 653 378 cogitemus
670 331 790 364 nullos
808 340 943 363 errores
962 328 999 361 in
1017 326 1082 362 hac
1099 329 1192 362 mul·

203 390 356 426 titudine
376 385 540 426 haerere,
567 394 656 429 quae
672 381 879 415 nominatur
895 378 1064 415 Ecclesia.

306 455 431 490 Tertio
465 453 595 487 diserte
629 450 758 495 inquit,
806 456 839 483 et
874 448 911 481 in
946 448 1060 493 specie
1094 446 1196 492 ponit

205 508 376 555 quaedam
398 504 554 549 exempla
572 502 827 541 traditionum,
852 508 892 534 ut
917 499 1056 542 agnosci
1075 498 1195 543 possit,

206 560 267 606 qui
294 556 461 602 Episcopi
487 562 519 588 et
543 554 712 589 Doctores
736 551 872 585 vitandi
904 551 992 589 sint,
1042 557 1076 584 et
1108 560 1197 594 quae

208 612 280 644 sint
306 609 435 652 impiae
465 605 685 640 traditiones.
753 602 967 647 Ubicunque
999 601 1105 643 igitur
1133 598 1197 632 hae

208 668 313 695 notae
336 658 587 698 inveniuntur,
614 662 746 689 certum
776 660 827 686 est
853 653 1054 685 defensores
1073 651 1196 685 talium

209 722 368 746 errorum
391 721 465 743 non
489 719 562 742 esse
591 706 750 740 membra
773 715 877 737 verae
909 702 1105 744 Ecclesiae,
1139 701 1197 734 sed

210 774 340 807 organa
369 760 517 794 diaboli.

310 829 407 863 Haec
424 825 620 861 admonitio
640 824 742 857 valde
759 823 943 855 confirmat
970 821 1047 866 pios
1070 828 1103 854 et
1124 830 1200 851 mo-

211 884 327 916 destos
351 879 513 914 homines
532 883 652 910 contra
678 874 856 908 terribiles
880 874 1050 906 clamores
1075 871 1200 903 adver-

212 933 407 971 sariorum,
441 929 502 975 qui
525 932 712 972 opponunt
738 925 842 958 nobis
866 931 1035 968 tanquam
1061 920 1201 964 Gorgo-

212 996 294 1017 nem
313 981 554 1015 venerandum
579 988 708 1011 nomen
734 975 930 1016 Ecclesiae,
957 981 988 1008 et
1006 973 1197 1007 vociferan-

213 1043 273 1069 tur
297 1033 475 1067 Ecclesiae
500 1029 725 1075 praecipuam
750 1035 884 1070 partem
913 1037 985 1059 esse
1009 1023 1205 1067 Episcopos

215 1093 247 1120 et
264 1083 498 1119 sacrificulos.
548 1079 615 1113 His
633 1089 756 1112 rursus
773 1085 974 1111 constanter
993 1074 1204 1120 opponenda

215 1143 297 1170 sunt
320 1133 406 1168 haec
437 1133 550 1171 dicta,
590 1132 625 1163 in
653 1129 782 1174 quibus
809 1141 876 1162 vox
901 1128 1022 1161 divina
1057 1126 1207 1158 affirmat

215 1186 376 1221 diabolos
400 1191 540 1218 autores
564 1193 635 1214 esse
655 1181 777 1213 talium
798 1180 1032 1213 traditionum
1046 1203 1054 1218 ‚
1085 1188 1123 1209 ac
1142 1187 1206 1208 no-

216 1237 380 1271 minatim
415 1232 670 1280 prohibitionis
706 1231 882 1274 coniugii,
923 1237 955 1264 et
996 1227 1211 1262 discriminis

217 1289 391 1323 ciborum.

429 1367 490 1402 De
519 1365 728 1401 novissimis
757 1362 990 1411 temporibus.

321 1439 397 1473 Etsi
423 1437 541 1471 omnia
564 1436 678 1469 secula
698 1435 779 1467 inde
796 1445 906 1477 usque
925 1432 968 1464 ab
987 1430 1089 1464 initio
1109 1442 1212 1474 gene-

219 1493 267 1526 ris
300 1489 451 1525 humani
485 1488 614 1521 multas
643 1497 787 1528 magnas
817 1483 1043 1517 confusiones
1071 1482 1213 1524 religio-

220 1555 324 1582 num,
352 1541 445 1573 bella
467 1546 498 1571 et
518 1537 730 1571 vastationes
754 1533 975 1568 habuerunt:
1005 1539 1122 1564 tamen
1147 1544 1213 1564 vox

220 1594 341 1627 divina
368 1602 467 1633 saepe
494 1596 660 1628 testatur,
701 1588 737 1619 in
762 1585 886 1618 ultima
922 1590 1059 1617 senecta
1089 1582 1212 1615 mundi

221 1644 371 1678 maiores
396 1643 531 1675 futuras
557 1651 629 1672 esse
655 1637 900 1678 confusiones,
937 1646 1042 1680 quam
1070 1634 1215 1666 fuerunt

221 1703 334 1729 antea.
387 1691 435 1726 Et
469 1698 630 1724 crescunt
667 1688 756 1721 mala
797 1694 940 1731 propter
973 1692 1042 1717 tres
1076 1696 1213 1717 causas:

220 1746 359 1785 Prima,
389 1742 482 1785 Quia
503 1740 688 1774 cumulatis
713 1738 861 1783 peccatis
885 1743 1082 1781 sequuntur
1105 1735 1215 1767 maio-

221 1809 277 1830 res
304 1806 448 1839 poenae.
501 1792 684 1831 Secunda,
722 1789 763 1822 In
791 1786 846 1821 his
883 1788 967 1831 ipsis
1003 1786 1150 1829 peccatis
1186 1791 1217 1818 et

222 1847 346 1893 poenis
371 1851 496 1878 natura
522 1844 559 1876 fit
583 1841 786 1885 languidior
809 1847 839 1872 et
861 1838 1046 1882 disciplina
1065 1837 1218 1870 dissolu-

223 1900 303 1933 tior.
364 1895 509 1935 Tertia,
553 1893 646 1936 Quia
680 1892 795 1925 rabies
827 1890 1050 1923 diabolorum
1078 1888 1220 1928 crescit,

223 1950 283 1995 qui
318 1948 388 1980 iam
419 1946 568 1979 scientes
594 1945 724 1977 instare
757 1942 848 1975 diem
882 1940 1024 1982 iudicii,
1078 1939 1114 1971 in
1148 1951 1217 1983 quo

225 2011 347 2034 eorum
369 1997 502 2030 malitia
527 1995 692 2029 omnibus
715 1992 848 2035 angelis
871 1998 903 2024 et
927 1989 1132 2024 hominibus
1156 2002 1218 2033 pa—

225 2052 294 2084 lam
313 2048 538 2088 ostendetur,
564 2046 646 2080 odio
673 2045 737 2078 filii
762 2043 827 2078 Dei
856 2042 964 2085 magis
990 2041 1153 2074 saeviunt
1180 2041 1216 2073 in

224 2100 430 2135 Ecclesiam.

326 2166 424 2200 Haec
448 2176 574 2208 magna
599 2162 753 2208 pericula
782 2167 923 2194 nostrae
953 2159 1076 2192 aetatis
1099 2159 1217 2204 aliquo

224 2219 331 2252 modo
357 2216 639 2253 consideremus,
668 2221 700 2247 et
720 2217 984 2256 expavescentes
1002 2211 1110 2243 simus
1131 2211 1217 2252 vigi-

224 2270 395 2303 lantiores
414 2268 450 2300 in
468 2267 656 2305 discendo,
684 2271 716 2297 et
739 2262 968 2296 modestiores
991 2261 1025 2293 in
1053 2262 1218 2294 omnibus

224 2320 396 2363 negotiis,
430 2325 463 2351 et
488 2316 705 2350 ardentiores
727 2315 762 2346 in
787 2314 936 2358 petendo
963 2311 1104 2344 auxilio.
1160 2311 1217 2343 ln-
1240 2306 1246 2332 ¹

224 2379 386 2405 tueamur
405 2370 509 2402 etiam
530 2366 781 2411 promissiones
804 2363 1015 2396 nominatim
1040 2363 1145 2395 factas
1164 2363 1218 2395 ul—

224 2423 331 2456 timae
354 2420 479 2459 aetati,
505 2426 545 2451 ut
567 2417 691 2450 Esaiae
718 2416 795 2450 46:
824 2414 940 2447 Etiam
964 2414 999 2445 in
1024 2421 1160 2447 senecta
1186 2421 1217 2446 et

227 2472 360 2506 canicie
384 2482 445 2502 vos
471 2470 623 2512 gestabo.
677 2466 722 2501 Et
746 2466 884 2499 Psalmo
901 2464 975 2498 71.:
1009 2463 1089 2496 Non
1109 2464 1218 2507 proii-

227 2524 296 2556 cias
314 2534 368 2554 me
385 2527 541 2563 tempore
561 2525 736 2557 senectae,
755 2528 833 2550 cum
853 2516 989 2549 deficiet
1006 2515 1116 2548 virtus
1132 2527 1217 2549 mea.

227 2573 332 2607 Item:
360 2570 477 2605 Etiam
504 2570 542 2602 in
568 2576 704 2602 senecta
731 2580 802 2601 non
829 2568 1009 2611 relinquas
1037 2578 1101 2598 me.
1154 2564 1219 2598 His

228 2622 504 2667 cogitationibus
530 2620 761 2653 exuscitemus
786 2629 851 2651 nos
874 2618 918 2651 ad
944 2617 1159 2660 vigilantiam
1186 2623 1218 2649 et

228 2675 271 2707 ad
303 2673 551 2717 precationem.

1244 277 1388 318 etesiae,
1431 278 1490 309 sed
1513 276 1663 309 sciamus
1688 276 1780 309 inter
1804 275 1866 310 has
1894 277 1984 321 ipsas
2009 279 2233 312 confusiones

1244 336 1359 362 tamen
1388 327 1542 372 aliquam
1569 339 1641 360 esse
1667 339 1784 360 veram
1810 325 2024 368 Ecclesiam,
2057 336 2090 362 et
2115 330 2232 363 disca-

1245 390 1324 412 mus
1340 378 1403 412 ubi
1427 379 1626 423 quaerenda
1650 378 1714 419 sit,
1742 385 1775 411 et
1792 390 1856 412 nos
1873 379 1903 411 ei
1922 379 2173 423 adiungamus,
2199 387 2234 414 et

1246 431 1283 463 in
1301 442 1338 463 ea
1356 442 1477 462 verum
1497 429 1610 463 Deum
1639 429 1676 461 in
1693 441 1773 462 vera
1797 430 1975 472 agnitione
1994 430 2143 464 Domini
2168 443 2234 464 no-

1247 481 1309 515 stri
1333 479 1409 513 Iesu
1431 478 1563 515 Christi
1582 481 1680 513 firma
1706 481 1772 513 fide
1793 488 1826 514 et
1849 492 1908 525 spe
1934 482 2157 523 invocemus,
2201 488 2235 516 et

1248 539 1440 565 statuamus
1464 531 1715 575 promissiones
1741 532 1844 564 nohis
1863 540 1953 565 ratas
1976 544 2068 574 esse,
2096 540 2125 566 et
2145 544 2235 566 sem-

1250 595 1311 628 per
1331 594 1392 615 nos
1409 583 1632 616 consolemur
1650 580 1717 615 hoc
1736 583 1901 616 articulo:
1920 582 2033 616 Credo
2045 581 2233 616 Ecclesiam

1249 641 1403 667 sanctam
1440 632 1659 667 catholicam.
1724 633 1832 674 Item,
1879 632 2007 669 Matth.
2033 635 2110 668 28.:
2159 633 2236 678 Ego

1251 685 1432 718 vobiscum
1454 697 1530 717 sum
1550 695 1660 729 usque
1686 685 1726 717 ad
1755 686 2092 718 consummationem
2118 686 2240 722 seculi.

1252 735 1358 777 ltem,
1388 737 1418 770 1.
1438 734 1519 771 Cor.
1543 737 1615 769 11.:
1645 734 1722 768 Hoc
1745 736 1847 769 sacite
1875 736 1986 769 donec
2004 736 2139 770 veniat.

1510 817 1638 853 Multi
1665 817 1827 865 deficient
1852 833 1876 854 a
1904 817 1988 864 fide.

1354 886 1556 920 Necessaria
1583 888 1766 931 diligentia
1794 895 1842 922 est
1869 888 2092 922 considerare
2115 888 2242 922 discri-

1254 939 1350 973 mina
1375 939 1633 982 professionum
1660 939 1695 972 in
1720 951 1845 982 genere
1864 937 2031 975 humano,
2084 937 2243 982 Ethnici,

1256 990 1394 1027 Iudaei,
1439 987 1710 1022 Mahometistae
1729 990 1840 1033 palam
1868 990 2094 1033 profitentur,
2120 1002 2154 1023 se
2171 1003 2243 1025 esse

1256 1040 1372 1075 hostes
1399 1038 1531 1075 Christi
1561 1047 1593 1073 et
1626 1038 1830 1083 Evangelii,
1881 1048 1912 1074 et
1939 1042 2052 1084 palam
2079 1041 2245 1077 reiiciunt

1257 1092 1426 1139 symbola.
1479 1090 1527 1124 Hi
1544 1091 1644 1124 facile
1662 1092 1800 1133 agnosci
1821 1098 1979 1135 possunt.
2032 1091 2113 1126 Sint
2126 1099 2244 1126 autem

1258 1144 1411 1188 primum
1437 1143 1602 1175 adversus
1628 1140 1692 1175 hos
1719 1142 1853 1175 munita
1879 1149 2036 1186 pectora,
2067 1143 2156 1176 sicut
2182 1145 2245 1177 ad-

1259 1206 1379 1228 versus
1396 1191 1570 1227 Ethnicos
1587 1199 1739 1227 vetustas
1758 1194 1897 1236 collegit
1916 1194 2043 1227 multas
2060 1194 2245 1229 refutatio-

1259 1257 1341 1288 neS,
1370 1257 1456 1290 quas
1480 1245 1631 1287 cogitare
1656 1244 1744 1277 utile
1765 1251 1827 1278 est.

1360 1296 1478 1329 Prima
1497 1301 1612 1329 autem
1630 1302 1663 1328 et
1683 1295 1833 1327 maxime
1858 1294 2005 1328 illustris
2028 1295 2246 1331 confirmatio

1261 1354 1309 1380 est
1328 1346 1504 1380 Ecclesiae
1522 1346 1692 1380 miracula
1712 1346 1939 1378 inimitabilia
1956 1346 2143 1389 creaturis,
2158 1360 2248 1392 quae

1263 1405 1433 1431 testantur
1453 1396 1543 1430 hanc
1562 1397 1760 1429 doctrinam
1780 1409 1797 1429 a
1816 1395 1890 1430 Deo
1909 1396 2073 1431 traditam
2095 1409 2185 1440 esse,
2210 1406 2249 1433 ut

1262 1448 1480 1481 resuscitatio
1515 1454 1758 1487 mortuorum,
1792 1447 1963 1490 repressio
1999 1459 2120 1480 cursus
2153 1449 2249 1491 solis,

1264 1507 1382 1541 partus
1418 1499 1454 1531 in
1489 1499 1612 1531 effoeta
1647 1505 1775 1540 aetate,
1825 1498 1964 1530 eductio
2001 1510 2041 1530 ex
2075 1497 2247 1543 Aegvpto.

1263 1549 1359 1583 Haec
1377 1549 1576 1582 testimonia
1595 1549 1671 1581 vult
1686 1560 1749 1580 nos
1766 1549 1864 1582 Deus
1883 1548 2033 1588 intueri,
2068 1540 2246 1593 quia'ideo

1263 1602 1351 1633 facta
1371 1607 1402 1633 et
1421 1599 1547 1642 scripta
1574 1605 1677 1638 sunt,
1704 1606 1743 1631 ut
1766 1599 1837 1632 sint
1862 1599 2078 1640 testimonia,
2106 1600 2186 1633 item
2211 1608 2251 1635 ut

1264 1662 1492 1692 agnoscamus
1518 1647 1612 1682 hunc
1634 1661 1714 1682 vere
1741 1661 1812 1682 esse
1833 1647 1965 1690 Deum,
1994 1651 2053 1694 qui
2072 1662 2107 1683 se
2126 1648 2181 1684 his
2199 1660 2251 1686 te-

1265 1701 1441 1735 stimoniis
1467 1700 1648 1744 patefecit,
1682 1707 1715 1733 et
1740 1701 1980 1733 discernamus
2005 1713 2083 1733 eum
2107 1702 2150 1735 ab
2174 1715 2250 1736 om-

1265 1753 1370 1785 nibus
1399 1750 1649 1784 commentitiis
1683 1751 1910 1791 numinibus,
1952 1751 2040 1784 sicut
2067 1752 2104 1784 in
2139 1754 2251 1792 primo

1266 1810 1450 1848 praecepto
1474 1803 1599 1844 allegat
1626 1802 1909 1844 patefactionem:
1938 1800 2013 1845 Ego
2030 1815 2108 1836 sum
2129 1803 2253 1838 Domi-

1266 1866 1335 1888 nus
1355 1854 1447 1888 Deus
1465 1861 1562 1893 tuus,
1592 1853 1650 1897 qui
1668 1853 1770 1885 eduxi
1790 1859 1822 1885 te
1838 1854 1879 1885 de
1898 1853 2069 1898 Aegypto.

1368 1903 1443 1937 Etsi
1461 1911 1576 1937 autem
1598 1916 1669 1936 non
1687 1904 1776 1936 fiunt
1795 1904 1924 1936 similia
1944 1905 2117 1948 quotidie,
2137 1912 2252 1940 tamen

1266 1957 1355 1989 sacta
1375 1956 1433 1988 illa
1455 1955 1574 1988 multis
1591 1962 1673 1987 nota
1691 1955 1856 1995 fuerunt,
1894 1962 1925 1988 et
1945 1967 1961 1987 a
1978 1956 2045 1988 fide
2063 1956 2180 1999 dignis
2196 1970 2253 1991 re-

1268 2008 1433 2040 citantur.
1470 2006 1653 2039 Praeterea
1671 2017 1853 2049 nunquam
1867 2003 2021 2039 Ecclesia
2039 2015 2129 2041 caret
2147 2008 2254 2042 mira-

1268 2058 1373 2096 culis,
1403 2057 1537 2090 etiamsi
1556 2069 1627 2089 non
1646 2056 1776 2099 pariter
1794 2056 1982 2090 incurrunt
2001 2058 2038 2090 in
2055 2059 2192 2092 oculos:
2221 2067 2253 2094 et

1271 2115 1478 2153 perpetuum
1498 2107 1706 2141 miraculum
1725 2114 1794 2147 est,
1822 2109 2040 2141 conservatio
2065 2116 2097 2142 et
2120 2110 2255 2144 instau—

1269 2161 1358 2193 ratio
1390 2158 1566 2192 Ecclesiae
1602 2165 1634 2191 et
1670 2157 1858 2191 ministerii
1895 2160 2105 2202 evangelici,
2159 2163 2254 2206 quod

1269 2211 1371 2244 toties
1405 2210 1520 2243 delere
1553 2209 1669 2242 conati
1702 2216 1784 2242 sunt
1817 2209 1963 2242 immani
1987 2211 2083 2243 rabie
2111 2211 2254 2255 plurimi

1270 2273 1366 2304 reges
1390 2268 1423 2294 et
1452 2261 1536 2293 mali
1562 2261 1733 2293 doctores.
1795 2258 1959 2293 Caeterae
1988 2269 2097 2295 sectae
2122 2263 2255 2297 etiarnsi

1269 2312 1477 2357 aliquandiu
1496 2312 1732 2351 duraverunt,
1758 2317 1874 2344 tamen
1899 2324 2082 2356 oppressae
2107 2325 2177 2346 non
2200 2314 2256 2347 in-

1270 2370 1485 2397 staurantur.

1373 2414 1533 2446 Secunda
1555 2412 1773 2445 confirmatio
1799 2419 1864 2452 est,
1891 2410 2094 2458 Antiquitas
2119 2423 2257 2449 nostrae

1271 2464 1462 2497 doctrinae.
1496 2463 1584 2496 Cum
1604 2464 1696 2495 enim
1716 2470 1988 2496 consentaneum
2009 2465 2068 2504 sit,
2089 2466 2204 2498 Deum
2223 2480 2257 2500 se

1272 2515 1478 2561 patefecisse¹
1492 2514 1609 2557 generi
1631 2512 1798 2552 humano,
1826 2521 1857 2546 et
1878 2515 1973 2546 nulla
1992 2522 2079 2547 extet
2098 2518 2257 2550 doctrina

1272 2567 1314 2599 de
1341 2567 1570 2609 patefactione
1594 2565 1793 2609 antiquior,
1836 2565 1906 2596 imo
1934 2577 1976 2597 ne
2009 2567 2150 2610 quidem
2176 2568 2257 2601 sciri

1273 2618 1382 2661 possit
1408 2617 1522 2657 unde,
1556 2627 1617 2655 per
1639 2627 1747 2660 quos,
1791 2627 1860 2659 quo
1889 2622 2064 2659 tempore,
2100 2616 2257 2652 ethnicae

1272 2668 1460 2711 religiones
1486 2666 1635 2701 traditae
1657 2666 1744 2699 sint:
1771 2666 1953 2700 fatendum
1978 2675 2027 2701 est
2052 2665 2141 2701 hanc
2166 2671 2257 2703 anti—
