2415 2942
63 123 138 161 985
327 121 427 158 XIII.

68 209 149 244 Non
173 207 296 243 subiici
319 218 379 241 eos
402 207 562 241 iusticiae
586 205 665 241 Dei.
733 206 921 251 Perspicue
947 207 1055 250 igitur

70 262 214 294 dam‘nat
250 270 372 292 omnes
406 259 630 293 adversantes
663 269 765 291 verae
796 257 977 292 doctrinae
1012 260 1053 292 de

70 310 206 345 iusticia
227 310 321 345 fidei.

168 359 307 395 Rursus
348 366 463 393 autem
501 358 670 392 monendi
705 364 786 392 sunt
820 357 978 392 iuniores
1011 359 1054 391 de

69 410 200 456 phrasi.
262 410 402 444 lusticia
419 409 484 443 Dei
501 422 572 443 non
590 409 760 452 significat
776 406 842 442 hoc
859 409 937 441 loco
953 409 1055 442 iusti-

70 463 157 495 ciam
180 461 399 495 essentialem
417 461 454 493 in
472 459 567 497 Deo,
595 461 652 493 sed
670 459 843 502 significat
867 459 1054 498 iusticiam,

69 524 137 557 qua
155 524 218 545 nos
236 510 329 545 Deus
348 518 492 555 propter
506 511 618 543 filium
637 517 775 554 reputat
792 509 910 549 iustos,
938 510 971 541 id
992 516 1054 549 est,

70 563 136 606 ipsi
153 569 310 605 acceptos
326 563 405 597 fide.
459 560 504 595 Et
528 559 596 594 hoc
618 573 696 593 cum
715 560 772 599 fit,
801 560 907 593 simul
933 572 1052 592 verum

69 620 138 655 est,
166 613 335 646 vivificari
353 613 534 645 credentes
552 623 612 654 per
630 610 742 644 filium
761 610 847 651 Dei,
875 618 906 644 et
925 611 1055 644 sancti-

66 663 162 696 ficari
181 674 238 696 eos
252 662 390 707 Spiritu
406 669 546 702 sancto,
575 661 664 695 sicut
680 661 814 706 inquit:
843 659 918 704 Ego
944 661 1053 694 vitam

65 721 241 747 aeternam
259 715 304 747 do
323 714 380 748 eis.
432 710 478 746 Et
496 712 534 744 in
556 709 711 745 [ohanne
728 712 879 745 dicitur:
903 709 1055 754 Quivha-

68 765 126 798 bet
147 764 277 805 filium,
312 761 417 797 habet
442 762 561 797 vitam.

67 816 126 849 dat
153 815 270 848 nobis.

625 761 729 796 ltem:
765 761 817 796 De
843 762 968 806 spiritu
992 774 1054 796 suo

102 903 215 940 Finis
238 903 331 951 legis
355 908 406 938 est
427 898 603 938 Christus
628 902 683 937 ad
706 904 891 938 iusticiam
919 905 1019 938 omni

440 952 600 988 credenti
621 959 678 991 etc.

168 1021 236 1055 Hic
252 1021 406 1056 instituit
423 1020 649 1055 collationem
671 1021 828 1055 iusticiae
847 1021 932 1065 legis
950 1028 981 1054 et
1000 1021 1052 1054 iu-

67 1073 185 1108 sticiae
200 1071 406 1115 Evangelii,
435 1079 468 1106 et
490 1079 677 1117 utramque
702 1072 843 1113 definit,
870 1084 909 1105 ac
926 1084 1053 1116 propo-

65 1125 119 1158 nit
145 1123 355 1157 sententiam
387 1122 585 1166 oppositam
615 1123 764 1156 lndaicis
790 1123 1054 1166 imaginationi-

69 1176 133 1208 bus
152 1175 195 1207 de
213 1174 308 1217 lege,
337 1174 436 1219 quasi
456 1173 563 1206 dicat:
592 1172 712 1206 Iudaei
730 1174 887 1217 cogitant
906 1174 973 1217 legi
997 1185 1052 1206 sa·
1079 1180 1082 1191 ¹

64 1225 184 1259 tisfieri
211 1231 352 1258 externa
375 1224 593 1264 obedientia,
628 1231 661 1258 et
689 1222 753 1258 hac
780 1231 921 1258 externa
949 1225 1053 1257 disci-

67 1277 164 1319 plina
183 1275 363 1308 somniant
378 1286 414 1307 se
437 1275 548 1307 iustos
566 1286 636 1307 esse
653 1287 769 1307 coram
785 1274 881 1315 Deo,
907 1282 946 1308 ut
961 1273 1054 1308 Pha-

67 1328 199 1359 risaeus
226 1325 344 1358 Lucae
369 1325 427 1359 18.
462 1324 535 1358 Nee
566 1325 771 1369 intelligunt
792 1325 958 1359 Messiam
983 1337 1054 1358 esse

69 1377 173 1409 finem
201 1376 305 1419 legis,
338 1373 406 1409 hoc
433 1381 503 1416 est,
530 1376 742 1419 promissum
768 1387 856 1416 esse,
891 1382 930 1409 ut
955 1377 1054 1409 tollat

67 1434 265 1471 peccatum,
308 1427 404 1471 quod
437 1426 492 1458 lex
521 1432 658 1460 tantum
689 1427 842 1460 ostendit
873 1434 905 1460 et
928 1427 1054 1469 arguit,

65 1489 139 1512 non
157 1477 262 1511 tollit.

162 1526 429 1561 Consideranda
447 1533 498 1560 est
513 1526 621 1570 igitur
638 1526 839 1559 dulcissima
859 1527 1051 1562 sententia:

63 1576 227 1612 Christus
245 1585 295 1611 est
313 1578 392 1610 finis
416 1577 517 1619 legis,
544 1578 580 1610 id
606 1584 673 1618 est,
702 1577 858 1620 impletio
883 1589 942 1612 seu
968 1590 1051 1610 con-

66 1628 252 1662 summatio
276 1628 379 1670 legis,
414 1628 551 1660 donans
576 1628 631 1670 id,
675 1629 768 1672 quod
794 1628 847 1660 lex
870 1628 1051 1671 praecipit,

64 1679 191 1713 tollens
216 1686 394 1722 peccatum
421 1685 455 1710 et
479 1686 646 1718 mortem,
677 1685 709 1710 et
731 1678 917 1711 restituens
941 1686 1050 1711 aeter—
1078 1703 1079 1706 ,

66 1742 148 1763 nam
166 1729 340 1762 iusticiam
363 1735 394 1762 et
422 1728 547 1768 vitam,
575 1728 665 1762 sicut
681 1727 807 1761 Daniel
832 1729 963 1773 inquit:
992 1729 1049 1761 Fi-

66 1781 185 1814 nietur
205 1786 405 1824 peccatum,
433 1786 464 1811 et
487 1779 664 1812 delebitur
688 1780 859 1822 pravitas,
884 1781 941 1813 fiet
968 1792 1049 1821 pro-

63 1831 206 1875 piciatio
234 1837 268 1864 et
290 1831 484 1863 adducetur
509 1830 645 1864 iusticia
669 1829 890 1873 sempiterna.
956 1829 1049 1863 Haec

63 1883 156 1915 bona
198 1888 302 1914 erunt
340 1888 580 1914 consummata
624 1887 700 1923 post
744 1888 1047 1920 resurrectionem,

63 1945 159 1966 nunc
181 1933 218 1965 in
242 1930 305 1965 hac
334 1932 403 1964 vita
430 1931 591 1964 liberatio
617 1944 634 1964 a
663 1938 800 1974 peccato
826 1931 863 1964 fit
890 1932 1043 1974 imputa—

63 1984 160 2018 tione
183 1990 216 2017 et
241 1982 459 2021 incoatione‚
493 1982 529 2014 id
551 1989 620 2022 est,
656 1982 716 2026 qui
741 1982 851 2015 credit
876 1983 912 2015 in
940 1981 1045 2016 Chri-

63 2041 168 2075 stum,
183 2041 232 2067 est
249 2034 371 2073 iustus,
400 2033 552 2076 primum
570 2033 816 2076 imputatione,
842 2033 876 2066 id
896 2041 956 2073 est,
984 2031 1047 2066 ha-

62 2087 149 2118 bens
185 2084 427 2117 remissionem
466 2090 686 2127 peccatorum
721 2090 754 2117 et
785 2084 1044 2118 reconciliatio-

62 2147 163 2176 nem,
188 2142 222 2168 et
236 2140 413 2177 acceptus,
438 2145 497 2166 seu
515 2134 654 2177 placens
671 2135 750 2167 Deo
769 2146 829 2177 per
843 2135 945 2168 fidem
964 2147 1044 2178 pro-

61 2193 137 2231 pter
149 2182 283 2219 Christi
299 2184 537 2218 obedientiam
553 2191 586 2217 et
603 2185 900 2219 intercessionem.
930 2185 1044 2219 Simul

58 2243 174 2271 autem
192 2236 352 2269 incoatur
368 2247 458 2268 nova
477 2235 613 2268 iusticia
631 2243 664 2268 et
682 2236 771 2276 vita,
798 2237 878 2281 quia
898 2237 990 2269 filius
1007 2237 1043 2269 in

59 2286 124 2321 hac
146 2286 388 2320 consolatione
416 2285 567 2319 vivificat
594 2287 698 2319 corda
724 2294 756 2320 et
779 2287 968 2320 sanctificat
994 2300 1043 2325 ea,

62 2340 142 2372 dato
154 2338 290 2381 Spiritu
309 2344 448 2374 sancto,
467 2343 504 2369 ut
522 2348 626 2379 supra
644 2337 777 2369 dictum
796 2345 860 2371 est:
891 2337 963 2380 Qui
981 2336 1042 2371 ha-

62 2391 120 2422 bet
134 2389 260 2430 filium,
276 2386 379 2421 habet
401 2387 522 2427 vitam,
539 2394 587 2420 et:
613 2385 665 2420 De
682 2387 808 2431 spiritu
826 2399 889 2421 suo
905 2390 964 2422 dat
982 2401 1043 2421 vo-

60 2439 126 2475 bis.
157 2439 226 2474 Sed
238 2437 322 2472 haec
332 2438 470 2472 novitas
488 2438 553 2472 erit
567 2438 749 2481 integrain
767 2439 836 2472 vita
855 2446 1005 2475 aeterna.

98 2520 242 2556 Moises
266 2520 360 2555 enim
384 2519 530 2555 scribit:
568 2518 647 2568 Qui
661 2521 793 2571 fecerit
817 2533 876 2563 ea,
912 2521 999 2555 vivet

492 2584 530 2606 m
559 2583 622 2606 ets.

479 123 514 156 3.
545 121 843 158 ENARRATIO
871 122 1024 160 EPIST.
1052 124 1201 160 PAULI
1231 125 1296 162 AD
1325 126 1587 166 ROMANOS.
1642 132 1742 170 CAP.
1772 134 1815 170 X.

1091 1130 1283 1174 ,piscentia.

2027 137 2102 172 986

1109 209 1145 243 in
1165 210 1232 255 eis,
1263 209 1329 245 hoc
1353 220 1421 253 cst,
1450 227 1556 259 penes
1580 219 1736 262 praemia
1762 220 1915 254 conferri
1942 222 2102 267 duplicia

1108 273 1225 304 opera.
1280 260 1400 306 Opera
1427 266 1574 301 rationis
1600 266 1729 303 habere
1755 272 1910 314 praemia
1931 285 2101 317 corpora-

1107 311 1171 352 lia,
1199 313 1257 345 sed
1281 314 1374 347 bona
1400 328 1505 360 opera
1529 325 1606 352 orta
1630 332 1647 352 a
1666 320 1802 364 Spiritu
1826 329 1944 356 sancto
1967 321 2098 357 habere

1107 363 1259 404 praemia
1278 371 1431 401 aeterna.
1484 366 1579 401 Haec
1597 370 1840 414 interpretatio
1862 374 1979 408 aliena
2003 382 2054 408 est
2078 387 2098 408 a

1107 413 1276 446 sententia
1295 413 1409 451 Pauli.
1471 416 1552 451 Non
1576 420 1669 453 enim
1696 422 1733 455 fit
1759 424 1900 457 collatio
1918 426 2096 469 praemio-

1106 474 1206 503 rum,
1229 465 1287 496 sed
1308 465 1350 498 de
1367 465 1508 500 formali
1526 469 1673 509 dicitur,
1702 473 1788 517 quid
1815 486 1851 506 re
1871 475 1945 518 ipsa
1970 476 2015 509 sit
2040 476 2097 509 iu-

1104 513 1202 546 sticia
1235 515 1338 558 legis,
1374 523 1407 550 et
1437 525 1580 560 contra,
1618 522 1704 566 quid
1737 523 1782 558 sit
1813 524 1951 559 iusticia
1976 524 2097 560 Evan-

1104 564 1197 607 getii.

1206 622 1269 656 Est
1292 622 1400 666 igitur
1432 632 1540 660 status
1574 629 1772 664 collationis
1805 632 1841 664 in
1876 631 1930 665 his
1958 635 2096 667 duobus

1106 673 1239 714 verbis,
1266 673 1395 708 Facere
1419 684 1452 710 et
1470 676 1631 714 Credere.
1692 680 1831 715 iusticia
1859 683 1944 726 legis
1969 692 2017 717 est
2042 685 2094 718 fa—

1106 735 1181 756 cere
1198 724 1307 767 legem
1319 750 1328 763 ,
1357 724 1423 760 hoc
1439 735 1501 769 est,
1526 737 1702 772 praestare
1717 733 1903 776 perfectam
1923 735 2094 767 obedien-

1106 775 1189 807 tiam
1207 775 1300 808 iuxta
1316 776 1438 820 legem.
1490 778 1548 812 Sic
1573 782 1621 814 ait
1647 783 1797 815 describi
1824 796 1842 817 a
1859 783 1967 817 Moisi
1993 785 2095 819 iusti-

1107 826 1194 858 ciam
1213 826 1317 868 legis,
1345 840 1422 860 cum
1450 829 1581 874 inquit:
1612 831 1758 866 Faciens
1784 846 1821 867 ea
1845 834 1940 869 vivet
1967 835 2005 867 in
2032 837 2094 877 eis,

1107 876 1203 921 quasi
1216 877 1326 911 dicat:
1357 877 1497 912 Iusticia
1518 881 1603 924 legis
1619 890 1665 916 est
1685 882 1770 917 baec
1787 885 1860 928 ipsa
1877 886 2095 925 obedientia,

1107 939 1172 971 qua
1197 940 1275 961 vere
1293 936 1325 962 et
1344 929 1479 973 integre
1497 933 1615 966 omnia
1636 946 1723 979 quae
1742 935 1795 968 lex
1821 937 2009 980 praecipit,
2036 938 2098 970 fie-

1106 985 1182 1010 rent
1209 978 1245 1010 in
1275 986 1397 1013 natura
1423 981 1576 1025 integra,
1610 996 1669 1017 seu
1695 992 1745 1018 est
1769 986 1903 1030 integra
1931 988 1967 1020 in
1993 989 2098 1021 nobis

1106 1029 1333 1063 conformitas
1353 1043 1431 1064 cum
1451 1032 1542 1076 lege,
1571 1035 1733 1070 videlicet
1751 1038 1877 1070 ardens
1895 1045 1927 1072 et
1945 1039 2097 1082 perfecta

1106 1080 1246 1113 dilectio
1274 1081 1336 1114 Dei
1361 1089 1393 1115 et
1423 1084 1591 1126 proximi,
1618 1086 1693 1118 sine
1720 1087 1790 1120 nlla
1816 1088 1940 1121 vitiosa
1967 1101 2097 1122 concu—

1335 1131 1431 1166 Haec
1449 1134 1605 1168 definitio
1628 1136 1786 1170 justiciae
1810 1139 1893 1181 legis
1921 1140 2025 1172 etiam
2052 1142 2094 1173 ad

1113 1179 1178 1213 boc
1195 1182 1326 1215 dictum
1343 1185 1522 1227 congruit:
1552 1185 1763 1222 Maledictus
1790 1189 1850 1234 qui
1878 1202 1950 1222 non
1980 1199 2097 1224 manet

1106 1232 1143 1264 in
1176 1233 1360 1274 omnibus,
1387 1247 1476 1279 quae
1503 1243 1585 1270 sunt
1612 1238 1741 1282 scripta
1769 1239 1805 1271 in
1828 1240 1913 1283 lege.
1969 1241 2096 1274 Facere

1106 1283 1243 1322 omnia,
1266 1296 1325 1316 seu
1344 1296 1484 1318 manere
1501 1287 1537 1318 in
1555 1289 1739 1328 omnihus,
1770 1290 1806 1322 id
1828 1298 1896 1331 est,
1920 1303 1992 1324 esse
2011 1305 2095 1325 con-

1106 1333 1252 1365 formem
1272 1334 1337 1376 legi
1358 1335 1492 1378 integra
1516 1338 1717 1372 obedientia
1743 1340 1818 1373 sine
1842 1341 1917 1374 ullo
1942 1350 2096 1384 peccato.

1106 1382 1200 1415 Haec
1226 1385 1432 1418 nominatur
1461 1386 1600 1421 iusticia
1631 1389 1716 1432 legis
1746 1391 1918 1436 descripta
1942 1393 1977 1425 in
2003 1394 2095 1427 dicto

1108 1433 1230 1466 Moisi:
1261 1433 1333 1477 Qui
1353 1436 1471 1471 fecerit
1489 1450 1547 1479 ea,
1575 1439 1668 1474 vivet
1686 1441 1723 1473 in
1741 1442 1801 1477 eis.

1205 1492 1319 1536 Supra
1343 1502 1457 1528 autem
1490 1508 1592 1540 saepe
1614 1499 1746 1533 dictum
1771 1508 1841 1542 est,
1883 1500 1974 1536 hanc
2002 1504 2091 1537 inte-

1105 1553 1200 1585 gram
1231 1544 1468 1578 obedientiam
1503 1560 1575 1580 non
1611 1561 1710 1592 posse
1744 1551 1780 1583 in
1812 1550 1875 1585 liae
1903 1554 2092 1597 depravata

1105 1600 1228 1626 natura
1246 1606 1331 1628 esse.
1365 1593 1537 1639 Expresse
1556 1600 1647 1632 enim
1667 1601 1974 1639 diciturRom.8.:
2001 1604 2091 1638 Sen-

1102 1655 1160 1676 sus
1179 1645 1293 1677 carnis
1312 1658 1383 1678 non
1402 1654 1512 1690 potest
1530 1649 1594 1691 legi
1615 1649 1679 1683 Dei
1697 1652 1841 1691 subiici,
1867 1661 1900 1687 et
1914 1653 2021 1689 Rom.
2038 1656 2089 1690 3.:

1104 1693 1154 1726 Ex
1177 1695 1341 1738 operibus
1366 1697 1450 1740 legis
1479 1712 1551 1731 non
1577 1701 1824 1736 iustificabitur
1848 1705 1964 1737 omnis
1990 1719 2084 1742 caro.

1076 1760 1078 1767 ·
1101 1743 1190 1777 Cum
1210 1746 1317 1788 igitur
1331 1747 1404 1791 lege
1422 1760 1524 1782 nemo
1542 1751 1585 1784 sit
1603 1752 1715 1785 iustus
1733 1766 1848 1787 coram
1868 1755 1943 1789 Deo
1961 1757 1997 1788 in
2023 1755 2086 1790 hac

1103 1796 1242 1828 mortali
1266 1805 1411 1839 natura,
1439 1798 1672 1844 Evangelium
1700 1805 1933 1839 concionatur
1952 1808 1993 1839 de
2020 1809 2087 1841 alia

1101 1846 1258 1887 iusticia,
1286 1861 1374 1893 quae
1392 1857 1443 1883 est
1459 1853 1598 1885 credere
1627 1853 1661 1885 in
1687 1855 1797 1887 filium
1816 1855 1899 1897 Dei,
1923 1858 2011 1891 sicut
2032 1857 2088 1891 lo-

1100 1893 1234 1931 hannes
1252 1899 1386 1944 inquit:
1416 1900 1486 1944 Qui
1505 1903 1614 1937 credit
1631 1904 1667 1937 in
1678 1905 1802 1947 filium,
1820 1905 1924 1941 habet
1941 1909 2061 1945 vitam.

1170 1996 1230 2034 Ne
1255 1998 1397 2036 dixeris
1422 2003 1460 2036 in
1486 2003 1590 2038 corde
1615 2010 1695 2047 luo,
1728 2005 1824 2054 Quis
1849 2009 2015 2044 ascendet

1483 2054 1521 2088 in
1551 2056 1699 2093 coelum.

1197 2126 1327 2162 Paulus
1345 2137 1527 2165 mutuatur
1543 2134 1813 2178 descriptionem
1836 2136 1915 2170 fidei
1934 2151 1973 2171 ex
1990 2139 2082 2173 dicto

1097 2176 1224 2216 Moisi‚
1253 2191 1316 2212 nec
1333 2181 1516 2227 detorquet
1535 2184 1622 2217 illud
1649 2187 1690 2218 ad
1713 2186 1909 2229 diversam,
1938 2198 1995 2223 aut
2021 2203 2082 2234 pe-

1098 2229 1268 2271 regrinam
1285 2233 1504 2269 seutentiam.
1544 2234 1631 2268 Nam
1649 2245 1680 2269 et
1698 2236 1830 2270 Moises
1851 2238 1981 2272 ibidem
2001 2253 2080 2275 vere

1096 2280 1261 2314 describit
1283 2289 1314 2315 et
1339 2284 1490 2326 postulat
1509 2286 1631 2327 fidem,
1658 2289 1716 2319 sed
1736 2287 1772 2319 in
1794 2287 1901 2322 Moisi
1919 2294 2080 2332 generale

1069 2325 1071 2337 '
1096 2330 1228 2363 dictum
1252 2339 1301 2365 est
1325 2334 1367 2366 de
1393 2336 1500 2368 verbo
1525 2343 1556 2369 et
1582 2338 1624 2369 de
1648 2337 1732 2378 fide,
1760 2340 1853 2383 quod
1874 2339 2005 2375 Paulus
2021 2356 2079 2377 ac-

1096 2383 1294 2415 commodat
1310 2385 1351 2416 ad
1371 2382 1437 2418 hoc
1453 2387 1599 2420 verbum
1620 2388 1661 2420 de
1675 2385 1835 2430 Christo,
1862 2391 1922 2435 qui
1940 2400 1987 2426 est
2001 2394 2081 2428 finis

1096 2431 1199 2474 legis,
1235 2441 1267 2467 et
1302 2435 1344 2467 de
1376 2448 1447 2483 quo
1476 2437 1727 2481 promissiones
1763 2440 1961 2485 loquuntur
1998 2454 2078 2480 ante

1096 2482 1202 2525 legem
1223 2485 1381 2520 traditae.

1194 2540 1352 2576 Primum
1370 2545 1478 2588 igitur
1494 2546 1626 2579 dictum
1638 2546 1744 2581 Moisi
1762 2549 1999 2594 inspiciamus,
2017 2558 2076 2599 qui

1093 2591 1292 2626 illustribus
1319 2594 1438 2637 figuris
1463 2596 1677 2639 impietatem
1704 2597 1852 2633 humani
1877 2605 1992 2637 cordis
2016 2608 2077 2639 de-

172 2637 215 2673 In
245 2635 310 2673 hac
341 2636 508 2673 antithesi
546 2640 691 2685 quidam
726 2639 908 2683 imaginati
938 2647 1040 2681 sunt,
1093 2642 1222 2685 pingit,
1251 2646 1346 2688 quod
1372 2646 1509 2679 etiamsi
1536 2648 1662 2690 cogitat
1684 2661 1756 2683 esse
1785 2652 1927 2693 Deum,
1962 2661 2076 2690 tamen

55 2691 192 2726 Statum
211 2689 410 2724 collationis
434 2687 539 2724 huius
556 2702 630 2725 esse
646 2692 682 2724 in
700 2688 755 2724 his
771 2692 906 2726 verbis:
934 2691 1037 2726 Vivet
1091 2693 1265 2738 disputat,
1287 2706 1331 2728 an
1348 2695 1444 2730 Deus
1460 2705 1557 2732 curet
1575 2710 1655 2732 nos:
1692 2708 1724 2734 et
1744 2714 1944 2748 quanquam
1964 2717 2079 2740 exem-
