2415 2942
293 116 388 152 1159

474 195 528 232 Οὐ
551 195 758 241 ([υσιοῦται.
810 188 899 225 ΛΓοη
923 190 1087 239 inflatur.

394 274 429 308 Si
467 274 627 306 ordinem
664 269 829 301 vitiorum
865 269 1080 308 consideres,
1122 267 1273 310 primum

296 334 344 359 est
369 324 559 368 Superbia,
599 323 630 353 id
658 328 725 358 est,
761 319 946 352 admiratio
971 319 1043 357 sni,
1080 317 1276 362 praeferens

296 389 366 409 s-:se
391 376 543 413 cacteris,
573 373 630 416 qui
650 372 683 403 in
703 369 765 402 hac
784 370 1032 414 depravatione
1052 377 1195 402 naturae
1213 365 1277 400 ho-

298 428 408 460 mines
433 437 504 457 sese
530 424 719 467 plurimum
747 428 876 459 amant,
906 432 964 452 sua
984 421 1074 452 dona
1093 421 1276 456 mirantur,

296 487 327 511 ct
346 489 378 509 se
396 478 438 508 ah
457 475 534 507 aliis
551 473 741 515 magnifieri
769 478 797 502 et
825 472 890 503 coli
926 471 1123 514 postulant,
1161 476 1190 501 et
1217 481 1277 500 vo-

298 530 372 560 lunt
400 538 470 558 esse
495 526 581 557 sicut
610 522 686 560 Dii,
721 529 755 554 ut
785 523 897 566 inquit
923 533 1062 564 serpens
1087 523 1127 553 ad
1156 518 1278 552 Evam.

296 578 346 611 Ex
365 576 386 610 li
402 590 427 609 :c
445 575 605 620 superbia
623 580 817 618 sequuntur
836 574 914 604 odia
934 574 1099 604 adversus
1117 582 1192 609 eos,
1219 569 1277 613 qui

296 630 463 660 vidi-ntur
491 639 553 659 nos
576 626 771 657 obscurare.
841 621 883 656 Et
916 634 992 655 cum
1027 620 1089 654 hos
1112 621 1279 663 repellere

298 690 485 717 conamur,
515 688 659 719 ina-gnae
681 675 920 706 contentiones
940 679 970 705 et
998 672 1138 704 dissidia
1157 671 1279 703 oriun-

298 739 366 763 tur.
439 727 505 760 llic
535 729 621 759 ordo
656 725 820 758 vitiorum
854 724 951 756 facile
975 722 1122 764 intelligi
1157 728 1279 765 potest.

297 780 400 813 Prius
419 786 533 812 autem
553 776 680 809 Paulus
700 776 740 807 de
760 775 827 806 illis
851 774 1042 806 manifestis
1066 773 1158 805 vitiis
1185 773 1279 803 locu-—

297 839 352 865 tus
379 836 445 869 est,
474 840 561 873 qnae
590 826 696 867 inagis
722 825 875 866 conspici
903 831 1068 867 possunt,
1097 831 1127 857 et
1155 835 1194 855 ex
1221 833 1279 854 su-

298 881 417 925 perbia
435 880 616 917 oriuntur,
645 879 686 908 de
704 876 894 917 cupiditate
919 875 1112 914 vindictae,
1139 875 1180 905 de
1205 885 1277 904 ino-

300 932 462 970 rositate,
491 940 578 974 quae
597 935 646 961 est
663 927 819 970 opposita
839 926 993 965 lenitati,
1020 933 1050 958 et
1070 927 1112 957 de
1133 923 1280 957 insidiis.

300 982 402 1015 Nunc
427 982 468 1013 de
493 979 607 1012 radice
633 978 800 1020 loquitur.
868 977 927 1009 Ait
961 976 1184 1008 dilectionem
1210 986 1280 1006 non

300 1032 435 1071 inflari,
471 1031 505 1063 id
531 1036 597 1069 est,
636 1029 785 1061 alienam
809 1039 881 1059 esse
906 1039 922 1059 a
948 1027 1110 1070 superbia
1136 1033 1167 1058 et
1191 1025 1281 1058 fastu

300 1082 510 1126 despiciente
538 1080 642 1117 alios,
672 1085 703 1111 et
726 1078 822 1123 quasi
848 1089 992 1120 regnum
1018 1078 1054 1109 in
1073 1077 1160 1109 alios
1183 1087 1280 1108 exer-

301 1141 416 1170 cente,
456 1133 514 1177 qni
549 1137 598 1163 est
621 1130 752 1162 malum
787 1129 1030 1173 tyrannicum,
1070 1128 1174 1160 etiam
1202 1138 1280 1159 cum

302 1190 477 1228 praeterea
505 1193 575 1214 non
601 1181 733 1213 accedit
757 1179 915 1212 saevitia:
953 1185 1066 1211 tamen
1098 1179 1188 1210 ferre
1220 1178 1282 1210 de-

303 1235 506 1277 spicientem
533 1239 563 1264 et
592 1229 795 1264 evellentem
816 1242 888 1262 sese
912 1230 1061 1262 nimium
1084 1240 1185 1271 supra
1210 1228 1281 1260 col-

302 1286 412 1327 legas,
441 1291 471 1316 et
491 1282 587 1327 qnasi
612 1294 755 1324 regnum
783 1288 981 1323 gerentem,
1014 1280 1197 1311 molestum
1223 1285 1283 1312 est.

303 1334 349 1369 Et
375 1335 554 1366 molestius
579 1339 643 1372 est,
672 1344 748 1364 cum
773 1332 940 1363 accedunt
966 1330 1197 1362 contumeliae
1223 1330 1282 1360 ad-

305 1397 425 1419 versus
443 1385 528 1416 alios
541 1411 548 1422 ,
576 1389 613 1415 ut
632 1394 708 1414 cum
726 1380 908 1414 Romanus
925 1380 1116 1423 Episcopus
1133 1380 1284 1412 Alexan-

305 1439 368 1470 der
391 1436 512 1469 tertius
532 1433 700 1466 Friderici
723 1431 946 1474 Imperatoris
970 1431 1059 1462 collo
1081 1431 1200 1472 pedem
1220 1430 1283 1461 im-

306 1487 436 1531 posuit.
504 1484 585 1517 Fuit
608 1490 724 1515 nostra
758 1482 924 1513 memoria
956 1481 1102 1523 insignis
1126 1480 1286 1522 snperbia

305 1536 506 1571 Cardinalis
526 1533 756 1567 Eboracensis
779 1534 813 1564 in
836 1531 978 1574 Angtia,
1013 1531 1073 1575 qui
1099 1542 1176 1563 cum
1202 1536 1289 1562 esset

306 1588 394 1621 lanii
428 1587 547 1623 filius,
591 1585 726 1616 medius
759 1584 897 1615 incessit
930 1583 1021 1614 inter
1055 1579 1221 1613 Carolum
1248 1579 1288 1612 V.

306 1638 577 1682 Imperatorem,
623 1642 655 1667 et
695 1633 888 1666 llenricuin
933 1644 1049 1674 regem
1091 1631 1291 1674 Anglicum,

307 1689 492 1732 utriusque
527 1684 674 1719 humero
711 1696 852 1716 manum
891 1684 1088 1729 imponens.
1156 1682 1198 1714 In
1231 1682 1290 1714 tali

309 1746 406 1782 gestu
426 1745 603 1781 utcunque
627 1736 765 1777 agnimci
794 1733 859 1766 hoc
884 1735 1014 1766 malum
1041 1739 1163 1776 potest.
1230 1730 1293 1765 Est

308 1798 423 1823 autem
456 1789 642 1832 proprium
676 1786 874 1818 dilectionis
909 1785 1079 1817 subiicere
1107 1796 1179 1816 sese
1206 1783 1294 1823 aliis,

309 1848 341 1874 et
358 1842 450 1874 dona
469 1840 509 1871 ad
537 1838 686 1870 aliorum
706 1837 891 1868 utilitatem
911 1835 1088 1874 conferre,
1117 1841 1148 1867 et
1165 1846 1199 1866 se
1218 1841 1294 1868 tan-

309 1903 413 1936 quam
447 1887 647 1921 ministrum
680 1894 711 1920 et
741 1887 942 1919 inferiorem
979 1886 1057 1917 aliis
1088 1897 1224 1927 gerere,
1260 1892 1296 1917 ut

310 1943 402 1975 filius
417 1939 480 1974 Dei
498 1940 645 1972 sormam
662 1938 751 1970 servi
774 1937 901 1969 induit.
956 1934 1001 1969 Et
1022 1936 1206 1968 minimum
1230 1935 1295 1968 suit

311 1992 494 2035 superbiae
518 1990 553 2022 in
573 1988 664 2034 Cyro
682 1989 767 2020 etin
793 1988 976 2031 Scipione,
1003 1986 1064 2030 qui
1087 1987 1188 2019 etiam
1216 1997 1293 2027 erga

311 2044 450 2075 infimos
466 2042 674 2074 studuerunt
694 2050 764 2070 esse
782 2038 925 2071 officiosi
941 2064 950 2077 ‚
974 2049 1036 2069 nec
1056 2038 1292 2080 praebuerunt

311 2093 620 2136 significationem,
655 2091 747 2134 quod
778 2102 811 2121 se
842 2089 918 2120 aliis
943 2088 1163 2121 anteferrent.
1226 2087 1294 2119 La—

312 2144 456 2177 boribus
475 2151 506 2177 et
523 2142 649 2174 virtute
664 2140 804 2173 student
821 2138 1025 2172 antecellere
1039 2164 1049 2178 ,
1077 2150 1148 2170 non
1168 2138 1267 2172 fastu.

651 2240 729 2276 Οὐκ
757 2239 967 2285 ἀσχημονεῖ.

419 2317 626 2362 Superbiam
645 2316 747 2349 multi
766 2314 922 2348 indecori
939 2320 1053 2357 gestus
1075 2313 1297 2354 comitantur,

315 2381 464 2414 quorum
486 2368 540 2401 hic
556 2369 591 2400 fit
610 2368 750 2399 mentio.
803 2365 943 2398 Primus
970 2372 1018 2397 est
1043 2364 1158 2397 inanis
1177 2372 1294 2397 osten-

316 2421 423 2458 tatio,
448 2426 486 2452 nt
511 2418 695 2461 Philippus
721 2416 869 2450 Macedo
896 2416 996 2448 iussit
1022 2426 1119 2447 suam
1145 2422 1292 2448 statuam

316 2469 441 2512 gestari
466 2470 557 2501 inter
581 2469 735 2502 Deorum
764 2474 904 2500 statuas.
958 2466 1158 2498 Alexander
1182 2466 1293 2498 inces-

317 2522 361 2554 sit
383 2520 475 2553 velut
494 2519 624 2562 Iupiter
641 2517 829 2552 Hammon.
882 2515 1046 2560 Episcopi
1064 2515 1219 2550 Romani
1236 2528 1294 2559 ge-

317 2578 454 2604 stantur
478 2580 605 2602 corona
631 2569 760 2611 triplici
780 2568 916 2606 ornati,
945 2574 977 2600 et
995 2568 1169 2611 praecedit
1186 2579 1293 2612 equus

317 2630 451 2664 gestans
476 2631 599 2664 panem
621 2626 878 2656 consecratum,
913 2617 1001 2651 sicut
1027 2617 1117 2660 ignis
1141 2616 1291 2650 veheba-

316 2681 373 2705 tur
394 2678 472 2705 ante
492 2669 646 2704 Persicos
668 2679 782 2711 reges,
809 2676 848 2703 ut
873 2668 979 2703 simul
1003 2668 1099 2702 fieret
1121 2669 1291 2704 adoratio.

870 106 995 142 mun.
1029 104 1145 141 MEL.
1183 103 1389 140 SCR1PTA
1424 95 1722 139 EXEGETmA.

2214 95 2310 134 1140

1328 188 1372 223 Et
1398 190 1498 223 multi
1523 196 1605 223 sunt
1629 188 1688 221 alii
1707 188 1861 221 indecori
1879 194 1992 231 gestus
2009 186 2164 222 Romani
2180 183 2303 218 Ponti-

1330 241 1417 281 ficis,
1445 247 1481 274 ut
1502 242 1594 286 quod
1613 240 1754 287 praebet
1775 240 1879 283 pedes
1895 239 2114 273 osculandos-

1433 299 1590 342 Longum
1627 305 1713 331 esset
1749 297 1964 330 differentias
1997 303 2153 340 gestuum
2189 294 2306 327 defor-

1330 351 1438 382 mium
1464 351 1627 388 recitare,
1670 361 1821 393 quornm
1847 349 1906 380 alii
1939 347 2079 391 proprie
2103 345 2196 390 pleni
2223 351 2304 378 suut

1329 401 1568 441 scurrilitatis,
1607 407 1641 433 ut
1667 400 1808 442 gallicae
1831 398 2032 432 saltationes
2055 395 2308 431 Cardinalium.

1331 449 1401 483 Alii
1422 452 1586 484 oriuntur
1607 452 1649 483 ab
1670 451 1738 490 ira,
1767 451 1810 482 al)
1827 448 2080 488 aemulatione,
2107 446 2217 483 odiis,
2245 456 2307 478 cuv

1332 502 1475 543 piditate
1505 502 1697 538 vindictae,
1741 508 1777 533 ut
1811 500 1988 537 convicia,
2021 496 2306 534 obtrectationes,

1331 552 1488 593 fastidia,
1516 552 1751 585 calumniosae
1776 551 1987 590 delationes,
2016 548 2203 582 crudelitas
2225 558 2308 590 sup-

1332 603 1537 646 pliciorum,
1570 610 1607 636 ut
1634 604 1796 635 defensor
1822 602 1973 634 Arianae
2000 599 2189 643 impietatis
2217 595 2308 630 Gre-

1332 654 1450 695 gorius
1484 653 1674 697 Episcopus
1714 652 1974 685 Alexandrinus
2016 650 2116 683 iussit
2157 648 2308 689 virgines

1332 704 1410 736 duci
1434 706 1545 736 nudas
1563 706 1603 736 ad
1622 704 1811 747 supplicia,
1842 714 1930 747 quae
1949 701 2143 735 retinebant
2170 698 2308 733 confes-

1333 755 1465 787 sionem
1493 767 1590 787 verae
1617 755 1813 794 doctrinae,
1844 753 1987 786 inimisit
2013 759 2044 785 et
2069 751 2225 796 equitum
2250 760 2309 781 co-

1334 803 1468 837 hortem
1500 807 1540 837 ad
1577 805 1834 838 interficiendos
1868 802 2045 843 homines,
2080 802 2139 846 qni
2177 801 2212 834 in
2239 799 2309 832 alio

1333 856 1463 899 templo
1479 862 1726 888 convenerant.
1780 853 1825 888 Et
1845 855 1953 887 multa
1976 861 2057 887 sunt
2081 853 2161 885 tatia
2189 859 2309 898 tyran-

1333 907 1408 938 nica
1427 907 1580 949 exempla
1596 907 1755 939 omnium
1772 912 1933 939 aetatum.
1989 904 2101 937 Faber
2118 900 2312 946 Episcopus

1333 956 1545 989 Viennensis
1566 956 1769 1000 Grynaeum
1782 983 1790 996 ‚
1818 956 1876 1000 qui
1894 955 2027 998 placide
2043 966 2121 987 eum
2140 953 2313 986 allocutus

1333 1008 1464 1045 suerat,
1493 1007 1621 1040 auditis
1649 1007 1855 1040 monstrosis
1877 1005 2056 1038 erroribus
2078 1004 2113 1036 in
2146 1003 2314 1036 concione

1334 1056 1452 1091 habita
1479 1058 1514 1090 in
1541 1065 1714 1091 conventu
1738 1056 1915 1101 Spirensi,
1943 1054 2048 1088 Anno
2067 1053 2174 1088 1529.
2199 1054 2313 1087 statim

1334 1121 1394 1153 per
1411 1109 1551 1142 lictores
1568 1108 1686 1153 quaeri
1703 1107 1814 1147 iussit,
1829 1107 1916 1140 utin
1935 1118 2105 1139 carcerem
2119 1106 2313 1138 duceretur.

1334 1159 1494 1203 Denique
1519 1159 1740 1191 mediocriter
1763 1157 1909 1190 iudicari
1935 1163 2045 1200 potest
2068 1162 2227 1200 gestuum
2254 1156 2315 1188 de-

1334 1211 1491 1243 formitas
1510 1210 1545 1242 in
1563 1209 1709 1242 summis
1726 1215 1757 1242 et
1774 1208 1915 1243 infimis.

1629 1308 1682 1345 Οὐ
1708 1307 1807 1354 ζητεῖ
1825 1306 1869 1343 τό
1891 1308 2031 1353 ἑαυτῆς.

1440 1375 1477 1409 ld
1499 1383 1559 1416 est,
1588 1388 1657 1409 non
1678 1383 1726 1409 est
1743 1373 1989 1421 πλεονεκτικὴ,
2010 1376 2068 1408 sed
2084 1381 2175 1408 amat
2192 1385 2319 1419 aequa-

1339 1428 1484 1467 litatem,
1513 1439 1574 1459 nec
1595 1427 1723 1470 appetit
1742 1428 2015 1461 extraordinaria
2035 1426 2230 1465 commoda,
2257 1436 2320 1457 nec

1341 1479 1425 1511 alios
1455 1484 1576 1510 onerat
1607 1478 1805 1519 laboribus,
1845 1478 1902 1510 sed
1929 1477 2045 1520 potius
2074 1477 2110 1508 in
2138 1487 2211 1510 sese
2242 1475 2321 1520 plus

1341 1540 1487 1561 onerum
1514 1527 1694 1568 transfert,
1728 1529 1808 1572 quia
1836 1530 1872 1562 in
1897 1527 2106 1571 aequalitas,
2129 1537 2223 1571 vquae
2241 1525 2320 1559 aliis

1343 1579 1447 1622 eripit
1469 1579 1670 1618 commoda,
1711 1579 1910 1613 voluntates
1933 1578 2082 1618 alienat,
2114 1583 2154 1610 ut
2175 1576 2320 1610 dicitur:

1342 1627 1404 1663 ἶσα
1420 1625 1579 1672 πόλεμον
1596 1627 1638 1662 οὐ
1654 1629 1756 1662 ποιεῖ.

1445 1688 1527 1722 Ideo
1554 1688 1707 1721 studiose
1725 1686 1855 1733 Cyrus,
1882 1687 1943 1720 etsi
1972 1685 2164 1730 plurimum
2191 1684 2322 1719 laboris

1345 1740 1508 1779 sustinet,
1535 1746 1651 1772 tamen
1677 1750 1789 1781 regem
1809 1737 2001 1784 Cyaxarem
2028 1744 2228 1770 reverenter
2253 1734 2322 1770 ho-

1347 1803 1431 1823 nore
1455 1790 1588 1829 adficit,
1623 1796 1789 1833 tanquam
1815 1789 2022 1829 dominum,
2055 1794 2088 1821 et
2115 1787 2213 1821 iubet
2241 1799 2321 1821 eum

1347 1842 1390 1874 ab
1407 1841 1485 1874 aliis
1507 1839 1640 1874 honore
1659 1840 1771 1873 adfici.

1673 1930 1727 1967 Οὐ
1743 1926 1997 1976 παροξύνεται.

1449 1999 1486 2032 Id
1505 2006 1564 2038 est,
1593 1999 1745 2041 primuni
1763 2010 1835 2030 non
1857 1998 1937 2030 sinit
1956 2009 1990 2030 se
2010 1996 2140 2030 irritari
2159 1995 2252 2030 falsis
2267 2003 2325 2030 aut

1346 2051 1482 2083 frivolis
1499 2050 1753 2086 delationibus,
1781 2048 1851 2080 imo
1876 2060 1938 2080 nec
1957 2055 2098 2092 propter
2122 2058 2219 2080 veras
2242 2058 2325 2080 cau-

1347 2113 1399 2134 sas
1425 2099 1664 2133 vehementius
1690 2099 1860 2133 irascitur.
1920 2098 2077 2131 Primum
2103 2105 2216 2131 autem
2240 2109 2325 2131 con-

1349 2158 1433 2192 stat,
1461 2151 1660 2194 saepissime
1684 2150 1779 2183 falsis
1806 2149 2112 2182 criminationibus
2137 2156 2169 2182 et
2191 2148 2322 2182 calum-

1350 2202 1418 2235 niis
1459 2202 1532 2234 fieri
1568 2201 1780 2246 perniciosas
1816 2200 2056 2233 distractiones
2091 2200 2324 2240 voluntatum,

1349 2254 1443 2286 unde
1467 2259 1582 2296 postea
1604 2251 1798 2285 discordiae
1820 2251 1856 2283 in
1890 2251 2069 2295 republica
2098 2257 2129 2284 et
2156 2250 2246 2283 betta
2270 2261 2323 2283 se-

1348 2311 1517 2347 quuntur.
1579 2301 1625 2336 Et
1649 2310 1770 2335 notum
1796 2308 1847 2335 est
1868 2302 1999 2335 dictum
2022 2300 2222 2334 Salomonis
2246 2311 2325 2344 gra-

1349 2355 1554 2387 vissimum:
1595 2353 1780 2387 Calumnia
1816 2353 2001 2386 conturbat
2036 2351 2250 2395 sapientem,
2291 2358 2325 2386 et

1347 2405 1474 2448 frangit
1496 2405 1605 2438 robur
1625 2404 1741 2437 cordis
1764 2403 1848 2437 eius.
1906 2400 1971 2436 Est
1999 2408 2112 2436 autem
2136 2400 2323 2436 Calumnia

1347 2468 1415 2489 una
1441 2468 1480 2489 ex
1505 2456 1659 2499 pestibus
1684 2454 1806 2487 aulicis
1833 2453 2036 2497 praecipua,
2073 2453 2116 2485 de
2143 2464 2211 2497 qua
2234 2453 2322 2486 dixit

1346 2507 1488 2551 quidam
1523 2505 1715 2539 Alexandri
1746 2501 1879 2543 Κόλαξ
1904 2499 2057 2548 μήὸιοςε
2097 2502 2323 2538 Calumniare

1345 2559 1528 2598 audacter,
1555 2558 1636 2601 quia
1655 2568 1792 2599 semper
1809 2555 1905 2588 aliud
1922 2552 2053 2589 haeret.

1440 2615 1493 2649 De
1517 2616 1569 2648 ira
1599 2615 1702 2648 etiam
1728 2620 1762 2646 et
1786 2612 1977 2656 cupiditate
2011 2612 2186 2646 vindictae
2216 2623 2321 2656 supra

1347 2667 1476 2701 dictum
1496 2673 1555 2700 est.
1608 2666 1659 2699 Ac
1677 2665 1835 2699 videmus
1851 2663 1984 2697 moveri
2001 2663 2140 2708 respub.
2157 2674 2236 2697 cum
2258 2674 2326 2708 gu.
