2415 2942
222 101 316 134 1339

223 196 250 219 vt
295 183 441 220 veneni,
484 179 639 223 inquieta
671 183 702 209 et
731 173 940 220 sophistica,
984 187 1072 219 quae
1111 186 1212 218 saepe

223 239 325 270 ctiam
357 231 589 278 plausibiliter
627 228 799 260 instruere
833 226 1027 260 calumnias
1057 234 1212 269 possunt.

223 287 346 322 Deliis
364 284 493 317 dicitur
510 280 676 314 Proverb.
699 278 775 313 17.:
806 277 951 322 Semper
976 276 1085 319 iurgia
1108 289 1213 322 quae..

224 340 266 372 iit
299 337 432 374 uzalim,
468 340 500 365 et
534 330 684 364 nuncius
717 329 868 362 crudelis
897 328 1058 361 mittetur
1093 334 1212 360 contra

224 401 315 422 vum.
383 384 553 419 Tenenda
586 388 635 414 est
668 387 782 413 autem
817 379 954 422 regula,
997 376 1127 412 Manli.
1161 378 1213 413 5.:

224 440 321 473 lieati
362 437 443 471 estis
487 445 566 467 cum
606 432 814 465 maledicent
855 431 954 463 vobis
997 433 1213 462 menti-ntes.

226 491 335 529 lte-m,
384 486 524 521 Psalmo
553 483 632 517 18.:
683 482 739 516 llli
772 481 982 514 maledicent
1015 487 1049 514 et
1085 488 1121 513 tn
1155 482 1214 513 be-

228 542 378 574 nedices.

328 589 368 623 Et
390 585 580 622 necessaria
600 585 712 617 virtus
728 590 774 616 est
798 583 833 615 iu
847 583 916 615 vita
935 582 1108 626 sapit—nter
1126 582 1216 613 ferre

225 644 311 677 tales
330 640 490 677 iniurias,
517 644 555 670 ut
575 635 712 676 David,
741 634 883 673 Fabius,
912 646 984 666 non
1003 633 1215 676 respondent

225 690 553 727 calumniatoribus.

326 742 394 776 Hic
420 748 453 774 et
478 737 633 785 quaestio
654 737 696 768 de
714 734 909 769 Donatistis
935 734 1096 774 agitatur.
1139 731 1215 766 Etsi

225 808 297 829 non
320 800 399 827 sunt
420 790 569 834 eligendi
591 788 755 826 infames,
783 793 812 818 et
836 785 1039 817 removendi
1059 792 1155 817 erant
1176 784 1214 823 ii,

225 847 284 891 qui
309 851 425 889 postea
450 854 527 874 cum
555 845 633 871 sunt
662 838 697 869 in
724 836 919 869 ministerio
945 835 1033 868 fiunt
1059 835 1216 873 infames,

225 907 342 932 tamen
375 906 471 926 error
496 890 759 925 Donatistarum
787 887 1027 929 explodendos
1053 893 1119 924 est,
1155 886 1214 930 qui

225 946 483 981 contendebant
516 954 587 975 non
619 939 734 971 valer«-¹
766 937 1019 976 ministerium,
1062 949 1140 969 cuin
1176 948 1215 969 eo

224 1001 455 1041 fungerentur
474 993 635 1027 homiues
654 989 778 1031 polluti
807 996 927 1022 contra
952 987 1214 1027 conscientiam,

225 1058 345 1084 contra
366 1046 429 1080 lios
446 1042 655 1089 opponenda
675 1049 723 1074 est
745 1040 922 1077 doctrina,
952 1040 1045 1082 quod
1066 1038 1214 1070 efficacia
1242 1052 1243 1055 ¹

227 1099 412 1134 ministerii
439 1108 507 1129 non
530 1095 678 1138 pendeat
703 1104 740 1124 ex
761 1091 915 1123 ministri
940 1090 1129 1132 dignitate,
1156 1090 1212 1121 sed

225 1164 306 1185 vere
332 1151 377 1183 sit
402 1159 489 1192 opus
506 1145 590 1187 Dei,
618 1144 706 1176 sicut
735 1140 910 1176 lohannes
938 1141 1073 1185 inquit,
1101 1139 1215 1173 Lucae

226 1204 275 1237 35
304 1200 379 1243 Ego
398 1198 537 1245 baptizo
557 1207 617 1227 vos
641 1206 748 1238 aqua,
776 1193 865 1225 alius
891 1200 1004 1224 antem
1023 1191 1215 1234 baptizabit

225 1266 285 1285 vos
311 1252 381 1293 igni
401 1258 433 1283 et
452 1248 585 1292 Spiritu
613 1252 742 1278 sancto.

224 1303 379 1338 Ecclesia
400 1311 561 1342 sagenae,
591 1297 626 1328 in
646 1308 712 1340 qua
731 1294 865 1327 boniet
885 1294 966 1326 mali
988 1294 1095 1336 pisces
1116 1300 1213 1326 sunt:

827 89 949 123 l'lllL.
979 88 1093 124 MEL.
1120 88 1327 125 Stlsswl‘A
1359 90 1654 127 EXEGETtCA.

1240 1062 1244 1228 ἕ

792 1241 921 1277 Manli.
946 1243 1002 1277 13.
1037 1243 1216 1275 confertur
1242 1275 1243 1278 ,

225 1357 270 1389 ita
295 1362 326 1387 et
353 1354 388 1385 in
413 1358 484 1384 tota
504 1347 658 1382 Ecclesia
683 1353 714 1378 et
740 1346 775 1377 in
802 1344 1000 1377 ministerio
1024 1351 1104 1376 sunt.
1129 1343 1215 1376 boni
1242 1369 1243 1373 ,

225 1415 254 1439 et
277 1405 379 1446 mali,
406 1403 463 1434 secl
482 1409 596 1434 tamen
617 1398 659 1430 de
677 1396 835 1429 doctrina
854 1397 1123 1428 consentientes.
1150 1394 1215 1427 His

226 1453 531 1490 admonitionibus
547 1448 612 1482 boc
630 1449 704 1480 loco
723 1446 876 1480 contenti
901 1446 1018 1478 simus.

498 1533 623 1569 Unius
653 1530 782 1565 uxoris
812 1529 941 1564 virum.

326 1606 413 1639 vult
437 1604 638 1637 ministrnm
657 1598 840 1641 Evangelii
866 1605 998 1630 castum
1028 1609 1116 1637 esse,
1144 1597 1216 1629 sive

225 1660 409 1694 maritum,
437 1656 508 1687 sive
526 1653 706 1686 coelibem.
762 1649 806 1683 Et
833 1649 913 1693 quia
942 1649 1042 1692 pauci
1067 1655 1149 1681 sunt
1173 1648 1213 1680 ad

225 1712 331 1743 vitam
365 1708 533 1741 coelibem
574 1702 714 1742 idonei,
757 1700 874 1745 posuit
899 1700 1043 1732 alteram
1073 1706 1216 1741 partem,
1243 1720 1244 1723 ,

226 1762 320 1794 iubet
360 1759 440 1801 eligi
479 1755 644 1789 maritum
681 1751 887 1785 honestum:
931 1763 969 1782 ac
1003 1750 1215 1782 mentionem

224 1811 378 1851 coniugii
409 1808 491 1842 facit
516 1806 619 1839 etiam
649 1802 738 1836 lianc
770 1804 880 1845 ipsam
915 1802 960 1833 ob
986 1812 1142 1840 causam,
1179 1807 1217 1832 ut

225 1864 386 1896 ostendat
417 1858 559 1892 concedi
592 1855 795 1897 coniugium
837 1853 1003 1885 omnibus
1033 1850 1217 1893 Evangelii

226 1913 408 1947 ministris.
462 1908 602 1942 Omitto
627 1913 742 1939 autem
771 1903 1026 1947 disputationes
1050 1904 1092 1935 de
1120 1903 1217 1944 diga-

227 1965 307 1998 mia.
364 1962 526 1994 Vetustas
545 1959 703 2000 digamos
732 1955 938 1988 nominabat
964 1965 1041 1991 eos,
1070 1954 1130 1998 qui
1157 1965 1217 1985 eo—

226 2016 304 2048 dem
331 2021 487 2057 tempore
515 2010 631 2053 plures
655 2007 820 2049 coniuges
845 2003 1045 2044 habebant,
1087 2011 1124 2037 ut
1158 2016 1217 2047 pa-

226 2074 279 2100 ter
312 2063 486 2099 Samuelis
514 2061 580 2093 fuit
611 2059 796 2100 digamus,
842 2057 900 2088 sed
937 2063 1052 2099 postea
1087 2056 1218 2088 multae

226 2119 341 2150 fatuae
366 2114 553 2159 opiniones
577 2116 678 2143 natae
702 2115 783 2142 sunt
801 2135 809 2148 ,
844 2119 928 2152 quas
954 2118 1025 2139 non
1052 2106 1138 2139 libet
1163 2118 1215 2138 re-

227 2177 345 2201 citare.

331 2214 502 2250 'l'enenda
537 2220 586 2246 est
619 2217 734 2244 antem
776 2209 812 2241 in
849 2207 1004 2241 Ecclesia
1046 2208 1217 2245 doctrina,

229 2270 321 2314 quod
350 2264 553 2307 coniugium
581 2263 624 2296 sit
649 2261 801 2304 legitima
823 2267 851 2292 et
871 2259 1114 2300 inseparabilis
1133 2270 1215 2290 con-

228 2318 382 2358 iunctio,
417 2323 553 2349 tantum
581 2313 688 2347 unius
713 2311 819 2344 maris
847 2318 877 2343 et
904 2310 1009 2342 unius
1036 2309 1218 2348 foeminae,

228 2372 322 2404 iuxta
344 2369 493 2412 primam
515 2364 789 2399 institutionem:
819 2369 851 2395 et
875 2360 1050 2394 Dominus
1080 2367 1217 2392 revocat

228 2420 418 2455 Ecclesiam
444 2418 485 2449 ad
505 2418 654 2461 primam
679 2413 949 2447 institutionem.
1004 2409 1120 2443 Erunt
1146 2412 1215 2443 duo

229 2474 266 2506 in
284 2482 421 2505 carnem
445 2480 549 2501 unam
563 2495 571 2507 ,
599 2468 633 2499 id
653 2473 713 2505 est,
740 2476 827 2497 unas
844 2475 914 2495 mas
932 2471 960 2495 et
980 2474 1049 2494 una
1064 2461 1216 2494 foemina

228 2519 510 2566 inseparabiliter
539 2517 660 2551 iuncti.
720 2514 810 2549 Cum
837 2521 951 2547 autem
978 2513 1130 2545 moritur
1159 2519 1217 2545 aut

229 2574 376 2608 maritus
392 2576 450 2604 ant
467 2582 573 2608 uxor,
601 2577 802 2601 concessum
826 2572 876 2598 est
901 2565 994 2597 aliud
1022 2563 1215 2603 legitiuunn

230 2623 432 2666 coniugium
473 2618 681 2654 contrabere
700 2643 708 2659 ,
755 2624 794 2650 ut
825 2616 915 2650 infra
949 2616 991 2648 de
1018 2615 1133 2647 viduis
1163 2614 1214 2647 di-

229 2687 337 2710 (etur.

2158 94 2253 131 1340

1528 184 1701 220 Subrium
1723 185 1785 222 καὶ
1806 184 1996 235 σώφρονα.

1365 252 1585 287 Vocabulum
1611 265 1775 300 σωφρων
1800 267 1902 299 snpra
1928 263 2126 290 enarratum
2147 259 2254 302 signi-

1265 306 1338 337 ficat
1360 306 1555 338 modestum
1573 306 1609 338 in
1627 317 1767 348 genere:
1797 307 1974 339 interdum
1993 315 2024 341 et
2042 320 2104 351 pro
2123 316 2253 352 tempe-

1265 358 1376 389 rantia
1402 362 1433 388 et
1459 368 1522 399 pro
1556 357 1775 389 continentia
1804 365 2005 400 usurpatur·
2023 371 2153 391 nomen
2181 371 2254 394 σω-

1266 403 1457 453 (semotim).
1514 406 1653 440 Nomen
1673 408 1862 440 modestiae
1888 409 2084 451 generalius
2110 417 2177 443 est:
2205 411 2252 443 si-

1266 459 1405 500 guificat
1431 457 1524 490 enim
1551 458 1738 501 virtutem,
1767 471 1855 503 quae
1881 459 1983 491 etiam
2011 461 2047 492 in
2075 461 2256 504 opinioni-

1269 511 1351 547 bus,
1380 521 1539 541 sermone
1568 516 1600 542 et
1626 516 1721 551 gestu
1748 510 2030 543 convenientiam
2057 519 2188 550 servat,
2215 519 2255 545 ut

1265 559 1417 594 Roman.
1465 561 1519 594 12.
1562 560 1710 603 opponit
1759 561 1943 604 superbis.
2000 563 2256 605 arrogantibus,

1266 611 1508 651 iactabuudis,
1537 608 1807 652 Thrasonibus,
1839 612 2104 647 Ardelionibns.

1676 691 1852 739 Ix‘dosuoz‘.

1371 760 1535 793 Vicinum
1554 767 1604 794 est
1627 757 1884 807 σωφρωσύνῃ,
1912 762 1969 795 sed
1991 761 2131 807 proprie
2149 761 2259 804 signi-

1266 811 1344 844 ficat
1362 824 1378 843 a
1399 812 1537 845 levitate
1562 823 1622 844 seu
1641 813 1852 845 scurrilitate
1870 813 2036 847 alienum.
2091 812 2172 846 Non
2194 813 2256 845 de-

1267 863 1378 895 ditum
1397 863 1551 905 indiguis
1572 863 1665 895 ludis
1684 870 1740 895 aut
1760 864 1921 905 ineptiis,
1949 864 1985 896 in
2006 864 2133 898 vestitu
2149 870 2180 896 et
2198 874 2258 907 ge—

1266 920 1342 955 stu,
1372 914 1459 945 sicut
1483 913 1688 945 Cardinales
1708 912 1837 946 Gallici
1864 915 1993 947 reversi
2023 927 2060 947 ex
2087 914 2256 947 electione

1266 963 1366 997 Pauli
1403 964 1596 1006 pontificis,
1634 963 1789 996 Venetiis
1823 965 2019 998 invitarunt
2051 965 2257 1002 meretrices,

1266 1022 1299 1048 et
1317 1016 1408 1059 apud
1427 1026 1482 1047 eas
1497 1015 1667 1048 saltarunt
1685 1015 1887 1048 saltationes
1908 1015 2075 1050 Gallicas,

1636 1097 1886 1146 Hospe'lalem.

1372 1167 1466 1201 Haec
1484 1167 1614 1211 species
1637 1168 1886 1200 beneficentiae
1911 1179 2011 1211 saepe
2037 1168 2201 1202 landatur
2218 1169 2256 1202 in

1268 1219 1500 1253 concionibus
1517 1219 1668 1259 divinis,
1693 1226 1724 1251 et
1744 1218 1908 1262 inprimis
1934 1219 2132 1264 necessaria·
2153 1226 2202 1253 est
2219 1220 2256 1253 in

1266 1270 1440 1310 Ecclesia,
1469 1276 1614 1314 propter
1631 1270 1750 1302 crebra
1768 1270 1870 1302 exilia
1889 1270 2039 1313 piorum.
2091 1269 2177 1304 Vult
2194 1282 2257 1303 au-

1267 1329 1335 1355 tem
1364 1320 1457 1354 Deus
1481 1333 1545 1353 nos
1571 1321 1723 1364 cogitare
1746 1332 1807 1354 cur
1833 1320 1870 1353 in
1896 1322 2029 1354 mundo
2054 1321 2169 1355 exulet
2187 1318 2259 1354 Ec-

1268 1373 1392 1411 clesia,
1418 1372 1599 1412 videlicet,
1627 1372 1700 1404 vult
1718 1384 1780 1404 nos
1806 1372 1982 1404 recordari
2007 1372 2160 1416 primum
2186 1372 2260 1405 exi-'

1268 1423 1367 1463 lium,
1394 1423 1428 1454 in
1448 1434 1516 1467 quo
1535 1422 1679 1465 patriam
1699 1423 1880 1455 coelestem
1900 1422 2090 1456 amisimus.
2119 1421 2257 1455 Deinde

1269 1474 1343 1506 vult
1364 1485 1425 1505 nos
1450 1473 1626 1505 recordari
1651 1473 1793 1505 exilium
1821 1473 1902 1508 filii,
1941 1473 2000 1517 qui
2027 1479 2170 1516 propter
2192 1485 2256 1506 nos

1268 1524 1378 1557 sactus
1397 1531 1445 1556 est
1461 1524 1559 1564 exul,
1589 1530 1626 1555 ut
1649 1534 1712 1555 nos
1732 1525 1874 1556 reducat
1894 1524 1929 1555 in
1951 1524 2108 1566 patriam.
2146 1524 2257 1567 Saepe

1269 1574 1392 1617 ingens
1409 1574 1599 1606 multitudo
1617 1574 1721 1606 simul
1739 1586 1778 1606 ex
1798 1574 1946 1606 urbibus
1964 1574 2103 1617 expulsa
2129 1581 2198 1614 est,
2226 1580 2258 1608 et

1269 1632 1402 1657 turmae
1434 1624 1591 1668 equitum
1628 1624 1820 1663 immissae,
1855 1636 1944 1669 quae
1968 1636 2083 1663 seneS,
2120 1636 2260 1668 pueros,

1269 1676 1432 1708 mulieres
1458 1675 1719 1708 conculcarunt.
1770 1673 1963 1707 vInterdum
1987 1674 2082 1708 Deus
2110 1676 2147 1708 in
2172 1687 2258 1708 con-

1269 1733 1387 1770 spectu
1404 1727 1553 1758 aliorum
1573 1726 1710 1770 aliquos
1729 1725 1765 1757 in
1784 1726 1919 1758 coelum
1949 1726 2116 1766 abduxit,
2143 1732 2181 1759 ut
2208 1726 2259 1759 le-

1269 1778 1363 1820 gitur
1388 1778 1430 1809 de
1455 1788 1535 1809 sene
1565 1774 1806 1809 Chaeremone
1837 1783 1868 1809 et
1894 1776 1968 1809 eius
1997 1777 2146 1820 coniuge
2176 1789 2258 1817 anu,

1270 1829 1329 1872 qui
1357 1840 1434 1860 cnm
1461 1840 1500 1859 ex
1524 1828 1610 1859 urbe
1634 1825 1782 1871 Aegypti
1808 1826 1964 1870 Nitopoli
1989 1828 2257 1873 expellerentur,

1270 1887 1301 1911 et
1338 1885 1482 1923 propter
1519 1884 1677 1911 senectae
1708 1878 1984 1910 imbecillitatem
2016 1891 2088 1911 non
2115 1885 2256 1922 possent

1270 1930 1475 1974 procedere,
1516 1941 1595 1962 cum
1628 1928 1763 1973 reliqua
1793 1929 2022 1963 multitudine
2051 1930 2088 1962 in
2120 1929 2257 1963 coelum

1271 1980 1430 2015 translati
1449 1986 1541 2014 sunt.

1410 2057 1633 2096 Λιδακτικὸν
1652 2058 1821 2094 idoneum
1841 2058 1896 2094 ad
1907 2058 2132 2098 docendum(

1371 2136 1529 2170 Postulat
1554 2148 1627 2169 non
1650 2136 1763 2168 solum
1790 2143 1827 2169 nt
1848 2143 1990 2169 teneant
2014 2137 2165 2171 ministri
2191 2138 2256 2171 do—

1270 2189 1417 2223 ctrinam
1444 2187 1635 2227 Ecclesiae,
1672 2188 1729 2219 sed
1765 2187 1869 2219 etiam
1902 2195 1939 2221 ut
1975 2187 2045 2221 sint
2071 2188 2188 2221 idonei
2212 2189 2256 2221 ad

1270 2241 1486 2278 docendum,
1526 2238 1614 2271 sicut
1647 2244 1677 2270 et
1713 2238 1802 2270 infra
1831 2238 1946 2281 inquit
1970 2241 2004 2273 2.
2030 2237 2256 2274 Timoth.2.:

1269 2290 1486 2324 Commenda
1512 2289 1708 2322 doctrinam
1743 2286 1948 2322 hominibus
1976 2289 2157 2333 fidelibus,
2193 2289 2255 2335 qui

1270 2343 1311 2374 ad
1345 2341 1540 2373 docendum
1566 2339 1683 2371 idonei
1717 2339 1796 2374 sint.
1858 2338 1903 2373 Et
1922 2341 1965 2372 ad
1985 2339 2106 2373 Titum
2127 2353 2200 2385 cap.
2221 2343 2252 2375 1.

1271 2393 1404 2437 inquit:
1441 2391 1493 2425 Sit
1518 2398 1639 2434 putens
1663 2391 1705 2422 ad
1730 2391 1945 2430 docendum,
1979 2397 2010 2423 et
2034 2392 2074 2422 ad
2099 2392 2255 2425 refutan-

1270 2445 1332 2476 dos
1357 2442 1643 2474 contradicentes,
1699 2440 1743 2474 Et
1767 2443 1922 2474 studium
1948 2442 2111 2484 praecipit
2142 2447 2170 2477 1.
2191 2441 2256 2475 Ti-

1271 2491 1380 2528 motb.
1403 2491 1451 2528 4.:
1481 2492 1535 2526 Sis
1553 2492 1712 2525 assiduus
1731 2500 1763 2525 et
1781 2499 1930 2526 attentus
1949 2492 1983 2524 iu
2003 2493 2160 2534 lectione,
2189 2494 2255 2525 do-

1267 2545 1378 2578 ctrina
1397 2550 1430 2578 et
1446 2542 1696 2577 consolatione.

1371 2611 1466 2644 Haec
1485 2611 1575 2643 dicta
1593 2609 1864 2643 familiarissime
1887 2617 1969 2643 nota
1988 2610 2057 2644 sint
2077 2614 2255 2654 omnibus,

1271 2669 1308 2696 ut
1336 2675 1399 2696 nos
1425 2663 1466 2695 ad
1485 2662 1690 2695 discendum
1715 2661 1910 2695 excitemus.
1964 2661 2123 2697 Sciamus
2148 2665 2255 2708 igitur

2405 843 2415 1216 r--v-qs-p-esazmm
