2415 2942
87 95 184 132 1153
234 92 336 128 XIII.

85 179 201 214 miles.
240 176 322 211 Non
338 183 452 210 autem
471 188 552 209 vere
574 176 707 209 lenitur
726 176 841 216 dolor,
868 176 978 208 donec
997 182 1078 209 tan-

85 237 160 265 tum
182 228 295 263 tristia
315 228 450 261 obiecta
477 239 577 261 mens
601 227 770 260 intuetur.
833 224 933 268 Quae
959 233 1077 259 autem

83 281 219 314 obiecta
246 279 289 312 ad
321 278 556 312 consolandos
591 278 728 310 animos
759 284 1005 321 proponantur
1040 277 1076 309 in

83 327 331 376 philosophia,
374 341 463 374 quae
496 329 533 361 in
559 328 772 370 Evangelio,
808 339 913 373 supra
943 328 1076 360 dictum

84 388 146 417 est.
214 380 261 414 Et
285 380 388 413 valde
414 381 554 424 prodest
581 378 808 413 collationem
832 378 929 411 illam
958 390 1078 411 causa-

84 444 162 466 rum
182 443 320 476 semper
341 431 554 466 meminisse.

116 511 282 564 Ἀγάπη,
310 511 357 548 τὰ
380 511 466 562 τρία
489 516 629 553 ταῦτα,
665 509 804 557 μείζων
829 507 868 545 δὲ
891 513 1037 545 τοῦτων

472 563 495 611 ἡ
525 560 663 612 ἀγάπη.

187 630 358 676 Sequitur
373 631 563 675 descriptio
581 628 800 668 dilectionis,
825 639 891 672 qua
911 627 1075 660 universa

85 681 278 726 antiquitas
296 682 474 726 complexa
494 688 542 714 est
561 679 799 713 obedientiam
830 679 1076 718 universalem,
1102 719 1104 725 ,

85 733 309 767 dilectionem
335 731 403 765 Dei
435 739 467 765 et
493 731 678 765 hominum
706 736 848 773 propter
873 729 1006 767 Deum,
1044 736 1076 762 et
1102 728 1103 765 ξ

85 784 180 817 iuxta
198 783 359 816 ordinem
378 795 394 815 a
415 782 488 815 Deo
508 782 708 814 institutum
723 807 732 821 ,
760 780 848 812 sicut
866 779 996 812 Paulus
1021 780 1075 812 in-

86 834 162 880 quit
185 832 299 867 Roma
319 833 394 868 13.:
422 832 574 866 Dilectio
604 838 653 865 est
681 831 843 874 impletio
870 831 964 872 legis.
1028 829 1075 864 Et

84 885 217 930 primae
251 882 419 916 Iohannis
445 882 498 918 5.:
534 882 630 915 Haec
657 889 706 914 est
740 881 882 914 dilectio
908 881 991 920 Dei,
1036 888 1073 914 ut

85 934 248 966 mandata
267 934 340 967 eius
359 945 547 968 servemus.
602 932 667 966 His
687 932 790 965 dictis
807 939 899 965 mota
917 932 1074 976 antiqui-

83 991 153 1024 tas,
182 984 326 1017 nomine
343 985 540 1017 dilectionis
560 996 620 1017 usa
640 991 704 1021 est,
733 983 820 1015 sicut
846 983 976 1026 alioqui
1004 983 1073 1015 uti-

81 1047 163 1068 mur
182 1035 326 1068 nornine
347 1035 502 1069 iusticiae
519 1035 739 1069 universalis.

90 1086 181 1124 cito,
210 1092 242 1118 et
266 1092 304 1119 ut
328 1086 419 1119 dicta
447 1087 656 1130 scriptorum
677 1083 785 1127 tnagis
804 1084 985 1128 perspicua
1003 1085 1071 1116 sint

82 1136 297 1179 legentibus,
323 1144 355 1169 et
373 1143 411 1170 ut
430 1137 623 1170 recentium
652 1135 804 1178 ineptiae
831 1135 1072 1179 repudientur,

83 1187 145 1232 qui
168 1187 205 1218 in
232 1184 297 1219 hoc
325 1194 418 1220 textu
436 1187 537 1220 Pauli
566 1187 783 1219 contendunt
801 1192 933 1219 tanturn
954 1187 995 1218 de
1018 1186 1072 1217 di-
1098 1188 1100 1193 '

82 1237 232 1270 lectione
259 1237 407 1280 proximi
435 1245 468 1271 et
503 1238 627 1270 officiis
658 1248 737 1279 erga
767 1237 966 1279 proximum
991 1236 1072 1276 dici,

82 1299 155 1321 non
181 1288 223 1320 de
248 1288 437 1321 dilectione
456 1287 534 1323 Dei.
588 1286 721 1329 Magna
741 1287 888 1320 coecitas
913 1292 980 1324 est,
1010 1285 1071 1318 has

83 1338 230 1371 virtutes
258 1338 446 1376 divellere,
475 1339 555 1384 quia
582 1338 723 1370 dilectio
751 1337 901 1379 proximi
926 1349 998 1369 non
1023 1344 1070 1369 est
1097 1373 1098 1381 ἵ

82 1389 263 1429 ordinata,
291 1389 358 1421 nisi
379 1397 520 1433 regatur
538 1389 726 1421 dilectione
743 1388 828 1427 Dei,
856 1388 890 1419 id
910 1394 972 1426 est,
1002 1388 1069 1419 nisi

83 1440 127 1473 sit
143 1440 222 1473 talis
241 1440 422 1478 voluntas,
451 1447 484 1474 et
503 1441 571 1473 sint
590 1440 671 1472 talia
693 1439 818 1478 officia,
847 1438 963 1482 qualia
975 1437 1070 1470 Deus

84 1490 121 1523 in
148 1490 217 1523 suis
242 1491 433 1534 praeceptis
456 1492 611 1526 ordinat.

83 1541 188 1574 finem
206 1541 395 1581 referatur,
426 1549 463 1575 ut
479 1541 554 1575 Deo
575 1547 768 1584 praestetur
787 1539 988 1572 obedientia
1001 1567 1009 1579 ‚
1038 1546 1070 1572 et

85 1592 192 1624 simus
210 1591 245 1624 in
264 1592 340 1624 Deo
359 1592 532 1634 copulati,
564 1592 652 1624 sicut
671 1590 844 1623 Dominus
862 1590 993 1634 inquit:
1023 1588 1071 1623 Ut
1095 1599 1097 1618 1

85 1653 196 1674 unum
222 1642 292 1674 sint
320 1641 355 1673 in
382 1642 496 1677 nobis.
550 1642 708 1676 Sciamus
736 1640 843 1683 igitur
865 1651 971 1673 unam
998 1651 1070 1673 esse

83 1692 251 1725 virtutem
276 1692 500 1725 dilectionem
530 1692 596 1724 Dei
620 1698 652 1724 et
679 1691 851 1733 proximi,
878 1702 966 1735 quae
992 1702 1070 1733 gra-
1096 1727 1097 1737 η

85 1744 151 1775 dus
169 1740 291 1786 habet,
322 1744 379 1775 sed
404 1751 519 1776 tamen
547 1751 579 1777 et
597 1742 735 1775 orditur
752 1754 770 1774 a
789 1741 885 1781 Deo,
914 1747 945 1774 et
965 1742 1071 1774 refert
1096 1740 1097 1748 ¹

85 1793 269 1826 inferiores
288 1795 414 1836 gradus
442 1796 485 1827 ad
504 1794 614 1827 Deum
638 1800 804 1835 tanquam
827 1793 870 1825 ad
890 1792 1069 1836 principa·
1096 1812 1098 1822 ι

84 1844 152 1877 lem
180 1844 296 1877 finem.
360 1842 540 1878 Abraham
566 1843 681 1885 diligit
704 1842 831 1878 Deum.
891 1842 1013 1876 Postea
1039 1850 1070 1876 ct

86 1893 183 1938 Agar
200 1895 334 1937 diligit,
362 1897 420 1929 sed
443 1896 553 1939 pluris
571 1895 653 1928 facit
669 1893 798 1935 Deum,
826 1906 895 1939 quo
915 1894 1071 1937 iubente,

84 1946 228 1979 dimittit
247 1946 408 1978 ancillam
425 1945 531 1989 Agar.

186 1995 338 2029 Difficile
355 2004 403 2030 est
421 2004 535 2030 autem
560 1996 663 2029 nobis
678 1996 713 2027 in
733 1993 798 2028 liac
822 2001 915 2027 tanta
941 1994 1070 2027 duritie

87 2047 249 2081 cordium
280 2049 417 2080 tradere
445 2048 616 2081 illustrem
645 2046 886 2079 definitionem
911 2046 1068 2078 dilectio-

86 2099 152 2133 niS.
214 2097 252 2131 Si
277 2099 370 2130 enirn
398 2100 561 2132 arderent
587 2099 692 2130 corda
718 2108 819 2129 sensu
844 2096 973 2128 amoris
996 2095 1071 2136 Dei,

87 2150 175 2182 sicut
192 2156 346 2182 amantes
364 2149 527 2183 incendia
544 2149 673 2181 amoris
692 2149 783 2181 inter
807 2159 879 2179 sese
903 2147 1071 2186 sentiunt,

87 2201 204 2234 minus
229 2200 417 2233 obscurum
444 2207 530 2233 esset
561 2200 644 2244 quid
678 2198 881 2231 nominetur
910 2196 1070 2232 Dilectio.

86 2250 139 2285 Ac
172 2251 328 2294 profecto
367 2251 450 2284 talia
482 2263 560 2283 vera
590 2250 752 2283 incendia
782 2261 860 2291 erga
890 2247 1002 2281 Deum
1034 2250 1070 2281 in

88 2302 191 2335 corde
208 2313 280 2334 esse
297 2302 475 2342 deberent,
503 2302 561 2334 sed
579 2301 660 2346 quia
678 2300 777 2333 valde
795 2299 959 2342 languida
978 2307 1070 2340 sunt,

89 2353 193 2386 etiam
212 2353 237 2384 si
259 2365 325 2397 qua
343 2361 444 2393 sunt,
472 2353 653 2385 obscurior
671 2358 719 2384 est
737 2351 937 2393 descriptio.

191 2402 258 2436 Sed
283 2412 397 2436 tamen
418 2404 671 2437 constituamus
687 2400 777 2435 hanc
795 2402 1073 2445 qualemcunque

91 2454 380 2498 descriptionem:
410 2454 558 2489 Dilectio
579 2453 644 2486 Dei
662 2461 694 2486 et
713 2452 860 2496 proximi
878 2459 946 2490 est,
976 2460 1072 2495 post-
1099 2454 1101 2457 ’

92 2517 305 2549 quam-vera
334 2506 402 2538 fide
426 2503 644 2549 apprehensa
673 2510 722 2536 est
745 2503 982 2536 misericordia
1010 2503 1073 2536 Dei

92 2563 236 2603 propter
252 2556 361 2588 filium
381 2558 523 2596 donata,
551 2555 704 2588 vicissim
723 2554 895 2587 subiicere
915 2566 974 2587 cor
990 2552 1075 2594 Deo,

94 2613 127 2640 et
144 2607 255 2639 facere
274 2608 438 2641 mandata
464 2607 556 2647 eius,
584 2619 661 2639 cum
687 2606 836 2650 quadam
861 2605 992 2638 laetitia
1019 2617 1074 2637 ac-
1102 2633 1103 2638 ,

95 2657 292 2701 quiescente
311 2659 400 2702 ipso.
454 2657 501 2691 Ut
526 2658 606 2702 quia
631 2657 693 2689 scit
711 2655 922 2689 Laurentius
947 2667 981 2689 se
1005 2655 1075 2689 Deo

148 2709 323 2740 MELANTH.
355 2707 457 2741 ormi.
489 2711 569 2740 Vot„
591 2710 666 2740 XV.

793 1032 887 1066 Haec
914 1034 990 1065 ideo
1016 1045 1071 1065 re·
1098 1061 1101 1078 ἶ

672 1489 779 1530 Item,
805 1488 880 1522 Nisi
906 1489 947 1520 ad
976 1487 1070 1521 bunc
1094 1498 1097 1504 ⁴

386 92 422 129 4.
449 89 785 127 COMMENTAR.
814 89 864 126 IN
891 89 1047 128 EPIST.
1074 87 1222 125 PAULI
1249 87 1317 123 AD
1345 85 1671 124 CORINTHIOS.
1725 85 1829 125 CAP.
1857 87 1957 126 XIII.

2018 90 2115 127 1154

1135 175 1291 220 placere,
1319 173 1471 207 vicissim
1490 173 1519 206 ei
1537 173 1755 216 obtemperat
1776 173 1813 206 in
1842 174 2061 210 consessione
2083 184 2116 212 et

1133 226 1211 259 aliis
1228 226 1373 266 officiis,
1403 232 1435 259 et
1457 224 1586 258 laetitia
1613 224 1801 269 acquiescit
1828 225 1862 257 in
1882 224 1975 266 Deo,
2001 239 2115 271 quan-

1133 289 1238 321 quam
1259 288 1386 320 corpus
1402 276 1507 309 sentit
1522 286 1668 318 magnos
1686 275 1868 308 cruciatus.
1923 276 2019 311 Haec
2043 279 2116 311 lae-

1132 327 1208 361 titia
1243 334 1293 360 est
1324 327 1465 360 effectus
1500 332 1533 359 et
1564 326 1734 358 indicium
1765 325 1982 367 dilectionis,
2025 329 2115 363 sicut

1131 389 1233 421 saepe
1257 378 1424 421 scriptum
1451 384 1517 416 est,
1545 384 1583 409 ut
1609 374 1778 409 Actorum
1802 374 1853 410 5.:
1889 376 1992 412 Ibant
2014 377 2114 423 Apo-

1131 429 1211 462 stoli
1232 440 1248 460 a
1269 434 1457 470 conspectu
1477 426 1632 472 synedrii
1652 428 1854 469 gaudentes,
1875 430 1969 472 quod
1988 437 2113 463 contu-

1131 480 1233 512 melia
1250 478 1363 511 affecti
1382 485 1492 510 essent
1508 484 1651 521 propter
1662 475 1866 510 Dominum.
1894 477 1996 512 Hanc
2012 479 2114 514 laeti-

1129 529 1213 562 tiam
1230 536 1408 573 utcunque
1427 528 1556 560 sentire
1570 527 1761 560 mediocres
1778 525 1938 561 homines
1955 538 2113 573 possunt.

1131 579 1312 613 Interdum
1346 591 1427 611 vero
1459 578 1494 610 in
1519 578 1685 610 cordibus
1710 578 1848 620 piorum
1872 581 2113 615 accenduntur

1103 635 1104 638 ’
1130 631 1266 664 subitae
1286 631 1446 663 flammae
1461 628 1662 661 dilectionis
1677 628 1904 669 ardentiores,
1929 642 2015 674 quas
2031 643 2114 665 suae

1130 682 1300 725 cuiusque
1342 679 1576 723 experientiae
1617 678 1870 721 relinquamus.
1937 679 2032 715 Haec
2069 683 2113 715 de

1130 732 1362 774 descriptione
1382 729 1580 762 dilectionis
1597 728 1773 762 monuisse
1790 729 1873 762 satis
1892 729 1947 762 sit.

1229 781 1341 815 Addit
1383 789 1497 813 autem
1534 779 1664 812 Paulus
1702 780 1986 820 enumerationi,
2026 781 2111 816 Tria

1128 830 1231 873 haec,
1273 832 1370 877 quasi
1406 831 1625 874 significans,
1657 841 1692 862 se
1726 830 1931 874 praecipuas
1965 832 2112 866 virtutes

1129 883 1348 921 nominasse,
1376 883 1468 927 quod
1493 892 1615 913 verum
1634 888 1695 914 est.
1749 880 1839 913 Nam
1863 893 1941 914 cum
1969 883 2111 918 dilectio

1127 934 1169 967 sit
1194 934 1329 967 iusticia
1352 932 1561 966 universalis
1578 958 1587 971 ‚
1621 938 1660 965 ut
1682 932 1781 964 facile
1807 931 1957 975 intelligi
1986 941 2111 977 potest,

1099 991 1101 999 ¹
1127 997 1199 1017 non
1219 992 1269 1018 est
1289 992 1405 1028 postea
1431 995 1518 1027 opus
1542 982 1700 1025 longiore
1725 983 2012 1025 enumeratione,
2050 988 2110 1018 sed

1127 1036 1316 1079 aspiciatur
1350 1035 1555 1076 decalogus,
1597 1041 1629 1066 et
1656 1033 1925 1066 considerentur
1949 1035 2111 1069 dilectio-

1127 1087 1180 1119 nis
1205 1086 1316 1118 osficia
1348 1086 1441 1118 iuxta
1469 1084 1605 1127 singula
1638 1090 1832 1127 praecepta.
1903 1083 1952 1118 lta
1979 1086 2008 1118 si
2033 1087 2111 1131 quis

1127 1138 1218 1170 volet
1243 1137 1532 1175 distributionem
1550 1135 1721 1167 virtutum
1738 1135 1871 1174 facere,
1893 1134 1987 1169 iuxta
2011 1148 2110 1180 prae-

1127 1195 1221 1231 cepta
1245 1188 1418 1220 concinne
1442 1198 1498 1218 eas
1521 1185 1694 1218 recitabit.
1748 1184 1894 1218 Necesse
1922 1193 1973 1220 est
1995 1195 2110 1221 autem

1126 1239 1326 1281 praelucere
1349 1238 1450 1270 fidem
1478 1243 1511 1269 et
1536 1248 1649 1279 spem:
1679 1247 1768 1280 quae
1786 1242 1869 1269 sunt
1888 1236 2033 1270 virtutes
2052 1251 2110 1271 or-

1097 1288 1099 1311 ?
1125 1295 1178 1321 tae
1196 1301 1235 1321 ex
1257 1288 1486 1331 promissione
1504 1286 1707 1329 Evangelii:
1744 1286 1873 1319 deinde
1898 1287 2038 1321 dilectio
2061 1298 2111 1323 est

1125 1339 1277 1371 incoatio
1305 1339 1401 1381 legis.

1227 1388 1325 1423 quta
1353 1389 1502 1432 primam
1528 1387 1683 1420 tabulam
1711 1387 1852 1420 dilectio
1874 1386 1939 1421 Dei
1956 1391 2109 1434 comple-

1124 1439 1229 1472 ctitur
1245 1440 1407 1473 timorem
1434 1438 1575 1471 filialem
1594 1438 1681 1478 Dei,
1708 1439 1742 1470 id
1770 1446 1836 1478 est,
1866 1451 1982 1473 veram
2010 1453 2110 1474 reve-

1123 1491 1318 1523 nerentiam
1346 1489 1429 1529 Dei,
1468 1489 1741 1529 consessionem,
1775 1490 1964 1531 gratiarum
2000 1492 2109 1526 actio-

1125 1552 1222 1580 nem,
1259 1540 1463 1583 patientiam
1490 1540 1526 1572 in
1551 1540 1729 1572 aerumnis
1753 1540 2000 1581 confessionis,
2035 1549 2109 1577 stu-

1127 1591 1224 1624 dium
1243 1591 1474 1624 conservandi
1491 1589 1676 1622 ministerii
1695 1590 1897 1633 evangelici.

1227 1640 1266 1673 In
1285 1642 1436 1675 secunda
1455 1641 1571 1674 tabula
1593 1641 1630 1673 in
1656 1649 1780 1685 quarto
1805 1650 1986 1686 praecepto
2011 1656 2109 1678 amo-

1123 1703 1195 1724 rem
1222 1693 1399 1736 coniugis,
1428 1692 1578 1731 sobolis,
1605 1699 1808 1735 parentum,
1844 1693 2107 1737 beneficiorum,

1122 1743 1365 1786 magistratum
1378 1768 1386 1781 ,
1414 1749 1556 1786 propter
1574 1741 1700 1777 Deum.

1224 1792 1263 1826 In
1293 1795 1418 1839 quinto
1447 1800 1629 1837 praecepto
1662 1793 1853 1834 iusticiam,
1890 1806 1978 1839 quae
2001 1803 2108 1836 cavet,

1123 1855 1167 1876 ne
1190 1844 1304 1877 laedat
1336 1856 1462 1888 corpus
1488 1844 1651 1883 alterius,
1691 1844 1772 1877 item
1801 1846 2108 1879 mansuetudinem

1122 1895 1344 1928 frenatricem
1378 1896 1450 1929 irae
1486 1901 1518 1929 et
1553 1895 1756 1939 cupiditatis
1788 1895 1982 1936 vindictae,
2023 1897 2106 1931 item

1123 1946 1400 1982 beneficentiam.

1226 1996 1264 2029 In
1292 1998 1440 2041 septimo
1461 2003 1645 2041 praecepto
1671 1995 1845 2030 iusticiam
1872 1998 2105 2032 abstinentem

1123 2059 1140 2080 a
1156 2048 1260 2081 rebus
1278 2048 1420 2088 alienis,
1450 2055 1481 2082 et
1498 2048 1746 2080 liberalitatem
1765 2047 1943 2081 iuvantem
1969 2061 2106 2092 egenos-

1123 2097 1217 2131 Haec
1241 2099 1359 2131 omnia
1382 2110 1453 2132 esse
1486 2099 1598 2131 officia
1628 2098 1827 2131 dilectionis
1853 2099 2003 2141 proximi
2028 2111 2106 2144 per-

1124 2150 1282 2192 spicuum
1303 2157 1371 2189 est,
1399 2150 1480 2194 quia
1498 2156 1579 2182 sunt
1598 2149 1738 2182 vincula
1757 2149 2025 2183 consociationis
2048 2163 2106 2194 ge—

1124 2201 1218 2233 neris
1237 2199 1403 2243 humani,
1431 2212 1519 2245 quae
1540 2207 1588 2233 est
1611 2207 1730 2232 mutua
1747 2200 2003 2236 benevolentia.

1227 2250 1268 2284 ln
1293 2259 1387 2284 sexto
1416 2258 1600 2295 praecepto
1626 2250 1785 2284 Castitas.

1225 2301 1267 2334 ln
1290 2310 1411 2335 octavo
1429 2301 1585 2342 Veritas,
1610 2302 1756 2334 virtutes
1781 2308 1862 2335 sunt
1880 2302 2105 2342 necessariae,

1125 2353 1259 2386 etiamsi
1280 2365 1351 2385 non
1369 2355 1574 2395 prodessent
1596 2352 1774 2395 proximis.
1828 2351 1873 2386 Et
1898 2360 2014 2386 tamen
2040 2351 2106 2387 hae

1125 2416 1266 2449 quoque
1286 2404 1528 2447 multipliciter
1544 2409 1690 2446 prosunt
1706 2403 1859 2436 societati
1882 2404 2074 2439 communi.

1228 2454 1279 2487 Ex
1304 2452 1368 2487 hac
1392 2453 1674 2487 consideratione
1697 2453 1845 2487 iudicari
1876 2461 2008 2498 potest,
2042 2456 2105 2487 ad-

1126 2505 1315 2547 pellatione
1351 2505 1548 2538 dilectionis
1583 2504 1728 2537 virtutes
1763 2512 1912 2538 caeteras
1948 2517 2105 2552 compre-

1128 2554 1246 2589 liendi.

1233 2606 1299 2639 Sed
1330 2618 1391 2639 cur
1414 2606 1546 2650 inquit:
1575 2604 1731 2638 Maxima
1758 2605 1849 2638 inter
1864 2603 1927 2638 has
1943 2605 2108 2638 dilectio?

1132 2657 1326 2701 Repondeo
1345 2656 1621 2702 simplicissime:
1649 2655 1739 2690 Cum
1756 2656 1902 2690 virtutes
1925 2656 2016 2689 inter
2040 2667 2112 2690 sese

1344 2707 1391 2741 75
