2415 2942
140 109 211 146 341
532 107 614 146 XII.

138 197 175 230 in
189 207 262 236 me,
293 201 325 229 et
342 206 407 240 ego
428 194 465 228 in
486 207 538 236 eo,
558 194 738 238 copiosum
758 195 912 227 fructum
928 193 1028 227 feret.
1081 191 1130 226 Es

136 247 383 285 concionator,
412 247 551 287 doctor,
579 243 827 284 scholasticus,
864 243 948 276 scito
973 244 1127 276 functio-

136 309 217 331 nem
239 297 312 330 Deo
340 297 496 341 placere,
533 297 562 330 si
586 296 762 329 vocationi
789 302 868 328 tuae
893 294 1125 337 obtemperas,

135 355 168 382 et
187 348 351 381 salutaria
366 349 488 389 doces,
516 354 576 381 aut
594 347 717 387 discis,
753 352 785 379 et
809 356 1010 389 quanquam
1033 345 1127 377 mul-

135 407 190 433 tae
206 399 429 433 difficultates
446 399 646 443 impediunt
664 408 804 430 cursum
824 402 944 434 tuum,
972 402 1005 428 et
1027 395 1124 427 vide-

137 451 185 483 ris
203 462 327 494 parum
355 451 541 494 proficere,
573 455 690 482 tamen
716 448 784 480 fide
808 452 840 478 et
861 445 1041 488 agnitione
1062 446 1124 478 filii

135 500 202 535 Dei
236 507 332 545 petas
362 508 401 534 ut
429 499 625 539 adiuveris,
659 504 692 531 et
723 509 797 531 non
820 496 960 529 dubites
986 497 1124 530 labores

138 559 216 586 tuos
248 552 334 590 tibi,
374 558 407 584 et
438 551 516 584 aliis
548 550 715 583 salutares
738 549 824 582 fore.
889 547 999 592 ldque
1022 559 1123 591 saepe

137 603 328 636 ostendunt
352 609 496 635 eventus
521 601 557 633 in
585 600 793 644 praesentia.
847 597 1028 632 Viderunt
1051 597 1123 631 Da-

136 653 218 691 vid,
245 653 381 693 Esaias,
415 651 562 692 Daniel,
597 657 629 684 et
654 651 715 683 alii
738 649 841 683 multi
864 649 902 682 in
927 650 1122 694 praesentia

136 715 217 738 suos
236 704 373 736 labores
389 703 507 736 multis
534 703 714 746 prodesse,
749 700 914 734 Ieremias
939 713 1010 733 non
1034 701 1123 734 vidit

135 755 289 788 reditum
308 754 440 798 populi,
459 754 517 786 sed
536 760 653 786 tamen
671 752 802 785 sciebat
820 751 1008 785 consilium
1020 763 1121 785 snum

134 805 217 839 felix
235 812 266 838 et
284 806 434 838 salutare
451 816 522 837 esse
539 810 569 837 et
586 804 659 836 sore
675 803 739 836 toti
757 801 934 836 Ecclesiae
950 801 1028 838 Dei.

237 854 289 889 Ac
307 856 428 898 infigas
445 855 577 889 intimis
597 854 757 887 sensibus
782 854 914 894 animi,
943 854 1037 898 quod
1065 854 1121 886 di-

134 912 223 939 serte
248 906 344 939 addit
372 904 534 940 Christus
558 903 625 938 hoc
650 905 743 938 loco:
781 903 827 938 Et
852 905 986 945 fructus
1008 911 1121 938 vester

132 962 283 991 maneat.
335 956 415 990 Non
435 957 548 989 solnm
567 956 690 999 exiguo
715 963 871 999 tempore
896 963 1044 1000 prosunt
1070 956 1120 988 la-

133 1008 236 1041 bores
254 1007 392 1054 piorum
410 1008 655 1040 ministrorum
674 1007 710 1039 in
729 1005 904 1045 Ecclesia,
941 1012 979 1040 ut
998 1007 1120 1049 exiguo

133 1065 289 1101 tempore
320 1065 468 1101 prosunt
499 1059 635 1090 labores
670 1057 848 1100 Scipionis
875 1064 933 1090 aut
958 1057 1121 1100 Augusti,

133 1109 194 1154 qni
212 1109 350 1153 politias
369 1121 448 1142 snas
465 1110 717 1148 defenderunt,
732 1115 763 1142 et
780 1108 930 1141 feliciter
946 1115 1122 1149 rexerunt,

133 1172 222 1204 quae
247 1161 289 1193 ad
319 1166 454 1203 tempus
478 1166 697 1192 manserunt:
738 1161 797 1192 sed
829 1160 961 1193 aeterni
987 1160 1120 1192 fructus

134 1217 216 1243 sunt
238 1211 461 1250 docentium,
489 1210 549 1255 qui
576 1210 747 1253 colligunt
765 1209 839 1242 Deo
863 1217 1039 1243 aeternam
1054 1209 1122 1242 Ec—

134 1261 293 1299 clesiam,
312 1267 343 1293 et
364 1268 537 1293 ornantur
555 1260 620 1303 ipsi
638 1261 789 1293 aeternis
807 1261 981 1304 praemiis.
1008 1260 1120 1293 Nemo

132 1309 269 1344 Romae
286 1311 321 1342 in
350 1319 471 1344 senatu
494 1311 713 1344 existimabat
739 1311 797 1344 diu
824 1323 1024 1344 mansuram
1050 1323 1121 1343 esse

133 1358 224 1394 hanc
242 1362 437 1394 doctrinam
451 1386 461 1400 ,
479 1373 592 1406 aquam
617 1361 747 1394 Paulus
771 1362 1056 1402 circumferebat,
1083 1374 1121 1394 ac

132 1419 278 1445 manent
302 1411 432 1445 Paulus
464 1413 555 1457 ipse,
596 1412 779 1457 discipuli,
821 1419 853 1446 et
887 1413 1046 1463 dogtrina
1076 1413 1118 1445 ad

133 1474 276 1507 omnem
294 1464 546 1509 aeternitatem.

234 1512 309 1547 Hac
327 1514 433 1556 igitur
448 1513 650 1548 dulcissima
677 1515 917 1548 consolatione
941 1526 1006 1547 nos
1030 1526 1119 1558 quo-

133 1577 200 1610 que
217 1565 451 1601 consolemur.
502 1565 582 1598 Non
603 1565 742 1599 videtur
759 1577 945 1599 mansurus
967 1577 1038 1597 esse
1063 1563 1118 1597 hic

133 1623 243 1649 status
261 1614 494 1649 Ecclesiarum
513 1623 545 1649 et
562 1613 780 1655 scholarum,
816 1618 876 1661 qui
894 1617 959 1649 Dei
986 1616 1119 1649 benefi-

134 1666 188 1699 cio
220 1666 287 1698 iam
319 1667 529 1700 constitutus
563 1674 631 1706 est,
674 1668 750 1700 luce
774 1665 944 1710 Evangeli
971 1667 1118 1700 reddita.

134 1716 203 1750 Sed
223 1728 408 1749 mansurus
426 1724 475 1750 est
494 1724 628 1754 tamen,
657 1718 792 1751 etiamsi
810 1718 955 1761 imperia
982 1718 1119 1758 mundi,

135 1774 167 1800 et
184 1767 346 1799 diabolus
372 1769 620 1809 adversantur,
656 1768 742 1801 sicut
768 1769 852 1800 alibi
877 1766 1039 1802 Christus
1063 1768 1119 1800 iu-

133 1818 226 1862 quit:
253 1817 377 1850 Portas
399 1818 593 1851 inferorum
621 1831 693 1851 non
719 1819 969 1862 praevalituras
995 1820 1120 1851 adver-

134 1880 192 1901 sus
208 1867 412 1901 Ecclesiam.
465 1867 509 1902 Et
526 1870 605 1913 quia
626 1870 732 1902 multa
749 1877 829 1903 sunt
856 1870 1118 1913 impedimenta,

134 1926 306 1952 monstrat
323 1917 484 1952 Christus
500 1920 536 1951 in
557 1917 620 1952 hac
638 1921 878 1954 consolatione
895 1921 998 1953 etiam
1018 1920 1118 1953 auxi-

133 1970 304 2010 liatorem,
321 1970 468 2003 affirmat
486 1971 685 2014 petentibus
695 1971 806 2004 Deum
824 1972 1016 2004 affuturum
1029 1983 1117 2003 esse:

135 2020 312 2065 Quicquid
332 2021 501 2065 petieritis
527 2029 658 2065 patrem
685 2022 722 2054 in
750 2023 893 2055 nomine
921 2034 1020 2062 meo,
1056 2023 1118 2054 da-

133 2072 187 2105 bit
210 2073 339 2107 vobis.-
382 2070 491 2105 Adest
517 2073 619 2105 nobis
643 2071 738 2106 Deus
762 2074 920 2114 adiutor,
956 2075 1030 2106 vult
1055 2084 1119 2105 nos

136 2122 318 2163 exaudire,
345 2134 482 2165 regere,
508 2123 693 2164 adiuvare,
722 2124 929 2164 defendere,
957 2125 1119 2157 liberare.

134 2172 217 2206 Ideo
242 2185 315 2206 non
337 2174 541 2216 frangamur
565 2174 710 2215 animis,
744 2182 783 2208 ut
806 2176 1013 2208 abiiciamus
1036 2187 1117 2219 pro-

132 2224 337 2263 fessionem,
379 2225 514 2257 etiamsi
541 2225 650 2258 multa
674 2225 921 2269 impedimenta
945 2227 1119 2265 incidunt,

134 2276 194 2307 sed
218 2272 281 2308 hac
302 2275 538 2319 promissione
562 2277 846 2318 commonefacti,
876 2277 1118 2320 confugiamus

133 2327 175 2359 ad
191 2333 351 2360 nostrum
369 2327 579 2360 adiutorem.

234 2376 368 2421 Repete
385 2389 514 2423 quaeso
532 2378 640 2411 lector
659 2375 750 2411 hanc
772 2384 879 2411 totam
906 2378 1118 2412 consolatio-

136 2438 234 2467 nem,
261 2435 293 2461 et
317 2430 473 2472 expende
491 2435 694 2471 argumenta
719 2436 749 2462 et
775 2430 929 2464 affectus.
984 2427 1120 2463 Occur-

137 2478 182 2510 rit
202 2479 394 2523 praecipuis
411 2479 611 2512 animorum
629 2487 831 2513 nostrorum
858 2481 950 2514 curis
978 2487 1010 2513 et
1036 2481 1119 2514 soli-

139 2529 365 2572 citudinibus,
384 2538 416 2564 et
432 2531 579 2574 opponit
597 2532 854 2564 consolationes
871 2532 1021 2564 maxime
1037 2544 1120 2564 con-

139 2586 314 2621 gruentes.
366 2580 515 2625 Angeris
528 2607 536 2620 ‚
552 2594 595 2614 an
614 2582 688 2616 Deo
708 2583 839 2626 placeat
857 2595 977 2616 cursus
992 2583 1122 2616 docen-

137 2630 225 2663 tium
244 2631 279 2663 in
298 2628 469 2674 Ecclesia,
499 2633 649 2668 affirmat
675 2634 824 2678 placere.
880 2633 1047 2677 Angeris,
1076 2647 1119 2667 an

137 2681 244 2715 simus
261 2682 393 2727 aliquid
412 2684 620 2728 profecturi,
637 2685 785 2719 affirmat
802 2686 1019 2730 profecturos
1037 2697 1119 2719 esse.

668 105 968 144 ENARRATIO
1007 107 1057 144 IN
1090 105 1271 144 EVANG.
1297 104 1512 144 IOANNIS.
1563 104 1668 141 CAP.
1695 105 1777 141 XV.‘

2103 109 2178 143 342

1183 193 1245 226 Ait
1255 193 1360 235 enim,
1370 201 1409 228 ut
1418 195 1570 228 fructum
1582 192 1710 233 feratis,
1720 191 1891 226 etfructus
1900 197 2014 226 vester
2022 201 2172 229 maneat.

1183 243 1353 287 Angeris‚
1389 258 1458 290 quo
1479 245 1584 277 modo
1608 250 1741 276 tantam
1767 243 1895 276 molem
1923 255 2041 277 rerum
2068 245 2173 278 susti-

1183 306 1266 327 nere
1297 296 1489 338 possimus,
1536 295 1723 338 pollicetur
1751 294 1940 328 auxilium:
1991 293 2174 339 Quicquid

1181 345 1351 387 petieritis
1379 353 1514 389 patrem
1547 345 1584 377 in
1615 346 1760 378 nomine
1792 357 1888 386 meo,
1932 345 2030 379 dabit
2060 346 2173 381 vobis,

1181 395 1333 438 Angeris
1349 397 1392 428 de
1411 395 1631 436 defensione,
1659 396 1733 439 ipse
1749 395 1899 430 affirmat
1914 408 1949 429 se
1963 408 2036 430 non
2053 397 2173 430 deser-

1179 452 1298 478 turum
1317 457 1390 479 esse
1407 444 1617 479 Ecclesiam:
1646 445 1727 479 Non
1744 446 1943 491 relinquam
1961 458 2022 480 vos
2041 445 2173 491 orpha-

1177 508 1255 529 nos.
1317 496 1424 530 Item:
1460 494 1571 537 Ecce,
1602 508 1664 539 ego
1693 496 1874 529 vobiscum
1893 509 1971 530 sum
1989 509 2099 542 usque
2126 499 2172 531 ad

1177 548 1517 581 consummationem
1550 547 1669 582 seculi.
1740 545 1830 580 Cum
1862 547 1972 589 igitur
2005 549 2172 582 omnibus

1175 598 1373 632 terroribus
1405 604 1563 643 opponat
1595 597 1856 631 consolationes
1885 597 2104 632 dulcissimas
2138 606 2172 633 et

1176 649 1412 690 firmissimas,
1455 660 1555 692 saepe
1579 661 1635 682 eas
1659 648 1944 689 consideremus,
1978 655 2016 682 ut
2044 661 2108 682 nos
2132 650 2170 682 in

1177 697 1232 733 his
1258 700 1408 734 assiduis
1433 700 1618 744 periculis,
1655 711 1743 745 quae
1769 699 1956 732 coniuncta
1982 706 2064 733 sunt
2090 712 2169 733 cum

1174 749 1362 794 Evangelii
1381 750 1598 796 professione
1619 751 1844 791 confirment,
1871 756 1904 783 et
1930 762 2049 783 earum
2075 751 2170 793 cogi-

1175 802 1308 835 tatione
1325 802 1428 836 fidem
1449 809 1481 836 et
1497 802 1663 836 fiduciam
1682 799 1817 835 Christi
1842 801 1879 833 in
1903 801 2006 834 nobis
2033 802 2168 836 exusci-

1173 857 1300 887 temus.

1338 935 1384 971 Si
1399 935 1559 971 mundns
1579 948 1637 972 ros
1654 934 1751 977 odit,
1777 937 1918 975 scitote,
1947 941 2008 972 etc.

1277 1004 1388 1040 Addit
1407 1007 1666 1040 consolationes
1683 1019 1700 1039 a
1720 1017 1783 1039 suo
1803 1006 1978 1049 exemplo:
2016 1005 2096 1039 Non
2117 1013 2168 1040 est

1175 1069 1296 1090 servus
1323 1058 1435 1091 maior
1452 1057 1607 1092 Domino
1634 1069 1714 1090 suo:
1750 1055 1803 1098 Eg
1851 1057 2003 1090 sustinui
2030 1057 2110 1090 odia
2135 1064 2167 1090 et

1175 1109 1341 1151 pericula.
1396 1108 1527 1142 Scitote
1544 1109 1651 1151 igitur
1667 1114 1698 1140 et
1714 1108 1818 1140 nobis
1835 1103 1854 1140 s‘
1896 1108 2038 1140 tinenda
2058 1115 2090 1141 et
2112 1114 2167 1141 to-

1175 1160 1318 1192 leranda
1339 1171 1429 1199 esse,
1445 1171 1508 1191 nec
1526 1159 1735 1200 frangantur
1754 1158 1863 1190 animi
1880 1158 2004 1196 vestri,
2031 1158 2166 1192 etiamsi

1176 1222 1248 1242 non
1267 1222 1391 1242 omnes
1407 1209 1665 1252 amplectentur
1682 1208 1913 1251 Evangelium
1925 1233 1933 1246 ,
1947 1221 2010 1242 nec
2028 1221 2082 1241 me
2100 1210 2164 1242 do-

1175 1267 1273 1293 cente
1290 1272 1412 1293 omnes
1433 1260 1585 1303 amplexi
1602 1266 1706 1300 sunt,
1734 1272 1850 1292 meum
1876 1271 2016 1292 cursum
2046 1260 2164 1293 imite-

1174 1311 1281 1348 mini,
1310 1323 1373 1344 nec
1390 1311 1557 1344 deterreri
1575 1323 1635 1343 vos
1653 1311 1776 1343 sinatis
1798 1318 1857 1343 aut
1884 1310 2070 1354 periculis,
2105 1318 2164 1344 ant

1173 1368 1354 1396 contemtu
1377 1359 1582 1404 Evangelii,
1619 1368 1680 1394 aut
1713 1361 1941 1394 multitudine
1973 1362 2164 1395 adversan-

1172 1420 1271 1446 tlum.

1295 1495 1341 1531 Si
1357 1509 1429 1530 non
1447 1495 1619 1530 venissem
1632 1524 1640 1537 ,
1670 1499 1699 1529 el
1719 1494 2044 1543 loculusfuz'ssem.

1274 1564 1342 1598 Ilic
1367 1572 1541 1609 quaerunt
1564 1566 1606 1596 de
1632 1563 1781 1607 peccatis
1807 1564 2040 1605 ignorantiae.
2103 1561 2162 1596 An

1173 1616 1371 1658 ignorantia
1390 1615 1499 1659 lapsi,
1537 1615 1606 1647 sint
1625 1615 1674 1646 rei
1693 1626 1809 1647 coram
1828 1614 1901 1647 Deo
1914 1641 1922 1654 ‚
1956 1627 2015 1647 seu
2039 1626 2162 1662 pecca-

1172 1674 1264 1700 tores
1279 1667 1423 1707 abiecti,
1451 1678 1528 1699 cum
1540 1663 1702 1699 Christus
1718 1677 1875 1708 expresse
1892 1665 2002 1698 dicat:
2032 1666 2068 1699 Si
2088 1677 2161 1698 non

1173 1717 1345 1750 venissem
1364 1724 1396 1751 et
1414 1717 1575 1749 dixissem
1597 1716 1662 1754 eis,
1690 1723 1869 1759 peccatum
1889 1728 1960 1749 non
1980 1714 2161 1751 haberent,

1170 1767 1308 1802 Suntne
1351 1768 1504 1800 excusati
1545 1766 1723 1804 Socrates,
1776 1764 1996 1810 Xenophon,
2047 1766 2160 1805 Plato,

1173 1818 1310 1863 Scipio,
1345 1825 1378 1852 et
1400 1819 1458 1851 alii
1477 1817 1769 1854 innumerabiles,
1807 1818 1866 1860 qui
1891 1830 1963 1850 non
1987 1824 2078 1850 recte
2105 1818 2160 1850 in-

1172 1877 1345 1903 vocarunt
1368 1869 1503 1909 Deum,
1537 1868 1652 1911 ignari
1684 1868 1782 1900 verbi
1806 1867 1895 1901 Dei?
1927 1868 2159 1916 Respondeo:

1172 1919 1253 1953 Non
1270 1928 1349 1953 sunt
1371 1920 1542 1959 excusati,
1579 1919 1667 1952 sicut
1686 1931 1764 1951 mox
1790 1920 1948 1964 sequenti
1974 1919 2085 1963 capite
2109 1920 2160 1951 as-

1170 1969 1287 2005 firmat
1309 1968 1489 2013 Christus,
1531 1970 1705 2015 Spiritum
1733 1977 1890 2002 sanctum
1913 1977 2158 2003 accusaturum

1172 2034 1243 2055 esse
1262 2021 1327 2055 hoc
1344 2028 1544 2066 peccatum,
1580 2021 1674 2066 quod
1701 2021 1855 2053 mundus
1879 2033 1951 2054 non
1977 2022 2094 2054 credat
2121 2021 2158 2053 in

1172 2072 1282 2106 filium
1302 2072 1381 2107 Dei.
1434 2072 1503 2106 Sed
1521 2072 1633 2105 dices:
1664 2071 1765 2113 Quae
1781 2078 1830 2104 est
1846 2072 1892 2105 ita
1910 2072 2074 2111 durities,
2098 2083 2157 2104 seu

1176 2124 1356 2169 tyrannis,
1383 2123 1561 2167 postulare
1587 2122 1842 2163 obedientiam,
1878 2135 1940 2155 nec
1962 2129 2159 2155 monstrare

1172 2175 1256 2220 quid
1275 2176 1449 2219 agendum
1469 2174 1535 2207 sit?
1561 2173 1720 2207 Primum
1739 2175 1781 2206 de
1798 2174 1870 2216 lege
1892 2173 2003 2206 facilis
2028 2180 2077 2207 est
2103 2185 2158 2206 re-

1172 2227 1331 2269 sponsio:
1361 2226 1488 2268 Legem
1513 2237 1635 2258 omnes
1659 2231 1808 2264 norunt,
1841 2225 1929 2257 sicut
1945 2223 2076 2257 Paulus
2100 2224 2157 2256 in-

1173 2277 1267 2321 quit,
1305 2276 1411 2311 Rom.
1440 2278 1473 2310 1.
1502 2276 1658 2310 scientes
1691 2275 1798 2317 igitur
1829 2275 2006 2307 violarunt
2032 2275 2155 2318 legem.

1173 2329 1314 2361 Deinde
1347 2330 1389 2361 de
1421 2327 1652 2372 promissione
1682 2324 1748 2358 hoc
1780 2326 2065 2369 respondendum
2090 2333 2154 2358 est:

1173 2379 1268 2413 Deus
1286 2379 1388 2413 initio
1406 2378 1521 2412 statim
1544 2378 1581 2409 in
1601 2377 1767 2410 Paradiso
1786 2377 1933 2410 tradidit
1950 2376 2155 2420 promissio-

1173 2443 1252 2463 nem
1286 2432 1328 2464 de
1360 2428 1665 2468 reconciliatione,
1709 2434 1741 2460 et
1774 2429 1816 2461 de
1848 2425 1989 2461 Christo
2023 2428 2154 2461 futuro.

1173 2480 1275 2515 Hanc
1300 2482 1402 2515 certis
1423 2487 1455 2514 et
1479 2479 1676 2512 illustribus
1700 2479 1909 2512 testimoniis
1933 2485 2050 2523 postea
2075 2490 2157 2522 pro-

1173 2533 1329 2576 pagavit,
1357 2540 1389 2566 et
1407 2531 1557 2565 subinde
1575 2530 1803 2570 instauravit,
1830 2542 1868 2563 ac
1886 2541 2024 2574 semper
2040 2529 2157 2562 omni-

1174 2585 1237 2617 bus
1256 2584 1368 2616 voluit
1387 2589 1505 2616 notam
1525 2592 1606 2616 esse.
1661 2580 1813 2625 Ideoque
1830 2588 1862 2614 et
1884 2593 2019 2624 semper
2034 2579 2158 2613 Eccle-

1172 2635 1257 2667 siam
1275 2635 1429 2679 aliquam
1450 2633 1620 2666 celebrem
1643 2632 1813 2671 servavit,
1847 2632 1884 2664 in
1909 2643 1976 2676 qua
2000 2630 2158 2664 ministe-

1172 2686 1263 2719 rium
1281 2685 1462 2730 publicum
1481 2689 1621 2717 sonaret
1637 2695 1757 2717 vocem
1774 2681 1977 2727 Evangelii,
1994 2693 2082 2727 quae
2101 2693 2159 2714 ex-

1468 2732 1550 2770 22*
