2415 2942
136 100 207 136 901
407 99 506 135 Xttt.

233 184 302 219 Hic
321 191 436 219 textus
455 184 558 219 etiam
586 185 740 220 ostendit
764 186 868 220 fidem
897 183 953 220 hic
972 186 1120 231 intelligi

133 248 204 270 non
238 236 404 270 noticiam
432 236 535 280 legis,
585 237 666 282 quia
701 249 859 281 expresse
891 239 1122 273 concionatur

131 286 260 321 Paulus
286 288 328 319 de
350 288 601 330 promissione,
630 300 720 332 quae
735 285 825 321 hanc
843 288 953 332 ipsam
973 290 1019 322 ob
1038 302 1116 323 can-

128 348 202 371 sam
222 338 313 371 edita
331 345 398 378 est,
415 338 497 382 quia
516 351 620 372 nemo
638 339 712 382 lege
727 339 839 372 iustus
858 344 919 373 est.
972 337 1017 373 Et
1036 341 1117 385 quia

128 388 210 421 talis
233 389 319 422 fides
339 389 554 433 postulatur,
581 401 669 434 quae
685 388 954 434 promissionem
979 391 1116 438 accipit,

126 440 351 473 manifestum
371 446 421 473 est
438 439 588 482 intelligi
604 440 726 480 fidem,
761 451 850 484 quae
874 446 924 474 est
950 443 1111 475 assentiri

127 490 374 536 promissioni,
401 490 438 523 in
461 502 529 536 qua
551 490 750 524 ostenditur
769 490 1008 525 misericordia
1032 504 1113 536 pro-

127 550 205 587 pter
246 541 475 575 mediatorem
520 541 688 585 promissa
705 567 714 581 ‚
765 537 830 573 hac
872 542 1112 577 misericordia

125 600 262 627 ostensa
292 592 480 636 acquiescit
512 603 571 624 cor
595 591 721 624 fiducia
749 591 969 633 mediatoris,
1004 601 1037 628 et
1062 595 1111 627 sic

124 644 250 687 accipit
267 642 506 676 remissionem
524 648 556 674 et
573 641 742 675 liberatur
758 654 797 674 ex
818 643 1001 677 doloribus
1020 645 1109 678 infe-

124 706 259 728 rorum.
304 692 362 727 Sic
380 700 412 727 et
430 692 467 725 in
485 691 582 725 Actis
599 692 746 727 dicitur:
771 691 865 727 Huic
881 706 1003 729 omnes
1020 695 1107 729 Pro-

122 743 248 790 phetae
272 743 511 777 testimonium
541 749 604 776 ete.

222 795 404 828 Praeterea
429 793 651 826 manifestum
677 799 727 827 est
751 793 900 828 Paulum
936 795 1032 840 loqui
1063 797 1106 829 de

120 858 159 879 ea
185 846 273 885 fide,
300 857 388 889 quae
407 844 507 878 affert
526 855 644 887 pacem
670 851 701 878 et
727 844 900 878 laeticiam
922 847 1040 887 cordi,
1067 856 1103 881 ut

118 908 197 930 cum
214 895 345 941 inquit:
365 894 545 928 [ustificati
561 895 627 928 fide
643 907 762 939 pacem
779 893 959 931 habemus.
999 897 1101 931 ltem:

117 947 189 990 Qui
209 946 318 980 credit
335 946 372 978 in
393 957 490 984 eum,
509 958 581 978 non
602 946 852 982 confundetur.
906 946 952 981 At
971 949 1099 982 noticia

115 996 281 1032 historiae
313 997 349 1029 in
377 996 528 1029 diabolis
556 1003 588 1030 et
620 997 698 1029 aliis
730 997 848 1041 impiis
883 995 1101 1033 horribiliter

115 1055 242 1092 augent
262 1054 432 1088 terrores,
467 1047 548 1092 quia
573 1047 666 1080 enim
690 1048 805 1081 sciunt
827 1049 963 1082 diaboli
987 1050 1097 1083 filium

112 1099 178 1133 Dei
199 1099 348 1132 iudicem
367 1109 450 1137 esse,
467 1110 570 1142 quem
587 1098 651 1142 ipsi
670 1099 916 1143 superbissime
936 1101 1098 1142 oderunt,

112 1157 147 1184 et
177 1162 293 1183 coram
320 1155 391 1182 tota
418 1146 573 1182 Ecclesia
599 1149 739 1182 coelesti
771 1157 993 1184 ostensurum
1025 1164 1096 1185 esse

111 1201 283 1234 malitiam
306 1200 484 1243 ipsorum,
512 1206 543 1232 et
566 1211 601 1232 se
625 1199 662 1231 in
687 1201 808 1243 poenis
825 1202 974 1234 aeternis
1000 1210 1094 1236 certo

112 1253 249 1286 futuros
266 1261 352 1283 esse:
391 1249 471 1283 ideo
496 1250 605 1292 magis
622 1250 744 1283 dolent
759 1257 791 1284 et
810 1251 974 1285 fremunt.

213 1301 358 1335 Necesse
375 1307 426 1334 est
451 1300 559 1343 igitur
574 1300 722 1333 Paulum
743 1301 891 1344 intelligi
916 1314 988 1335 non
1014 1308 1090 1336 tan-

110 1361 182 1387 tum
211 1353 254 1385 de
276 1351 405 1384 noticia
430 1348 615 1390 historiae,
643 1352 701 1384 sed
729 1352 772 1384 de
795 1349 859 1384 hac
883 1353 969 1392 fide,
1003 1365 1091 1397 quae

106 1403 294 1436 assentitur
314 1401 558 1444 promissioni,
585 1407 618 1433 et
634 1401 776 1445 quidem
794 1402 842 1435 sic
859 1414 933 1435 eam
951 1404 1088 1448 accipit,

105 1461 142 1487 ut
162 1454 226 1486 tibi
251 1452 316 1496 ipsi
340 1452 460 1485 credas
482 1452 557 1484 dari
581 1452 749 1485 beneficia
775 1453 990 1487 mediatoris.
1045 1454 1088 1488 Et

106 1505 187 1550 quia
205 1504 290 1536 fides
307 1503 514 1536 correlative
530 1513 565 1535 se
581 1500 687 1536 habet
705 1504 747 1535 ad
770 1504 1039 1546 promissionem
1056 1513 1088 1539 et

104 1557 147 1589 ad
171 1554 420 1593 mediatorem,
461 1553 643 1586 sciendum
677 1560 727 1587 est
758 1551 848 1587 hanc
874 1557 1085 1599 propositio-

106 1617 203 1639 nem:
243 1603 330 1636 Fide
362 1603 612 1642 iustificamur,
649 1604 854 1637 correlative
886 1606 1085 1649 intelligen-

105 1659 185 1690 dam
211 1665 300 1694 esse,
337 1665 399 1697 pro
425 1651 489 1685 hac
515 1654 771 1696 propositione:
800 1654 948 1698 Propter
974 1657 1084 1689 filium

103 1706 169 1741 Dei
188 1705 416 1738 mediatorem
434 1716 495 1748 per
512 1703 805 1744 misericordiam,
830 1704 969 1744 Gratis,
995 1707 1084 1739 acci-

103 1759 221 1802 pimus
250 1755 490 1789 remissionem
516 1761 734 1797 peccatorum
758 1762 792 1788 et
823 1757 1081 1789 reconciliatio-

103 1820 183 1842 nem
210 1807 297 1846 fide,
326 1818 397 1838 non
418 1811 561 1849 propter
587 1804 791 1847 dignitatem
819 1807 928 1840 nostri
955 1809 1082 1851 operis,

102 1859 196 1905 quod
215 1857 420 1890 nominatur
435 1856 540 1898 futes,
564 1862 729 1888 ettamen
749 1855 832 1889 fides
849 1864 897 1890 est
914 1859 1082 1899 medium,

101 1922 171 1956 quo
197 1905 494 1952 apprehendimus
518 1906 744 1939 mediatorem
771 1914 802 1940 et
828 1907 863 1939 in
883 1920 922 1941 eo
941 1910 1081 1954 acquie-

99 1962 240 1994 scimus.
293 1957 387 1990 Haec
403 1957 521 1991 omnia
540 1957 792 1989 consideranda
813 1965 913 1999 sunt,
943 1967 981 1992 ut
1000 1973 1079 2002 pro-

98 2011 243 2055 positio:
265 2008 352 2042 Fide
369 2008 612 2047 iustificamur,
630 2009 678 2040 sic
694 2008 928 2051 intelligatur,
942 2017 977 2043 ut
989 2010 1080 2044 Pau—

99 2064 155 2095 lus
172 2060 341 2105 loquitur.
394 2056 566 2092 Osiandri
587 2059 654 2091 alia
673 2065 722 2091 est
740 2059 962 2102 imaginatio:
993 2060 1079 2095 Fide

97 2111 341 2148 iustificamur,
367 2109 400 2141 id
421 2115 490 2149 est,
508 2107 803 2152 apprehendimus
824 2111 934 2144 Deum
953 2112 1080 2155 ipsum,

98 2172 136 2197 nt
155 2164 197 2196 sit
215 2162 252 2194 in
273 2161 394 2197 nobis,
424 2167 457 2193 et
482 2159 526 2193 sit
552 2160 686 2192 efficax:
716 2166 748 2193 et
765 2161 893 2194 deinde
913 2162 998 2196 dicit
1014 2176 1078 2197 nos

96 2216 205 2248 iustos
220 2223 309 2251 esse,
329 2211 409 2256 quia
428 2208 596 2244 habemus
613 2210 797 2252 iusticiam,
813 2213 943 2246 scilicet
960 2214 1076 2247 Deum

96 2270 292 2299 moventem
316 2273 401 2302 nos,
425 2269 461 2295 ut
488 2262 577 2294 iuste
601 2272 754 2303 agamus.

195 2314 290 2347 Haec
306 2313 475 2346 dicuntur
488 2313 531 2344 de
551 2313 706 2345 novitate
724 2314 905 2357 sequenti,
939 2326 1011 2347 non
1033 2316 1075 2348 de

97 2366 295 2410 acceptione
321 2363 538 2397 remissionis
566 2369 843 2407 peccatorumlet
869 2366 1074 2399 reconcilia-

94 2417 219 2456 tionis,
246 2422 278 2449 et
299 2416 341 2448 de
358 2414 617 2454 consolatione,
646 2426 750 2458 quam
775 2425 911 2458 semper
935 2417 1074 2459 praelu-

96 2479 171 2500 cere
188 2467 334 2500 novitati
353 2471 501 2509 oportet.
545 2464 705 2497 Primum
724 2465 816 2498 enim
837 2467 973 2510 quaerit
988 2479 1073 2500 con-

96 2519 258 2557 scientia,
292 2529 336 2550 an
363 2515 489 2550 habeat
518 2516 761 2549 remissionem
794 2524 1014 2561 peccatorum
1041 2525 1072 2552 et

94 2562 434 2604 reconciliationem,
479 2574 510 2600 et
543 2565 633 2600 hanc
665 2567 789 2611 accipit
820 2568 887 2600 fide
915 2568 1073 2603 intuente

93 2620 320 2653 mediatorem
338 2618 448 2652 Deum
466 2625 497 2652 et
517 2616 714 2657 bominem,
743 2619 831 2652 sicut
853 2619 984 2652 (lictum
1006 2627 1071 2654 est:

92 2671 159 2705 Per
177 2668 269 2704 hunc
290 2668 457 2703 habemus
480 2680 653 2702 accessum
674 2675 735 2702 etc.

563 101 597 135 3.
628 98 922 136 ENARRATIO
952 100 1106 137 Et‘ts'r.
1135 100 1283 138 PAULI
1310 103 1377 140 AD
1404 104 1664 146 ROMANOS.

1720 111 1823 149 CAP.
1850 115 1913 154 IV.
2095 123 2169 162 902

1177 185 1269 222 Ideo
1291 201 1336 224 ex
1357 188 1459 236 fide,
1496 196 1534 226 ut
1559 193 1754 253 secundnm
1784 201 1950 244 gratiam
1970 202 2089 249 firma
2114 208 2162 243 sit

1562 248 1772 291 promessim

1276 314 1371 374 {iaec
1388 326 1437 353 est
1461 320 1655 365 syllogismi
1675 327 1874 370 conclusio,
1899 344 1987 376 quae
2012 348 2089 369 cum
2115 339 2157 374 sit

1173 376 1356 410 perspicua
1382 372 1591 415 asseveratio
1623 375 1665 407 de
1692 379 1841 418 gratuita
1871 386 2156 422 reconciliatione

1171 423 1314 460 propter
1338 419 1450 452 filium
1475 419 1540 454 Dei
1558 425 1736 465 perfidem
1751 454 1758 467 ,
1794 441 1864 462 non
1883 433 1996 467 solum
2023 438 2155 472 doctri-

1170 478 1379 524 nae-causa,
1421 472 1481 503 sed
1508 472 1611 506 etiam
1637 484 1779 520 propter
1807 483 2083 520 consolationem
2109 491 2153 524 sit

1168 523 1370 575 notissima,
1386 528 1419 554 et
1434 533 1571 566 semper
1590 525 1626 557 in
1647 536 1835 571 conspectu
1853 532 1907 564 sit.
1960 534 2055 570 Deus
2071 551 2152 582 pro-

1166 579 1370 602 missionem
1407 573 1705 610 reconciliationis
1733 579 1807 612 vult
1839 583 1941 616 nobis
1970 595 2079 621 ratam
2118 600 2150 625 et

1165 617 1300 652 firmam
1326 632 1399 654 esse
1424 630 1568 667 propter
1587 636 1686 660 suam
1711 629 1910 673 veritatem,
1953 643 1985 669 et
2008 648 2151 683 propter

1164 669 1394 704 mediatorem
1424 673 1558 717 filium,
1600 688 1672 709 non
1706 687 1850 722 propter
1881 693 2000 719 nostra
2027 692 2148 724 merita

1162 719 1246 754 ulla.
1300 720 1352 755 Ac
1377 724 1452 757 vult
1478 725 1589 769 accipi
1615 730 1886 770 promissionem
1913 736 2000 777 fide,
2035 747 2068 774 et
2092 754 2147 775 ac-

1159 770 1338 853 quiescere
1375 775 1481 808 corda
1524 784 1644 812 nostra
1691 780 1727 812 in
1772 780 1847 825 ipso
1887 795 2032 831 propter
2073 803 2145 825 me-

1185 828 1343 857 latorem.

1260 879 1355 914 Haec
1378 889 1427 917 est
1450 895 1586 919 summa
1611 889 1804 923 consolatio
1830 891 1866 925 in
1896 895 1984 929 veris
2011 899 2144 933 dolori-

1158 930 1240 971 bus,
1279 939 1312 966 et
1341 932 1378 966 in
1405 931 1469 967 hac
1502 939 1745 973 consolatione
1776 941 2026 986 intelliguntur
2057 948 2140 984 haec

1155 982 1265 1016 dicta:
1304 982 1484 1018 iustificati
1521 987 1588 1020 fide
1630 1002 1750 1033 pacem
1790 989 1970 1032 habemus.
2034 998 2139 1035 Item:

1155 1031 1226 1074 Qui
1259 1035 1409 1068 credunt
1440 1035 1475 1068 in
1508 1048 1606 1077 eum,
1648 1052 1720 1073 non
1755 1045 2032 1084 confundentur.
2095 1050 2140 1086 Et

1154 1081 1260 1116 lonae
1276 1085 1328 1119 2.;
1366 1084 1439 1128 Qui
1463 1099 1536 1120 non
1560 1090 1769 1133 confugiunt
1786 1095 1829 1126 ad
1848 1096 2126 1135 misericordiam

1151 1140 1329 1168 sectantur
1349 1147 1450 1170 vana.
1505 1137 1591 1172 ltem
1618 1139 1746 1184 Ephes.
1764 1144 1812 1176 3.:
1847 1144 1915 1179 Per
1940 1161 2043 1193 quem
2071 1130 2139 1186 au:

1150 1184 1273 1218 demus
1297 1188 1459 1220 accedere
1478 1190 1694 1225 confidenter
1719 1205 1782 1237 per
1803 1196 1906 1229 fidem
1938 1198 2012 1233 lesu
2030 1200 2136 1236 Chri—

1148 1234 1204 1269 sti.
1255 1235 1300 1270 Et
1318 1236 1431 1272 Hebr.
1449 1237 1502 1272 4.:
1530 1239 1637 1275 Hunc
1660 1240 1827 1279 habentes
1846 1250 2046 1291 pontificem
2071 1260 2135 1289 etc.

1250 1293 1393 1329 Talium
1417 1297 1700 1334 testimoniorum
1721 1314 1865 1339 acervus
1891 1314 2070 1355 teneatur,
2097 1320 2134 1347 ut

1146 1349 1177 1376 et
1194 1344 1238 1377 de
1255 1346 1415 1380 doctrina
1432 1359 1498 1380 nos
1515 1351 1780 1395 confirmemus,
1815 1368 1853 1389 ac
1880 1359 2029 1394 sciamus
2053 1375 2133 1397 vere

1145 1394 1192 1426 sic
1208 1396 1251 1427 ad
1271 1394 1385 1430 Deum
1402 1400 1640 1434 accedendum
1668 1414 1758 1443 esse.
1801 1414 1832 1440 et
1852 1420 1931 1441 vere
1949 1410 1998 1443 sic
2021 1414 2130 1458 recipi

1145 1443 1325 1489 homines,
1366 1460 1444 1481 cum
1471 1449 1507 1482 in
1537 1453 1630 1486 veris
1663 1454 1848 1490 doloribus
1874 1467 2071 1498 sustentant
2095 1476 2131 1499 se

1143 1497 1394 1539 promissione,
1423 1506 1455 1533 et
1472 1502 1620 1536 credunt
1641 1515 1675 1536 se
1695 1513 1839 1550 propter
1860 1510 1971 1543 filium
1990 1511 2057 1547 Dei
2074 1527 2129 1549 re-

1142 1547 1230 1589 cipi,
1267 1555 1301 1581 et
1328 1549 1455 1590 iustos,
1497 1551 1533 1584 id
1559 1559 1627 1593 est,
1662 1564 1819 1599 acceptos
1845 1572 1936 1601 esse,
1980 1570 2011 1597 et
2037 1562 2127 1600 hanc

1142 1598 1418 1632 consolationem
1437 1600 1473 1633 in
1497 1604 1702 1646 quotidiana
1724 1607 1948 1644 invocatione
1968 1625 2126 1650 exercea—

1141 1659 1229 1680 mus.
1282 1648 1321 1681 1n
1341 1647 1395 1682 his
1412 1653 1584 1686 exercitiis
1607 1655 1671 1688 erit
1695 1656 1869 1693 illustrior
1887 1668 1919 1695 et
1937 1660 2022 1698 haec
2043 1677 2124 1701 sen-

1140 1698 1266 1731 tentia:
1295 1698 1376 1733 ldeo
1394 1713 1433 1734 ex
1453 1702 1519 1735 fide
1535 1705 1661 1746 gratis,
1688 1713 1725 1740 ut
1743 1709 1787 1743 sit
1803 1710 1900 1745 firma
1920 1716 2123 1756 promissio:

1139 1760 1201 1780 nec
1219 1750 1321 1782 aliam
1342 1751 1668 1800 interpretationem
1687 1759 1796 1800 addo,
1830 1764 1888 1796 sed
1906 1765 2024 1800 nativa
2039 1779 2120 1803 sen—

1138 1800 1246 1832 tentia
1270 1813 1309 1832 ex
1334 1801 1416 1845 ipsis
1439 1805 1552 1837 verbis
1574 1814 1746 1842 sumatur.

1240 1856 1314 1890 Hae
1330 1861 1587 1896 consolationes
1605 1868 1775 1900 tenendae
1790 1877 1871 1904 sunt
1888 1880 2008 1908 contra
2026 1876 2120 1910 mul-

1136 1914 1190 1940 tos
1206 1920 1352 1944 errores.
1407 1910 1574 1946 Monachi
1602 1917 1725 1951 dicunt
1743 1922 1957 1956 manendum
1982 1937 2054 1959 esse
2080 1928 2117 1961 in

1135 1959 1372 1999 dubitatione,
1415 1969 1446 1995 et
1471 1964 1610 1999 dicunt:
1657 1967 1706 2001 lta
1740 1970 1910 2014 placebis,
1952 1975 1980 2008 si
2006 1977 2115 2020 legem

1135 2009 1345 2053 impleveris.
1413 2010 1591 2049 Osiander
1622 2018 1671 2050 sic
1703 2020 1805 2054 dicit:
1849 2021 1902 2056 Ita
1926 2037 1960 2058 es
1986 2027 2116 2070 iustus,

1134 2072 1212 2093 cum
1238 2061 1375 2094 iusticia
1403 2065 1597 2100 essentialis
1619 2069 1768 2112 impellit
1789 2079 1822 2105 te
1847 2076 1889 2107 ad
1915 2076 2003 2110 bene
2030 2091 2114 2123 ope-

1134 2113 1298 2152 randum,
1312 2113 1409 2147 iubet
1427 2121 1459 2147 te
1475 2128 1642 2160 quaerere
1659 2122 1778 2166 quales
1796 2123 1831 2156 in
1851 2131 1883 2158 te
1894 2126 1964 2160 sint
1982 2129 2113 2173 impul-

1135 2162 1262 2198 siones.
1306 2162 1375 2197 Sed
1394 2163 1523 2200 Paulus
1541 2169 1684 2204 deducit
1708 2179 1739 2205 te
1758 2175 1800 2207 ad
1819 2174 1930 2208 filium
1952 2176 2018 2212 Dei
2041 2193 2113 2214 me-

1132 2213 1301 2247 diatorem
1330 2220 1364 2247 et
1385 2216 1428 2248 ad
1453 2219 1742 2263 promissionem,
1780 2225 1874 2259 iuxta
1901 2228 2009 2263 dicta:
2045 2231 2112 2265 Per

1132 2262 1226 2297 hunc
1258 2265 1426 2300 audemus
1455 2271 1618 2304 accedere
1648 2285 1709 2316 per
1739 2274 1841 2308 fidem
1872 2284 1936 2312 etc.
2006 2280 2110 2316 Item:

1131 2314 1203 2358 Qui
1233 2327 1305 2348 non
1336 2317 1545 2361 confugiunt
1570 2324 1611 2354 ad
1640 2325 1935 2370 misericordiam,
1977 2340 2111 2366 sectan-

1130 2373 1187 2399 tur
1212 2378 1314 2400 vana.

1229 2415 1367 2451 Deinde
1409 2419 1569 2463 sequitur
1612 2423 1855 2469 amplificatio,
1903 2442 1992 2474 quae
2033 2447 2110 2468 cum

1129 2468 1282 2502 ostendit
1306 2469 1420 2513 qualis
1445 2471 1551 2504 fuerit
1577 2472 1660 2506 fides
1685 2473 1869 2519 Abrahae,
1905 2483 2014 2516 multa
2046 2487 2109 2519 do-

1128 2526 1178 2551 cet
1201 2520 1244 2552 de
1268 2526 1394 2553 natura
1418 2520 1517 2561 fidei,
1546 2528 1578 2555 et
1603 2523 1639 2556 in
1665 2524 1732 2558 fine
1755 2529 1853 2562 addit
1879 2532 2108 2578 principalem

1127 2570 1417 2613 applicationem,
1459 2572 1613 2608 affirmat
1642 2575 1774 2609 dictum
1798 2579 1834 2612 in
1860 2579 1989 2616 Genesi
2022 2587 2107 2619 scri-

1128 2628 1225 2664 ptum
1254 2632 1344 2660 esse,
1379 2633 1451 2653 non
1476 2630 1618 2666 propter
1645 2626 1826 2662 Abraham
1854 2638 2009 2673 tantum,
2049 2639 2106 2670 sed

1127 2671 1229 2704 etiam
1249 2678 1392 2715 propter
1409 2683 1492 2713 nOS,
1522 2681 1560 2708 ut
1583 2676 1731 2711 sciamus
1757 2681 1859 2715 nobis
1879 2695 2017 2730 quoque
2043 2688 2108 2721 im-

1273 2719 1350 2754 57*
