2415 2942
309 125 401 160 1051

308 216 424 253 postea
443 217 501 249 per
519 201 710 247 Prophetas
726 202 831 235 scribi
852 202 974 237 voluit.
1028 199 1183 235 Orditur
1210 211 1290 244 ergo

308 260 435 291 Paulus
465 255 636 288 Ecclesiae
670 254 866 286 doctrinam
893 266 911 285 a
946 253 1094 286 lectione
1114 279 1123 292 ‚
1165 252 1293 284 deiude

306 310 407 341 lectio
436 307 644 338 illustranda
671 311 721 337 est
744 304 926 344 doctriua,
963 304 997 335 iil
1024 310 1093 343 est,
1122 303 1291 335 vocabula

307 359 502 391 enarranda
518 363 599 388 sunt
613 382 621 395 ‚
649 355 734 399 quid
751 354 860 394 Deus,
891 354 974 398 quid
993 354 1086 386 filius
1106 354 1180 391 Dei,
1209 354 1293 397 quid

309 412 383 447 tex,
412 408 495 452 quid
524 414 720 449 peccatum,
749 406 833 449 quid
860 405 1016 437 remissio
1042 404 1189 448 peccati,
1218 415 1296 445 gra-

308 461 354 492 tia
374 486 381 497 ,
624 454 855 497 Evangelium
873 482 880 493 ,

309 511 378 542 vita
399 517 558 546 aeterna,
587 506 791 548 significent.
845 504 939 538 Ilaec
961 506 1085 538 urdine
1109 507 1149 537 ad
1170 506 1297 537 docen-

311 562 394 593 (lllm
414 558 674 591 itt'tssottltllotlitlo
694 556 821 599 exponi
841 568 977 589 HOC?SSC
996 563 1055 589 K’SL

414 609 588 642 Nominat
606 614 635 640 et
657 607 945 643 consolationem,
974 607 1054 650 quia
1073 606 1149 639 finis
1168 604 1298 638 doctri-

310 673 374 693 nie
395 661 429 692 iu
449 659 605 692 Ecclesia
628 665 676 691 est
702 658 914 694 consolatio,
944 657 1128 695 videlicet,
1156 669 1223 699 qua
1246 668 1299 687 re·-

312 711 487 744 couciliati
509 711 583 742 Deo
614 708 739 742 fiducia
768 708 990 747 mediatoris,
1017 707 1190 740 efficimur
1212 714 1300 739 tem-

310 763 367 805 pla
401 760 464 793 Dei
498 767 530 793 et
563 759 751 802 accipimus
783 759 883 791 initia
918 758 1006 791 sitae
1035 764 1223 794 aeternae,
1258 757 1299 788 ad

312 825 416 856 quun
437 810 722 843 resuscitabimur
741 821 779 841 ex
799 816 930 846 morte,
959 816 992 842 et
1010 808 1075 840 erit
1101 815 1185 841 tunc
1202 806 1297 840 Deus

313 863 431 895 omnia
464 863 498 893 iu
530 860 695 893 omuibus
726 860 856 897 beatis,
899 859 1165 892 communicans
1197 858 1298 890 nobis

311 925 404 952 sese,
433 924 529 944 suam
557 911 691 950 lucem,
719 910 950 954 sapientiam,
978 909 1151 942 iusticiam
1178 916 1208 942 et
1232 909 1301 941 lae·-

317 964 430 997 titiam
459 963 495 994 in
521 962 734 996 aeternitate.
804 960 928 993 Talem
958 961 1049 993 vitae
1073 961 1203 993 exitum
1229 971 1301 991 non

314 1012 469 1047 ostendit
489 1009 730 1056 philosophia,
759 1024 847 1055 quae
872 1018 921 1044 est
939 1011 1108 1055 particula
1137 1011 1221 1053 legis
1247 1010 1302 1042 di-

312 1066 435 1102 vinae,
469 1070 501 1096 et
527 1063 620 1095 videt
652 1074 690 1094 ac
715 1062 873 1105 deplorat
903 1062 1060 1105 ingentes
1089 1061 1302 1094 calamitates

316 1115 452 1157 generis
481 1111 648 1152 humani,
683 1120 716 1146 et
741 1111 901 1145 hortatur
929 1111 1088 1145 homines
1114 1114 1155 1144 ad
1183 1112 1302 1144 mode-

311 1167 435 1205 stiam,
476 1164 564 1197 sicut
599 1163 696 1196 l‘lato
737 1163 883 1208 inquit:
928 1160 1194 1204 Philosophiam
1230 1173 1301 1194 esse

313 1214 502 1260 μελέτησιν
518 1211 701 1249 θανάτου.
743 1213 811 1247 Sed
831 1225 896 1246 vox
912 1212 1096 1255 Evangelii
1116 1220 1180 1246 est:
1208 1210 1301 1244 Om-

315 1268 370 1299 nis
397 1267 456 1311 qui
483 1265 593 1298 credit
626 1266 662 1297 in
689 1264 817 1304 filium,
853 1262 955 1297 habet
980 1265 1087 1296 vitam
1113 1271 1301 1296 aeternam.

317 1316 402 1349 Vult
428 1316 506 1348 sciri
532 1314 626 1348 Deus
655 1315 766 1347 filium
798 1315 942 1346 missum
970 1326 1059 1354 esse,
1098 1321 1136 1346 ut
1161 1313 1299 1354 colligat

317 1375 495 1400 aeternam
513 1365 724 1404 Ecclesiam,
749 1372 780 1397 et
798 1376 933 1406 semper
949 1376 1027 1396 eum
1043 1367 1160 1397 adesse
1179 1363 1300 1396 Eccle-

316 1420 408 1453 siae.
437 1417 512 1449 vult
540 1416 608 1459 peti
638 1424 669 1448 et
695 1415 867 1458 expectari
889 1427 905 1447 a
934 1415 1004 1446 filio
1022 1415 1212 1454 auxilium,
1237 1415 1298 1445 de-

315 1469 540 1505 fensionem,
583 1473 614 1499 et
647 1466 776 1498 deinde
805 1465 1062 1498 restitutionem
1094 1477 1133 1497 ex
1174 1471 1300 1496 morte.

318 1519 403 1551 X'ult
430 1518 533 1549 fidem
561 1524 593 1549 et
629 1516 889 1549 invocationem
922 1515 1072 1548 exerceri
1106 1523 1138 1547 et
1174 1526 1299 1558 propa-

316 1569 388 1610 gari
409 1579 526 1600 vocem
545 1564 750 1610 Evangelii,
777 1578 820 1598 ne
835 1573 947 1599 totum
973 1577 1082 1609 genus
1106 1563 1300 1597 humanum

314 1621 443 1652 frustra
461 1617 642 1650 conditum
660 1618 722 1657 sit,
749 1617 807 1649 sed
838 1628 917 1660 pars
943 1628 1065 1659 magna
1094 1616 1138 1649 sit
1161 1622 1300 1648 aeterna

317 1669 493 1708 Ecclesia,
520 1680 608 1712 quae
628 1668 741 1711 ipsum
760 1667 795 1700 in
815 1665 878 1699 liae
902 1667 970 1699 vita
989 1674 1170 1710 agnoscat,
1197 1672 1230 1699 et
1247 1666 1301 1698 cui

318 1722 355 1753 in
384 1726 455 1752 tota
480 1718 685 1751 aeternitate
710 1718 903 1751 bonitatem
928 1729 1024 1750 suam
1056 1716 1303 1750 communicet.

317 1769 388 1804 Res
412 1769 518 1811 igitur
549 1769 717 1801 maximas
745 1767 876 1801 Paulus
909 1768 945 1800 in
982 1768 1045 1800 illo
1079 1767 1174 1800 brevi
1209 1767 1303 1799 dicto

318 1821 520 1863 complexus
536 1826 604 1860 est,
633 1819 896 1852 distinctionem
919 1819 1118 1857 doctrinae,
1146 1829 1234 1862 quae
1255 1825 1304 1851 est

318 1869 495 1904 Ecclesiae
513 1871 663 1913 propria,
687 1876 718 1902 et
734 1869 926 1913 sapientiae
943 1869 1124 1902 rationalis
1143 1880 1204 1901 seu
1225 1865 1302 1911 phi-

320 1918 513 1965 losopliiae.

425 458 580 495 iusticia,

880 116 1004 150 Ptttt..
1035 115 1148 151 MEL.
1177 113 1386 150 SCRIPTA
1416 113 1709 150 ExEGETtCA.

924 454 1103 493 Ecclesia,
1141 454 1298 496 politiae,
1320 455 1323 466 ¹

1322 598 1323 602 Ἰ
1349 567 1413 587 nos
1440 556 1482 587 ad
1509 555 1692 587 lectionem
1719 555 1960 587 exuscitemus.

567 1920 656 1953 Item
675 1921 856 1953 doctrinae
875 1920 1014 1953 initium
1037 1926 1070 1953 et
1088 1919 1205 1952 finem.
1257 1917 1305 1953 Et
1324 1911 1330 1956 l
1357 1931 1435 1963 gas,
1461 1920 1588 1954 Amen.

2232 115 2328 152 1052

1342 200 1447 234 simul
1470 197 1634 234 hortatur
1656 210 1720 232 nos
1743 200 1786 233 ad
1814 200 2038 240 discendum,
2066 208 2099 235 ct
2121 201 2239 245 alligat
2264 212 2327 235 nos

1344 254 1385 284 ad
1408 249 1490 284 haec
1514 259 1605 284 certa
1633 251 1758 294 scripta
1785 263 1845 294 per
1870 248 2062 293 Prophetas
2086 260 2118 286 et
2136 251 2328 296 Apostolos

1345 303 1484 336 tradita.
1554 301 1698 335 ttesutat
1731 301 1834 334 etiam
1863 300 2142 335 Stenkefeldium
2177 310 2208 336 et
2241 304 2327 335 alios

1348 351 1601 391 eutliusiastas‚
1642 352 1701 395 qui
1730 354 1908 385 abducunt
1938 350 2097 385 homiues
2126 365 2143 385 a
2171 353 2329 393 lectione,

1345 411 1377 436 et
1396 404 1517 436 iubent
1534 403 1681 435 volitare
1699 403 1734 434 iu
1754 402 1890 435 coelum
1916 399 2080 434 humanis
2105 403 2327 446 cogitationi-

1347 455 1431 496 bus,
1461 460 1492 486 et
1510 465 1590 486 vera
1607 453 1768 486 exercitia
1796 453 1874 485 fidei
1899 452 2067 485 intuentis
2095 465 2213 485 vocem
2236 454 2328 487 divi·

1347 517 1447 544 nam,
1482 506 1649 537 obruunt.
1719 503 1928 536 Moveamur
1961 503 2067 546 igitur
2092 503 2191 536 Pauli
2225 504 2329 543 diem,

2014 552 2134 586 Altera
2159 555 2330 588 sententia

1350 606 1451 637 etiam
1472 605 1608 646 legendi
1627 612 1658 638 et
1676 605 1832 637 discendi
1857 616 1973 636 curam
1993 605 2094 637 nubis
2112 607 2333 639 commendat

1351 654 1405 689 bis
1433 656 1778 698 exaggerationibus:
1819 655 1941 687 Sermo
1966 652 2097 688 Christi
2130 653 2261 689 habitet
2294 656 2330 689 in

1350 706 1450 738 vobis
1476 707 1660 753 opulenter
1686 706 1722 738 iu
1751 707 1847 739 omui
1873 705 2054 749 sapientia.
2114 705 2259 739 Necesse
2282 714 2332 741 est

1349 757 1462 790 sontes
1491 757 1669 789 doctrinae
1695 765 1783 790 recte
1817 756 1924 796 disci,
1959 757 2040 800 quia
2066 753 2232 790 haeretici
2258 769 2331 791 non

1351 814 1501 840 tractant
1525 819 1720 839 sermonem
1746 805 1878 840 Christi
1905 807 2097 850 sapienter,
2125 814 2162 840 ut
2189 806 2332 841 Anaba—

1351 859 1473 901 ptistae
1494 859 1701 890 damnantes
1718 858 1878 890 ordinem
1900 857 2104 901 politicum,
2132 858 2330 893 distinctio—

1351 921 1431 941 nem
1463 909 1709 947 domhxorum,
1742 909 1962 950 magistratus
1992 914 2025 941 et
2055 908 2202 947 iudicia,
2240 909 2326 942 insi—

1351 960 1487 1003 pienter
1510 966 1542 992 et
1566 959 1723 991 furenter
1746 966 1975 1001 corrumpunt
2011 959 2102 991 dicta
2131 958 2327 1003 Evangelii.

1351 1010 1550 1043 Necessaria
1570 1016 1649 1042 sunt
1668 1009 1774 1051 igitur
1790 1009 1970 1042 doctrinae
1994 1010 2119 1042 studia.
2173 1009 2240 1044 Sed
2264 1008 2331 1045 hoc

1352 1061 1427 1093 loco
1452 1072 1523 1092 non
1547 1061 1638 1092 addo
1663 1060 1857 1102 longiorem
1882 1060 2166 1104 explicationem,
2193 1067 2330 1094 tantum

1352 1113 1508 1145 obtestor
1525 1123 1647 1144 omnes
1665 1111 1824 1143 timentes
1842 1109 1975 1151 Deum,
2005 1117 2043 1143 ut
2069 1118 2186 1144 ament
2211 1112 2331 1146 lectio-

1354 1174 1433 1194 nem
1450 1162 1654 1194 divinorum
1672 1161 1865 1200 librorum,
1891 1167 1924 1194 et
1941 1168 2082 1204 propter
2096 1162 2241 1204 gloriam
2254 1163 2334 1204 Dei,

1353 1219 1385 1245 et
1404 1218 1545 1256 propter
1568 1212 1744 1254 propriam
1763 1211 1922 1245 salutem.
1978 1211 2129 1245 Accedat
2145 1220 2260 1246 autem
2280 1215 2336 1247 in·-

1354 1264 1490 1295 vocatio
1516 1261 1601 1302 Dei,
1637 1274 1675 1295 ac
1706 1261 1847 1294 lectioni
1883 1269 1916 1295 et
1941 1262 2143 1305 cogitationi
2167 1263 2338 1298 miscean-

1354 1320 1412 1346 tur
1437 1314 1585 1356 gemitus
1610 1319 1642 1345 et
1666 1319 1766 1352 vota,
1793 1320 1825 1346 et
1852 1319 2008 1355 petamus
2035 1324 2099 1346 nos
2121 1325 2139 1346 a
2165 1314 2238 1346 filio
2255 1313 2335 1358 Dei,

1354 1364 1414 1408 qui
1431 1370 1481 1396 est
1497 1360 1603 1410 λόγος
1619 1363 1750 1395 aeterni
1772 1364 1893 1407 patris,
1915 1363 2061 1407 erudiri,
2086 1364 2174 1398 sicut
2190 1361 2256 1399 hoc
2273 1378 2334 1410 pe.

1353 1422 1424 1447 tere
1449 1414 1568 1446 iussit:
1617 1411 1728 1446 Orate
1747 1439 1755 1452 ,
1789 1425 1833 1446 ne
1863 1414 1999 1447 intretis
2024 1414 2060 1446 in
2092 1416 2332 1453 tentationem.

1354 1463 1396 1497 Et
1431 1465 1573 1508 quidem
1605 1463 1678 1506 ipse
1709 1475 1772 1507 pro
1805 1462 1961 1497 Ecclesia
1991 1465 2129 1498 assidue
2161 1473 2332 1512 precatur,

1353 1515 1443 1548 sicut
1471 1515 1601 1559 inquit:
1644 1514 1826 1547 Sanctifica
1861 1526 1919 1547 eos
1952 1514 1990 1546 in
2015 1516 2176 1555 veritate,
2219 1528 2333 1551 sermo

1352 1573 1433 1598 tuus
1450 1572 1498 1598 est
1516 1565 1652 1597 veritas.
1681 1565 1736 1597 Ad
1757 1563 1861 1598 huius
1874 1564 2208 1600 summiSacerdotis
2223 1570 2336 1602 nostri

1353 1616 1588 1659 precationem
1606 1614 1839 1656 adiungamus
1864 1621 1895 1647 et
1919 1621 2037 1648 nostra
2053 1622 2144 1651 vota.
2197 1616 2251 1651 Te
2269 1619 2336 1663 igi—

1353 1674 1412 1699 tur
1442 1666 1492 1698 fili
1517 1666 1581 1699 Dei
1604 1664 1757 1698 Domine
1781 1664 1858 1698 lesu
1880 1663 2038 1705 Christe,
2079 1667 2242 1701 crucifixe
2267 1682 2332 1712 pro

1354 1717 1458 1749 nobis
1480 1724 1513 1750 et
1537 1716 1755 1756 resuscitate,
1780 1713 1864 1763 λόγε
1881 1713 1942 1750 καὶ
1959 1714 2067 1752 εἰκών
2090 1715 2185 1752 ἀΐδιε
2210 1717 2332 1755 ἀϊδίου

1354 1765 1509 1813 πατρὸς,
1535 1768 1658 1799 sedens
1675 1768 1717 1799 ad
1736 1769 1892 1800 dextram
1911 1769 2044 1802 aeterni
2064 1769 2192 1813 patris,
2219 1778 2258 1805 ut
2273 1772 2335 1805 des

1356 1820 1446 1851 dona
1473 1816 1694 1857 hominibus,
1722 1819 1866 1862 supplex
1889 1830 1971 1856 oro,
2005 1826 2044 1853 ut
2067 1831 2130 1853 nos
2156 1821 2279 1855 doceas
2300 1830 2333 1857 et

1357 1870 1549 1912 gubernes,
1590 1875 1623 1902 et
1650 1866 1773 1901 harum
1807 1869 1988 1912 regionum
2013 1867 2184 1904 Ecclesiae.
2219 1879 2335 1917 prote-

1643 1918 1724 1965 θεῷ
1740 1915 1840 1958 δόξα.
