2415 2942
267 97 368 132 XllI.

193 181 336 215 Tertius
353 182 432 215 finis
445 189 512 222 est,
544 182 587 217 Ut
604 182 647 216 sit
666 194 794 216 nervus
813 184 972 227 publicae
991 198 1075 218 con-

91 233 319 276 gregationis,
347 233 383 265 in
401 245 468 277 qua
486 232 667 267 vultDeus
684 245 809 267 sonare
826 242 857 266 et
875 237 1073 269 conservari

91 295 209 316 vocem
233 282 426 316 Ministerii
452 284 654 327 evangelici.
723 284 805 316 ldeo
834 285 935 318 dicit:
975 286 1075 329 Quo-

90 334 295 378 tiescunque
320 334 473 373 facietis,
501 342 647 367 mortem
665 333 812 367 Domini
838 337 1074 370 annunciabi-

86 385 140 419 tis,
193 382 246 417 Ac
272 395 409 426 semper
428 385 540 418 voluit
558 384 652 418 Deus
674 382 841 418 honestos
859 393 890 419 et
914 388 1073 429 publicos

86 433 260 468 Ecclesiae
276 446 480 478 congressus
496 447 580 476 esse,
607 441 640 469 et
658 447 714 469 eos
733 446 794 468 sua
810 436 969 470 bonitate
986 450 1071 471 con-

85 492 200 518 servat
218 491 251 519 et
268 491 395 519 tuetur.

186 534 341 577 Quartus
363 535 464 577 finis,
498 535 545 570 Ut
571 536 607 569 in
635 536 778 580 publico
810 548 998 580 congressu
1026 539 1070 572 sit

86 586 327 619 testimonium
364 587 612 625 confessionis,
649 587 731 631 quia
769 587 844 620 vult
880 587 974 622 Deus
1009 602 1070 633 per

83 634 172 669 hanc
191 637 401 670 sumtionem
420 637 593 681 conspici,
619 648 724 682 quam
743 637 952 680 doctrinam,
980 652 1066 683 quos

83 695 199 721 coetus
217 688 463 731 approbemus,

181 737 336 780 Quintus
362 738 458 778 finis,
488 736 534 772 Ut
563 737 607 771 sit
632 744 776 772 mutuae
799 738 1002 773 dilectionis
1029 747 1063 774 et

80 788 177 832 quasi
205 788 355 820 foederis
378 788 536 830 signum,
577 788 666 822 sicut
695 789 965 824 usitatissimum
997 791 1063 824 fuit

82 839 217 871 sancire
235 839 372 871 foedera
391 838 496 871 simul
515 839 651 871 edendo
669 839 706 871 in
723 840 911 875 sacrificiis.

182 888 250 921 Sed
268 889 459 932 prudenter
474 889 697 922 discernendi
715 897 795 924 sunt
820 897 871 924 tot
896 892 999 931 fines,
1026 904 1065 926 ac

80 950 218 982 semper
235 939 441 982 principalis
459 941 664 973 retinendus
680 947 749 983 est,
777 953 821 975 ne
838 942 881 975 de
899 950 1065 987 pravetur

78 1001 161 1022 usus
181 990 411 1024 ceremoniae.

95 98 192 134 1113

125 1086 227 1124 Num
246 1088 361 1135 igilur
378 1087 475 1130 dico,
501 1087 603 1137 quod
616 1088 756 1124 idolum
776 1090 927 1140 aliquid
938 1092 1012 1127 sit?

177 1158 358 1193 Resutatio
383 1165 432 1191 est
450 1165 593 1201 argutae
618 1161 869 1201 excusationis,
902 1175 969 1206 qua
1000 1163 1059 1195 de-

75 1210 267 1243 fendebant
291 1209 398 1253 aliqui
422 1221 519 1242 snam
555 1209 757 1244 licentiam:
802 1213 893 1246 Cum
924 1213 1059 1246 idolum

75 1258 165 1293 niliil
184 1260 246 1297 sit,
274 1259 353 1291 licet
374 1260 476 1292 rebus
491 1259 563 1297 uti,
591 1262 713 1304 quales
739 1271 819 1295 sunt
849 1272 992 1303 natura,
1018 1272 1056 1298 ut

74 1309 187 1344 Rnhe!
210 1310 302 1342 idola
327 1310 434 1353 patris
461 1323 563 1343 aurea
587 1323 702 1343 secum
723 1321 901 1352 avexerat,
931 1322 969 1347 ut
986 1315 1059 1347 via-

74 1361 180 1394 ticum
199 1358 362 1399 haberet,
394 1372 463 1392 non
484 1368 521 1394 ut
542 1362 678 1395 coleret.

175 1418 275 1451 Hanc
309 1418 471 1451 callidam
516 1419 709 1452 elusionem
747 1420 877 1453 Paulus
913 1423 1056 1456 refutat:

72 1469 146 1502 Etsi
181 1467 271 1501 nihil
296 1475 345 1501 est
371 1469 482 1511 reipsa
510 1469 662 1509 idolum,
700 1477 814 1504 tamen
842 1484 981 1506 necesse
1006 1481 1056 1507 est

72 1520 274 1562 opinionem
307 1525 340 1552 et
366 1519 500 1553 cultum
532 1520 568 1552 in
593 1519 756 1555 Ethnicis
784 1530 901 1566 aperte
935 1526 1056 1557 taxari.

72 1570 158 1604 Nam
177 1567 303 1602 borum
320 1570 475 1613 suroreS,
504 1571 565 1615 qui
584 1571 677 1604 idola
700 1574 751 1604 vel
777 1574 973 1615 excogitant
997 1575 1051 1607 vel

71 1621 271 1660 stabiliunt,
308 1626 390 1653 sunt
415 1631 537 1662 magna
567 1628 599 1653 et
624 1629 711 1655 tetra
739 1630 892 1665 peccata,
928 1625 1056 1668 quibus

69 1670 245 1704 adversari
272 1681 409 1703 necesse
433 1677 502 1709 est,
530 1672 611 1716 quia
638 1673 769 1706 dictum
788 1681 853 1707 est:
880 1673 960 1707 Non
987 1673 1048 1708 113-

71 1721 169 1755 bebis
187 1720 279 1754 Deos
301 1721 445 1756 alienos.

173 1779 227 1812 llli
255 1786 389 1818 antem,
425 1779 484 1824 qui
510 1779 684 1815 intersunt
711 1782 763 1814 vel
791 1781 970 1816 sacrificiis
998 1785 1053 1817 vel

68 1831 240 1866 conviviis
265 1830 534 1863 sacrificantium
555 1831 677 1871 idolis,
705 1832 913 1867 confirmant
932 1847 1050 1868 eorum

67 1882 293 1926 opinionem,
338 1893 417 1914 cum
442 1893 513 1913 non
542 1883 729 1916 ostendant
759 1894 793 1915 se
819 1881 1008 1917 abhorrere
1032 1898 1050 1919 a

68 1934 197 1967 talibus
214 1931 402 1964 sacrificiis.
455 1931 553 1965 Sicut
570 1944 682 1973 nnnc,
708 1934 734 1966 si
754 1934 813 1978 qni
839 1936 1053 1970 comitantur

66 1984 229 2016 dominos
253 1981 288 2014 in
315 1982 639 2025 circumgestatione
665 1985 782 2026 panis,
817 1985 982 2019 videntur
1006 1988 1050 2019 il-

67 2034 134 2066 lam
155 2033 394 2066 adorationem
416 2045 488 2065 non
515 2034 734 2077 improbare,
763 2048 850 2080 quae
872 2044 964 2070 certe
984 2050 1050 2081 pu-

67 2091 147 2128 gnat
170 2096 248 2116 cum
268 2084 377 2115 dicto:
407 2083 488 2115 Non
509 2085 671 2117 adorabis
690 2084 782 2118 Deos
799 2086 945 2122 alienos.

168 2142 324 2175 Multum
344 2141 461 2175 dissert
479 2143 674 2186 exemplum
687 2142 800 2177 Rabel
817 2144 1050 2180 aCorinthio-

65 2205 141 2226 rum
167 2193 348 2227 conviviis.
415 2191 502 2224 Nam
527 2205 604 2225 cum
633 2191 749 2227 Rahel
771 2196 882 2229 aufert
908 2203 1050 2237 statuas,

64 2242 130 2277 hoc
154 2244 227 2287 ipso
254 2243 424 2282 ostendit,
453 2255 487 2275 se
518 2243 612 2276 nolle
636 2256 691 2276 eas
715 2257 732 2277 a
759 2252 854 2288 patre
871 2248 957 2287 coli,
986 2260 1050 2281 nec

65 2295 137 2337 ipsa
163 2294 264 2333 colit,
299 2296 356 2326 sed
384 2306 507 2326 aurum
537 2295 573 2326 in
599 2294 764 2327 viaticum
793 2297 962 2330 collatura
991 2306 1050 2338 est,

64 2347 154 2378 sicut
172 2345 270 2378 lrene
287 2345 355 2377 filia
382 2345 603 2387 imperatoris
622 2344 750 2378 Litinii
769 2353 898 2379 statuas
926 2361 1049 2382 aureas

65 2396 100 2428 111
127 2396 252 2428 sacello
278 2395 386 2439 patris
411 2396 592 2428 destruxit.
661 2395 707 2429 At
733 2397 952 2432 familiaritas
978 2399 1047 2433 Co-

61 2445 276 2479 rinthiorum
293 2458 371 2479 cum
396 2446 669 2479 sacrificantibus
693 2447 816 2479 similis
840 2456 913 2482 erat
938 2451 1048 2483 collu—

62 2498 164 2530 sioni.
214 2495 452 2530 Certissimum
473 2504 522 2530 est
538 2504 652 2529 autem
666 2524 673 2537 ‚
702 2498 790 2530 velle
808 2499 924 2532 Deum
943 2500 1046 2533 vitari

62 2548 238 2580 idolorum
256 2548 369 2580 cultus
386 2555 417 2580 et
434 2547 746 2582 confirmationem.

161 2605 240 2638 Non
259 2606 386 2638 obsura
405 2612 453 2638 est
473 2605 573 2639 Pauli
599 2608 789 2648 sententia,
814 2609 873 2640 sed
894 2608 950 2642 fiet
971 2622 1044 2643 ma-

59 2657 108 2700 gis
127 2657 324 2700 perspicua,
348 2668 425 2690 cum
441 2658 689 2692 transferemus
709 2671 783 2692 eam
811 2660 854 2693 ad
885 2661 1042 2705 exempla

419 99 454 135 4.
481 97 818 135 COMMENTAR.
847 99 897 134 IN
924 99 1080 139 EPIST.
1107 99 1255 137 PAULI
1282 100 1350 136 AD
1378 100 1703 141 CORINTHIOS,
1757 106 1861 146 CAP.
1889 109 1932 147 X.

2027 113 2122 148 1114

1131 199 1273 227 eorum,
1302 187 1362 232 qui
1392 194 1508 221 nostra
1541 196 1653 224 aetate
1675 191 1851 227 intersunt
1876 194 2120 238 circumgesta-

1130 237 1218 269 tioni
1238 238 1356 280 panis,
1384 246 1443 272 aut
1465 238 1641 274 idolorum
1659 242 1813 277 cultibus
1831 245 1868 277 111
1894 245 2117 281 invocatione

1129 295 1367 330 mortuorum,
1395 297 1455 323 aut
1471 288 1590 324 Missis
1610 292 1819 328 funebribus
1838 302 1870 329 et
1887 296 2073 331 similibus.

1130 385 1263 423 Πάντα
1279 386 1344 433 μοὶ
1360 388 1516 431 ἔξεστιν,
1543 390 1635 427 ἀλλὰ
1654 392 1716 434 οὐ,
1741 401 1803 430 etc.
1856 392 1998 431 Omnia
2018 396 2117 433 mihi

1508 440 1633 484 lt'cent,
1661 448 1722 480 etc.

1225 512 1372 547 Refutat
1404 515 1509 548 aliam
1546 517 1778 551 obiectionem
1812 532 1852 554 ex
1877 524 2036 557 doctrina
2067 527 2109 559 de

1123 564 1284 597 libertate
1306 562 1507 598 Christiana
1534 575 1705 601 snmtam:
1730 568 1889 604 Libertas
1905 571 2105 609 Christiana

1123 615 1216 648 tollit
1238 615 1440 648 discrimina
1467 616 1638 652 ciborum.
1697 618 1769 652 Cur
1793 621 1899 663 igitur
1923 623 2105 659 interdicis

1121 663 1209 698 mihi
1231 665 1268 698 in
1293 665 1487 699 amicorum
1510 667 1684 702 conviviis
1708 666 1762 702 his
1788 671 1893 713 cibis,
1919 685 2006 718 quos
2031 677 2101 710 scio

1121 723 1314 750 creaturam
1333 716 1401 749 Dei
1418 717 1547 750 bonam
1566 729 1658 760 esse,
1685 731 1747 752 nec
1774 722 1901 755 mutari
1927 735 1988 766 per
2013 727 2101 759 stul-

1119 773 1170 800 tas
1205 767 1501 809 consecrationes,
1541 768 1630 802 sicut
1654 782 1803 813 aurum,
1843 784 1883 805 ex
1912 786 1981 818 qno
2013 776 2101 810 facta

1117 824 1199 851 sunt
1213 829 1308 850 sacra
1327 818 1472 862 pocula,
1500 831 1572 852 non
1590 822 1771 854 mutatur?

1218 876 1424 919 Respondet
1446 875 1597 918 Paulus,
1623 879 1755 913 addens
1779 882 2032 917 restrictionem
2058 885 2101 918 ad

1119 927 1314 966 generalem
1353 927 1551 960 doctrinam
1583 929 1626 962 de
1660 930 1840 966 libertate:
1886 932 2099 979 Quanquam

1118 977 1223 1011 licent
1240 977 1376 1018 omnia,
1403 978 1533 1012 scilicet
1550 978 1586 1011 in
1603 977 1670 1013 hoc
1691 992 1835 1024 genere,
1863 996 1951 1029 quae
1974 985 2100 1019 dicun—

1119 1034 1176 1061 tur
1192 1028 1325 1068 media,
1352 1036 1390 1061 ut
1408 1028 1443 1060 in
1462 1041 1525 1062 usn
1544 1030 1631 1068 cibi,
1665 1039 1765 1074 potus
1790 1034 1925 1068 dierum
1939 1063 1947 1076 ‚
1981 1043 2098 1070 tamen

1117 1080 1277 1112 addenda
1293 1086 1342 1112 est
1358 1076 1443 1112 haec
1460 1080 1631 1114 restrictio
1647 1082 1690 1114 de
1706 1085 1887 1118 scandalo:
1917 1085 1996 1120 Non
2022 1094 2098 1121 uta-

1116 1129 1163 1163 ris
1180 1130 1361 1170 libertate,
1386 1129 1448 1163 ubi
1467 1131 1649 1165 confirmat
1666 1133 1798 1167 cultum
1817 1135 2013 1177 idolorum,
2040 1144 2100 1171 aut

1115 1181 1176 1213 ubi
1194 1180 1335 1214 adducit
1352 1180 1582 1215 conscientias
1602 1182 1830 1219 imbecillium
1850 1187 1886 1220 in
1906 1188 2101 1222 dubitatio-

1115 1243 1213 1271 nem,
1235 1232 1294 1263 sed
1312 1231 1442 1264 servias
1459 1232 1603 1265 utilitati
1623 1234 1786 1268 aliorum.

1214 1288 1337 1322 Postea
1362 1300 1484 1322 rursus
1512 1291 1611 1324 addit
1638 1290 1770 1326 Paulus
1794 1294 2096 1330 confirmationem

1114 1339 1294 1372 doctrinae
1310 1339 1493 1374 libertatis.
1549 1338 1668 1374 Omne
1685 1344 1779 1387 quod
1791 1343 1829 1377 in
1846 1345 1992 1379 macello
2012 1360 2098 1380 ven-

1112 1390 1226 1429 ditur,
1261 1389 1451 1429 comedite,
1486 1402 1558 1423 non
1592 1391 1811 1436 inquirentes
1842 1402 1985 1439 propter
2009 1410 2095 1431 con-

1111 1440 1291 1473 scientiam
1310 1464 1319 1477 ,
1362 1440 1443 1484 quia
1476 1440 1622 1474 Domini
1655 1449 1704 1476 est
1727 1451 1821 1478 terra
1850 1453 1882 1481 et
1909 1447 2093 1489 plenitudo

1111 1492 1196 1524 eius.
1250 1488 1353 1523 Nihil
1377 1490 1414 1522 in
1439 1488 1494 1523 his
1521 1491 1607 1525 locis
1639 1493 1768 1528 dicitur
1799 1496 1843 1528 de
1867 1497 2094 1533 distinctione

1111 1541 1253 1585 politica
1280 1552 1410 1575 rerum.
1462 1540 1623 1575 Libertas
1646 1542 1847 1579 Christiana
1873 1558 1945 1580 non
1967 1560 2093 1583 conce-

1110 1592 1161 1624 dit
1178 1591 1382 1624 conturbari
1399 1592 1577 1631 dominia,
1604 1600 1638 1627 et
1654 1595 1729 1638 rapi
1752 1596 1903 1630 aliorum
1928 1599 2094 1643 coniuges

1110 1649 1168 1675 aut
1192 1642 1350 1685 pecudeS.
1404 1641 1497 1684 Quia
1521 1640 1612 1677 hanc
1635 1645 1774 1678 civilem
1798 1647 1996 1682 societatem
2017 1651 2093 1686 vult

1108 1692 1203 1726 Deus
1221 1693 1293 1735 regi
1310 1692 1463 1735 politicis
1480 1694 1778 1730 ordinationibus.
1830 1697 1909 1731 Non
1934 1701 1976 1733 de
1995 1700 2090 1734 civili

1109 1743 1271 1777 societate
1296 1741 1353 1776 hic
1378 1743 1528 1785 dicitur,
1551 1746 1608 1778 sed
1637 1746 1680 1779 de
1698 1748 1910 1783 conscientia
1934 1750 2093 1794 singulo-

1108 1806 1185 1826 rum
1205 1805 1283 1837 erga
1302 1792 1434 1835 Deum,
1463 1794 1499 1827 111
1518 1807 1584 1828 usu
1599 1808 1716 1830 rerum
1733 1800 1968 1842 propriarum.
2014 1800 2092 1836 Hoc

1108 1845 1299 1889 quaeritur,
1319 1856 1363 1877 an
1382 1845 1426 1878 sit
1444 1852 1621 1890 peccatum
1641 1860 1757 1881 coram
1775 1847 1861 1889 Deo,
1881 1851 1972 1884 vesci
1988 1864 2092 1887 carne

1104 1895 1255 1938 leporis,
1281 1895 1342 1940 qui
1366 1895 1442 1928 iure
1467 1903 1547 1930 tuus
1570 1904 1633 1934 set.
1691 1897 1760 1932 Hic
1786 1902 1974 1944 respondet
1996 1901 2090 1936 Pau-

1105 1946 1178 1986 lus,
1212 1957 1283 1979 non
1309 1958 1380 1979 esse
1404 1953 1592 1990 peccatum.
1655 1946 1700 1983 Et
1722 1953 1927 1986 accomodat
1956 1953 2088 1988 dictum

1104 2009 1144 2029 ex
1162 1996 1318 2029 Psalmo:
1346 1995 1491 2030 Domini
1506 2004 1555 2031 est
1572 2005 1662 2032 terra
1680 2007 1712 2034 et
1731 2001 1913 2044 plenitudo
1931 2004 2015 2037 eius.

1206 2053 1246 2088 In
1276 2054 1415 2088 Psalmo
1451 2067 1524 2089 non
1559 2057 1709 2090 dubium
1746 2065 1794 2092 est
1825 2057 1916 2093 hane
1950 2063 2087 2107 simpli-

1104 2105 1275 2138 cissimam
1310 2116 1382 2138 esse
1416 2107 1640 2140 sententiam:
1681 2107 1769 2143 Cum
1798 2111 1999 2156 alloquatur
2033 2126 2089 2146 re·-

1103 2167 1186 2199 ges,
1229 2154 1392 2189 Attollite
1430 2164 1548 2200 portae
1581 2158 1693 2202 capita
1732 2167 1845 2194 vestra
1881 2170 1942 2196 etc.
2012 2163 2087 2197 Ini-

1103 2207 1152 2240 tio
1194 2207 1378 2249 praeponit
1425 2206 1643 2242 antithesin:
1696 2208 1842 2244 Domini
1886 2220 1936 2246 est
1978 2221 2087 2256 terra,

1103 2257 1200 2302 quasi
1246 2258 1354 2290 dicat:
1398 2257 1481 2291 Non
1526 2266 1576 2292 est
1610 2259 1748 2302 Regum
1791 2269 1822 2296 et
1864 2261 2084 2308 Principum,

1102 2309 1160 2340 sed
1188 2305 1264 2340 Dei.
1337 2306 1501 2341 Vestrum
1534 2317 1584 2342 est
1615 2311 1645 2343 ei
1676 2312 1844 2352 obedire,
1890 2321 1924 2347 et
1957 2315 2005 2348 sic
2033 2317 2085 2350 uti

1102 2365 1212 2398 terra,
1248 2365 1286 2391 ut
1315 2358 1429 2401 placet
1453 2359 1631 2393 Domino:
1675 2368 1707 2394 et
1734 2363 1876 2406 quidem
1906 2365 1981 2399 vult
2007 2364 2083 2399 Do—

1102 2409 1218 2441 minus
1242 2421 1280 2441 ex
1307 2415 1378 2442 tuta
1403 2416 1495 2443 terra
1527 2411 1691 2453 colligere
1718 2409 1920 2447 Ecclesiam.
1987 2415 2081 2450 Haec

1101 2466 1150 2493 est
1165 2459 1282 2492 nativa
1299 2460 1484 2496 sententia.
1537 2460 1667 2494 Paulus
1683 2464 1879 2504 generalem
1898 2467 2019 2500 sumsit
2039 2469 2081 2500 de

1101 2510 1284 2550 creatione,
1309 2510 1408 2542 cuius
1425 2511 1528 2543 etiam
1548 2523 1629 2544 mox
1648 2513 1684 2546 fit
1703 2514 1853 2548 mentio:
1882 2513 1962 2559 Ipse
1979 2529 2082 2560 snper

1100 2561 1207 2594 maria
1229 2560 1390 2593 fundavit
1415 2572 1490 2593 eam
1507 2585 1516 2599 ,
1557 2560 1733 2596 Dominus
1758 2566 1916 2599 condidit
1942 2575 2080 2608 terram,

1100 2619 1133 2646 et
1154 2623 1208 2644 res
1236 2617 1417 2644 nascentes
1439 2611 1474 2643 in
1503 2623 1562 2650 ea,
1599 2619 1631 2645 et
1655 2614 1797 2658 quidem
1823 2617 1999 2657 condidit,
2041 2626 2080 2652 nt

1097 2663 1272 2696 frueretur
1292 2660 1466 2703 Ecclesia,
1493 2669 1525 2696 et
1548 2670 1628 2697 sunt
1655 2676 1707 2698 res
1734 2666 1857 2702 bonae.
1917 2665 1962 2702 Et
1989 2669 2080 2702 bona
