2415 2942
96 151 172 188 217
504 147 587 184 XII.

93 287 175 321 filiis
193 287 317 332 populi
335 287 400 321 sui.

472 401 607 454 Caput
635 399 713 440 lx.

392 480 520 531 Neque
548 479 608 515 hic
623 477 793 528 peccavit.

201 559 297 594 Haec
323 557 470 592 historia
494 558 586 591 inter
617 556 741 589 festum
775 554 1086 588 tabernaculorum

98 618 132 647 et
160 608 326 659 ἑγκαίνια
348 608 512 653 postremi
541 607 625 640 anni
650 605 922 651 praedicationis
951 603 1086 639 Christi

97 662 299 696 collocatur,
353 659 512 693 Fuerunt
534 665 651 692 autem
675 654 843 705 gyzalzsza
859 657 916 690 die
934 654 994 692 25.
1010 655 1084 689 No-

96 770 275 807 tempora,
309 768 347 795 ut
370 762 596 794 observemus
624 759 792 804 paulatim
819 765 993 792 crescente
1011 771 1084 791 cer-

95 814 246 854 tamine,
274 813 310 845 in
330 812 447 856 impiis
461 812 541 845 odia
559 818 591 845 et
609 811 746 844 furores
765 810 924 845 crevisse.
964 809 1083 843 Prima

95 871 211 899 autem
230 865 265 897 in
285 861 350 897 hoc
373 864 449 896 loco
473 862 663 906 disputatio
689 861 804 895 oritur
825 863 867 894 de
886 859 952 894 1100
971 861 1082 894 dicto:

93 915 214 961 Neque
245 912 301 948 hie
326 914 497 958 peccavit,
536 925 650 959 neque
673 919 834 956 parentes
864 912 949 947 eius.

94 967 205 1000 multa
230 972 459 1011 quaeruntur.
526 964 618 997 Num
643 964 706 997 filii
729 971 872 1008 propter
897 971 1081 1007 parentum

93 1023 231 1062 peccata
257 1017 466 1064 plectantur.
524 1014 681 1056 Deinde,
727 1015 844 1048 sintne
869 1015 1083 1047 calamitates

95 1079 218 1101 omnes
243 1079 375 1112 poenae
392 1067 541 1114 peccati,
575 1073 607 1099 et
626 1066 855 1110 peculiarium
873 1066 1081 1098 delictorum
1108 1073 1110 1103 ζ

94 1119 288 1164 peculiares
316 1130 459 1162 poenae.
520 1117 723 1155 Postremo,
755 1129 799 1149 an
815 1114 977 1149 Christus
1001 1129 1082 1159 pro-

93 1170 237 1203 nunciet
255 1167 318 1202 1105
342 1169 417 1202 sine
434 1175 572 1212 peccato
590 1168 707 1204 fuisse.

95 1221 241 1265 singulis
259 1220 535 1266 quaestionibus.

196 1287 393 1330 Dssffllogus
411 1287 593 1320 manlseSle
618 1292 764 1320 ¹e⁵¹³t¹¹r
788 1292 933 1330 ΡῙὉΡῖθΓ
956 1286 1082 1319 delicta
1135 1302 1199 1333 (1115
1218 1299 1453 1333 calamitatum
1470 1297 1603 1334 habent
1620 1301 1703 1333 alias
1722 1302 1840 1342 plures
1863 1315 1996 1336 causas:
2026 1306 2123 1349 quod

96 1390 219 1435 poenis
237 1390 272 1422 in
291 1387 353 1422 hac
370 1389 452 1426 vita,
471 1388 519 1421 sic
538 1388 668 1421 dicitur
683 1394 713 1420 et
728 1388 834 1421 Deut.
850 1388 927 1422 28.:
955 1387 991 1420 Si
1011 1399 1082 1420 non
1108 1380 1109 1399 ³
1134 1350 1274 1389 ESAMS’

96 1346 280 1384 parentum
314 1339 418 1372 etiam
454 1344 610 1381 posteros
643 1338 762 1381 plecti,
804 1344 836 1370 et
861 1337 1019 1381 loquitur
1041 1337 1083 1369 de

93 1440 246 1474 audieris
272 1451 391 1472 vocem
417 1438 555 1472 domini
580 1438 645 1472 Dei
673 1438 725 1471 tui
753 1445 833 1478 etc.,
875 1438 1082 1470 maledictus

96 1491 231 1525 fructus
261 1490 392 1524 ventris
417 1489 488 1531 tui,

95 1543 278 1577 tradentur
295 1542 408 1574 alieno
434 1540 579 1585 populo.
632 1540 769 1573 Tenera
796 1540 924 1573 mulier
941 1547 971 1573 et
992 1540 1082 1572 deli-

97 1600 170 1627 cata
188 1593 361 1626 invidebit
376 1593 452 1625 viro
471 1604 553 1635 suo,
580 1591 642 1624 filii
662 1598 694 1625 et
712 1591 802 1623 filiae
819 1603 957 1633 carnes,
986 1598 1017 1624 et
1039 1591 1082 1623 il-

96 1644 228 1678 luviem
262 1643 492 1681 secundinae,
534 1649 566 1675 et
590 1641 717 1677 Psalm.
748 1642 845 1676 108.:
896 1641 978 1674 Filii
1008 1642 1082 1675 eius

97 1695 315 1731 mendicent,
343 1700 376 1726 et
406 1693 590 1726 eiiciantur
619 1694 661 1725 de
690 1690 968 1726 habitationibus
1000 1694 1080 1726 suis.

96 1743 176 1777 Huc
195 1744 404 1785 colligantur
421 1743 587 1786 exempla.
640 1743 789 1787 Propter
812 1742 927 1777 Saulis
954 1744 1081 1777 scelera

96 1802 166 1830 tota
185 1795 315 1827 familia
333 1800 366 1827 et
383 1794 564 1837 posteritas
588 1794 700 1826 deleta
720 1800 789 1834 est,
819 1802 952 1837 praeter
970 1795 1082 1827 filium

100 1843 287 1886 Ionathae‚
323 1845 394 1877 imo
419 1851 451 1878 et
476 1845 591 1877 virum
616 1850 773 1878 sanctum
800 1842 973 1877 lonathan
997 1846 1082 1877 alie-

96 1909 181 1930 num
203 1908 220 1929 a
238 1903 382 1940 paterno
408 1895 551 1934 scelere,
586 1904 703 1928 tamen
727 1908 795 1928 una
824 1895 970 1928 interfici
987 1895 1083 1928 Deus

98 1947 228 1981 voluit:
262 1953 404 1990 propter
428 1945 574 1978 Davidis
596 1946 808 1979 adulterium
828 1947 888 1979 diu
912 1954 1084 1989 grassatae

97 2005 177 2032 sunt
195 1999 318 2031 caedes
336 1998 427 2030 inter
453 1997 560 2030 filios:
597 2004 740 2040 propter
763 1998 965 2031 Salomonis
988 1997 1083 2030 idola

95 2050 188 2083 filius
209 2049 337 2082 amittit
363 2048 549 2080 maximam
584 2048 683 2090 regni
708 2055 852 2092 partem.

95 2100 250 2144 exempla
269 2100 305 2132 in
323 2099 505 2143 scripturis
522 2099 631 2132 multa
650 2106 750 2139 sunt,
785 2106 816 2132 et
843 2100 937 2132 cerni
965 2100 1082 2144 quoti-

98 2152 155 2185 die
174 2151 209 2184 iu
228 2151 297 2184 vita
319 2156 481 2194 possunt:
517 2162 620 2194 quam
646 2150 777 2183 multae
800 2150 1005 2193 splendidae
1030 2151 1083 2183 sa-

96 2203 214 2235 miliae
239 2208 387 2246 pereunt
416 2207 559 2244 propter
593 2201 766 2233 maiorum
798 2201 986 2241 libidines,
1025 2208 1084 2235 aut

96 2253 163 2287 alia
200 2254 339 2287 scelera.
411 2251 519 2286 Recte
556 2251 663 2294 igitur
693 2251 857 2296 Apostoli
893 2260 1083 2298 quaerunt:

95 2304 187 2348 Quis
219 2303 393 2349 peccavit,
437 2303 528 2347 ipse,
562 2314 605 2335 an
641 2304 826 2347 parentes?
878 2303 1009 2336 Verum
1035 2310 1085 2337 est

95 2356 189 2389 enim
214 2355 333 2400 puniri
358 2354 485 2387 scelera
510 2361 692 2398 parentum
717 2354 975 2387 calamitatibus
992 2355 1084 2386 filio-

95 2418 186 2442 rum.
240 2405 378 2440 Rursus
396 2405 499 2438 etiam
520 2417 581 2449 pro
601 2405 792 2438 benefactis
814 2413 998 2449 parentum
1025 2418 1083 2438 or-

97 2458 174 2490 nari
191 2457 354 2502 praemiis
372 2463 472 2489 natos
489 2468 528 2489 ex
545 2456 612 2497 eis,
639 2463 677 2489 ut
695 2463 809 2489 manet
830 2454 1000 2490 Ionathae
1019 2469 1083 2501 po·

99 2508 231 2541 steritas
249 2520 358 2553 usque
374 2509 415 2541 ad
431 2515 568 2551 tempus
594 2507 689 2540 exilii
706 2506 929 2552 Babylonici.

201 2574 267 2608 Sed
295 2587 356 2608 cur
376 2575 468 2618 apud
496 2572 713 2607 Ezechielem
740 2586 812 2617 cap.
835 2573 891 2607 18.
917 2581 1083 2609 retracta-

100 2634 157 2660 tur
187 2623 270 2658 haec
306 2625 500 2659 sententia?
551 2625 672 2659 Patres
707 2626 936 2659 comederunt
976 2638 1081 2659 uvam

99 2677 278 2715 acerbam,
305 2684 338 2710 et
360 2678 481 2710 dentes
506 2676 658 2709 filiorum
685 2676 953 2720 obstupuerunt.
1007 2676 1082 2711 Re-

97 2728 270 2773 spondeo:
298 2724 489 2761 Ezechielis
508 2728 628 2761 concio
647 2735 695 2762 est
713 2739 778 2760 vox
790 2725 989 2772 Evangelii,
1017 2740 1081 2762 an-

640 144 940 184 ENARRATIO
970 145 1020 181 IN
1045 143 1226 181 EVANG.
1256 142 1475 181 IOANNIS.

96 235 139 270 In
154 241 311 280 tempore
329 234 392 269 illo
417 234 524 270 stabit
542 231 700 268 Michae‘l
726 233 797 267 dux
824 243 994 275 magnus,
1023 243 1086 278 pro
1111 235 1116 272 l
1139 230 1313 265 nuncians
1341 230 1582 265 remissionem
1608 233 1751 276 pcccati.

1111 612 1114 618 .
1138 593 1197 619 tur
1212 586 1268 619 vel
1285 586 1457 620 tollentur
1476 599 1585 630 poena
1602 595 1809 631 praesentes.

1111 653 1113 658 ·
1137 637 1216 681 plex
1234 644 1265 670 et
1283 649 1362 669 vera
1381 638 1593 672 conciliatio,

1111 707 1112 718 1
1137 688 1285 721 ctrinam
1309 695 1341 721 et
1359 689 1515 732 exempla
1541 690 1585 721 de
1608 691 1730 733 poenis
1755 691 1941 734 diligenter
1964 693 2127 736 cogitare,

95 713 211 747 vemb.
235 719 274 745 ut
290 711 380 744 infra
398 711 531 751 dicam,
565 721 603 743 ac
629 709 770 753 prodest
796 720 834 741 ea
860 709 1084 740 considerare
1110 721 1113 756 ’μ
1136 747 1175 774 Ut
1190 739 1410 773 considerata
1434 740 1678 783 magnitudine
1697 741 1768 774 irae
1785 742 1851 775 Dei
1868 750 1900 776 et
1918 755 2111 787 poenarum

2116 770 2125 783 ⁵

1011 912 1082 945 Hic
1109 937 1111 943 ,

1109 964 1110 968 =
1136 956 1200 977 nec
1220 944 1314 976 videt
1332 955 1395 976 nec
1414 944 1550 979 metuit.

759 1167 882 1202 Dicam
899 1167 1024 1200 ordine
1040 1168 1083 1200 de
1109 1184 1110 1187 =

537 1490 620 1522 item
651 1489 712 1521 filii
741 1489 794 1523 tui
823 1496 855 1523 et
883 1489 973 1521 filiae
1003 1496 1082 1522 tuae
1107 1498 1109 1508 ⁴

1108 1919 1110 1952 1,
1134 1924 1261 1944 norum
1280 1911 1452 1944 malorum
1470 1919 1502 1945 et
1518 1925 1596 1945 vera
1618 1913 1769 1946 remedia
1795 1915 1989 1949 ostendere.

922 2047 1084 2093 D⁰¹¹¹sl¹¹e
1108 2079 1109 2082 =
1134 2064 1400 2106 generationum
1434 2071 1468 2098 et
1498 2067 1791 2109 corruptionum,
1835 2075 1867 2101 et
1899 2069 2118 2103 morborum.

1525 145 1628 184 CAP.
1658 146 1721 183 IX.
2054 151 2130 186 218

1803 232 1876 267 Lex
1901 246 2037 279 semper
2061 236 2130 268 mi-

1137 289 1246 315 natur
1263 294 1393 326 poenas
1412 295 1476 327 pro
1495 284 1623 317 nostris
1640 291 1671 317 et
1688 291 1874 328 parentum
1899 286 2067 330 peccatis,
2095 295 2130 321 et

1138 344 1216 364 cum
1241 344 1314 365 non
1336 334 1470 376 agimus
1492 335 1770 380 poenitentiam,
1813 343 1931 370 manet
1955 337 2128 371 iudicium

1138 382 1244 425 legis,
1272 391 1390 417 manet
1408 383 1458 417 ira
1478 383 1565 425 Dei,
1594 392 1626 418 et
1649 387 1887 431 opprimimur
1908 388 2030 432 poenis
2053 395 2129 422 tum

1141 433 1311 473 aeternis,
1341 440 1416 466 tum
1442 436 1697 477 praesentibus.
1759 436 1827 470 Sed
1855 436 2018 472 Ezechiel
2043 451 2127 483 pro-

1141 484 1241 528 ponit
1273 496 1393 517 vocem
1422 483 1626 528 Evangelii,
1667 487 1696 519 si
1722 488 1832 530 egeris
1861 490 2128 533 poenitentiam,

1138 547 1201 568 nec
1219 546 1352 579 poenae
1367 542 1528 569 aeternae
1547 537 1749 581 oppriment
1764 545 1814 579 te,
1853 547 1885 573 et
1910 541 2126 583 mitigabun-

1858 589 1953 624 Haec
1973 599 2023 625 est
2040 592 2126 625 sim-

1646 638 1793 672 Prodest
1811 647 1926 674 autem
1954 639 2043 675 hanc
2061 644 2125 676 do-

1136 790 1270 823 maiore
1297 802 1378 823 cura
1403 791 1554 824 vitemus
1579 799 1736 835 peccata,
1777 805 1820 826 ne
1845 795 1974 827 nostris
2004 794 2125 828 liberis

1135 841 1294 874 miserias
1309 842 1546 883 cumulemus,
1573 850 1612 876 ut
1637 843 1672 876 fit
1690 845 1910 887 saepissime,
1938 845 2001 878 etsi
2018 858 2125 878 mun-

1136 893 1201 926 dus
1216 892 1384 936 profanus
1403 899 1434 926 et
1451 904 1591 927 securus
1610 891 1701 928 banc
1723 906 1861 929 causam
1885 896 2125 930 calamitatum

1238 993 1399 1028 Secunda
1415 995 1572 1039 quaestio
1590 996 1818 1039 prolixiorem
1836 997 2124 1041 disputationem,

1136 1046 1252 1079 sintne
1277 1046 1489 1079 calamitates
1515 1043 1690 1079 humanae
1721 1048 1968 1082 universaliter
1990 1061 2123 1093 poenae

1135 1096 1286 1141 peccati,
1313 1103 1407 1130 etan
1430 1097 1623 1140 peculiares
1640 1110 1772 1142 poenae
1795 1100 1865 1131 sint
1889 1101 2122 1143 peculiarium

1136 1148 1357 1181 delictorum.
1412 1147 1641 1191 Respondeo:
1671 1147 1747 1181 Etsi
1772 1150 2018 1184 universaliter
2041 1163 2123 1184 vera

1135 1206 1184 1232 est
1206 1196 1290 1231 haec
1309 1198 1496 1231 sententia:
1533 1198 1686 1231 Mortem
1708 1206 1740 1233 et
1765 1212 1887 1233 01111105
1909 1202 2124 1235 calamitates

1135 1261 1264 1294 poenas
1282 1260 1353 1281 esse
1372 1249 1500 1292 peccati
1526 1250 1726 1292 originaliS,
1760 1257 1876 1285 tamen
1903 1259 2020 1296 postea
2044 1264 2122 1295 gra-

1315 1350 1501 1390 Ieremias,
1547 1351 1695 1385 loannes
1718 1352 1874 1396 Baptista
1899 1361 1980 1387 sunt
2012 1355 2123 1388 inter-

1133 1402 1227 1441 fecti,
1254 1401 1424 1444 generalis
1441 1413 1542 1435 causa
1561 1409 1609 1435 est
1625 1403 1705 1448 quia
1726 1401 1925 1438 babuerunt
1942 1412 2121 1449 peccatum

1133 1453 1290 1495 originis.
1345 1451 1412 1486 Sed
1432 1455 1524 1497 quod
1549 1465 1652 1498 supra
1678 1462 1831 1488 caeteros
1854 1453 2015 1489 homines
2038 1458 2122 1490 sub-

1133 1504 1210 1537 iecti
1230 1504 1372 1537 fuerunt
1392 1504 1596 1547 ingentibus
1612 1506 1809 1547 aerumnis,
1838 1504 1894 1539 hic
1909 1509 2036 1549 gradus
2057 1506 2121 1541 ha-

1132 1556 1191 1588 bet
1207 1555 1292 1587 alias
1309 1566 1428 1587 causas
1443 1556 1588 1594 multas,
1624 1569 1712 1601 quae
1737 1558 1927 1601 diligenter
1953 1559 2122 1602 colligen-

1132 1607 1197 1639 dae
1230 1612 1323 1638 sunt.
1391 1605 1480 1639 Nam
1512 1605 1666 1640 humana
1700 1609 1788 1641 ratio
1820 1615 1852 1642 et
1883 1606 2121 1654 philosophia,

1133 1669 1212 1690 cum
1242 1657 1422 1690 intueatur
1446 1658 1725 1700 magnitudinem
1754 1657 1988 1693 humanarum
2016 1661 2121 1693 mise-

1132 1709 1286 1749 riarum,
1315 1709 1464 1741 miratur
1479 1709 1620 1753 quidem
1638 1707 1728 1741 lianc
1753 1717 1986 1753 praestantem
2014 1719 2119 1745 natu-

1132 1771 1207 1793 ram
1240 1766 1309 1791 tam
1335 1759 1427 1792 tristi
1456 1772 1562 1792 onere
1586 1772 1786 1803 oppressam
1813 1773 1902 1802 esse,
1942 1769 1975 1796 et
1999 1774 2119 1796 causas

1133 1810 1289 1855 quaerit,
1316 1811 1374 1843 sed
1396 1810 1597 1853 praecipuas
1622 1824 1693 1843 11011
1714 1819 1825 1854 potest
1842 1811 2119 1858 deprehendere,

1134 1867 1255 1905 estque
1274 1861 1415 1905 propria
1436 1859 1613 1894 Ecclesiae
1639 1863 1815 1902 doctrina,
1849 1875 1968 1896 causas
1992 1862 2120 1897 huma-

2032 1913 2120 1948 Phi-

1134 1960 1272 2006 losophi
1298 1963 1474 1995 disserunt
1498 1963 1630 1996 fluxum
1653 1965 1839 2005 materiae,
1869 1972 1907 1998 ut
1932 1966 1969 1998 in
1989 1966 2119 2009 plantis

1134 2020 1165 2046 et
1185 2013 1397 2057 pecudibus,
1425 2014 1472 2046 sic
1490 2014 1525 2046 in
1542 2026 1666 2057 genere
1687 2013 1864 2057 humano,
1891 2028 2029 2049 causam
2047 2029 2119 2051 esse

1133 2115 1202 2149 Sed
1228 2128 1293 2148 vox
1316 2115 1436 2148 divina
1460 2122 1624 2157 testatur,
1661 2115 1856 2151 humanum
1882 2130 1991 2160 genus
2019 2119 2121 2152 aliter

1133 2167 1240 2199 fuisse
1259 2166 1461 2207 conditum,
1489 2167 1651 2201 videlicet
1671 2168 1737 2209 ita,
1766 2176 1803 2203 ut
1827 2169 1901 2201 sine
1923 2176 2063 2213 peccato
2087 2178 2120 2205 et

1133 2224 1245 2250 morte
1267 2217 1400 2250 viveret
1425 2218 1635 2252 admirando
1659 2220 1783 2260 modo,
1818 2221 1876 2253 sed
1903 2220 2035 2262 primos
2059 2233 2120 2265 pa-

1135 2276 1252 2302 rentes
1282 2268 1376 2301 ultro
1404 2276 1583 2312 peccatum
1616 2270 1816 2311 admisisse,
1859 2271 1915 2303 cui
1941 2272 2119 2316 proposita

1135 2320 1203 2353 suit
1222 2317 1305 2352 haec
1320 2319 1443 2362 ingens
1466 2332 1598 2364 poena,
1640 2327 1677 2354 ut
1700 2328 1818 2365 postea
1845 2318 2032 2355 hominum
2056 2336 2120 2357 na-

1107 2391 1109 2400 1
1133 2378 1210 2405 tura
1229 2371 1351 2403 amissa
1371 2371 1481 2414 priori
1500 2371 1576 2404 luce
1592 2378 1623 2404 et
1642 2371 1859 2415 integritate,
1889 2373 2041 2406 obnoxia
2065 2388 2119 2409 es-

1134 2429 1184 2455 set
1208 2428 1348 2465 peccato
1369 2428 1401 2455 et
1428 2422 1545 2456 morti.
1611 2421 1663 2455 De
1693 2423 1836 2456 caeteris
1861 2424 2118 2460 calamitatibus

1132 2470 1342 2516 Philosophi
1360 2473 1502 2513 dicunt,
1530 2484 1586 2505 eas
1613 2479 1673 2507 aut
1697 2485 1737 2506 ex
1758 2475 1902 2508 materia
1928 2475 2032 2515 oriri,
2059 2485 2120 2511 aut

1136 2524 1264 2556 accersi
1300 2524 1478 2557 erroribus
1515 2535 1553 2556 ac
1583 2524 1765 2558 voluntate
1809 2523 2010 2560 hominum.
2072 2527 2119 2563 Ut

1133 2574 1334 2608 Alexander
1353 2575 1488 2613 volens,
1524 2575 1589 2607 sibi
1616 2576 1769 2619 potando
1791 2577 1934 2610 accersit
1959 2577 2117 2618 exitium,

1132 2633 1204 2660 rect
1224 2626 1359 2670 aliquas
1378 2625 1553 2668 proximas
1570 2637 1689 2659 causas
1706 2627 1742 2659 in
1760 2627 1940 2671 aliquibus
1957 2636 2117 2670 cernunt,

1132 2678 1190 2710 sed
1223 2677 1336 2709 fontes
1365 2677 1546 2718 ignorant,
1580 2689 1643 2710 cur
1659 2677 1860 2711 Alexander
1882 2679 1926 2712 sit
1948 2680 2118 2720 mortalis,

1131 2740 1193 2761 cur
1209 2734 1304 2762 tanta
1323 2727 1457 2771 ingenii
1481 2729 1693 2772 praestantia
1716 2736 1786 2763 tam
1810 2742 1919 2775 prona
1943 2730 1986 2764 sit
2003 2731 2045 2763 ad
2063 2731 2116 2764 vi-
