2415 2942
67 138 142 175 577

68 228 238 260 incoatam
275 224 539 265 obedientiam,
581 236 670 269 quae
701 224 830 268 placet,
870 235 942 256 non
973 223 1054 268 quia

68 278 131 320 legi
149 276 354 314 satisfaciat,
382 278 440 309 sed
461 276 541 321 quia
562 276 627 308 fide
646 275 869 308 reconciliata
897 281 946 307 est
972 286 1052 318 per-

63 340 147 361 sona
166 335 197 362 et
216 327 372 370 agnoscit
386 340 484 361 suam
503 327 740 360 infirmitatem
754 353 762 366 ,
790 332 821 358 et
843 332 959 358 tamen
980 337 1054 357 cre-

63 379 114 412 dit
134 376 197 412 hos
217 379 330 412 cultus
348 385 490 422 propter
507 376 686 411 Christum
714 377 803 420 patri
830 376 984 420 placere,
1014 382 1053 409 ut

62 442 166 474 supra
193 430 326 463 dictum
361 436 422 464 est.
487 427 532 462 Et
561 429 651 461 infra
681 430 781 461 docet
805 426 952 465 Paulus,
996 427 1052 459 in-

63 481 205 526 quiens:
236 479 318 514 Non
335 480 415 514 estis
434 480 498 513 sub
518 480 607 521 lege,
635 479 692 511 scd
718 479 783 511 sub
807 479 929 519 gratia.
983 476 1051 510 Fa-

62 532 139 565 cilis
167 537 216 565 est
251 531 433 575 explicatio
468 530 746 573 intelligentibus
772 537 931 562 naturam
956 528 1049 562 fidei.

65 582 181 616 Fatcri
202 582 294 615 enim
314 593 450 615 necesse
473 588 542 623 est,
571 580 739 619 Paulum,
767 592 845 612 cum
871 581 914 613 de
938 580 1049 612 iusto-

64 646 141 667 rum
159 633 325 677 operibus
343 633 519 678 loquitur,
540 632 724 675 complecti
744 632 857 664 sulem.
901 630 1049 673 Quoties

61 691 176 717 autem
201 684 238 718 fit
262 683 394 717 mentio
418 683 518 723 fidei,
555 682 666 725 reipsa
693 682 825 716 dictum
853 688 902 715 est
929 682 1049 715 exclu-

62 735 196 775 sivum,
229 732 263 770 h.
333 732 408 767 Etsi
437 735 555 767 adesse
583 740 720 776 oportet
756 733 929 766 incoatam
964 733 1049 766 obe-

61 786 250 826 dientiam,
291 791 407 818 tamen
434 785 517 818 fides
548 784 675 817 nititur
696 784 768 818 sola
796 783 1048 825 misericordia,

59 844 91 870 ct
114 835 233 870 statuit
259 847 322 868 nos
346 836 472 877 iustos,
513 836 548 869 id
579 843 649 874 est,
691 842 849 881 acceptos
882 846 955 869 esse
985 847 1047 880 per

57 886 346 922 misericordiam.

263 138 362 176 XIII.

90 968 179 1007 Non
195 971 289 1005 enim
304 969 370 1019 qui
386 968 547 1005 audiunt
565 969 697 1018 legem,
727 971 819 1005 iusti
834 975 919 1004 sunt
938 975 999 1007 etc.

143 1038 330 1073 Generalis
345 1040 519 1073 sententia
541 1047 591 1074 est
607 1041 650 1074 de
666 1040 802 1074 iusticia
823 1040 918 1083 legis.
955 1038 1044 1073 Nam

60 1090 179 1124 ludaei
208 1092 419 1134 arrogabant
444 1092 511 1124 sibi
545 1091 718 1124 iusticiam
752 1098 896 1135 propter
922 1091 1045 1133 legem.

57 1141 123 1176 Hic
153 1142 301 1187 opponit
324 1141 456 1175 Paulus
487 1143 730 1176 definitionem
762 1142 918 1175 iusticiae
947 1142 1044 1184 legis.

57 1191 120 1226 Est
136 1193 229 1226 enim
249 1193 385 1226 iusticia
405 1193 490 1235 legis
508 1193 620 1226 facere
637 1193 748 1236 legem
760 1221 768 1233 ,
797 1199 972 1237 praestare
988 1193 1044 1225 in-

56 1251 187 1287 tegram
204 1243 441 1277 obedientiam
459 1243 536 1286 legi,
556 1256 627 1277 non
645 1252 781 1278 tantum
797 1245 918 1276 audire
934 1244 1043 1286 legem

58 1301 118 1328 aut
137 1294 292 1338 profiteri
309 1294 393 1337 legis
409 1295 656 1329 ceremoniam.
705 1295 764 1329 Sic
787 1295 850 1327 ait:
880 1294 1043 1328 Factores

58 1345 141 1388 legis
161 1345 411 1384 iustificantur,
436 1345 470 1377 id
490 1352 553 1386 est,
581 1346 836 1389 pronunciatur
851 1345 947 1378 iusti.
995 1344 1042 1377 lta

56 1396 214 1440 loquitur
246 1394 376 1428 Paulus
411 1397 453 1427 de
490 1396 588 1434 idea,
625 1403 658 1429 et
695 1395 854 1439 coarguit
885 1395 1042 1436 ludaeos,

55 1446 150 1491 quod
169 1458 241 1478 nou
258 1446 327 1479 siut
347 1446 429 1479 iusti
445 1446 530 1489 lege,
557 1447 638 1492 quia
655 1459 759 1480 nemo
779 1446 845 1489 legi
864 1446 1042 1481 satisfacit.

55 1496 174 1539 Quare
206 1493 263 1529 hie
302 1496 398 1529 locus
431 1508 504 1529 non
542 1504 655 1541 potest
688 1498 890 1543 detorqueri
921 1504 1042 1530 contra

53 1547 225 1580 iusticiam
251 1547 351 1585 fidei,
387 1560 450 1580 nec
476 1548 574 1582 addit
597 1546 653 1582 hic
683 1549 833 1587 Paulus,
863 1550 1042 1593 quomodo

52 1598 215 1632 incoe'tur
238 1598 291 1631 lex
312 1605 342 1631 et
364 1600 543 1642 quomodo
570 1599 712 1643 placeat.
768 1599 924 1633 Tamum
947 1600 1040 1632 enim

52 1650 179 1683 refutat
195 1649 292 1686 illos,
322 1649 381 1693 qui
401 1650 539 1693 fingunt
556 1662 590 1683 se
608 1663 681 1684 esse
700 1651 808 1685 iustos
823 1658 967 1695 propter
984 1663 1042 1684 ex-

50 1707 186 1734 ternam
205 1700 457 1745 professionem
474 1700 568 1744 legis.

357 1783 443 1818 Sibi
465 1784 556 1832 ipsis
583 1784 644 1819 lex
671 1790 731 1819 elo.

138 1850 282 1886 Dixerat
302 1851 429 1896 impios
445 1853 620 1896 perituros
639 1864 710 1885 esse
729 1851 877 1885 Iudaeos
893 1859 925 1887 et
943 1851 1039 1886 Gen-

53 1911 119 1944 tes,
154 1903 288 1937 etiamsi
323 1901 386 1936 bae
416 1903 527 1947 legem
560 1916 633 1936 non
658 1901 871 1937 habuerunt.
939 1903 1041 1937 Nunc

57 1955 155 1988 addit
171 1954 440 1988 correctionem:
469 1953 543 1988 Imo
564 1954 697 1988 Gentes
713 1955 817 1989 etiam
840 1952 1040 1988 habuerunt

54 2006 184 2049 Iegem,
212 2003 278 2039 hoc
300 2013 367 2044 est,
396 2005 564 2039 noticiam
591 2006 788 2040 naturalem
814 2007 856 2038 de
882 2006 1041 2039 moribus

53 2057 306 2090 discernentem
324 2053 469 2091 honesta
487 2063 519 2090 et
537 2057 664 2102 turpia.
716 2056 783 2090 Hic
803 2057 928 2090 iterum
948 2064 1041 2090 extat

55 2107 294 2139 testimonium
321 2110 364 2140 de
382 2108 456 2150 lege
474 2115 629 2142 naturae.
681 2106 734 2142 Ac
752 2107 882 2141 Paulus
906 2109 1041 2142 erudite

56 2158 295 2194 ratiocinatur,
315 2159 406 2202 quod
421 2157 552 2192 Gentes
564 2157 717 2193 habeant
732 2160 854 2203 legem,
874 2172 912 2192 ac
929 2159 1035 2193 simul

55 2208 225 2251 declarat,
255 2208 339 2253 quid
364 2209 407 2242 sit
433 2208 486 2242 lex
511 2216 677 2251 naturae,
700 2208 832 2244 habent
861 2211 1041 2244 conscien-

55 2259 140 2293 tiam
168 2267 388 2292 accusantem
415 2266 447 2293 et
471 2268 713 2302 excusantem,
751 2262 787 2294 id
812 2269 880 2303 est,
904 2262 1040 2296 discer-

54 2317 194 2344 nentem
224 2307 369 2343 honesta
394 2319 427 2345 et
458 2311 599 2355 turpia,
634 2310 729 2355 Ergo
760 2310 890 2347 habent
921 2313 1042 2356 legem.

54 2360 310 2406 Consequentia
335 2369 385 2395 est
408 2369 490 2396 nota
515 2375 554 2395 ex
580 2363 797 2398 definitione.
871 2363 962 2397 Nam
989 2365 1043 2397 lex

59 2412 198 2459 proprie
226 2420 273 2446 est
297 2413 356 2446 illa
381 2413 552 2447 naturalis
576 2415 725 2455 noticia,
752 2415 880 2447 docens
897 2413 1042 2448 honesta

58 2470 90 2496 et
114 2461 370 2505 reprehendens
394 2465 524 2509 turpia.
575 2465 773 2508 Diligenter
792 2474 907 2498 autem
925 2467 1043 2499 obser-

60 2515 212 2546 vandum
238 2522 306 2554 est,
343 2518 435 2560 quod
461 2516 535 2550 ait:
570 2515 702 2550 Natura
730 2516 880 2557 faciunt,
922 2517 955 2549 id
983 2523 1044 2556 est,

63 2564 215 2597 naturali
244 2566 372 2600 noticia
395 2579 433 2600 ac
462 2567 609 2601 lumine.
675 2565 722 2601 Et
746 2575 890 2601 testatur
915 2567 1044 2602 Paulus

60 2613 127 2648 hoc
158 2615 283 2656 verbo,
322 2616 476 2660 Natura,
509 2620 604 2664 quod
635 2619 765 2653 noticia
789 2619 849 2652 illa
875 2618 920 2653 sit
957 2631 1045 2664 opus

61 2665 126 2700 Dei
154 2666 335 2701 conditum
362 2669 397 2701 in
422 2677 559 2712 mente,
600 2670 690 2705 sicut
714 2671 833 2704 lumen
859 2670 896 2703 in
923 2670 1044 2706 oculis.

60 2716 192 2750 Natura
221 2718 314 2751 enim
347 2720 487 2765 proprie
514 2722 688 2765 significat
716 2733 790 2756 rem
822 2722 1001 2758 conditam
1025 2734 1044 2757 a

110 2770 287 2803 Metam-n.
309 2771 409 2804 Ormi.
440 2770 522 2807 Yon.
541 2775 618 2806 XV.

415 139 449 173 2.
484 136 851 174 COMMEN'rARtl
879 137 928 172 IN
955 136 1106 173 EPIST.
1135 135 1281 172 PAULI
1305 135 1372 171 AD
1400 135 1665 175 ROMANOS.
1720 139 1822 180 CAP.
1853 141 1894 178 ΙΙ.

2023 146 2096 182 578

1110 223 1200 257 Deo.
1266 221 1386 266 Quare
1410 224 1560 258 noticiae
1587 225 1667 259 illae
1692 234 1774 261 sunt
1801 241 1923 271 verne,
1957 238 1990 265 et,
2014 241 2097 268 sunt

1110 274 1163 307 lex
1190 274 1334 316 diviua,
1378 283 1416 309 ut
1441 287 1543 319 supra
1571 277 1704 311 dictum
1732 286 1790 314 est.
1855 280 1895 314 In
1924 279 1989 316 boc
2018 284 2095 317 loco

1109 325 1210 357 valde
1233 327 1335 358 sudat
1361 325 1580 369 Augustinus
1597 355 1605 369 ,
1649 341 1727 362 cum
1758 328 1849 364 nihil
1883 330 2008 368 babeat
2031 336 2095 369 ob-

1107 375 1210 409 scuri.
1263 375 1422 409 Primum
1440 378 1616 424 disputat,
1640 380 1723 423 quid
1743 382 1825 415 velit
1843 382 1984 426 Paulus,
2013 399 2093 420 cum

1107 426 1171 465 ait,
1201 424 1333 459 Gentes
1357 427 1466 471 legem
1492 429 1630 467 fecisse,
1659 442 1701 462 an
1720 431 1886 477 loquatur
1903 436 1946 468 de
1964 437 2093 482 aliqui-

1106 477 1169 508 bus
1188 478 1334 516 sanctis,
1361 485 1397 510 ut
1414 480 1456 510 ‹le
1478 477 1540 512 lob
1557 486 1588 512 et
1605 480 1793 516 similibus.
1838 483 2000 520 Secundo
2019 489 2092 521 dis-

1106 534 1202 570 putat
1229 529 1271 559 de
1300 528 1489 571 particula,
1528 537 1673 571 natura,
1699 544 1777 565 cum
1805 534 1858 567 lex
1883 549 1955 570 non
1985 540 2091 581 possit

1104 590 1184 610 vere
1205 578 1278 610 fieri
1298 579 1372 611 sine
1389 579 1524 623 Spiritu
1543 589 1684 626 sancto,
1711 595 1818 627 quare
1837 584 1967 621 Paulus
1985 590 2090 633 (licat,

1104 628 1236 662 Gentes
1255 639 1377 663 natura
1395 631 1525 666 fecisse.
1580 631 1652 664 Has
1678 634 1898 670 difficultates
1921 639 2020 673 affert
2045 642 2089 674 ad

1103 679 1252 714 Paulum
1271 681 1502 724 Augustinus.
1554 681 1643 715 Nam
1662 684 1735 727 ipse
1759 692 1872 720 textus
1890 700 1960 722 non
1979 703 2089 735 usque

1102 732 1189 765 adeo
1207 732 1377 765 obscurus
1395 741 1454 767 est.
1509 732 1669 767 Primum
1689 736 1780 768 enim
1807 746 1929 772 natura
1954 741 2088 782 signifi-

1102 789 1153 816 cat
1166 783 1408 827 principaliter
1426 784 1592 818 noticiam
1605 787 1811 822 naturalem.
1848 788 1977 823 Paulus
1994 794 2088 826 enim

1101 834 1350 875 ratiocinatur,
1385 836 1427 867 de
1453 836 1583 869 noticia
1617 844 1648 870 et
1675 839 1717 870 de
1744 838 1885 874 iudicio.
1950 843 2089 878 Deinde

1103 885 1327 918 manifestum
1353 893 1401 919 est
1426 887 1529 919 etiam
1548 899 1620 920 non
1644 896 1804 931 renatos,
1832 892 1965 926 viribus
1987 903 2088 927 natu-

1101 936 1233 969 ralibus
1264 948 1363 981 posse
1395 948 1536 970 externa
1563 938 1647 982 legis
1676 952 1780 983 opera
1807 942 1937 982 facere,
1973 953 2003 979 et
2030 947 2084 979 ‹li-

1099 987 1285 1030 sciplinam
1309 1000 1370 1021 seu
1393 989 1509 1022 civilia
1534 1002 1639 1032 opera
1659 998 1843 1033 praestare.
1899 993 2009 1029 Paulo
2026 995 2083 1030 hic

1099 1038 1180 1071 satis
1207 1045 1256 1072 est
1283 1041 1486 1079 ostendere,
1522 1042 1614 1085 quod
1633 1040 1766 1076 Gentes
1790 1043 1988 1089 intelligant
2013 1049 2087 1081 dis-

1099 1089 1230 1122 crimen
1253 1087 1480 1123 honestorum
1504 1098 1535 1124 et
1562 1093 1735 1136 turpium:
1765 1091 1831 1127 hoc
1855 1098 2009 1131 ostendit
2031 1100 2086 1131 di-

1101 1140 1267 1186 sciplina:
1296 1141 1380 1173 inde
1398 1142 1646 1183 ratiocinatur,
1675 1145 1769 1188 quod
1788 1145 1901 1189 legem
1922 1145 2086 1185 habeant.

1098 1189 1274 1235 Loquitur
1287 1204 1367 1234 ergo
1385 1193 1427 1224 de
1445 1192 1653 1226 facientibus
1673 1202 1814 1229 externa
1833 1209 1957 1242 opera,
1984 1206 2015 1233 et
2041 1202 2084 1234 de

1099 1242 1301 1285 disciplina:
1338 1250 1370 1275 et
1395 1243 1537 1287 quidem
1566 1245 1699 1278 confert
1720 1244 1867 1281 Iudaeos
1890 1256 1925 1288 et
1944 1248 2086 1288 Gentes.

1099 1291 1277 1335 Significat
1292 1292 1423 1325 Gentes
1440 1295 1646 1327 tantundem
1669 1297 1853 1338 profecisse
1873 1312 1911 1332 ex
1931 1300 2004 1345 lege
2022 1315 2085 1336 na-

1098 1350 1215 1383 turae,
1236 1351 1407 1387 quantuni
1426 1343 1572 1378 Iudaeos
1589 1358 1628 1378 ex
1647 1347 1720 1390 lege
1735 1347 1853 1383 Moisi.
1890 1349 1970 1384 Non
1990 1355 2084 1386 enim

1098 1393 1183 1426 dicit
1212 1394 1286 1437 lege
1312 1395 1417 1428 fuisse
1450 1395 1558 1429 iustas
1584 1395 1716 1431 Gentes
1747 1412 1863 1433 coram
1888 1399 1983 1443 Deo,
2027 1406 2087 1438 sed

1097 1445 1271 1487 significat
1302 1453 1470 1490 utrosque
1502 1455 1642 1481 externa
1676 1450 1792 1483 civilia
1826 1465 1930 1493 opera
1955 1454 2089 1488 secisse.

1096 1495 1350 1530 Excelluerunt
1368 1498 1589 1541 pulcerrimis
1604 1500 1811 1539 virtutibus,
1840 1502 1983 1547 Fabius,
2010 1505 2087 1540 Sci-

1097 1548 1175 1591 pio,
1201 1547 1360 1589 Atticus,
1389 1556 1421 1582 et
1439 1549 1599 1594 plerique
1619 1551 1697 1586 alii:
1731 1565 1769 1585 ac
1797 1554 1953 1588 fortassis
1979 1557 2087 1590 disci-

1096 1598 1194 1642 plina
1209 1605 1241 1631 et
1260 1598 1444 1641 diligentia
1462 1600 1499 1632 in
1517 1601 1614 1633 omni
1631 1602 1745 1636 officio
1762 1614 1974 1648 superarunt
1992 1609 2086 1642 mul-

1097 1657 1149 1682 tos
1166 1655 1380 1692 praestantes
1399 1649 1557 1684 ludaeos.
1611 1651 1680 1686 Hic
1697 1654 1929 1690 ratiocinatur
1946 1657 2088 1700 Paulus,

1098 1698 1230 1733 Gentes
1247 1697 1375 1734 habere
1394 1701 1525 1745 legem,
1554 1702 1589 1734 id
1608 1710 1674 1745 est,
1701 1706 1868 1739 noticiam
1889 1710 2085 1742 naturalem

1098 1751 1141 1783 de
1170 1751 1339 1787 moribus.
1399 1751 1522 1797 Neque
1548 1755 1707 1798 sequitur
1734 1769 1773 1789 ex
1799 1755 1863 1790 hac
1888 1759 2088 1801 collatione,

1097 1803 1191 1847 quod
1216 1809 1361 1846 propter
1386 1803 1484 1837 illam
1511 1804 1735 1849 disciplinam
1760 1808 1825 1841 ulli
1848 1809 1981 1845 suerint
2004 1812 2087 1847 iusti

1097 1865 1214 1886 coram
1234 1851 1322 1887 Deo.

1413 1935 1506 1973 Ecce
1530 1944 1567 1974 Ιιι
1594 1938 1772 1979 Iudaeus.

1199 2004 1246 2040 Ut
1269 2012 1387 2040 autem
1414 2008 1627 2043 nominatim
1654 2010 1787 2046 Gentes
1815 2016 2004 2057 accusavit,
2039 2018 2087 2052 ita

1097 2069 1193 2090 nunc
1213 2057 1427 2091 nominatim
1445 2068 1582 2094 accusat
1599 2061 1763 2105 Iudaeos,
1791 2072 1829 2098 ut
1848 2068 2027 2109 perveniat
2042 2071 2086 2102 ad

1097 2109 1193 2141 illam
1223 2109 1511 2153 exaequationem
1537 2110 1707 2147 Gentium
1736 2123 1767 2149 et
1791 2115 2022 2160 Iudaeorum,
2046 2121 2086 2153 in

1097 2172 1164 2204 qua
1197 2160 1416 2205 conspicitur
1444 2163 1538 2206 quod
1573 2176 1696 2199 omnes
1721 2164 1882 2201 homines
1914 2170 1984 2203 sint
2019 2171 2085 2204 sub

1096 2218 1252 2255 peccato,
1287 2217 1322 2244 et
1343 2211 1418 2255 lege
1442 2225 1515 2246 non
1540 2214 1736 2250 liberentur
1757 2230 1775 2251 a
1802 2227 1952 2261 peccato.
2022 2219 2085 2256 Est

1097 2269 1213 2295 autem
1239 2260 1323 2295 haec
1346 2263 1545 2307 obiurgatio
1573 2266 1621 2299 sic
1646 2269 1864 2312 accipienda,
1892 2278 1930 2304 ut
1951 2272 2086 2306 intelli-

1098 2325 1218 2356 gamus
1236 2314 1390 2347 accusari
1410 2322 1443 2348 et
1463 2317 1642 2350 manifesta
1660 2327 1797 2362 peccata
1815 2327 1846 2354 et
1869 2319 2086 2368 hypocrisin,

1099 2364 1187 2397 sicut
1215 2376 1354 2398 necesse
1380 2373 1430 2399 est
1460 2368 1654 2409 praedicari
1681 2371 1955 2415 poenitentiam,
1989 2375 2085 2409 iuxta

1100 2416 1187 2448 illud
1213 2417 1419 2450 mandatum
1437 2415 1584 2451 Christi:
1622 2418 1671 2452 lta
1698 2423 1937 2464 praedicantes
1958 2427 2084 2469 poeni-

1098 2467 1242 2500 tentiam
1271 2473 1304 2500 et
1328 2468 1570 2501 remissionem
1599 2479 1832 2513 peccatorum.
1901 2472 1946 2509 Et
1971 2485 2084 2521 q'uan-

1099 2530 1203 2562 quam
1229 2518 1339 2563 aliqui
1365 2518 1458 2552 inter
1478 2518 1624 2554 Iudaeos
1647 2522 1791 2557 fuerunt
1814 2526 1941 2567 sancti,
1967 2535 2084 2561 tamen

1100 2568 1230 2602 Paulus
1245 2569 1404 2615 loquitur
1419 2570 1462 2603 de
1477 2569 1627 2615 ludaeis,
1656 2582 1828 2618 quatenus
1842 2575 1933 2610 nihil
1948 2575 2081 2611 habent

1099 2620 1166 2653 nisi
1188 2620 1315 2663 legem,
1344 2633 1407 2653 nec
1424 2628 1505 2654 sunt
1526 2623 1730 2660 sanctificati
1754 2627 1821 2660 fide
1848 2635 1882 2662 et
1905 2629 2084 2672 agnitione

1100 2671 1263 2714 promissi
1285 2670 1430 2707 Christi.
1483 2671 1560 2706 Hoc
1587 2675 1680 2708 enim
1708 2678 1784 2711 vult
1807 2679 1962 2719 efficere,
1989 2681 2082 2723 quial

1098 2722 1170 2757 Lex
1187 2734 1259 2756 non
1275 2722 1423 2757 sufficiat
1441 2724 1483 2757 ad
1503 2724 1796 2765 iustificationem.

1532 2776 1580 2810 37

1861 2729 1973 2773 Quale
1998 2731 2088 2764 valet
