2415 2942
279 132 352 167 931

283 267 485 300 iustificatus
512 273 578 306 est,
615 266 649 298 id
674 273 742 303 est,
772 266 861 299 iusta
889 277 999 310 poena
1024 267 1179 300 adfectus
1204 274 1263 301 cst.

285 318 350 349 Sed
375 317 435 360 qui
459 328 605 360 poenam
629 328 700 349 iion
725 317 856 360 patitur
883 317 1022 357 volens,
1053 329 1124 349 non
1144 323 1193 350 est
1210 317 1266 350 iu—

285 375 368 399 stus·
424 366 467 400 L't
487 368 579 399 eiiiiii
609 368 811 400 obedientia
835 374 918 400 tunc
946 377 995 401 est
1014 368 1167 408 iusticia,
1187 379 1265 401 cum

284 424 333 450 cst
353 417 568 455 voluntaria,
597 418 642 450 ita
665 418 841 451 sustinens
866 430 1014 462 poenam
1040 425 1122 452 tunc
1139 426 1187 452 est
1211 419 1264 450 iu-

285 474 376 503 stus.
410 480 488 501 cum
516 469 636 501 volens
660 469 829 508 sustinet,
872 470 961 502 sicut
988 469 1077 502 filius
1110 469 1175 501 Dei
1203 481 1265 512 pro

284 519 386 550 iioliis
404 519 524 551 volens
551 520 716 553 sustinuit
744 531 905 563 poenam.
958 520 1041 553 Fuit
1060 520 1165 562 igitur
1183 520 1267 551 obe-

285 569 415 601 dientia
441 570 515 602 eius
541 570 688 605 iusticia.
743 570 811 604 Sed
838 571 947 603 simus
973 573 1127 604 contenti
1150 571 1266 615 priore

285 619 436 663 simplici
456 621 686 664 explicatione
705 618 831 666 νεκρὸς
851 619 894 655 οὐ
914 617 1051 655 δάκνει.

384 677 567 712 Caeterum
593 677 657 712 hoc
681 680 849 721 sciamus,
890 680 1048 713 diabolos
1083 687 1115 713 et
1149 691 1270 711 omnes

289 730 473 762 damnatos
501 730 536 762 in
569 731 664 762 omni
691 731 897 764 aeternitate
923 727 1106 763 horribilia
1133 739 1270 773 peccata

285 780 416 819 facere,
444 781 524 824 quia
550 780 624 812 sine
648 781 714 813 sine
742 781 940 813 irascuntur
956 779 1030 813 Deo
1051 788 1111 813 etc.
1166 778 1270 814 Cliri-

285 836 358 863 stus
377 830 421 862 ait
434 857 441 870 ,
477 831 657 863 diabolum
683 842 754 863 esse
772 828 985 863 homicidam
1006 838 1037 864 et
1055 832 1270 865 mendacem.

286 879 338 913 De
363 877 416 912 liis
444 878 676 913 horribilibus
702 881 882 914 furoribus
909 882 1120 925 cogitantes,
1162 882 1272 925 magis

287 941 550 975 expavescamus
567 932 776 974 cogitatione
793 939 1015 967 aeternarum
1033 944 1238 977 poenarum.

343 1021 431 1057 ,Νοη
459 1029 578 1069 regnet
600 1029 784 1071 peccatum
811 1024 848 1057 in
876 1023 1031 1058 mortali
1053 1037 1208 1072 corpore.

386 1088 576 1124 Conclusio
602 1099 651 1125 est
680 1092 935 1135 responsionis,
980 1104 1084 1136 quam
1107 1093 1274 1136 opposuit

287 1140 476 1174 obiectioni
502 1148 603 1175 antea
630 1142 801 1175 recitatae.
864 1142 999 1176 Diserte
1024 1150 1139 1176 autern
1167 1144 1272 1177 dicit:

289 1190 368 1224 Non
388 1199 507 1234 regnet
527 1200 723 1235 peccatum,
741 1200 780 1227 ut
794 1193 965 1236 significet
981 1194 1017 1226 in
1035 1191 1099 1227 liae
1115 1194 1183 1227 vita
1201 1207 1273 1227 non

289 1253 431 1285 prorsus
459 1243 647 1276 extinctam
676 1255 747 1276 esse
771 1244 931 1277 vitiosam
960 1251 1141 1285 naturam,
1174 1246 1273 1290 quasi

289 1292 396 1325 dicat:
435 1291 626 1338 Reliquum
655 1301 704 1327 est
733 1302 910 1337 peccatum
932 1295 968 1326 in
995 1302 1119 1328 natura
1145 1296 1181 1328 in
1210 1294 1273 1329 hac

289 1343 378 1381 vita,
408 1344 465 1375 sed
486 1355 556 1376 iion
576 1351 715 1387 regnet,
745 1345 780 1376 id
796 1352 865 1384 est,
891 1357 963 1377 nou
983 1346 1200 1389 obtemperet
1221 1347 1274 1379 vi-

288 1393 385 1426 tiosis
411 1393 611 1432 affectibus,
645 1395 734 1428 sicut
753 1401 784 1427 ct
811 1395 898 1427 infra
925 1395 1024 1428 dicit:
1054 1395 1092 1428 Si
1120 1396 1274 1429 actiones

289 1444 404 1477 carnis
420 1444 548 1487 spiritu
568 1443 843 1485 mortfficabitis,
871 1446 1007 1479 vivetis.

392 1501 440 1534 Hi
466 1503 535 1535 loci
561 1509 592 1536 et
619 1503 752 1535 similes
777 1504 968 1536 ostendunt
986 1504 1175 1537 discrimen
1196 1518 1273 1546 pec-

290 1553 375 1592 cati,
410 1554 504 1597 quod
540 1553 576 1585 in
607 1554 734 1586 sanctis
760 1554 935 1598 reliquum
969 1561 1037 1594 est,
1072 1562 1103 1587 et
1131 1555 1273 1589 illorum

290 1609 531 1646 peccatorum,
566 1610 709 1647 propter
732 1616 819 1648 quae
851 1603 955 1637 homo
989 1605 1117 1638 desinit
1141 1617 1212 1638 esse
1237 1607 1274 1638 in

290 1655 398 1696 gratia
411 1681 419 1694 ‚
436 1661 468 1687 et
486 1666 574 1698 quae
594 1655 773 1688 excutiunt
792 1654 966 1698 Spiritum
986 1662 1155 1689 sanctuni.
1198 1655 1275 1689 Hoc

290 1705 478 1737 discrimen
499 1706 534 1737 in
553 1703 708 1739 Ecclesia
726 1705 889 1749 cognosci
913 1712 946 1739 et
971 1707 1127 1750 conspici
1153 1718 1274 1740 neces-

291 1755 420 1789 sarium
441 1761 502 1791 est.

391 1813 528 1858 Regula
542 1822 656 1849 autem
674 1815 764 1849 infra
784 1815 910 1849 tradita
929 1822 990 1853 est,
1012 1814 1273 1852 1.Tim01h.1.:

291 1865 408 1899 Milita
424 1866 554 1899 bonam
573 1866 752 1907 militiam,
781 1866 936 1900 retinens
957 1867 1059 1900 fidem
1077 1874 1110 1901 et
1146 1869 1274 1901 bonam

293 1923 557 1950 conscientiam.

393 1972 446 2007 Ex
466 1972 529 2008 hae
546 1975 664 2018 regula
682 1976 917 2010 constituatur
940 1975 1140 2009 discrimen.
1185 1975 1275 2010 Cum

295 2025 481 2059 assentitur
505 2023 609 2058 homo
635 2026 744 2058 errori
768 2027 804 2058 in
831 2039 902 2059 uno
927 2027 980 2059 vel
1004 2027 1164 2070 pluribus
1188 2028 1275 2060 arti-

296 2075 384 2109 culis
401 2075 502 2116 fidei,
529 2076 601 2109 sive
618 2077 728 2109 sciens
749 2077 820 2109 sive
838 2078 1020 2120 deceptus,
1047 2078 1177 2111 amittit
1195 2077 1276 2121 Spi-

296 2127 401 2160 ritum
414 2133 590 2168 sanctum,
608 2127 701 2160 iuxta
718 2127 866 2160 dictum:
896 2126 968 2170 Qui
987 2140 1058 2161 non
1069 2129 1190 2167 credit,
1207 2129 1276 2161 iam

298 2177 472 2209 iudicatus
499 2184 560 2212 est.
627 2176 730 2210 Item:
771 2177 924 2220 Spiritus
950 2179 992 2212 de
1020 2191 1097 2211 meo
1121 2179 1276 2222 accipiet.

300 2226 405 2260 Item:
423 2226 706 2261 Fundamentum
723 2228 817 2261 aliud
835 2229 919 2272 poni
939 2241 1010 2262 non
1029 2236 1158 2272 potest,
1176 2241 1276 2272 prae-

300 2284 353 2310 ter
374 2278 409 2310 id
428 2279 521 2322 quod
542 2279 691 2322 positum
716 2285 783 2318 est,
818 2279 911 2323 quod
929 2286 978 2313 est
997 2279 1090 2312 lesus
1107 2277 1276 2314 Christus.

401 2335 477 2370 Etsi
505 2344 617 2370 autem
646 2338 682 2370 in
706 2338 868 2370 omnibus
891 2339 1018 2371 sanctis
1052 2339 1088 2371 in
1120 2336 1183 2372 hac
1207 2339 1276 2372 vita

304 2385 413 2427 caligo
447 2394 516 2428 est,
551 2400 614 2421 nec
647 2388 729 2421 satis
747 2388 996 2430 intelliguntur
1021 2390 1160 2422 articuli
1183 2390 1274 2428 fidei,

303 2443 336 2468 et
359 2438 510 2470 assensio
536 2445 586 2471 est
615 2438 832 2481 languidior,
859 2445 918 2472 aut
940 2439 1042 2472 etiam
1066 2446 1277 2473 extruuntur

304 2486 452 2530 stipulae
470 2498 573 2529 supra
590 2501 705 2521 veram
723 2489 940 2522 doctrinam:
969 2496 1085 2523 tamen
1110 2488 1193 2522 haec
1210 2490 1277 2523 im-

306 2537 476 2570 becillitas
500 2538 618 2572 differt
643 2540 686 2571 ab
711 2541 889 2573 eversione
922 2541 1059 2573 articuli
1089 2541 1188 2579 fidei,
1216 2553 1277 2574 seu
1300 2541 1302 2552 '

306 2587 349 2620 ab
365 2588 616 2620 asseveratione
632 2591 816 2629 contraria,
841 2589 1144 2631 ut'Samosatenus‚
1159 2589 1277 2630 Arius,

305 2638 468 2671 delebant
496 2639 681 2672 articulum
698 2641 739 2671 de
757 2641 941 2674 divinitate
957 2642 1037 2681 filii,
1058 2648 1089 2675 et
1109 2642 1209 2675 multi
1228 2642 1278 2675 eis

845 129 969 163 PHlL.
1000 128 1111 165 MEL.
1141 128 1349 165 SCRIPTA
1382 127 1676 166 EXEGETICA.

382 215 451 248 ‚xlii
477 215 633 258 argutius
658 215 888 259 respondent:
926 213 996 257 Qui
1028 222 1186 249 mortuus
1204 222 1264 256 est,
1289 222 1291 239 ¹
1317 215 1420 248 cussit
1440 214 1612 259 Spiritum
1640 222 1810 252 sanctum.

2222 135 2295 171 932

1864 216 1956 260 Quia
1984 230 2055 251 non
2082 226 2131 253 est
2155 219 2301 263 spiritus

1318 267 1354 298 iii
1372 267 1494 307 corde,
1521 266 1588 299 nisi
1614 279 1675 310 per
1692 278 1806 299 veram
1832 279 1949 300 vocem
1975 270 2172 310 doctrinae,
2209 272 2302 303 iuxta

1291 359 1292 364 1
1318 317 1466 350 dictum:
1501 316 1685 351 Sanctifica
1711 330 1767 351 eos
1790 317 1837 350 'in
1869 319 2029 357 veritate,
2072 332 2184 354 sermo
2220 331 2301 355 tuus

1291 370 1292 409 ζ
1319 374 1368 400 est
1385 367 1526 400 veritas.

1420 417 1604 451 Praeterea
1626 415 1731 451 homo
1752 418 1887 452 violans
1912 420 2075 453 mandata
2094 418 2159 452 Dei
2183 428 2303 455 contra

1320 469 1592 506 conscientiam,
1621 470 1748 502 amittit
1774 469 1947 513 Spiritum
1975 477 2152 511 sanctum,
2179 478 2210 504 et
2227 484 2305 505 rur—

1320 531 1377 552 sus
1401 519 1437 552 fit
1454 531 1532 553 rcus
1552 520 1624 552 irae
1643 519 1730 560 Dei,
1757 527 1789 553 et
1808 521 1878 553 ruit
1896 521 1931 552 in
1951 527 2130 554 aeteruum
2148 521 2304 562 exitium,

1293 590 1294 596 κ
1320 570 1348 602 si
1373 581 1444 602 non
1478 570 1535 603 fiat
1564 571 1759 606 conversio,
1797 573 1826 605 1.
1844 570 1979 606 Corint.
1998 571 2051 607 6.:
2077 571 2308 613 scortatores,

1322 621 1495 660 adulteri,
1533 632 1606 654 non
1629 622 1860 665 possidebunt
1883 633 2028 664 regnum
2054 620 2131 657 Dei.
2183 620 2229 655 Et
2249 635 2306 655 ex-

1323 683 1420 704 cusso
1459 670 1594 715 Spiritu
1625 680 1743 706 sancto
1779 672 1962 706 Peccatum
1997 673 2126 706 dicitur
2159 684 2308 715 regnans

1325 728 1523 765 peccatum,
1559 723 1641 767 quia
1665 723 1769 757 efficit
1795 723 1976 767 proprium
2000 723 2179 764 effectum,
2214 724 2309 756 scili-

1325 779 1374 806 cet
1387 799 1395 813 ‚
1413 779 1451 805 ut
1469 770 1574 806 homo
1592 780 1669 807 ruat
1689 774 1726 806 iii
1742 781 1898 807 aeternas
1913 786 2062 818 poenas:
2092 774 2170 807 ideo
2187 785 2308 807 recen-

1326 824 1394 857 tior
1411 829 1502 856 aetas
1520 824 1679 857 nominat
1702 825 1861 860 mortale.

1425 871 1624 907 Constituta
1655 872 1719 908 hac
1754 876 1891 919 regula,
1927 875 2055 908 deinde
2077 875 2240 909 'sciamus
2270 875 2307 908 in

1325 923 1526 969 Renatisain
1546 922 1611 957 hac
1628 925 1698 958 vita
1715 932 1832 959 tamen
1859 923 1974 959 adhuc
1995 927 2105 960 multa
2127 933 2160 960 et
2184 937 2308 966 magna

1326 981 1463 1017 peccata
1481 986 1571 1014 esse,
1599 975 1732 1008 etiamsi
1752 977 1841 1010 lucet
1860 977 1897 1009 in
1923 983 2038 1009 mente
2062 984 2095 1011 et
2112 988 2192 1010 vera
2209 977 2308 1016 fides,

1325 1032 1356 1059 et
1380 1026 1592 1059 conscientia
1616 1026 1708 1059 bona
1735 1033 1805 1066 est,
1833 1028 1868 1060 id
1892 1033 1960 1066 est,
1987 1028 2120 1060 bonum
2147 1027 2308 1071 proposi-

1326 1084 1418 1116 tum,
1453 1082 1490 1109 ut
1517 1075 1646 1109 Paulus
1670 1075 1776 1112 Rom.
1801 1076 1834 1113 7.
1862 1078 1995 1122 inquit:
2032 1076 2179 1110 lnvenio
2205 1077 2308 1110 aliam

1327 1128 1435 1169 legem
1455 1127 1490 1158 iii
1508 1127 1675 1160 membris
1691 1128 1922 1171 captivantem
1942 1140 1994 1160 ine
2012 1131 2047 1160 in
2072 1129 2145 1171 lege
2168 1128 2308 1171 peccati,

1325 1178 1359 1209 id
1380 1184 1446 1217 est,
1474 1177 1583 1221 aliqui
1601 1184 1683 1210 suut
1698 1179 1829 1219 morbi,
1858 1178 1967 1221 caligo
1992 1185 2024 1212 et
2048 1179 2177 1213 multae
2195 1179 2309 1211 tristes

1326 1228 1562 1261 dubitationes
1580 1229 1621 1261 de
1638 1228 1730 1262 Deo:
1759 1230 1841 1262 item
1855 1255 1862 1268 ,
1882 1229 1919 1261 in
1939 1230 2043 1262 corde
2061 1241 2133 1262 non
2156 1236 2206 1262 est
2230 1235 2308 1262 tan-

1329 1286 1383 1311 tus
1402 1279 1526 1319 timor,
1557 1279 1718 1319 dilectio,
1745 1279 1869 1313 fiducia
1889 1278 1973 1320 Dei,
1999 1287 2036 1312 ut
2062 1290 2134 1312 esse
2151 1279 2308 1319 debebat,

1328 1337 1359 1362 et
1377 1330 1596 1362 suntmiiltae
1614 1337 1766 1363 errantes
1778 1331 1936 1363 flammae
1947 1330 2190 1375 cupiditatum,
2209 1331 2309 1373 igno-

1327 1380 1460 1412 rantiae
1476 1387 1507 1413 et
1525 1380 1730 1413 omissiones
1748 1381 1888 1414 multae.

1428 1428 1523 1462 Ilaec
1542 1437 1623 1463 sunt
1644 1442 1726 1462 vero
1744 1442 1806 1463 suo
1825 1442 1949 1473 genere
1974 1436 2132 1474 peccata,
2161 1431 2218 1462 sed
2239 1428 2310 1464 Re-

1328 1480 1421 1520 nati,
1456 1480 1515 1524 qui
1548 1481 1667 1514 dolent
1703 1488 1845 1524 propter
1869 1481 1959 1513 hanc
1990 1480 2249 1513 immunditiem
2277 1487 2308 1513 et

1328 1530 1495 1563 resistunt
1520 1531 1570 1570 ei,
1597 1537 1630 1564 et
1655 1531 1720 1563 fide
1746 1538 1886 1573 propter
1909 1530 2137 1563 mediatorem
2161 1532 2306 1563 credunt

1328 1591 1366 1613 ea
1384 1581 1515 1613 remitti
1540 1593 1577 1613 ac
1599 1581 1688 1623 tegi,
1716 1582 1868 1614 retinent
1893 1581 2064 1623 Spiritum
2097 1588 2253 1613 sanctum
2277 1588 2309 1614 et

1328 1631 1450 1668 fidem,
1487 1642 1525 1663 ac
1551 1639 1694 1664 manent
1720 1631 1756 1663 in
1781 1632 1906 1673 gratia:
1935 1631 2014 1663 ideo
2040 1628 2106 1663 hoc
2131 1637 2307 1673 peccatum

1330 1681 1535 1714 nominatur
1566 1688 1744 1724 peccatum
1774 1693 1845 1714 non
1879 1691 2045 1723 regnanS,
2083 1680 2244 1714 videlicet
2272 1681 2309 1713 in

1328 1731 1481 1769 renatis,
1506 1732 1567 1776 qui
1584 1732 1749 1765 resistunt
1776 1739 1807 1765 et
1832 1733 1983 1765 retinent
1999 1731 2122 1769 fidem,
2149 1732 2237 1764 sicut
2254 1732 2309 1763 in-

1328 1783 1380 1815 fra
1405 1782 1534 1815 dicitur
1556 1789 1676 1815 octavo
1704 1792 1793 1825 cap.:
1837 1781 1942 1815 Nulla
1977 1782 2222 1815 condemnatio
2259 1789 2309 1815 est

1328 1844 1423 1866 nunc
1441 1830 1514 1872 liis,
1539 1833 1599 1877 qui
1618 1833 1654 1865 in
1672 1830 1815 1866 Christo
1835 1831 1911 1865 Iesu
1937 1832 2130 1866 ambulant.
2183 1830 2227 1864 Et
2252 1830 2307 1865 liic

1328 1884 1479 1917 traditur
1496 1883 1696 1916 dulcissima
1715 1883 1926 1921 consolatio,
1953 1882 2138 1915 Peccatum
2156 1894 2228 1914 non
2245 1884 2308 1914 do-

1329 1935 1485 1967 minatur
1500 1934 1617 1974 vobis,
1645 1933 1724 1966 Non
1744 1934 1835 1966 enim
1853 1934 1933 1966 estis
1957 1933 2133 1975 sublege,
2161 1934 2218 1965 sed
2244 1934 2308 1965 sub

1329 1985 1456 2027 gratia,
1498 1985 1596 2028 quasi
1634 1984 1742 2017 dicat:
1787 1983 1880 2026 Quia
1911 1983 1991 2017 estis
2015 1984 2079 2016 sub
2102 1984 2229 2026 gratia,
2272 1983 2305 2014 id

1330 2044 1397 2075 est,
1433 2035 1498 2068 sub
1520 2035 1669 2077 gratuita
1699 2034 1985 2068 reconciliatione
2015 2041 2158 2078 propter
2185 2033 2308 2073 filium,

1329 2086 1407 2119 ideo
1432 2086 1486 2118 lex
1512 2086 1579 2118 iam
1607 2097 1678 2118 nori
1702 2093 1838 2118 accusat
1864 2096 1944 2125 vos,
1979 2096 2049 2117 non
2076 2085 2219 2118 damnat
2238 2096 2308 2123 vos,

1329 2143 1361 2169 et
1386 2136 1554 2180 reliquiae
1577 2136 1705 2179 peccati
1731 2136 1767 2168 in
1785 2136 1884 2169 vobis
1901 2141 2066 2178 teguntur
2089 2146 2150 2178 per
2165 2134 2306 2168 umbra-

1329 2187 1467 2224 culum,
1493 2186 1654 2219 videlicet
1688 2198 1749 2230 per
1773 2187 2000 2220 mediatorem
2026 2183 2206 2219 Christum
2243 2191 2304 2217 etc.

1328 2236 1430 2270 Hanc
1446 2237 1642 2270 doctrinam
1663 2238 1705 2270 de
1721 2237 1924 2270 discrimine
1948 2242 2165 2280 peccatorum
2190 2241 2307 2267 tenere

1330 2299 1466 2321 necesse
1484 2294 1551 2328 est,
1580 2295 1722 2331 propter
1739 2288 1866 2321 multas
1885 2294 1917 2321 et
1941 2285 2160 2330 gravissimas
2177 2295 2306 2317 causas.

1370 2369 1475 2418 Quid
1501 2370 1634 2416 igilur,
1677 2383 1763 2404 num
1790 2369 2034 2417 peccabimus,
2069 2366 2157 2414 quia
2189 2379 2260 2401 non

1617 2433 1743 2455 sumus
1760 2421 1826 2455 sub
1844 2421 1918 2466 lege
1941 2418 2028 2454 eto-..9

1433 2486 1598 2524 Occurrit
1616 2489 1802 2523 obiectioni
1822 2490 1864 2520 de
1882 2489 2060 2521 libertate:
2089 2498 2168 2519 nam
2191 2486 2227 2517 in
2245 2497 2308 2528 po—

1331 2541 1425 2575 litica
1456 2541 1708 2578 consuetudine
1737 2539 1948 2581 intelligitur
1981 2537 2161 2579 abrogatio
2195 2536 2307 2578 legum

1330 2593 1400 2632 sic,
1438 2598 1476 2624 ut
1507 2598 1622 2634 postea
1653 2591 1865 2623 concedatur
1895 2590 2007 2622 facere
2042 2595 2161 2621 contra
2188 2587 2308 2628 legem.

1331 2642 1429 2676 Sicut
1451 2641 1555 2674 etiam
1579 2648 1698 2674 contra
1732 2639 1822 2682 leges
1845 2640 1887 2672 de
1917 2639 2124 2673 ceremoniis
2153 2637 2307 2677 facimus,

306 2689 602 2731 assentiebantur,
627 2702 777 2735 quorum
802 2703 899 2724 error
921 2692 1141 2727 contristavit
1166 2699 1198 2726 et
1220 2704 1278 2726 ex-
1332 2692 1504 2726 vescimur
1523 2702 1625 2724 carne
1639 2690 1742 2724 suilla
1771 2697 1833 2724 etc.
