2415 2942
82 103 152 139 141
487 100 570 136 XII.

82 190 190 224 dubie
220 189 454 223 universalem
486 195 520 222 et
547 188 734 232 gratuitam
759 198 850 227 esse,
884 194 916 220 et
942 198 1006 220 nos
1028 187 1066 219 in

80 242 178 274 illam
209 240 443 274 universalem
476 239 718 278 includamus,
755 244 788 270 et
813 239 856 269 ad
883 235 1064 270 Christum

80 292 296 325 accedamus.
350 290 488 324 Scimus
512 291 592 323 item
621 290 823 321 mandatum
844 286 908 320 Dei
935 287 1064 320 immu-

78 342 187 376 tabile
211 353 302 382 esse,
337 342 429 386 quod
457 340 642 385 praecipit,
668 345 707 371 ut
729 339 921 372 credamus,
973 336 1061 370 Cum

78 390 144 425 hac
176 392 336 425 doctrina
371 403 450 424 vera
480 397 512 424 et
543 391 641 422 firma
671 399 734 420 nos
766 387 1061 428 confirmavimus,

79 443 228 476 sciamus
258 440 343 475 haec
373 442 462 474 dicta
490 441 525 473 in
552 439 683 472 Ioanne
708 445 742 472 et.
766 438 871 478 alibi,
908 450 995 482 quae
1020 439 1061 470 de

77 493 396 537 praedestinatione
420 491 590 530 citantur,
625 501 697 521 non
723 501 762 521 eo
788 488 876 529 dici,
903 495 942 521 ut
964 489 1061 520 labe-

77 545 207 577 faciant
230 544 350 582 fidem,
379 548 411 574 et
427 547 584 574 evertant
602 538 892 583 promissionem,
919 539 977 571 sed
997 540 1060 571 do-

77 595 224 628 ctrinam
254 593 436 625 continent
460 590 830 623 commonefacientem
855 594 937 629 nos,
973 601 1058 633 qua-

74 645 120 677 lis
142 644 186 676 sit
203 641 354 676 Ecclesia
368 668 376 682 ,
404 653 448 674 ne
466 640 590 673 offensi
610 640 731 683 exigua
752 647 784 673 et
801 637 926 671 humili
945 640 1059 682 specie

74 695 118 727 ab
137 705 174 726 ea
191 694 402 726 aberremus.
456 690 508 724 Ac
526 692 568 723 de
587 691 710 724 effectu
729 690 1059 735 praedestinationis

72 743 182 786 magis
206 754 310 788 quam
336 744 379 774 de
394 753 493 775 causa
512 741 718 786 loquuntur.
774 739 994 784 Impossibile
1010 747 1059 773 est

71 806 145 828 non
178 794 421 837 obstupescere
455 791 629 825 rationem
661 790 874 830 humanam,
908 791 936 823 si
972 803 1056 823 con-

70 846 161 878 ferat
178 842 369 877 Ecclesiam
392 843 435 875 ad
460 842 606 886 imperia
624 842 762 875 mundi.
817 840 905 875 Cum
920 840 1056 875 Romae

70 895 239 937 regnabat
261 892 440 936 Augustus
466 893 602 936 sapiens
628 893 808 936 princeps,
837 898 871 925 et
893 892 1056 925 salutaris

69 945 147 978 orbi
164 951 355 984 terrarum,
382 951 412 978 et
432 955 575 985 magnos
591 943 729 986 labores
746 942 932 976 sustineret
946 942 981 974 in
1000 954 1056 974 re-

68 996 181 1039 gendo
208 994 375 1042 imperio,
404 1001 435 1026 et
461 995 588 1027 tuenda
615 1006 716 1036 pace,
745 1000 777 1026 et
804 999 943 1025 senatus
969 999 1055 1025 esset

67 1057 215 1089 magnus
247 1051 364 1078 coetus
393 1044 551 1077 virorum
584 1042 812 1077 honestorum
840 1050 873 1076 et
896 1043 1054 1087 pruden-

67 1103 162 1137 tum,
189 1095 250 1140 qui
273 1106 417 1137 magnas
438 1107 492 1128 res
515 1096 702 1137 gerebant,
731 1101 764 1127 et
781 1094 909 1125 molem
926 1094 1053 1136 guber-

66 1147 221 1180 nationis
252 1145 290 1178 in
322 1152 396 1179 toto
427 1146 512 1178 orbe
542 1145 780 1183 sustinebant,
813 1144 891 1188 quis
924 1144 1053 1177 diceret

0 1233 1 1237 ,
64 1196 161 1231 hunc
185 1203 321 1229 coetum
343 1207 416 1228 non
434 1207 505 1228 esse
522 1193 714 1228 Ecclesiam
732 1194 795 1228 Dei
809 1220 816 1233 ,
844 1195 904 1226 sed
924 1206 1051 1237 paucos

45 1248 255 1292 'quosdam,
280 1252 313 1279 et
337 1246 482 1278 miseros
505 1243 665 1278 homines
683 1246 719 1277 in
741 1244 887 1285 Iudaea,
916 1242 1049 1276 Zacha-

64 1299 175 1335 riam,
208 1293 411 1336 Elizabeth‚
445 1295 666 1333 Simeonem,
693 1295 857 1334 Annam,
883 1294 1049 1335 Mariam,

63 1345 191 1390 Ioseph
216 1354 248 1379 et
271 1346 406 1390 aliquot
432 1346 561 1378 similes
588 1357 659 1378 esse
681 1345 890 1385 Ecclesiam,
915 1353 947 1377 et
972 1344 1047 1377 Deo

62 1410 165 1432 curae
187 1408 277 1436 esse,
305 1403 337 1429 et
360 1402 494 1429 tantum
523 1393 617 1428 hunc
639 1396 800 1437 exiguum
826 1403 857 1427 et
880 1396 1046 1427 miserum

62 1455 198 1482 coetum
218 1447 351 1479 socium
369 1447 444 1479 fore
460 1447 590 1479 aeterni
611 1447 705 1489 regni
727 1445 816 1478 Dei?
869 1444 957 1478 Cum
976 1446 1044 1487 igi-

60 1507 119 1533 tur
142 1496 206 1530 hac
230 1497 341 1540 specie
367 1498 454 1530 ratio
478 1503 681 1537 moveatur,
708 1507 845 1528 necesse
868 1504 917 1529 est
942 1497 1045 1528 nobis

59 1548 548 1585 tradicommonefactionem,
575 1559 635 1580 seu
647 1547 934 1586 consolationem,
956 1559 1044 1591 qnae

61 1600 242 1633 confirmet
273 1610 356 1638 1105,
395 1605 435 1631 ut
464 1597 657 1631 Ecclesiam
687 1598 837 1630 sciamus
867 1597 1041 1639 alligatam

60 1663 132 1684 esse
151 1651 193 1682 ad
212 1647 460 1691 Evangelium,
486 1660 558 1681 non
576 1649 617 1680 ad
636 1660 762 1691 genus,
789 1659 862 1680 non
882 1648 1042 1682 multitu-

60 1701 198 1739 dinem,
225 1710 296 1730 non
323 1699 534 1740 potentiam,
561 1699 728 1742 imperia,
757 1699 982 1742 sapientiam,
1010 1706 1043 1732 et

59 1750 231 1784 iusticiam
250 1748 346 1790 legis.

159 1798 254 1832 Haec
282 1805 331 1830 est
358 1795 451 1830 haud
475 1797 582 1830 dubie
606 1797 777 1830 sententia
805 1798 979 1830 dictorum
1003 1799 1039 1831 in

56 1851 188 1884 Ioanne
205 1857 238 1881 et
253 1848 374 1882 Paulo.
429 1847 574 1881 Interim
592 1855 708 1880 tamen
728 1859 846 1879 verum
866 1855 913 1880 est
926 1847 1039 1881 Deum

56 1901 145 1934 velle
170 1911 290 1932 omnes
309 1899 422 1931 salvos
438 1898 531 1938 fieri,
557 1904 590 1930 et
609 1898 876 1939 promissionem
895 1900 1039 1931 uuiver-

55 1953 161 1985 salem
187 1961 278 1989 esse,
315 1949 408 1992 quod
433 1960 536 1980 nemo
562 1960 687 1990 negare
712 1955 835 1991 potest.
889 1949 1037 1982 Causam

54 2003 161 2045 igitur
179 1999 416 2033 damnationis
433 1999 519 2031 oriri
536 2011 552 2031 a
572 2006 690 2031 nostro
710 2005 859 2042 peccato.
913 2001 967 2032 De
984 2011 1038 2032 sa-

53 2053 126 2086 lute
146 2062 227 2084 vero
245 2050 293 2083 sic
310 2050 552 2089 sentiendum,
581 2050 698 2083 vocari
715 2061 776 2082 nos
797 2061 858 2092 per
875 2047 1036 2093 Evange-

54 2104 161 2142 lium,
190 2108 221 2134 et
243 2101 402 2134 assentiri
421 2112 485 2132 nos
501 2101 645 2140 debere,
672 2107 798 2133 etcum
816 2102 1037 2142 assentimur,

54 2151 147 2186 haud
167 2151 272 2184 dubie
290 2162 353 2184 nos
368 2149 458 2184 trahi
478 2157 511 2184 et
528 2151 692 2196 consequi
713 2151 1034 2185 reconciliationem

50 2204 267 2249 promissam.

154 2252 365 2288 Concutitur
391 2249 543 2285 humana
570 2252 657 2285 ratio
683 2252 802 2285 multis
826 2253 1034 2286 offensioni-

48 2307 132 2346 bUS,
168 2303 303 2348 quoties
333 2304 428 2335 videt
461 2314 538 2344 eos,
571 2303 631 2346 qui
661 2314 733 2334 non
762 2311 843 2337 sunt
869 2303 1033 2345 Ecclesia,

48 2355 254 2390 antecellere
281 2354 529 2393 multitudine,
564 2353 737 2397 potentia,
769 2354 943 2398 imperiis,
978 2366 1032 2386 sa-

46 2407 196 2452 pientia,
232 2405 461 2443 fortitudine,
495 2412 528 2438 et
560 2404 679 2437 multis
706 2404 905 2440 virtutibus,
964 2404 1030 2438 Hic

46 2459 198 2503 primum
212 2456 364 2499 disputat
376 2467 487 2495 mens,
515 2467 559 2489 an
570 2455 614 2488 sit
627 2455 860 2499 providentia,
883 2453 1031 2489 anDeus

48 2516 145 2543 curet
167 2505 354 2540 homines?
405 2505 652 2540 Ratiocinatur
674 2505 767 2537 enim
788 2518 827 2539 ex
848 2506 940 2549 lege,
968 2508 1029 2539 de·-

45 2560 128 2593 bere
149 2558 273 2590 melius
298 2569 370 2590 esse
392 2557 512 2596 iustis,
540 2558 648 2590 iustos
670 2557 796 2589 debere
819 2557 975 2600 imperiis
995 2564 1029 2591 et

46 2610 216 2653 dignitate
244 2608 380 2643 florere.
441 2607 488 2641 At
517 2608 554 2640 in
579 2608 713 2639 mundo
736 2614 855 2640 tenent
882 2608 1026 2651 imperia

45 2661 163 2706 impii,
191 2665 223 2693 et
246 2665 440 2703 pugnantes
462 2671 541 2693 cum
565 2670 604 2692 ea
629 2658 810 2701 doctrina,
836 2670 939 2704 quam
955 2657 1026 2693 Ec-

619 98 912 137 ENARRATIO
941 99 991 136 IN
1018 98 1202 138 EVANG.
1230 98 1444 139 IOANNIS.
1502 99 1606 140 CAP.
1634 102 1699 138 VI.

2036 104 2106 138 142

1120 188 1222 221 clesia
1253 188 1403 222 affirmat
1429 201 1445 222 a
1470 188 1545 223 Deo
1572 190 1736 223 traditam
1763 200 1845 222 esse.
1899 188 1974 222 Hac
1997 190 2106 233 igitur

1119 239 1232 281 specie
1262 240 1363 272 multi
1392 240 1515 272 offensi
1541 252 1558 272 a
1584 240 1658 273 Deo
1683 240 1870 280 deficiunt,
1905 248 1935 274 et
1962 241 2104 274 difficile

1118 295 1167 320 est
1186 289 1328 322 eluctari
1348 302 1386 322 ex
1405 288 1468 322 hac
1486 291 1695 328 tentatione,
1724 292 1781 324 sed
1799 292 1930 334 opponi
1949 291 1979 324 ei
1996 304 2102 334 opor-

1117 344 1164 370 tet
1188 339 1349 371 miranda
1372 341 1591 381 testimonia,
1617 342 1744 385 quihus
1768 343 1914 374 verbum
1938 341 2004 374 Dei
2031 350 2102 376 tra-

1116 388 1228 420 ditum
1253 396 1286 421 et
1310 399 1538 432 propagatum
1564 398 1613 424 est
1634 392 1716 424 inde
1735 404 1845 436 usque
1861 393 1904 425 ab
1922 393 2044 433 initio,
2069 400 2102 426 et

1116 439 1270 481 exempla
1295 440 1489 481 primorum
1514 448 1665 483 patrum.
1718 441 1812 474 Deus
1835 444 2027 475 manifestis
2049 450 2100 476 te-

1114 488 1287 521 stimoniis
1318 490 1570 523 miraculorum
1597 493 1749 524 ostendit
1776 504 1810 525 se
1834 494 1951 527 adesse
1976 495 2100 537 exiguo

1114 539 1228 573 coetui
1247 540 1472 583 amplectenti
1489 541 1563 574 eius
1580 542 1738 577 verbum.

1215 639 1405 685 Postquam
1439 653 1564 684 magno
1589 642 1777 676 certamine
1802 644 1885 677 vicit
1906 656 2004 678 mens
2025 647 2100 689 epi-

1113 702 1232 723 cureas
1257 692 1334 724 illas
1358 693 1603 734 cogitationes,
1630 694 1786 727 exoritur
1808 697 1998 727 secundum
2024 709 2099 728 cer-

1111 747 1228 773 tamen
1256 743 1358 775 etiam
1377 755 1394 774 a
1413 743 1485 784 lege
1504 750 1638 782 ortum,
1667 744 1694 775 si
1714 745 1773 788 qui
1794 753 1876 778 sunt
1893 758 1994 778 curae
2011 745 2099 787 Deo,

1111 799 1387 826 consentaneum
1412 800 1461 826 est
1485 806 1504 826 a
1529 792 1603 826 Deo
1630 794 1711 836 eligi
1734 795 1876 837 dignos,
1914 797 2002 828 bene
2025 809 2099 830 me-

1111 850 1244 880 rentes,
1282 850 1497 886 praestantes
1528 844 1695 886 ingeniis,
1727 847 1915 888 sapientia,
1947 848 2098 885 iusticia,

1110 899 1142 925 et
1167 893 1246 925 aliis
1270 894 1472 929 virtutibus.
1524 893 1600 941 Ego
1624 907 1679 928 me
1696 897 1809 929 sentio
1829 897 1930 940 longe
1950 898 2097 931 inferio-

1109 955 1181 975 rem
1216 955 1288 977 esse
1319 943 1443 984 Saule,
1486 943 1663 983 Aristide,
1707 945 1872 988 Platone,
1920 948 2098 992 Scipione,

1108 993 1285 1036 Augusto,
1321 996 1498 1038 quomodo
1531 1003 1804 1029 consentaneum
1831 1005 1881 1031 est
1906 1011 1961 1030 me
1987 1001 2097 1042 magis

1107 1044 1255 1077 electum
1273 1057 1354 1085 esse,
1382 1058 1487 1090 quam
1505 1043 1569 1078 hos
1587 1058 1741 1079 summos
1757 1048 1876 1080 viros?
1926 1048 2004 1082 Hoc
2021 1062 2095 1083 cer-

1107 1101 1223 1127 tamen
1247 1096 1359 1128 multo
1385 1096 1563 1128 difficilius
1587 1104 1635 1129 est
1662 1098 1861 1140 superiore,
1888 1106 1919 1132 et
1943 1097 1999 1131 hic
2024 1100 2094 1133 iam

1106 1147 1316 1187 opponenda
1342 1153 1392 1178 est
1417 1146 1622 1188 cogitationi
1649 1147 1848 1189 dignitatis,
1883 1162 1949 1182 vox
1973 1148 2093 1183 Evan-

1105 1195 1185 1237 gelii
1210 1196 1252 1227 de
1277 1193 1439 1235 Christo,
1466 1203 1498 1229 et
1524 1197 1692 1239 particula
1719 1197 1850 1234 Gratis.
1918 1200 1977 1242 §go
2001 1200 2091 1234 nihil

1103 1257 1179 1277 sum
1206 1246 1352 1279 collatus
1372 1247 1411 1278 ad
1438 1246 1597 1287 Saulem,
1632 1245 1841 1288 Aristidem,
1877 1250 2092 1294 Scipionem,

1103 1294 1305 1336 Platonem,
1331 1296 1545 1339 Augustum,
1573 1300 1631 1330 sed
1650 1299 1712 1331 filii
1726 1300 1793 1332 Dei
1812 1301 1962 1343 dignitas
1980 1303 2092 1335 maior

1103 1352 1170 1385 est,
1199 1358 1302 1390 quam
1328 1359 1449 1379 omnes
1474 1349 1633 1381 omnium
1659 1361 1876 1383 summorum
1905 1349 2089 1385 hominum

1102 1396 1258 1431 virtutes.
1316 1396 1563 1439 Aspernantur
1592 1397 1676 1432 haec
1710 1398 1870 1434 homines
1904 1400 2090 1447 prophani,

1099 1447 1158 1478 sed
1192 1458 1255 1479 nos
1282 1447 1318 1479 in
1346 1446 1499 1481 Ecclesia
1525 1461 1597 1482 non
1621 1462 1849 1493 aspernemur
1873 1453 1982 1485 fitium
2009 1453 2089 1487 Dei.

1099 1495 1204 1529 Hunc
1228 1510 1338 1530 unum
1366 1500 1515 1531 sciamus
1538 1502 1766 1534 constitutum
1786 1515 1856 1535 csse
1876 1504 2088 1547 propiciato-

1099 1559 1191 1586 rem,
1220 1560 1283 1581 nec
1306 1549 1415 1581 ullam
1435 1562 1506 1582 esse
1522 1551 1747 1593 sapientiam,
1775 1561 1804 1586 et
1827 1555 1999 1587 iusticiam
2019 1553 2087 1589 hu-

1099 1610 1237 1630 manam
1263 1600 1522 1631 anteferendam
1550 1599 1632 1634 huic
1657 1603 1851 1637 mediatori.
1915 1603 2011 1638 Haec
2036 1613 2086 1640 est

1098 1660 1196 1681 causa
1222 1649 1413 1693 particulae
1441 1649 1578 1691 Gratis,
1613 1665 1675 1684 cur
1698 1654 1800 1687 toties
1827 1655 1971 1697 repetita
1996 1657 2040 1690 sit
2065 1669 2084 1690 a

1098 1698 1207 1732 Paulo
1222 1727 1230 1740 ,
1258 1700 1339 1744 quia
1363 1701 1437 1733 vult
1461 1713 1524 1733 nos
1543 1703 1690 1735 avellere
1709 1711 1739 1736 et
1757 1703 1958 1738 abstrahere
1975 1718 1992 1739 a
2011 1708 2084 1740 col-

1097 1749 1225 1782 latione
1243 1751 1450 1783 meritorum
1469 1759 1500 1783 et
1516 1753 1695 1795 dignitatis
1713 1752 1909 1795 hominum,
1939 1758 1979 1789 ad
1998 1770 2083 1790 con-

1095 1808 1249 1841 spectum
1273 1802 1379 1833 unius
1398 1800 1530 1835 Christi
1558 1805 1768 1837 mediatoris.
1824 1805 1944 1840 Tertia
1969 1814 2082 1842 tenta-

1095 1850 1142 1881 tio
1167 1858 1216 1883 est
1242 1852 1283 1883 de
1307 1852 1592 1895 particularitate.
1648 1855 1735 1888 (jum
1762 1857 1961 1891 audivimus
1983 1860 2081 1892 reiici

1094 1909 1335 1942 argumentum
1355 1902 1440 1946 legis
1455 1904 1497 1935 de
1515 1904 1683 1946 dignitate
1700 1914 1730 1938 et
1750 1908 1894 1946 meritis,
1923 1907 1979 1941 hic
1997 1922 2078 1943 vero

1093 1951 1176 1983 novi
1202 1952 1374 1985 tumultus
1400 1953 1436 1984 in
1457 1961 1573 1986 mente
1589 1956 1753 1992 existunt.
1809 1957 1900 1999 Quia
1919 1971 1936 1992 a
1955 1960 2027 2002 lege
2047 1968 2080 1994 et

1092 2002 1279 2034 collatione
1307 2004 1513 2036 meritorum
1547 2006 1756 2048 disceditur,
1792 2009 1945 2052 disputat
1980 2023 2078 2043 mens

1093 2052 1203 2084 Deum
1222 2064 1292 2085 esse
1309 2065 1537 2096 personarum
1559 2064 1786 2100 acceptorem,
1807 2071 1845 2091 ex
1863 2067 1935 2093 toto
1949 2072 2076 2103 genere

1091 2099 1246 2136 humano
1271 2105 1438 2147 quosdam
1464 2117 1665 2150 excerpere,
1693 2121 1779 2153 quos
1806 2111 1872 2142 sibi
1899 2112 2076 2154 adiungat,

1089 2160 1242 2186 caeteros
1265 2166 1364 2197 pares
1388 2155 1542 2191 reiicere.
1598 2157 1696 2191 Talis
1718 2160 1839 2193 electio
1866 2161 1940 2194 sine
1961 2165 2074 2195 causis

1088 2203 1229 2237 videtur
1268 2206 1462 2249 tyrannica.
1533 2206 1626 2241 Huic
1658 2211 1842 2243 tentationi
1873 2220 2075 2255 opponatur

1086 2255 1294 2287 universalis
1312 2257 1517 2299 promissio,
1548 2271 1634 2302 quae
1652 2266 1797 2293 testatur
1814 2259 1927 2295 Deum
1946 2263 2072 2298 offerre

1086 2306 1251 2339 omnibus
1268 2307 1433 2346 salutem,
1461 2320 1526 2341 nec
1543 2310 1690 2342 dubium
1708 2317 1755 2343 est
1773 2313 1979 2347 mandatum
1998 2326 2071 2348 esse

1085 2354 1173 2399 Dei,
1201 2364 1237 2390 ut
1261 2354 1344 2389 hnic
1367 2359 1590 2400 promissioni
1611 2372 1731 2393 omnes
1748 2363 1909 2403 credant,
1933 2365 2014 2396 item
2030 2373 2069 2399 ut

1083 2419 1205 2439 omnes
1236 2408 1379 2440 audiant
1411 2409 1520 2441 filium
1546 2407 1622 2441 Dei.
1684 2410 1782 2453 Quos
1812 2413 1920 2456 igitur
1942 2415 2071 2458 elegit?

1081 2455 1312 2501 Respondeo:
1340 2457 1449 2500 litiga
1470 2471 1546 2498 eOS,
1570 2460 1629 2503 qui
1651 2473 1685 2494 se
1702 2470 1897 2498 sustentant
1913 2467 2067 2509 promis-

1082 2507 1198 2549 sione,
1226 2520 1314 2553 quae
1337 2516 1481 2552 propter
1504 2509 1614 2542 filium
1634 2513 1811 2556 proposita
1829 2523 1886 2548 est.
1940 2515 2066 2558 Quan-

1080 2570 1184 2602 quam
1211 2559 1317 2601 igitur
1340 2571 1411 2591 non
1435 2567 1578 2603 propter
1602 2558 1786 2596 hominum
1811 2566 1933 2599 merita
1954 2567 2063 2610 eligit,

1078 2616 1194 2643 tamen
1218 2609 1406 2642 discrimen
1431 2617 1480 2643 est
1506 2610 1597 2644 inter
1614 2624 1672 2645 eos
1689 2615 1749 2658 qui
1770 2616 2002 2659 recipiuntur,
2029 2626 2062 2652 ct

1078 2667 1242 2696 caetero&

1296 2659 1383 2694 Nam
1408 2657 1445 2693 hi
1471 2661 1531 2706 qui
1557 2663 1794 2708 recipiuntur,
1822 2667 1974 2702 retinent
1999 2680 2062 2702 vo—
