2415 2942
125 97 199 133 337
532 96 613 133 XII.

127 185 294 218 mandato
327 183 581 226 obtemperent.

128 230 313 279 sponderi,
340 246 411 266 esse
428 232 561 268 Christi
578 234 783 266 mandatum
798 260 807 272 ,
835 233 916 276 quia
933 243 1035 264 nemo
1056 233 1120 263 ob-

126 292 295 329 temperat
312 283 395 318 huic
413 292 615 328 praeceptO,
641 284 711 316 nisi
728 291 760 316 et
775 281 1009 325 Evangelium
1027 288 1118 314 recte

126 336 309 375 didicerit,
337 343 369 369 et
394 337 514 380 aliquo
541 336 645 368 nodo
672 335 828 368 imitetur
852 331 912 365 has
934 334 1020 365 duas
1046 332 1117 364 vir-

125 393 216 421 tutes
233 384 382 427 Christi,
410 384 646 419 humilitatem
664 392 695 418 et
715 383 933 428 patientiam.
978 381 1116 416 Oriun-

126 445 184 471 tur
209 437 303 471 enim
325 437 469 470 dissidia
494 449 534 470 ex
557 434 612 468 bis
636 436 749 468 tribus
778 434 954 472 sontibus,
997 434 1052 465 vel
1076 446 1115 466 ex

126 489 343 533 ignorantia,
372 489 425 521 vel
442 500 480 521 ex
497 486 708 526 ambitione,
736 485 791 518 vel
817 497 856 517 ex
883 484 1113 528 impatientia.

227 538 280 573 De
304 539 500 582 ignorantia
527 537 640 581 inquit
660 536 804 569 Paulus:
834 534 975 569 Habent
999 535 1112 568 zelum

124 588 210 629 Dei,
239 591 296 622 sed
318 602 388 623 non
404 590 595 622 secundum
612 587 806 622 scientiam,
852 585 1021 619 Homines
1040 598 1111 618 non

667 93 966 131 ENARRATtO
997 94 1045 129 IN
1074 91 1254 129 EVANG.
1284 91 1496 128 IOANNIS.

640 181 760 215 Potest
792 188 824 215 et
855 179 921 214 hoc
947 187 1039 214 recte
1065 193 1119 213 re·
1145 190 1147 196 ·

124 647 215 674 recte
239 641 391 674 instituti
418 641 454 672 in
474 638 683 681 Evangelio,
716 645 914 682 sequuntur
940 635 1111 670 humanas
1137 658 1139 687 3

123 691 411 734 imaginationes,
439 689 596 724 ntmulti
613 687 805 722 Ecclesiam
832 688 1043 732 pinxerunt,
1079 695 1111 721 et
1137 704 1139 736 ᾗ

122 742 273 785 pingunt
305 749 469 786 tanquam
495 742 711 774 mundanam
740 740 919 783 politiam,
959 751 1109 783 qnorum
1136 756 1138 769 ε

120 793 229 838 aliqui
248 805 318 825 non
343 793 553 830 ambitione,
587 798 645 823 ant
670 791 888 833 impatientia
915 791 1110 823 defendunt
1136 813 1137 817 ,

122 841 217 877 hunc
252 855 426 882 errorem,
471 843 529 874 sed
559 848 695 874 tantum
725 842 881 880 inscitia,
926 841 1006 886 qnia
1037 854 1108 873 nou

120 900 202 927 sunt
219 900 311 926 recte
332 893 494 927 instituti.
534 892 694 925 Primum
712 893 820 934 igitur
837 893 879 925 ad
899 904 1108 925 consensum

118 944 299 977 doctrinae
333 951 364 978 et
394 945 615 977 voluntatum
639 955 777 976 necesse
800 950 851 977 est
874 950 967 977 recte
991 950 1108 977 tenere

118 993 361 1038 Evangelium.

221 1045 357 1079 Deinde
389 1047 538 1080 ambitio
569 1047 701 1080 multos
733 1048 912 1087 incendit,
953 1053 990 1080 ut
1015 1057 1107 1079 nova

115 1104 174 1131 aut
194 1097 376 1141 popularia
393 1099 554 1141 dogmata
575 1106 758 1142 spargant,
786 1106 824 1131 ut
840 1098 1031 1131 claritatem
1048 1104 1108 1130 aut

118 1149 312 1191 potentiam
337 1159 612 1194 consequantur.
673 1151 853 1182 Adversus
885 1147 980 1181 bunc
1009 1148 1107 1180 suro-

116 1211 189 1231 rem
219 1211 323 1232 nemo
358 1208 469 1243 potest
501 1199 633 1231 muniri
661 1200 749 1236 ulla,
792 1200 951 1244 quamvis
982 1210 1106 1241 magna

116 1250 327 1291 praestantia
357 1250 496 1282 virtutis
533 1250 608 1282 sine
643 1251 820 1291 agnitione
850 1257 883 1283 ct
908 1250 1106 1281 imitatione

117 1297 262 1333 Christi.
316 1299 383 1333 Sed
402 1298 533 1333 Christi
555 1298 788 1333 humilitatem
810 1313 891 1333 vero
915 1301 1018 1332 corde
1040 1299 1106 1331 ali—

116 1362 186 1394 quo
218 1351 322 1382 modo
357 1352 552 1388 intuentes,
590 1352 778 1393 reprimere
800 1363 835 1383 se
859 1362 999 1396 quoque
1024 1362 1105 1393 pos-

115 1407 217 1441 sunt,
245 1412 288 1432 ne
314 1401 560 1434 intumescant.
613 1401 728 1434 David
753 1412 943 1444 agnoscens
967 1413 1001 1433 se
1026 1401 1105 1445 pol-

116 1452 229 1484 lutum
247 1463 318 1484 esse
336 1452 528 1493 adulterio,
562 1453 682 1494 caede,
721 1460 753 1487 et
778 1453 980 1496 ingentibus
1004 1463 1104 1485 scan-

114 1502 202 1535 dalis
239 1509 354 1535 motae
394 1503 595 1544 seditionis,
632 1511 868 1547 stupratarum
901 1503 1104 1546 coniugum,

112 1554 283 1586 factarum
304 1554 616 1587 innumerabilium
641 1556 819 1595 caedium,
847 1555 967 1587 abiicit
991 1566 1042 1593 se,
1070 1562 1103 1588 et

113 1605 249 1647 cogitur
268 1605 366 1637 fateri
385 1618 419 1637 se
436 1606 602 1639 miserum
630 1613 661 1639 et
684 1604 904 1638 horribiliter
925 1606 1102 1637 deforma-

113 1663 187 1688 tum
219 1666 309 1697 esse,
355 1657 402 1688 sic
436 1657 478 1688 de
505 1657 576 1689 suis
602 1657 750 1701 quisque
776 1657 940 1689 sordibus
964 1656 1101 1699 cogitet.

111 1703 180 1738 Sed
198 1705 263 1737 iam
283 1707 323 1737 ad
348 1704 437 1738 huic
450 1707 639 1749 imaginem
649 1707 970 1747 conseerristum,
988 1719 1101 1751 quan-

111 1763 145 1788 ta
162 1753 345 1788 humilitas
361 1765 427 1795 est,
457 1759 549 1801 quod
578 1758 666 1790 iacet
680 1755 842 1790 Christus
866 1770 981 1790 coram
1006 1764 1100 1800 patre

111 1813 323 1850 prostratus,
352 1808 435 1839 iram
454 1808 647 1845 sustinens,
676 1810 773 1852 quasi
792 1810 863 1850 ipse
882 1808 988 1844 meis,
1019 1808 1099 1845 tuis,

109 1864 142 1890 et
160 1856 306 1890 Davidis
327 1858 514 1891 sceleribus
531 1858 728 1902 polluisset,
765 1857 854 1891 banc
879 1866 1009 1891 tantam
1036 1859 1100 1891 de-

110 1908 322 1941 formitatem
348 1908 383 1939 in
410 1920 483 1941 sese
509 1910 698 1942 transtulit.
754 1909 847 1942 Haec
875 1922 944 1941 non
972 1917 1019 1942 est
1043 1921 1098 1941 re-

108 1957 242 1991 thorica
261 1966 291 1991 et
311 1959 426 1991 inanis
444 1960 686 2001 amplificatio,
716 1963 772 1992 sed
795 1973 873 1991 vore
893 1960 970 1992 talis
995 1960 1098 1993 dolor

107 2007 240 2043 Christi
260 2010 346 2047 fuit,
375 2011 538 2043 derivans
556 2011 591 2042 in
610 2023 682 2043 sese
700 2013 786 2043 iram
805 2010 888 2048 Dei,
917 2024 954 2043 ac
979 2011 1005 2042 si
1024 2011 1096 2054 ipse

107 2061 300 2094 admisisset
320 2058 403 2093 haec
422 2069 538 2094 nostra
560 2063 697 2094 delicta.
743 2063 833 2105 Quis
850 2069 964 2094 autem
984 2068 1097 2106 potest

107 2111 385 2153 magnitudinem
409 2110 618 2145 humilitatis
653 2111 757 2146 huius
780 2125 963 2153 enarrare,
993 2113 1094 2157 quod

106 2162 248 2195 subiicit
273 2161 366 2194 filins
383 2161 466 2202 Dei,
500 2170 666 2207 tanquam
692 2176 790 2196 reum
816 2172 992 2198 tantarum
1016 2171 1093 2196 tnr-

105 2212 325 2256 pitudinum.
388 2212 489 2246 Hanc
513 2211 767 2255 humilitatem,
802 2227 879 2248 cum
905 2214 1000 2247 filius
1026 2214 1093 2248 Dei

103 2270 274 2307 praestet,
298 2276 375 2296 cum
394 2273 511 2297 nostra
531 2265 658 2308 probra
676 2266 712 2297 in
730 2277 765 2298 se
782 2266 934 2305 derivat,
965 2267 1093 2308 pudeat

102 2326 186 2354 nos,
214 2316 306 2360 quod
328 2316 492 2348 uolumus
510 2316 648 2358 exiguas
672 2316 852 2359 opinionis
877 2324 1016 2349 nostrae
1041 2316 1091 2348 ia—

104 2371 218 2398 cturas
234 2366 322 2410 pati,
356 2368 414 2399 sed
443 2367 620 2399 efferimus
643 2379 706 2399 nos
734 2368 834 2410 qnasi
860 2368 989 2399 vertice
1014 2380 1091 2399 coe-

105 2415 177 2448 lum
212 2423 409 2460 tangentes,
441 2425 473 2451 et
506 2418 711 2450 blandimur
742 2418 806 2461 ipsi
835 2418 956 2456 nobis,
992 2418 1090 2463 quasi

103 2467 347 2501 antecellamus
365 2470 532 2502 omnibns
547 2469 716 2512 sapientia
735 2477 766 2502 et
786 2469 924 2502 virtute.

205 2516 346 2551 Tertius
372 2521 516 2553 morbus
541 2521 656 2553 affinis
679 2527 729 2553 est
753 2519 959 2559 ambitioni,
992 2521 1088 2553 scili-

105 2574 157 2601 cet
193 2568 421 2612 impatientia.
485 2570 595 2604 Multi
628 2572 767 2604 iniuriis
798 2571 926 2604 irritati
962 2571 1087 2605 labun-

101 2625 160 2652 tur
188 2619 379 2662 cupiditate
405 2622 598 2660 vindictae,
633 2630 671 2656 ut
704 2623 897 2656 discordias
927 2623 1086 2656 excitent.

102 2668 148 2703 Ut
186 2670 399 2705 Coriolanus
432 2673 587 2706 irritatus
619 2673 748 2707 iniusta
782 2674 1086 2715 condemnatione,

152 2722 327 2754 fflnaxru.
359 2725 460 2756 OrtR.
492 2726 571 2756 Vor..
593 2725 669 2758 XV.

1557 93 1662 130 CAP.
1691 96 1770 132 XV.
2100 101 2173 136 338

1180 179 1312 212 bellum
1331 180 1463 222 patriae
1483 180 1613 216 intulit.
1665 179 1716 215 Ita
1737 182 1771 215 in
1791 181 1945 217 Ecclesia
1963 196 2062 228 saepe
2079 188 2169 219 acci-

1178 230 1248 269 dit,
1277 232 1416 264 utboni
1436 232 1500 264 viri
1519 245 1556 264 ac
1573 233 1702 266 iniuste
1727 234 1830 274 laesi,
1871 236 1992 268 dolore
2019 237 2168 270 iniuriae

1174 287 1292 321 postea
1322 281 1452 314 iniusta
1481 283 1670 316 certamina
1695 286 1880 320 moverint.
1936 288 2093 320 Difficile
2118 297 2167 322 est

1171 331 1261 363 irato
1279 337 1310 363 et
1329 333 1467 365 ardenti
1488 334 1679 376 cupiditate
1705 336 1899 377 vindictae,
1928 335 2094 371 cohibere
2118 351 2164 377 se,

1171 393 1240 425 quo
1262 381 1379 414 minus
1399 389 1493 414 extra
1519 391 1626 416 metas
1650 394 1822 428 erumpat.
1874 390 1941 421 Sed
1972 386 2055 421 llaec
2079 398 2163 424 suut

1170 431 1309 474 piorum
1328 433 1508 471 exercitia,
1537 446 1608 465 non
1629 436 1740 467 solnm
1762 438 1868 470 iustas
1887 440 2073 479 molestias,
2102 443 2163 473 sed

1170 482 1272 515 etiam
1298 483 1446 516 iniurias
1471 485 1639 527 perferre.
1694 485 1842 528 Propter
1868 487 1928 521 has
1955 503 2073 523 causas
2096 489 2162 525 hoc

1168 533 1322 566 arbitror
1339 535 1477 577 proprie
1489 532 1621 568 Christi
1639 539 1844 570 mandatum
1862 540 1944 577 dici,
1961 542 2040 584 qnia
2058 554 2160 574 nemo

1167 591 1279 627 potest
1296 582 1380 617 haec
1398 586 1525 625 facere,
1555 587 1622 618 nisi
1643 594 1674 620 et
1693 587 1895 631 intettigms
1911 589 2159 633 lix-angelium,

1168 642 1198 668 et
1220 635 1338 679 aliquo
1357 637 1463 669 modo
1489 634 1551 669 has
1574 637 1769 680 singulares
1794 640 1830 671 in
1848 638 1989 673 Christo
2016 643 2160 676 xirtutes

1166 686 1328 724 imitans,
1355 687 1505 727 scilicet,
1535 685 1771 722 humilitatem
1797 698 1830 723 et
1855 692 2081 733 patientiam,
2117 696 2159 726 de

1166 737 1295 781 quibus
1314 737 1385 780 ipse
1404 738 1537 782 inquit:
1577 737 1711 774 Discite
1726 753 1742 773 a
1762 753 1835 779 me,
1865 743 1946 786 quia
1966 743 2059 777 uitis
2081 755 2156 777 sum

1166 795 1196 821 et
1216 786 1360 821 humilis
1378 790 1493 822 corde.

1290 878 1476 914 chu'orem
1495 878 1566 915 hac
1583 880 1774 917 dilectione
1792 896 1894 918 nemo
1913 883 2037 922 habel.

1265 948 1316 982 De
1329 950 1518 984 dilectione
1535 964 1636 984 suum
1655 954 1852 997 exemplum
1869 957 2051 998 proponit:
2074 969 2152 990 cum

1164 1012 1224 1042 ego
1243 1013 1302 1033 vos
1321 1002 1503 1034 dilexerim
1522 1003 1706 1045 indignos,
1727 1005 1880 1037 vicissim
1900 1004 1987 1038 mihi
2008 1010 2155 1051 rependi

1163 1049 1229 1084 hoc
1246 1052 1403 1085 debitum
1423 1053 1522 1092 volo,
1556 1060 1595 1087 ut
1617 1055 1705 1087 bene
1730 1056 1914 1094 meritum,
1950 1064 1983 1090 et
2009 1066 2153 1102 propter

1163 1115 1216 1135 me
1233 1103 1382 1145 collegas
1401 1105 1505 1136 vestri
1525 1105 1680 1137 muneris
1706 1105 1870 1148 diligatis.
1923 1107 2014 1140 Acer
2037 1116 2069 1142 et
2094 1122 2152 1142 ve-

1162 1151 1306 1186 hemens
1325 1154 1469 1187 affectus
1487 1160 1536 1186 est
1565 1155 1773 1195 aemulatio,
1807 1169 1870 1189 nec
1893 1157 1994 1190 facile
2019 1166 2067 1192 est
2092 1172 2152 1193 ae-

1163 1205 1258 1236 mulo
1285 1216 1443 1247 parcere,
1470 1212 1528 1237 aut
1554 1206 1696 1243 cedere,
1725 1213 1764 1239 ut
1790 1205 1955 1241 historiae
1979 1210 2152 1253 plurimo-

1160 1266 1237 1286 rum
1259 1256 1396 1288 docent.
1452 1253 1701 1289 Themistoclis
1721 1264 1753 1290 et
1774 1256 1970 1299 Aristidae,
2007 1260 2150 1294 Periclis

1161 1312 1192 1338 et
1209 1303 1368 1338 Cimonis
1381 1333 1388 1344 ,
1417 1304 1535 1351 Syllae
1553 1314 1585 1339 et
1603 1307 1729 1347 Marii,
1757 1307 1915 1342 Caesaris
1933 1318 1962 1343 et
1978 1310 2150 1355 Pompeii,

1159 1364 1196 1389 ut
1221 1363 1337 1388 autem
1363 1354 1489 1389 horum
1514 1358 1768 1391 aemulationes
1793 1360 1951 1402 ingentes
1976 1363 2150 1397 tumultus

1159 1414 1190 1439 et
1209 1407 1297 1439 bella
1316 1408 1433 1440 civilia
1459 1409 1675 1447 excitarunt,
1704 1410 1751 1442 sic
1778 1411 1813 1443 in
1834 1410 1985 1444 Ecclesia
2011 1414 2148 1448 accidit.

1158 1457 1227 1491 Sed
1253 1456 1415 1491 Christus
1449 1459 1593 1500 reprimi
1625 1468 1657 1493 et
1681 1461 1835 1504 extingui
1861 1463 1941 1495 odia
1965 1465 2147 1509 praecipit,

1159 1506 1223 1541 boc
1247 1509 1402 1541 officinm
1431 1510 1498 1542 sibi
1525 1511 1644 1544 deberi
1669 1513 1789 1551 docet,
1819 1520 1857 1546 ut
1880 1514 2027 1557 collegas
2051 1527 2147 1549 ame-

1156 1572 1253 1599 mus,
1282 1567 1314 1593 et
1332 1561 1380 1592 eis
1403 1573 1600 1603 parcamuS,
1628 1564 1833 1597 accedamus
1854 1572 1997 1607 propter
2018 1566 2145 1610 ipsum.

1155 1610 1330 1643 Eusebius
1352 1610 1549 1654 Episcopus
1573 1611 1809 1648 Caesariensis
1840 1614 2014 1649 Basilium
2047 1629 2145 1661 pres-

1155 1662 1339 1705 byterum,
1383 1662 1545 1695 incensus
1567 1664 1804 1698 aemulatione
1825 1667 2026 1708 premebat,
2062 1669 2143 1712 quia

1154 1713 1298 1745 videbat
1315 1724 1394 1745 eum
1415 1720 1559 1756 propter
1582 1715 1816 1748 eruditionem
1845 1718 2057 1760 magnifieri,
2086 1717 2144 1752 bic

1154 1763 1294 1808 utrique
1319 1765 1550 1797 concionatur
1571 1763 1753 1805 Christus,
1782 1769 1952 1811 praecipit
1977 1767 2142 1810 Eusebio,

1154 1820 1190 1846 ut
1217 1826 1297 1846 vera
1321 1815 1566 1847 benevolentia
1589 1817 1840 1860 complectatur
1857 1817 2048 1859 Basiliam,
2077 1833 2141 1854 nec

1152 1865 1321 1898 obtrectet
1354 1865 1401 1906 ei,
1439 1867 1497 1898 sed
1533 1864 1702 1899 bonorem
1726 1868 1756 1900 ei
1781 1870 2050 1903 convenientem
2077 1872 2141 1903 tri-

1152 1916 1246 1947 buat.
1305 1914 1361 1948 Ad
1395 1918 1544 1949 eundem
1569 1920 1714 1951 modum
1739 1926 1772 1952 et
1799 1919 1930 1953 Basilio
1960 1922 2140 1966 praecipit,

1151 1972 1189 1999 ut
1207 1966 1402 1999 dissimulet
1421 1967 1585 2008 iniurias,
1613 1981 1651 2001 ac
1674 1970 1889 2012 morigerum
1913 1984 1947 2005 se
1964 1970 2138 2017 Episcopo

1150 2019 1333 2064 praebeat,
1361 2030 1434 2050 non
1452 2019 1616 2062 suggillet
1631 2032 1729 2059 eum,
1758 2022 1815 2053 sed
1845 2035 1924 2055 vera
1948 2024 2054 2055 animi
2082 2036 2138 2056 re-

1151 2068 1305 2100 verentia
1323 2081 1400 2100 eum
1419 2070 1509 2103 colat
1530 2078 1672 2114 propter
1690 2073 1875 2105 ministerii
1892 2075 2056 2117 gradum,
2084 2082 2138 2108 at-

1150 2130 1217 2163 que
1251 2119 1295 2150 ita
1329 2127 1445 2162 parcat
1470 2122 1501 2153 ei
1525 2129 1668 2164 propter
1693 2120 1883 2159 Christum.
1942 2123 2136 2168 Exaggerat

1148 2176 1264 2201 autem
1298 2168 1363 2203 hoc
1395 2179 1616 2216 praeceptum
1645 2174 1687 2205 de
1715 2182 1833 2206 mutua
1861 2175 2067 2214 dilectione,
2102 2184 2135 2210 et

1148 2221 1265 2254 studio
1299 2223 1527 2260 concordiae,
1569 2235 1752 2256 recensens
1781 2237 1840 2257 sua
1872 2226 2059 2267 beneficia,
2094 2235 2134 2262 ut

1147 2273 1307 2305 ostendat
1323 2273 1388 2304 sibi
1410 2270 1475 2306 hoc
1494 2274 1645 2306 asariam
1665 2276 1805 2317 deberi,
1833 2283 1870 2309 ut
1889 2277 2036 2320 collegas
2050 2278 2133 2310 dili-

1146 2334 1279 2365 gamus.
1335 2323 1416 2356 ldeo
1437 2325 1500 2357 ait:
1530 2324 1604 2367 Ego
1628 2326 1779 2357 animam
1805 2339 1915 2359 meam
1943 2340 2005 2371 pro
2032 2330 2133 2363 vobis

1147 2386 1259 2416 pono,
1288 2387 1348 2406 vos
1365 2375 1464 2407 amit-i
1485 2376 1550 2407 mei
1569 2377 1663 2408 estis:
1693 2375 1773 2408 Non
1804 2377 1870 2409 iam
1894 2379 2042 2412 nomino
2070 2392 2132 2413 vos

1145 2436 1284 2463 servos,
1310 2437 1371 2468 ego
1391 2426 1475 2468 elegi
1497 2438 1574 2465 xos,
1603 2439 1675 2459 non
1691 2439 1750 2460 vos
1767 2440 1822 2461 me
1844 2429 2014 2473 elegistis,
2041 2429 2131 2464 mihi

1144 2475 1251 2518 igitur
1269 2477 1444 2510 debitores
1463 2478 1553 2511 estis.

1142 2554 1282 2592 Omnia
1301 2572 1394 2607 quae
1412 2557 1544 2593 audiri
1559 2572 1581 2592 α
1599 2565 1703 2606 patre
1722 2573 1816 2601 meo,
1841 2564 2001 2612 patefeci
2018 2564 2128 2599 robis.

1244 2625 1284 2658 In
1317 2623 1384 2658 hoc
1407 2626 1501 2659 dicto
1526 2626 1633 2660 simul
1657 2628 1863 2663 observetur
1888 2632 2062 2664 sententia
2086 2634 2130 2664 de

1142 2677 1338 2710 ministerio
1360 2675 1565 2721 Evangelii,
1597 2678 1781 2721 videlicet,
1816 2683 1909 2726 quod
1938 2680 2033 2715 Deus
2057 2695 2130 2716 non

1380 2728 1429 2763 22
