2415 2942
249 99 321 135 471

258 196 335 219 cum
352 184 502 221 mundo,
537 193 615 214 cum
638 180 878 225 desperatione
902 188 936 215 et
951 181 1095 216 diabolo
1121 183 1241 216 decer-

260 244 393 273 tamus,
417 232 510 274 Ergo
537 243 598 264 nec
622 242 683 264 vos
708 232 846 266 abiicite
868 244 988 277 spem,
1015 233 1053 266 iu
1077 234 1241 268 afflictio-

261 287 366 318 nibus
389 290 448 315 ant
474 283 738 316 tentationibus.

364 333 425 368 lv,
479 334 506 366 A
527 333 731 366 defiuitione
747 333 830 377 spei.

262 396 361 419 causa
386 384 544 421 formali,
573 382 637 417 boc
655 391 724 425 est,
759 397 798 417 ex
824 387 928 419 modo
953 386 1175 426 salvationis,
1209 394 1242 421 et

263 435 494 481 syllogismus
516 435 648 478 integer
675 443 734 470 est.
787 436 874 479 Spes
895 443 944 471 est
966 449 1086 471 earum
1112 449 1241 476 rerum,

263 498 351 532 quae
369 486 640 524 xionx·ideritt11·‚
666 485 736 519 Vos
755 487 835 521 estis
851 499 910 531 spe
927 488 1013 520 salvi
1031 489 1129 529 sacti,
1146 486 1240 532 Ergo

264 544 442 582 expectare
458 537 622 570 convenit
642 538 809 580 promissa
827 539 932 572 bona.
986 537 1146 572 Fortasse
1163 550 1242 572 sen-

264 589 305 621 tit
323 588 533 621 conscientia
554 594 743 631 peccatum,
763 590 993 622 diffidentiam
1009 597 1042 623 et
1057 589 1123 623 alia
1143 589 1242 622 mala.

265 638 359 672 Sciat
392 638 498 681 igitur
526 636 639 671 adhuc
670 641 916 682 expectandam
949 652 1020 673 esse
1055 641 1242 684 perfectam

264 689 458 726 iusticiam,
486 696 515 722 et
537 689 602 722 alia
629 690 730 723 bona.

366 738 408 775 V.
451 740 508 772 Ab
543 740 672 772 auxilio
697 740 850 783 Spiritus
874 741 982 774 sancti
1019 741 1054 773 in
1079 741 1244 774 suasoriis

264 790 376 824 causis
406 790 555 823 refertur
585 791 627 822 ad
658 791 772 823 locum
803 803 821 823 a
856 791 1028 835 possibili.
1089 790 1244 835 Spiritus

266 848 404 874 sauctus
419 841 558 873 adiuvat
581 840 754 880 infirmos,
781 840 875 883 Ergo
893 854 963 873 non
980 842 1071 875 sinet
1088 854 1148 875 vos
1166 853 1244 875 suc-

265 892 439 926 cumbere.
494 888 641 923 Etiamsi
668 902 748 924 caro
776 902 875 934 aegre
903 892 991 925 ferat
1023 892 1245 936 afflictiones,

266 954 364 984 aegre
389 942 536 985 pendeat
554 942 597 973 ab
619 942 748 975 auxilio
763 940 848 980 Dei,
876 943 974 977 malit
995 941 1124 977 habere
1145 956 1246 987 prae-

266 993 376 1026 sentia
393 992 520 1025 auxilia
539 998 612 1031 etc„
636 1000 751 1026 tamen
764 992 916 1036 Spiritus
931 1001 1070 1027 sanctus
1085 994 1178 1032 facit,
1206 1002 1245 1028 ut

267 1044 545 1086 obtemperemus
562 1043 734 1077 voluntati
751 1042 835 1084 Dei,
858 1051 890 1077 et
907 1045 950 1077 ab
968 1057 1008 1078 eo
1025 1052 1245 1089 expectemus

263 1094 522 1128 liberationem.
589 1092 653 1127 Est
686 1102 718 1128 et
750 1092 814 1128 hoc
838 1096 1081 1138 gravissimum
1105 1095 1244 1135 πάθοςι

268 1144 472 1188 Interpellat
494 1144 681 1187 gemitibus
708 1145 1017 1180 inenarrabilibus.

367 1194 428 1230 Yl.
476 1195 507 1228 A
531 1196 709 1229 voluntate
741 1196 821 1231 Dei.
873 1196 1034 1230 Sumitur
1058 1204 1173 1231 autem
1201 1199 1245 1232 ab

265 1246 421 1287 obiecto,
447 1257 508 1278 seu
526 1258 625 1279 causa
644 1247 823 1283 efficiente.
872 1246 917 1281 Et
934 1255 983 1281 est
1001 1256 1244 1291 argumentum

266 1298 414 1330 maxime
434 1297 615 1340 proprium
632 1296 714 1330 huic
731 1298 890 1340 negotio,
920 1299 1001 1343 quia
1017 1311 1118 1332 causa
1137 1312 1244 1343 pavo-

266 1349 314 1381 ris
331 1360 368 1380 ac
383 1348 635 1391 desperationis
652 1355 719 1388 est,
747 1349 840 1393 quod
868 1349 1008 1382 videtur
1024 1348 1118 1383 Deus
1142 1350 1245 1383 irasci

265 1411 304 1432 ac
329 1400 495 1432 deserere.
551 1398 617 1431 Hic
644 1399 750 1442 igitur
764 1400 937 1432 contraria
956 1412 1076 1440 causa,
1104 1409 1243 1434 contra—

265 1449 356 1482 rium
374 1449 548 1482 obiectum
573 1450 795 1493 proponitur.
828 1449 1019 1484 Conclusio
1035 1451 1149 1495 primo
1168 1452 1245 1484 loco

265 1500 425 1544 ponitur,
453 1500 659 1534 afflictiones
677 1502 720 1533 ad
741 1501 872 1534 bonum
892 1509 1138 1545 cooperantur.
1181 1502 1247 1536 Se-

266 1551 387 1595 quitur
411 1551 499 1584 ratio
524 1563 563 1583 ex
583 1551 763 1585 voluntate
785 1550 860 1584 Dei.

369 1600 467 1644 Quos
501 1602 637 1635 vocavit
663 1600 776 1644 Deus,
818 1599 881 1635 lios
905 1602 980 1636 vult
1011 1602 1143 1637 similes
1172 1604 1247 1637 fieri

264 1653 426 1694 imaginis
449 1652 512 1685 filii
538 1653 609 1686 sui:

317 1703 430 1736 fitius
454 1710 503 1736 est
529 1716 590 1747 per
615 1715 752 1737 crucem
777 1704 1008 1746 glorificatus:

365 1752 459 1797 Ergo
490 1761 522 1787 et
553 1766 614 1787 vos
641 1767 700 1812 per
730 1767 866 1788 crucem
898 1756 1120 1799 glorificabit.
1173 1755 1247 1789 Vo-

265 1806 436 1839 luntatem
459 1805 566 1849 patris
585 1806 620 1838 in
641 1806 792 1849 imagine
808 1806 869 1838 filii
891 1808 1056 1842 ostendit.
1108 1804 1156 1840 Et
1180 1819 1247 1850 po-

266 1865 335 1890 stea
356 1856 452 1889 addit
465 1856 770 1900 amplificationem
789 1857 902 1890 bonae
920 1857 1108 1891 voluntatis
1124 1856 1189 1890 Dei
1208 1870 1248 1890 ex

266 1908 385 1940 multis
409 1907 515 1950 signis
543 1907 741 1949 collectam,
769 1920 858 1952 quae
881 1915 919 1942 ut
943 1917 1077 1943 motum
1103 1906 1248 1942 haberet

266 1958 438 2002 aliquem,
473 1958 610 1990 crebras
639 1958 932 2001 interrogationes
955 1960 1064 1994 addit.
1115 1959 1247 1992 Plenus

266 2009 359 2041 enim
386 2009 482 2041 locus
512 2015 562 2041 est
586 2010 839 2042 ardentissimis
867 2010 1068 2051 affectibus,
1118 2011 1247 2055 quibus

263 2060 406 2093 intuens
425 2059 459 2091 in
480 2059 666 2101 imaginem
684 2059 817 2094 Christi
835 2068 865 2094 et
883 2061 1161 2104 magnitudinem
1179 2060 1247 2093 mi-

265 2110 493 2150 sericordiae,
521 2117 715 2144 commotus
733 2119 781 2145 est
799 2112 938 2144 animus
956 2111 1068 2146 Pauli.

368 2160 464 2203 Quid
488 2161 642 2194 dicemus
669 2163 712 2194 ad
737 2158 846 2194 haec?
893 2158 1083 2196 ἀδύνατον
1107 2167 1178 2203 est,
1209 2161 1245 2194 id

268 2218 336 2252 est,
362 2210 453 2244 nihil
472 2223 654 2255 possumus
673 2213 786 2246 dicere
810 2213 903 2256 quod
928 2213 1099 2246 efficacius
1121 2224 1249 2246 conso-

268 2263 369 2295 letur.
431 2261 526 2305 Quid
559 2263 714 2296 dicemus
741 2263 909 2306 amplius,
952 2264 1035 2308 quid
1068 2270 1245 2308 praeterea

269 2312 510 2356 requiremus?
542 2326 645 2358 quam
670 2314 778 2358 ipsius
802 2314 1081 2348 benevolentiam
1101 2321 1132 2348 et
1148 2325 1246 2347 amo—

267 2374 341 2395 rem
369 2375 446 2405 erga
473 2364 560 2396 nos?
612 2364 716 2398 Amat
743 2376 823 2406 nos,
849 2365 1005 2408 signum,
1044 2365 1124 2410 quia
1151 2366 1247 2399 dedit

267 2413 378 2445 tilium
402 2425 465 2456 pro
489 2415 590 2447 nobis
614 2416 791 2451 omnibus.

375 2462 622 2506 Ampliticatio.
641 2464 772 2499 Omnia
790 2478 866 2499 cum
884 2467 943 2499 illo
962 2467 1117 2507 donavit,
1137 2467 1246 2500 victo—

271 2514 359 2546 riam
376 2515 539 2547 adversus
557 2516 734 2549 diabolum
748 2544 755 2557 ‚
781 2525 957 2560 peccatum
973 2525 1007 2551 et
1021 2525 1179 2551 mortem.

373 2563 579 2608 Sequuntur
598 2567 730 2612 reliqua
750 2568 856 2610 signa.
885 2567 978 2602 Deus
994 2568 1155 2602 iustificat
1173 2579 1247 2606 nos,

883 335 1037 369 Ducitur
1061 341 1176 369 autem
1201 347 1241 369 ex

272 2612 434 2648 Christus
453 2616 546 2649 sedet
561 2617 603 2648 ad
622 2618 775 2650 dextram
793 2617 858 2651 Dei
876 2626 907 2652 et
923 2631 986 2663 pro
1010 2619 1114 2652 nobis
1138 2619 1248 2652 inter·
1272 2608 1275 2662 J

273 2666 389 2710 pellat.
442 2663 647 2700 Conclusio:

684 2665 778 2712 Ergo
800 2669 977 2703 vincemus
991 2670 1028 2703 in
1046 2670 1276 2713 afflictioni-

852 94 976 130 PIIlL.
1005 95 1119 132 MEL.
1148 96 1355 135 SCRIPTA
1382 97 1684 137 EXEGETICA.

2207 100 2281 144 472

1296 185 1378 227 bus,
1408 186 1489 232 quia
1506 184 1602 220 Deus
1619 187 1734 231 diligit
1754 199 1830 225 nos,
1880 189 1970 225 Nam
1991 204 2090 226 amor
2109 192 2175 228 Dei
2198 205 2278 238 erga

1296 249 1358 269 nos
1375 239 1487 271 maior
1505 246 1572 278 est,
1607 251 1712 283 quam
1729 246 1766 273 ut
1783 240 1873 274 sinat
1892 253 1956 276 nos
1980 245 2205 278 succumbere
2221 252 2282 280 aut

1299 288 1424 331 perire.
1478 288 1618 322 Gmdus
1637 300 1715 323 sunt
1733 290 1771 322 in
1789 290 2141 336 interrogationibus,
2167 303 2205 330 ut
2223 307 2281 329 so-

1296 350 1362 372 nus
1379 339 1550 373 orationis
1570 347 1656 374 esset
1674 341 1828 384 plenior:
1858 343 1937 387 quis
1955 351 2075 378 contra
2094 357 2178 388 nos,
2201 346 2281 392 quis

1295 391 1492 429 accusabit,
1519 391 1597 435 quis
1619 392 1889 434 condemnabit,
1917 393 1995 439 quis
2019 373 2191 439 separabit
2215 408 2280 431 nos

1295 441 1339 474 ab
1365 453 1483 474 amore
1505 441 1571 475 Dei
1595 454 1674 485 erga
1698 443 1786 476 nos'?

1398 498 1498 543 Quae
1530 502 1670 534 tandem
1702 502 1854 535 oratoria
1889 503 2000 537 virtus
2030 503 2125 537 deest
2148 505 2185 538 in
2213 503 2282 539 hoe

1297 549 1393 591 loco,
1410 562 1611 594 argumenta
1630 559 1742 586 sumta
1760 560 1842 587 sunt
1858 565 1897 586 ex
1916 554 2068 598 propriis
2086 554 2181 589 locis.
2217 553 2282 590 Est

1297 601 1390 633 enim
1423 602 1610 645 singularis
1641 605 1867 646 prudentiae,
1906 605 2026 638 videre
2057 605 2118 650 qui
2148 605 2281 642 sintin

1297 663 1398 685 causa
1414 652 1481 686 loci
1501 654 1634 697 proprii
1659 662 1689 687 et
1715 655 1773 700 qui
1799 655 2046 699 perfectissime
2069 657 2195 690 docent
2213 669 2282 690 au-

1298 703 1446 735 ditorem
1460 730 1468 743 ‚
1492 716 1648 749 quosque
1665 705 1813 738 maxime
1830 706 1977 751 requirit
1997 707 2147 742 auditor.
2190 707 2282 742 Sunt

1297 760 1413 786 autem
1429 754 1674 788 definitionum
1694 763 1725 790 et
1743 768 1924 790 causarum
1947 757 2014 790 loci
2032 758 2181 791 maxime
2199 770 2283 802 pro-

1299 804 1378 847 prii.
1434 803 1582 839 Obiecta
1608 813 1689 840 sunt
1718 818 1840 840 causae
1871 807 2080 852 affectuum,
2123 815 2156 842 et
2189 809 2283 843 cient.

1298 861 1415 888 motus
1432 855 1560 897 animi,
1589 869 1696 901 quare
1715 855 1771 890 hic
1787 858 1926 902 copiose
1950 866 2072 893 tractat
2096 870 2284 902 argumen-

1298 912 1371 938 tum
1394 905 1439 938 ab
1459 906 1595 939 obiecto
1617 914 1784 944 sumtum.
1835 908 1948 943 Causa
1973 909 2113 954 pavoris
2132 918 2164 944 et
2188 910 2282 944 diffi-

1298 956 1438 989 dentiae
1456 964 1524 995 est,
1553 957 1588 989 iu
1609 958 1734 991 animis
1750 956 1935 993 hominum
1947 987 1956 1001 ,
1972 960 2148 993 obiectum
2161 987 2169 1002 ‚
2184 961 2281 1006 quod

1299 1007 1461 1039 voluntas
1482 1006 1547 1040 Dei
1573 1009 1782 1051 proponitur
1804 1010 1907 1044 nobis
1929 1011 2136 1045 abalienata.
2188 1010 2281 1044 Pau-

1298 1057 1353 1090 lus
1371 1064 1491 1090 contra
1509 1059 1632 1099 docet,
1660 1071 1732 1091 non
1751 1071 1821 1092 esse
1839 1061 2071 1095 abalienatam
2084 1087 2092 1102 ,
2119 1061 2283 1096 afflictio-

1299 1119 1360 1141 nes
1377 1120 1449 1141 non
1465 1120 1537 1141 esse
1554 1109 1625 1141 irae
1644 1110 1761 1153 signa,
1790 1112 1850 1143 sed
1867 1112 1975 1155 magis
1991 1112 2131 1155 gratiae.

1401 1166 1516 1210 Auget
1538 1175 1688 1202 terrores
1712 1175 1745 1202 et
1768 1166 1834 1202 boc
1858 1169 2051 1202 obiectum:

1300 1225 1478 1261 peccatum
1498 1225 1529 1252 et
1548 1226 1695 1252 mortem
1713 1219 1895 1253 sentimus.
1937 1219 2105 1254 Nondum
2123 1221 2283 1255 sentiun—

1299 1275 1357 1302 tur
1376 1269 1529 1308 iusticia,
1569 1269 1637 1303 vita
1660 1276 1809 1303 aeterna.
1862 1269 1994 1304 Paulus
2018 1272 2205 1315 respondet
2221 1284 2284 1316 per

1299 1319 1558 1352 concessionem
1579 1332 1618 1353 ex
1637 1321 1741 1353 modo
1759 1321 1984 1365 salvationis,
2011 1329 2050 1356 ut
2073 1323 2194 1357 doceat
2217 1320 2283 1356 hos

1299 1377 1468 1410 terrores,
1496 1377 1529 1403 et
1553 1371 1682 1414 peccati
1707 1382 1867 1412 sensum,
1899 1384 1973 1405 non
2000 1380 2159 1406 excutere
2181 1373 2283 1408 iusti-

1299 1420 1385 1453 ciam
1405 1427 1436 1453 et
1455 1421 1612 1454 salutem.
1665 1420 1734 1465 Spe
1752 1422 1845 1454 enim
1863 1422 1984 1456 salvati
2003 1434 2134 1457 sumus,

2094 1168 2186 1203 nihil
2213 1171 2282 1204 nisi

1401 1479 1536 1513 Levant
1560 1487 1708 1514 terrores
1736 1487 1768 1513 et
1794 1481 1941 1521 auxilia,
1969 1481 2050 1514 item
2069 1494 2284 1516 commemo-

1300 1530 1390 1563 ratio
1415 1531 1458 1563 de
1481 1531 1575 1564 exitu
1603 1538 1634 1564 et
1658 1531 1834 1575 praemiis.
1893 1531 1984 1565 Nam
2013 1530 2080 1566 hoc
2105 1533 2211 1566 modo
2242 1533 2280 1566 in

1300 1581 1465 1614 suasoriis
1487 1593 1505 1614 a
1530 1582 1623 1614 facili
1650 1589 1684 1615 et
1714 1582 1795 1615 utili
1825 1589 2123 1624 argumentamur.
2181 1583 2282 1621 Vidit

1301 1632 1408 1674 igitur
1431 1631 1583 1674 Paulus,
1611 1632 1696 1676 quid
1721 1632 1871 1672 maxime
1897 1634 2074 1676 prodesset
2098 1634 2135 1666 iu
2160 1645 2283 1676 causa,

1301 1690 1333 1715 et
1358 1680 1440 1715 haec
1465 1683 1609 1725 egregiis
1632 1682 1751 1726 figuris
1773 1683 1931 1724 ornavit,
1960 1684 2143 1727 proposuit
2165 1696 2283 1718 exem-

1302 1733 1398 1776 plum
1418 1740 1561 1766 naturae
1579 1745 1714 1773 rerum,
1742 1733 1878 1766 addidit
1895 1734 2201 1778 amplificationes,
2220 1736 2283 1770 ubi

1302 1784 1451 1817 maxime
1473 1785 1641 1827 oportuit.
1689 1783 1776 1817 Nam
1799 1790 1872 1817 tota
1898 1785 2006 1818 resin
2022 1797 2061 1818 eo
2085 1785 2195 1829 posita
2220 1795 2284 1829 est,

1273 1862 1276 1868 ,
1300 1842 1339 1868 ut
1370 1843 1588 1879 proponatur
1618 1835 1721 1867 nobis
1746 1835 1910 1868 voluntas
1931 1834 1998 1868 Dei
2023 1849 2096 1869 non
2121 1837 2284 1876 alienata,

1273 1906 1276 1952 ί
1301 1893 1341 1919 ut
1358 1886 1529 1929 possimus
1547 1897 1626 1918 vere
1643 1892 1810 1926 statuere,
1838 1886 1932 1929 quod
1952 1886 2142 1930 diligamur
2157 1898 2175 1919 a
2193 1885 2280 1929 Deo,

1272 1953 1276 2000 Ι
1300 1938 1395 1980 quod
1420 1943 1517 1969 curet
1541 1948 1623 1977 nos,
1667 1937 1760 1981 quod
1786 1947 1858 1968 non
1883 1936 2048 1971 abiecerit
2078 1949 2159 1971 nos:
2200 1938 2279 1972 ideo

1300 1998 1453 2020 amorem
1472 1987 1540 2020 Dei
1558 1998 1635 2030 erga
1656 1998 1719 2020 nos
1735 1986 1856 2019 multis
1875 1987 1991 2021 verbis
2009 1988 2209 2033 amplificat.

1640 2046 1741 2080 Finis
1766 2043 1938 2082 methodi.

1675 2196 1812 2250 Caput
1838 2197 1915 2239 IX.

1399 2313 1542 2348 Poterat
1566 2311 1725 2345 desinere
1747 2310 1889 2347 Paulus.
1941 2309 2105 2346 Absolvit
2129 2324 2202 2346 eam
2227 2320 2282 2348 to-

1300 2372 1369 2398 tam
1402 2363 1657 2398 iustificationis
1691 2363 1887 2395 doctrinam
1913 2368 1944 2396 et
1972 2363 2194 2406 pertractavit
2222 2377 2281 2399 eos

1271 2409 1274 2442 l
1300 2417 1413 2455 locos,
1441 2417 1476 2448 in
1503 2415 1630 2459 quibus
1653 2419 1702 2446 est
1725 2411 1908 2455 Evangelii
1938 2424 2089 2453 summa,
2123 2427 2281 2461 quosque

1301 2468 1336 2499 iu
1359 2467 1479 2510 primis
1498 2473 1614 2498 tenere
1632 2475 1695 2495 uos
1713 2470 1860 2507 oportet.
1913 2462 1980 2497 Sed
1999 2465 2080 2508 quia
2098 2462 2153 2498 bic
2171 2478 2277 2511 quae-

1272 2518 1274 2537 *'
1301 2518 1367 2550 stio
1392 2518 1506 2550 oritur
1531 2517 1571 2548 de
1590 2514 1787 2553 Electione,
1815 2514 1925 2547 voluit
1951 2512 2040 2547 lianc
2063 2528 2202 2560 quoque.
2225 2525 2279 2551 at-

1301 2569 1448 2611 tingere:
1477 2566 1657 2612 quaeritur
1673 2565 1779 2602 enim,
1796 2565 1823 2597 si
1843 2573 1958 2598 nostra
1975 2578 2078 2609 opera
2096 2564 2184 2599 nillil
2206 2579 2278 2601 me-

1301 2626 1441 2659 rentur,
1476 2629 1539 2650 cur
1567 2615 1662 2657 eligit
1692 2614 1784 2648 Deos
1813 2615 1919 2672 aulios,
1955 2617 2043 2649 alios
2071 2628 2143 2649 non
2169 2618 2274 2659 eligit.

1272 2673 1275 2688 ’
1301 2668 1346 2703 Et
1371 2667 1461 2702 banc
1484 2666 1722 2713 quaestionem
1747 2666 1895 2700 maxime
1918 2667 2096 2710 agitabant
2118 2674 2200 2701 tunc
2219 2667 2277 2702 lu—
