2415 2942
287 82 359 117 755

287 170 371 203 bent
397 170 490 209 vitii,
523 179 595 200 non
619 168 748 202 debent
772 168 905 212 opponi
929 167 1039 201 firmis
1062 168 1272 202 testimoniis

291 221 498 263 scripturae,
526 219 607 263 quia
628 221 731 252 etiam
754 219 908 264 reliquae
925 226 1052 253 aetates
1072 216 1273 252 habuerunt

293 283 351 302 sua
378 271 609 303 incommoda.
663 269 758 302 Haec
781 270 1037 313 simplicissime
1059 269 1134 302 sine
1152 267 1271 312 sophi-

289 321 371 353 stica
390 322 582 365 respondeo
602 321 645 354 ad
664 322 768 354 verba
786 321 976 355 oblationis
993 328 1027 355 et
1042 320 1214 356 sacrificii.

666 419 718 454 De
743 420 887 458 Basilio.

391 488 431 522 ln
447 488 577 522 Basilio
603 496 719 523 extant
747 490 846 523 utilia
872 490 1071 523 testimonia
1090 490 1132 523 de
1149 488 1272 522 Trini-

292 546 376 575 tate,
405 548 435 573 et
455 542 496 572 de
514 541 727 584 poenitentia
747 548 866 574 contra
884 540 1071 575 Novatum.
1125 539 1165 573 ln
1188 552 1274 573 con-

292 592 391 623 cione
411 592 452 623 de
469 589 668 625 bumilitate
687 593 790 625 tradit
809 593 979 635 egregiam
997 591 1207 625 sententiam
1231 592 1272 623 de

291 642 427 673 iusticia
465 643 561 679 litlei,
603 654 691 686 quae
727 643 829 675 nobis
871 650 987 686 aperte
1022 642 1273 684 patrocinatur.

292 692 376 725 Siue
402 693 470 725 ulla
491 690 677 735 sophistica
696 691 848 726 detrabit
868 693 1148 726 iustificationem
1169 692 1273 725 bonis

292 744 474 786 operibus,
511 756 574 775 nec
607 744 763 787 loquitur
795 745 837 776 de
867 743 1179 782 ceremonialibus,
1213 743 1271 775 sed

292 796 335 826 de
361 795 524 826 omnihus
549 794 755 830 virtutibus,
797 806 859 826 nec
889 801 1024 827 tantum
1051 793 1209 838 loquitur
1231 794 1274 825 de

293 845 457 887 operibus
479 851 559 877 ante
577 845 840 876 renovationem
854 871 863 884 ,
889 845 946 877 sed
965 845 1007 876 (le
1026 844 1216 877 virtutibus
1237 844 1271 876 in

292 896 486 932 renovatis,
515 907 552 927 ac
570 895 665 927 iubet
684 895 830 934 sentire,
859 896 951 940 quod
971 895 1043 928 sola
1062 895 1187 928 fiducia
1206 895 1272 927 mi-

291 946 500 977 sericordiae
541 952 685 988 propter
718 943 897 979 Christum
935 946 1126 992 promissae
1143 972 1152 986 ,
1191 945 1272 978 iusti

291 996 409 1029 simus.
465 995 578 1028 Verba
598 997 671 1029 eius
688 993 771 1028 haec
788 1005 886 1030 sunt:
922 997 1021 1030 Dicit
1042 1003 1155 1029 autem
1175 995 1274 1040 Apo-

292 1047 416 1079 stolus:
452 1045 522 1088 Qui
550 1047 736 1087 gloriatur,
770 1047 807 1079 in
830 1048 980 1080 Domino
1007 1048 1193 1089 glorietur,
1219 1047 1275 1079 di-

292 1109 372 1130 cens
403 1099 495 1141 quod
524 1096 684 1131 Christus
713 1098 813 1130 nobis
842 1099 952 1131 factus
982 1099 1025 1131 sit
1056 1098 1226 1142 sapientia
1254 1109 1272 1130 a

291 1146 387 1191 Dm,
423 1148 577 1186 iusticia,
606 1149 830 1182 sanctificatio
855 1156 886 1182 et
910 1151 1098 1189 redemtio,
1124 1156 1161 1182 ut
1186 1150 1276 1181 sicut

292 1199 459 1241 scriptum
492 1206 558 1239 est,
601 1199 813 1242 gloriaturus
845 1200 881 1232 in
907 1199 1062 1233 Domino
1094 1200 1274 1242 glorietur.

293 1249 388 1282 Ilaec
406 1256 455 1282 est
472 1250 564 1281 enim
583 1250 732 1292 perfecta
750 1258 781 1284 et
798 1251 931 1293 integra
949 1251 1112 1293 gloriatio
1130 1251 1165 1283 in
1186 1251 1276 1288 Deo,

293 1301 435 1344 quaudo
453 1313 495 1332 ne
511 1302 652 1344 quidem
672 1308 815 1344 propter
839 1302 1009 1333 iusticiam
1032 1314 1128 1334 suam
1148 1301 1277 1345 aliquis

293 1351 453 1390 effertur,
481 1355 537 1383 sed
561 1352 716 1393 agnoscit
737 1351 802 1383 sibi
820 1352 937 1384 deesse
955 1364 1072 1384 veram
1091 1352 1277 1391 iusticiam,

292 1402 360 1434 fide
385 1410 499 1434 autem
526 1402 598 1434 sola
631 1402 667 1434 in
693 1399 874 1435 Christum
902 1402 1105 1439 iustificari,
1141 1409 1174 1435 et
1201 1402 1277 1444 glo-

293 1453 403 1486 riatur
421 1451 549 1484 Paulus
567 1464 601 1484 se
627 1453 803 1496 despicere
826 1464 923 1486 suam
948 1453 1142 1493 iusticiam,
1170 1464 1277 1497 quae-

292 1515 368 1535 rere
394 1510 508 1536 autem
536 1504 601 1535 fide
627 1516 688 1547 per
703 1501 883 1536 Clu-istum
910 1504 1100 1541 iusticiam,
1131 1515 1218 1547 quae
1238 1515 1278 1535 ex

292 1551 367 1586 Deo
392 1560 452 1587 est.

398 1620 491 1653 Haec
510 1621 614 1653 verba
641 1620 723 1653 satis
749 1621 940 1653 ostendunt
957 1619 1129 1653 Basilium
1150 1621 1199 1654 sic
1224 1621 1280 1653 in-

295 1671 462 1705 tellixisse
480 1672 651 1704 iusticiam
669 1671 745 1710 fide,
773 1672 866 1714 quod
889 1672 1112 1704 sentiendum
1130 1673 1186 1712 sit,
1215 1684 1279 1705 nos

295 1724 361 1754 fide.
389 1729 530 1766 propter
555 1720 735 1754 Christum
763 1733 824 1764 per
857 1722 1132 1755 misericordiam
1160 1723 1281 1763 iustos,

295 1775 330 1805 id
356 1781 423 1814 est,
459 1780 618 1817 acceptos
641 1784 732 1813 esse,
758 1785 831 1805 non
855 1780 999 1817 propter
1025 1774 1182 1818 proprias
1207 1775 1278 1807 vir—

296 1831 396 1859 tutes.

403 1890 587 1925 Caeterum
623 1891 717 1935 quod
753 1889 906 1924 Basilius
939 1892 1091 1935 primum
1130 1892 1281 1926 instituit

299 1950 415 1975 coetus
434 1939 706 1980 monachorum,
732 1942 765 1973 id
783 1943 980 1986 exemplum
999 1943 1137 1983 nocuit,
1165 1950 1197 1976 et
1216 1944 1281 1976 ati-

300 1994 384 2038 quid
413 1991 535 2026 habuit
563 1992 658 2031 vitii,
686 1993 819 2025 etiamsi
847 1993 919 2036 ipse
945 1994 1098 2036 primurn
1125 2006 1197 2027 non
1215 1992 1279 2026 ha-

298 2045 376 2077 buit
406 2055 535 2076 crassas
562 2043 845 2087 superstitiones,
887 2051 919 2077 et
941 2044 994 2076 illi
1021 2052 1139 2077 coetus
1168 2042 1282 2077 adhuc

301 2096 469 2140 quaedam
494 2095 607 2135 imago
632 2100 730 2126 erant
753 2092 963 2127 scholarum.
1015 2094 1281 2128 Circumferun-

301 2154 358 2179 tur
382 2153 412 2178 et
438 2146 521 2178 libri
546 2145 688 2189 quidam
712 2144 784 2176 eius
808 2146 970 2184 nomine,
1014 2146 1073 2190 qui
1101 2146 1282 2179 continent

303 2198 439 2239 regulas
461 2193 732 2234 monachorum,
760 2207 910 2238 quorum
935 2197 1044 2241 aliqui
1064 2194 1157 2229 haud
1176 2197 1283 2229 dubie

305 2255 384 2281 sunt
409 2246 644 2290 suppositicii‚
672 2253 702 2278 et
721 2246 826 2288 longo
845 2253 1001 2290 tempore
1019 2254 1094 2290 post
1111 2246 1282 2280 Basilium

307 2299 394 2337 nati,
413 2305 492 2330 sunt
511 2298 603 2329 enim
622 2297 715 2341 pleni
736 2297 900 2330 falsarum
919 2298 1127 2340 opinionum
1143 2299 1185 2331 de
1205 2310 1284 2331 coe-

307 2349 433 2387 libatu,
461 2356 491 2382 et
514 2349 591 2380 aliis
616 2347 769 2380 cultibus
794 2349 995 2390 excogitatis
1023 2349 1097 2380 sine
1117 2350 1282 2382 mandato

306 2398 390 2438 Dei,
428 2406 459 2431 et
482 2399 662 2431 continent
688 2398 853 2431 ridiculas
886 2410 1014 2441 nugas,
1051 2406 1090 2432 nt
1120 2411 1284 2441 magnum

309 2462 470 2482 acervum
492 2461 683 2491 poenarum
703 2460 761 2480 seu
787 2450 1063 2483 satisfactionum
1078 2477 1086 2489 ,
1113 2462 1200 2494 quos
1225 2463 1286 2482 vo-

309 2507 362 2533 cat
381 2497 555 2542 amri-'tum
585 2501 610 2532 si
629 2499 742 2533 riserit
762 2500 877 2543 puella
894 2501 930 2533 in
949 2498 1074 2541 choro,
1101 2502 1215 2533 sedeat
1233 2501 1288 2533 bi-

889 80 1015 116 PHIL.
1042 80 1157 118 MEL.
1185 80 1394 116 SCRIPTA
1422 79 1721 118 EXEGETICA.

2231 84 2306 120 756

1562 165 1616 200 De
1640 165 1815 212 Gregorio
1839 168 2073 205 Nazianzeno.

1426 250 1665 285 Nazianzenus
1682 252 1841 286 tractavit
1858 253 2044 287 articulum
2061 255 2103 288 de
2119 253 2308 296 Trinitate,

1326 302 1392 336 alia
1412 303 1572 346 dogmata
1598 302 1722 336 leviter
1737 304 1887 346 attingit.
1940 303 2087 348 Scripsit
2112 305 2218 339 vitam
2236 303 2308 351 Cy-

1325 354 1460 398 priani,
1486 354 1521 386 in
1541 365 1608 399 qua
1626 361 1764 395 narrat,
1789 355 1965 398 quandam
1984 355 2134 398 puellam
2157 363 2306 389 amatam

1325 416 1398 438 esse
1423 417 1440 438 a
1464 403 1640 450 Cypriane
1668 412 1748 438 ante
1780 404 2063 446 conversionem,
2095 418 2185 450 quae
2207 407 2309 439 invo-

1326 467 1406 488 cans
1425 455 1575 488 Mariam
1601 455 1791 498 virginem,
1817 456 1946 489 viceret
1971 455 2123 499 magicas
2150 456 2308 490 incanta-

1325 506 1438 539 tiones
1455 505 1635 551 Cypriani.

1426 580 1503 614 Hoc
1533 581 1729 624 exemplum
1763 581 1891 614 citatur
1913 581 1957 614 de
1983 580 2206 616 invocatione
2228 593 2311 615 san-

1326 638 1475 667 ctorum.
1528 630 1604 665 Etsi
1622 639 1738 666 antem
1763 632 1904 665 videtur
1922 643 1993 665 esse
2010 632 2086 666 ficta
2105 633 2250 674 sabella,
2278 638 2312 666 et

1327 690 1443 726 postea
1476 695 1593 726 sparsa
1628 683 1729 717 titulo
1751 682 1981 723 Nazianzeni,
2024 689 2142 716 tamen
2175 682 2311 716 etiamsi

1327 746 1405 766 vera
1419 741 1511 771 ,esset
1531 731 1697 775 historia,
1725 746 1796 766 non
1814 742 1864 768 est
1881 734 2021 768 citanda
2038 735 2080 767 ad
2098 734 2310 767 confirman-

1326 784 1406 817 dam
1426 784 1681 818 invocationem
1704 792 1915 819 sanctorum.
1969 783 2057 818 Nam
2078 796 2213 818 errores
2233 784 2311 828 pio-

1327 847 1404 868 rum
1428 847 1498 867 non
1524 843 1606 869 sunt
1630 836 1833 878 opponendi
1861 835 1968 868 verbo
1983 834 2068 874 Dei,
2096 843 2126 869 et
2146 835 2313 869 omnibus

1327 886 1498 918 aetatibus
1523 887 1626 920 etiam
1653 887 1699 930 pii
1728 887 1765 918 in
1784 885 1939 920 Ecclesia
1966 883 2096 920 habent
2115 898 2194 920 suas
2211 885 2312 919 infir-

1328 936 1474 970 mitates.

1444 1011 1608 1055 Allegant
1640 1011 1743 1044 etiam
1778 1024 1818 1045 ex
1849 1011 1982 1045 Basilio
2016 1019 2049 1045 et
2081 1011 2314 1053 Nazianzeno‚

1328 1063 1423 1108 quod
1459 1063 1494 1095 in
1533 1063 1600 1095 fine
1629 1062 1841 1095 concionum
1874 1064 1919 1096 de
1948 1062 2078 1096 sanctis
2111 1062 2225 1096 solent
2255 1073 2315 1096 eos

1329 1114 1556 1158 compellare:
1600 1110 1634 1146 Ο
1661 1110 1834 1146 Athanasi
1865 1125 1925 1146 ora
1959 1125 2023 1157 pro
2053 1112 2167 1147 nobis.
2236 1111 2314 1146 Etsi

1328 1172 1442 1198 autem
1472 1162 1537 1197 hae
1563 1161 1796 1207 apostrophae
1820 1176 1860 1197 ex
1884 1162 2069 1198 rhetoricis
2101 1163 2221 1207 figuris
2253 1175 2314 1197 ex-

1330 1216 1440 1248 cusari
1471 1222 1634 1259 possunt,
1670 1221 1786 1247 tamen
1810 1215 1886 1248 fieri
1903 1222 2035 1258 potest,
2070 1221 2108 1248 ut
2136 1226 2234 1247 more
2258 1214 2314 1248 sui

1330 1267 1496 1310 temporis
1521 1274 1604 1299 tunc
1632 1265 1875 1299 invocaverint
1897 1272 2046 1301 sanctos.
2096 1264 2188 1298 Nam
2210 1265 2315 1299 invo-

1329 1318 1418 1349 catio
1442 1324 1642 1350 sanctorum
1674 1317 1843 1360 paulatim
1875 1323 1960 1350 tunc
1985 1317 2021 1349 in
2047 1314 2240 1349 Ecclesiam
2263 1316 2315 1349 ir-

1330 1368 1454 1409 repsit,
1482 1374 1513 1399 et
1535 1378 1670 1399 errores
1686 1374 1885 1409 temporum
1901 1364 2046 1399 trahunt
2069 1363 2248 1406 homines,
2273 1372 2315 1400 ut

1330 1418 1454 1450 usitata
1474 1417 1590 1449 minus
1609 1418 1828 1460 improbent,
1847 1425 1878 1449 et
1896 1416 1979 1449 boni
1997 1415 2194 1449 consulant:
2223 1416 2314 1449 sicut

1332 1470 1480 1512 impetus
1506 1467 1694 1500 fluminum
1718 1479 1832 1500 secum
1860 1468 1950 1510 rapit
1974 1467 2189 1510 navigantes,
2243 1465 2316 1499 Nec

1331 1526 1447 1552 tamen
1471 1519 1548 1550 ideo
1573 1518 1798 1561 approbanda
1830 1525 1880 1550 est
1904 1518 2078 1550 invocatio
2103 1522 2315 1549 sanctorum.

1331 1570 1382 1601 Ac
1418 1569 1601 1612 postquam
1643 1579 1717 1600 mos
1764 1568 1903 1607 crevit,
1949 1573 1981 1599 et
2014 1567 2083 1598 iam
2111 1572 2238 1600 retecta
2265 1572 2317 1600 est

1333 1619 1510 1662 impietas,
1551 1629 1694 1662 prorsus
1719 1629 1759 1650 ex
1785 1616 1938 1650 Ecclesia
1964 1617 2040 1650 tolli
2066 1617 2183 1650 dehet.
2243 1615 2317 1651 Nec

1332 1669 1485 1702 Basilius
1511 1670 1555 1702 de
1579 1668 1802 1701 invocatione
1831 1668 2018 1712 quicquam
2042 1667 2144 1708 dicit,
2178 1675 2316 1702 tantum

1333 1722 1380 1754 ait
1396 1720 1563 1753 celebrari
1581 1719 1785 1752 memoriam
1801 1725 2000 1752 sanctorum
2014 1746 2023 1759 ,
2048 1725 2225 1751 uteorum
2243 1718 2318 1751 vir-

1333 1779 1423 1806 tutes
1440 1771 1637 1810 imitemur,
1660 1777 1693 1803 et
1711 1777 1809 1803 vocat
1827 1777 1962 1803 sanctos
1980 1769 2158 1803 adiutores
2175 1780 2317 1813 precum

1334 1829 1553 1861 nostrarum,
1590 1833 1661 1854 non
1686 1821 1780 1865 quod
1806 1820 1877 1853 sint
1899 1820 2109 1859 invocandi,
2142 1820 2202 1853 sed
2233 1819 2317 1864 quia

1335 1884 1456 1907 omnes
1482 1873 1573 1905 beati
1598 1873 1635 1904 in
1654 1872 1749 1905 coelo
1774 1878 1875 1904 orant
1899 1883 1962 1915 pro
1986 1869 2158 1912 Ecclesia,
2185 1876 2219 1904 et
2241 1881 2317 1904 eam

1334 1924 1408 1958 Deo
1426 1924 1684 1957 commendant.

1435 1996 1659 2042 Epiphanius
1685 1996 1805 2030 scribit
1830 1996 1994 2029 mulieres
2020 1996 2187 2040 quasdam
2214 1995 2317 2029 invo-

1335 2057 1451 2083 cantes
1470 2049 1638 2092 virginem
1659 2047 1828 2085 Mariam,
1859 2047 1979 2080 solitas
1997 2046 2220 2080 circumferre
2243 2047 2318 2079 eius

1335 2108 1495 2135 statuam.
1550 2099 1625 2132 Hoc
1655 2105 1767 2132 totum
1793 2098 1971 2139 negotium
1995 2098 2140 2130 damnat
2163 2104 2195 2131 et
2218 2103 2317 2130 vocat

1336 2151 1557 2184 idolatricum
1576 2161 1675 2193 opus.
1729 2148 1894 2182 Continet
1911 2148 2005 2181 enim
2023 2144 2245 2191 Epiphanius
2262 2159 2318 2180 re-

1337 2202 1526 2236 futationes
1550 2209 1706 2233 veterum
1725 2197 1938 2239 haeresium,
1966 2199 2151 2243 praecipue
2175 2199 2219 2231 de
2235 2197 2320 2231 Tri-

1336 2253 1464 2291 nitate,
1491 2259 1522 2285 et
1542 2251 1662 2295 paucis
1685 2251 1762 2283 aliis
1783 2250 1955 2289 materiis,
1982 2261 2086 2294 quam
2104 2249 2244 2293 quidem
2264 2246 2319 2281 hi-

1337 2304 1478 2338 storiam
1496 2302 1679 2348 praecipue
1698 2301 1880 2344 legendam
1899 2312 1970 2333 esse
1987 2310 2123 2335 censeo.

1660 2418 1712 2453 De
1737 2417 1997 2464 Chrysostomo.

1442 2495 1685 2543 Chrysostomi
1701 2501 1794 2529 aetas
1809 2493 1937 2527 multos
1953 2492 2022 2525 iam
2047 2491 2190 2525 vitiosos
2206 2503 2320 2525 mores

311 2552 381 2583 duo
407 2552 443 2583 in
466 2551 657 2589 vestibulo,
681 2557 713 2582 et
728 2550 859 2584 similes
876 2552 1037 2592 naenias,
1066 2563 1150 2595 quas
1166 2552 1193 2584 si
1213 2552 1291 2595 quis
1342 2556 1536 2593 receperat,
1572 2558 1659 2592 quos
1689 2547 1762 2589 ipse
1785 2554 1966 2578 recensens
1987 2554 2061 2576 non
2082 2540 2320 2586 reprehendit,

313 2602 417 2634 vellet
433 2612 602 2634 renovare
623 2601 854 2634 admiratione
872 2602 1112 2647 antiquitatis,
1138 2614 1216 2636 vere
1236 2602 1291 2634 in-

312 2653 451 2688 saniret.

1318 2619 1319 2625 κ
1343 2602 1432 2634 sicut
1452 2600 1571 2632 laudat
1586 2599 1753 2630 adeuntes
1769 2595 1985 2628 monimenta
2003 2601 2215 2634 sanctorum,
2241 2592 2321 2626 facit

1315 2630 1321 2685 l
1344 2652 1561 2685 mentionem
1588 2647 1759 2682 orationis
1784 2657 1848 2691 pro
1871 2646 2031 2679 mortuis.
2088 2642 2320 2678 Monasticam
