2415 2942
279 126 373 163 1103

279 215 374 257 sigua
410 218 629 244 aeternarum
660 218 880 252 poenarum,
924 219 1017 252 quae
1048 215 1257 254 sequuntur,

282 264 348 297 nisi
381 263 436 294 fixit
466 260 649 293 conversio
680 259 722 291 ad
749 256 876 293 Deum.
937 258 1258 304 Quia1corporates

284 324 416 358 poenae
443 310 684 355 principaliter
708 309 751 342 ad
778 306 843 341 hoc
869 310 1054 344 ordinatae
1081 317 1181 352 sunt,
1222 317 1260 343 ut

285 366 354 398 sint
377 361 730 396 commonefactiones
752 360 794 392 de
817 359 954 394 iusticia
971 368 1004 395 et
1022 361 1073 394 ira
1088 360 1172 401 Dei,
1198 372 1261 405 po-

286 423 355 448 stea
382 414 483 447 etiam
509 418 589 446 sunt
610 412 652 444 ad
677 408 742 443 hoc
767 411 970 453 ordinatae,
998 419 1037 447 ut
1057 412 1193 457 prosint
1220 411 1262 444 ad

286 477 404 509 pacem
431 464 523 497 iuter
550 460 722 496 homiues.

389 514 465 548 lloc
484 514 590 557 igitur
608 512 683 546 vult
702 511 817 545 dicere
831 511 978 547 Paulus:
1015 512 1101 547 Illae
1120 523 1265 556 poenae,

290 578 376 612 quas
391 566 514 599 recitat
530 562 675 597 historia
687 589 695 603 ,
716 562 860 597 fuerunt
878 564 1007 608 figurae
1023 564 1268 607 significantes,

290 619 408 652 Deum
436 626 515 649 vere
541 614 640 648 irasci
668 614 843 648 similibus
874 615 1020 659 peccatis
1047 616 1083 647 in
1112 612 1268 647 Ecclesia

292 669 456 702 omnibus
474 665 710 710 temporibus,
745 672 777 698 et
800 672 957 698 aeternas
977 676 1107 709 poenas
1131 672 1269 698 secutu-

297 731 354 753 ras
377 730 469 759 esse,
504 717 573 750 nisi
597 716 654 750 fiat
679 716 879 756 conversio,
914 716 1001 749 sicut
1025 715 1272 749 universaliter

293 772 392 803 docet
410 781 475 802 vox
493 767 632 807 divina,
659 767 856 809 corporales
873 778 1000 810 poenas
1019 778 1092 799 esse
1117 777 1272 799 commo-

295 820 509 854 nefactiones
533 818 575 850 dc
601 816 836 861 poenitentia,
879 823 917 850 ut
946 817 1038 850 infra
1063 816 1194 850 Paulus
1216 817 1273 849 in-

295 871 388 917 quit:
416 869 505 904 Cum
523 868 742 909 iudicamur,
767 879 784 900 a
801 868 956 901 Domino
974 867 1204 912 corripimur,
1230 879 1274 899 ne

295 933 372 955 cum
398 919 463 954 hoc
484 920 617 952 mundo
637 919 858 952 damnemur.
913 918 1017 953 Item:
1046 918 1192 953 Vexatio
1215 919 1274 951 dat

295 972 524 1005 intellectum.

1187 1049 1277 1086 Ideo

299 1054 397 1090 Ὠστε
415 1052 433 1089 ὁ
450 1053 573 1089 δοκῶν
594 1049 757 1094 ἑστάναι,
783 1050 948 1098 βλεπέτω
964 1050 1013 1098 μὴ
1031 1051 1133 1098 πέσῃ.

384 1106 498 1154 quise
517 1104 705 1138 existimat
722 1108 840 1146 stare,
868 1101 986 1137 rideat
1003 1115 1046 1137 ne
1063 1101 1186 1139 cadat.

396 1171 605 1207 Admonitio
629 1170 726 1205 utilis
754 1177 822 1211 est,
864 1170 902 1203 in
926 1182 994 1216 qua
1027 1170 1179 1215 primum
1211 1168 1277 1204 hoc

298 1224 590 1258 considerandum
610 1229 659 1254 est
676 1229 816 1255 renatos
833 1233 934 1265 posse
952 1221 1043 1261 labi,
1069 1228 1101 1254 et
1119 1222 1277 1255 amittere

299 1276 444 1319 gratiam
471 1281 504 1307 et
526 1273 699 1318 Spiritum
726 1279 905 1311 sanctum,
952 1279 992 1306 ut
1015 1272 1196 1306 manifeste
1220 1273 1277 1304 in-

300 1327 377 1372 quit
393 1323 554 1359 Christus
578 1325 615 1356 in
644 1323 810 1367 parabola
832 1320 964 1357 Matih.
984 1323 1042 1358 12.
1093 1321 1141 1356 Et
1164 1335 1279 1356 exem-

299 1379 356 1422 pla
380 1376 563 1409 manifesta
589 1382 691 1412 sunt,
729 1372 863 1413 Adam,
897 1372 1036 1414 Aaron,
1072 1372 1176 1414 Saul,
1209 1373 1279 1407 Da-

299 1428 357 1461 vid
372 1455 379 1468 ,
409 1434 440 1460 et
456 1425 563 1470 aliqui
584 1424 808 1468 resipiscunt,
835 1431 874 1458 ut
889 1423 1003 1457 Adam
1016 1450 1025 1465 ,
1040 1423 1180 1464 Aaron,
1205 1424 1281 1458 Da-

300 1478 380 1516 vid,
417 1477 527 1522 aliqui
552 1476 626 1508 sine
652 1475 869 1519 poenitentia
894 1481 1118 1519 perseverant
1144 1475 1181 1506 in
1209 1474 1281 1507 suis

299 1529 499 1566 furoribus,
526 1533 560 1560 et
577 1532 685 1559 ruunt
703 1525 739 1557 in
759 1532 940 1557 aeternum
959 1525 1115 1558 exitium.

403 1577 686 1612 'sumultuantur
702 1583 817 1609 autem
835 1577 878 1608 de
897 1573 961 1609 hac
972 1575 1176 1621 quaestione
1186 1575 1282 1608 Ana-

300 1629 469 1674 haptistae
497 1628 617 1661 multis
647 1626 773 1661 modis.
837 1627 960 1671 Aliqui
995 1632 1123 1669 negant
1156 1626 1284 1659 electos

302 1682 372 1714 labi
400 1691 516 1724 posse,
544 1678 654 1723 aliqui
678 1683 806 1720 negant
827 1689 884 1710 eos
903 1678 1083 1711 effundere
1109 1675 1282 1720 Spiritum

302 1738 482 1771 sanctum,
507 1728 641 1763 etiamsi
666 1728 848 1769 labantur,
874 1727 984 1773 aliqui
1002 1728 1125 1761 dicunt
1143 1726 1284 1761 Saulem

303 1790 337 1817 et
367 1782 455 1815 alios
481 1791 553 1815 non
586 1779 734 1821 electos,
770 1791 973 1825 quanquam
1006 1776 1135 1812 habere
1167 1789 1285 1811 veram

302 1834 418 1868 fidem.

406 1883 475 1917 Sed
499 1880 555 1916 his
577 1881 743 1916 omnibus
764 1892 985 1928 opponamus
1008 1879 1076 1915 hoc
1101 1891 1287 1914 commune

304 1934 437 1968 dictum
464 1933 583 1967 Pauli:
621 1932 692 1975 Qui
716 1940 801 1974 stat,
841 1933 956 1966 videat
979 1944 1022 1965 ne
1040 1932 1150 1967 cadat.
1203 1929 1287 1964 Ele-

305 1994 378 2021 ctos
404 1995 503 2029 posse
528 1984 601 2016 labi
628 1992 659 2017 et
683 1985 841 2018 amittere
860 1983 1022 2027 'gratiam
1048 1989 1081 2016 et
1113 1981 1287 2026 Spiritum

305 2043 483 2076 sanctum,
524 2041 696 2069 testantur
723 2035 920 2068 tristissima
950 2033 1105 2076 exempla
1133 2032 1232 2065 Adae
1255 2038 1289 2065 et

304 2086 474 2127 Aaronis‚
502 2086 545 2119 de
565 2097 634 2129 quo
657 2085 786 2119 dicitur
801 2084 905 2118 Deut.
925 2083 959 2117 9.
983 2084 1111 2127 capite:
1148 2081 1288 2116 Adver-

307 2149 364 2172 sus
397 2138 518 2171 Aaron
542 2136 644 2168 valde
673 2136 781 2169 iratus
806 2143 855 2169 est
881 2135 1076 2174 Dominus,
1112 2140 1146 2167 et
1177 2133 1289 2166 voluit

307 2195 485 2222 conterere
504 2198 595 2220 eum.
648 2185 691 2220 Et
710 2193 790 2220 sunt
806 2186 905 2219 valde
928 2184 1031 2218 multi
1053 2184 1290 2231 plurimorum

308 2246 509 2273 sanctorum
537 2237 652 2270 tristes
687 2244 720 2271 et
745 2244 879 2270 atroces
902 2236 1037 2280 lapsus,
1070 2242 1108 2267 ut
1133 2233 1291 2275 Davidis,

309 2289 528 2329 Salomonis,
567 2286 663 2322 Petri
688 2295 721 2321 et
743 2287 913 2327 aliorum,
950 2298 991 2319 ex
1023 2286 1151 2331 quibus
1175 2291 1291 2319 tamen

308 2340 459 2373 revocati
477 2349 536 2383 per
553 2338 803 2381 poenitentiam
822 2338 889 2370 fide
905 2337 1107 2380 eriguntur,
1123 2343 1155 2370 et
1172 2346 1292 2369 rursus

308 2392 487 2424 donantur
507 2390 615 2432 gratia
641 2396 674 2423 et
695 2389 832 2434 Spiritu
847 2395 987 2429 sancto,
1013 2394 1047 2421 et
1063 2388 1152 2421 fiunt
1169 2384 1291 2420 haere-

309 2443 368 2474 des
394 2440 482 2472 vitae
504 2447 674 2473 aeternae.

410 2489 454 2523 Et
479 2487 640 2524 Christus
667 2489 778 2524 sciens
805 2490 981 2533 ingentem
1015 2487 1292 2523 imbecillitatem

310 2541 522 2581 hominum,
569 2541 666 2575 iubet
708 2541 885 2575 remittere
925 2540 1120 2585 septuagies
1155 2539 1297 2584 septies,

309 2589 441 2627 Matth.
467 2590 523 2623 18.

415 2641 537 2686 ltaque
556 2640 764 2685 explodendi
791 2648 873 2675 sunt
893 2653 1029 2675 errores
1046 2638 1292 2678 Catharorum,

312 2701 343 2726 et
371 2704 443 2726 non
468 2698 549 2726 sunt
582 2692 793 2726 extenuandi
829 2700 1030 2728 sanctorum
1059 2693 1193 2737 lapsus,
1234 2692 1292 2724 sed

871 118 998 158 PHIL.
1023 120 1140 158 MEL.
1167 119 1376 158 SCRIPTA
1404 118 1701 157 EXEGETICA.

2187 118 2284 158 1104

1311 207 1427 252 potius
1455 207 1614 242 doctrina
1638 214 1709 242 tota
1733 207 1776 242 de
1806 209 2021 254 poenitentia
2047 209 2287 254 cognoscenda

1314 265 1348 292 et
1364 260 1554 292 exercenda
1579 265 1640 294 est.

1416 309 1522 352 Quod
1547 317 1661 344 autem
1690 308 1726 342 in
1751 309 1949 354 aliquibus,
1999 310 2059 356 qui
2086 311 2188 346 initia
2210 311 2295 345 fidei

1314 360 1536 404 habuerunt,
1575 367 1625 394 est
1650 366 1766 404 postea
1788 361 1874 404 lapsi
1900 373 1972 394 non
1998 362 2168 403 redeunt,
2208 362 2294 396 fides

1317 412 1401 453 illa,
1428 411 1632 456 priusquam
1655 411 1846 452 excutitur,
1872 424 1953 445 vera
1980 412 2042 452 sit,
2069 412 2202 446 dictum
2226 411 2295 446 Pe-

1319 463 1363 496 tri
1382 468 1530 496 testatur
1544 463 1577 496 2.
1594 461 1668 497 Pei.
1685 463 1741 496 2:
1777 460 1954 497 lllecebris
1970 463 2113 507 capiunt
2129 473 2208 504 eos,
2236 462 2298 507 qui

1320 524 1400 545 vere
1418 512 1610 556 effugerant
1621 540 1630 554 ,
1647 509 1734 551 τούς
1750 511 1866 552 ὅντως
1882 510 2159 561 ἀποφυγόντας.
2196 512 2299 547 ltem:

1320 562 1410 597 Cum
1438 564 1531 596 enim
1556 561 1613 602 bi,
1665 564 1726 608 qui
1757 563 1952 607 effugerant
1984 564 2302 598 contaminationes

1322 614 1447 647 mundi
1480 615 1516 647 in
1550 614 1730 657 agnitione
1760 614 1904 648 Domini
1938 621 1973 648 et
2001 614 2189 648 servatoris
2225 613 2303 648 lesu

1323 663 1469 706 Christi,
1492 677 1611 698 rursus
1627 665 1750 698 iisdem
1767 665 1933 708 implicati
1951 666 2196 706 succumbunt,
2212 665 2304 700 fiunt

1324 716 1372 749 eis
1398 723 1572 760 postrema
1598 716 1772 748 deteriora
1796 716 1987 760 prioribus.

1424 765 1470 800 Et
1487 763 1615 800 Matth.
1636 767 1693 801 12.
1724 765 1900 800 Dominus
1919 777 2077 809 expresse
2099 765 2203 807 dicit,
2228 764 2303 799 Ex—

1324 817 1465 861 pulsum
1496 817 1601 850 fuisse
1634 817 1859 851 immundum
1885 817 2067 861 spiritum,
2103 823 2136 850 et
2160 819 2306 850 domum

1328 874 1507 912 purgatam
1535 874 1567 901 et
1590 874 1762 901 ornatam.
1825 867 1920 901 Haec
1946 869 1989 901 de
2012 879 2093 900 vere
2122 867 2306 901 iustificate

1327 919 1415 958 dici,
1442 930 1513 951 non
1536 918 1684 951 dubium
1710 924 1770 952 est.
1823 916 1868 951 Et
1888 918 1973 952 Saul
1997 930 2077 952 vere
2097 918 2208 953 iustus
2227 917 2308 959 fuit,

1329 969 1410 1014 quia
1424 967 1544 1008 stextus
1560 969 1661 1001 dicit:
1688 968 1842 1015 Spiritus
1861 967 2006 1002 Domini
2022 969 2161 1003 recessit
2177 981 2195 1002 a
2210 968 2308 1004 Saul.

1328 1019 1400 1053 Nec
1419 1019 1503 1052 tales
1520 1020 1720 1052 dicerentur
1738 1019 1845 1062 lapsi,
1872 1019 1900 1052 si
1919 1031 2101 1064 nunquam
2119 1019 2201 1053 iusti
2221 1018 2309 1052 suis-

1330 1077 1416 1104 sent.
1469 1068 1545 1103 Hac
1569 1069 1668 1103 brevi
1693 1070 1934 1104 admonitione
1960 1067 2027 1104 hoc
2050 1069 2128 1103 loco
2153 1067 2310 1104 contenti

1330 1132 1450 1155 simus.

1331 1203 1545 1252 Πειρασμὸς
1559 1203 1657 1251 ὑμᾶς
1672 1203 1740 1240 οὐκ
1757 1206 1922 1251 εἴληφεν,
1951 1206 1980 1241 εἶ
1994 1204 2045 1252 μὴ
2057 1201 2307 1251 ἀνθρώπινος.

1356 1255 1531 1291 Tenlalio
1548 1269 1610 1291 vos
1628 1269 1700 1290 non
1717 1254 1977 1304 apprehendit,
2003 1256 2080 1290 nisi
2097 1253 2281 1290 humana.

1434 1322 1629 1358 Antithesis
1655 1325 1826 1368 cogitetur
1848 1325 2053 1359 tentationis
2078 1322 2254 1358 humanae
2280 1329 2315 1358 et

1333 1375 1537 1409 diabolicae.
1592 1373 1645 1408 Ac
1686 1376 1822 1418 mitigat
1861 1375 1990 1410 Paulus
2029 1375 2313 1418 obiurgationem

1334 1423 1603 1460 Corinthiorum
1615 1452 1624 1465 ,
1645 1433 1684 1460 ut
1700 1438 1757 1458 eos
1773 1428 1989 1471 consoletur,
2017 1438 2061 1460 ne
2075 1426 2175 1460 fracti
2191 1425 2315 1470 despe-

1336 1477 1471 1510 ratione
1497 1487 1640 1520 prorsus
1664 1488 1683 1509 a
1706 1475 1781 1509 Deo
1807 1477 1979 1511 deficiant.

1437 1526 1649 1570 Quanquam
1667 1534 1781 1560 autem
1801 1533 1873 1560 erat
1889 1535 1986 1560 atrox
2002 1533 2179 1570 peccatum
2192 1553 2201 1567 ‚
2222 1526 2317 1571 quod

1339 1589 1442 1620 supra
1463 1577 1619 1610 recitavit
1638 1577 1681 1609 de
1696 1577 1846 1616 incesto,
1874 1578 1934 1621 qui
1953 1589 2031 1610 cum
2058 1588 2208 1610 noverca
2233 1588 2318 1610 con-

1337 1627 1557 1661 suetudinem
1583 1624 1725 1667 habuit,
1769 1634 1800 1660 et
1825 1627 1884 1659 alii
1912 1627 1978 1660 alia
2008 1626 2318 1669 peccata'admise-

1338 1685 1437 1719 rant,
1464 1677 1646 1711 certabant
1666 1677 1899 1710 aemulatione
1917 1684 1949 1711 et
1970 1678 2078 1711 odiis:
2107 1685 2222 1712 tamen
2241 1677 2317 1711 vult

1338 1728 1424 1763 haec
1449 1735 1586 1772 peccata
1602 1728 1752 1761 discerni
1773 1740 1791 1761 a
1809 1725 2057 1775 blasphemiis,
2084 1728 2172 1762 sicut
2190 1725 2320 1761 Iohan-

1340 1792 1401 1813 nes
1425 1779 1591 1812 discernit
1624 1786 1760 1824 peccata
1790 1779 1833 1812 ad
1861 1785 2009 1813 mortem
2034 1790 2053 1812 a
2075 1779 2223 1823 peccatis
2247 1790 2320 1812 non

1340 1832 1382 1864 ad
1413 1837 1571 1864 mortem.
2034 1874 2037 1875 γ

1442 1881 1610 1914 Tentatio
1635 1879 1808 1914 diabolica
1834 1887 1904 1922 est,
1948 1880 2091 1926 quando
2115 1878 2261 1914 Satanas
2284 1879 2322 1912 in

1341 1944 1400 1966 cor
1416 1932 1632 1975 ingreditur,
1647 1932 1722 1972 vel,
1739 1932 1828 1965 sicut
1844 1932 1880 1964 in
1900 1931 1995 1965 Luca
2015 1930 2162 1972 dicitur,
2179 1931 2324 1975 quando

1342 1983 1488 2017 Satanas
1512 1982 1602 2027 rapit
1619 1982 1774 2016 Verbum
1802 1980 1867 2015 Dei
1891 1994 1932 2015 ex
1954 1982 2059 2015 corde
2082 1979 2257 2022 hominis,
2282 1987 2324 2014 ut

1342 2033 1535 2078 Epicureus
1566 2039 1761 2066 contemtus
1784 2031 1869 2074 Dei,
1910 2039 1950 2066 ut
1979 2032 2017 2065 in
2046 2030 2223 2072 Rabsace,
2262 2037 2323 2066 aut

1342 2085 1463 2118 odium
1491 2091 1521 2117 et
1548 2084 1598 2117 ira
1623 2084 1788 2117 adversus
1814 2082 1946 2124 Deum,
1979 2089 2018 2116 ut
2042 2082 2080 2115 in
2107 2081 2230 2121 Saule,
2263 2093 2324 2116 seu

1344 2135 1558 2179 oppugnatio
1594 2134 1771 2173 veritatis,
1819 2146 1881 2168 seu
1918 2134 2057 2167 rabiosa
2091 2132 2327 2177 propugnatio

1344 2186 1444 2229 impii
1471 2185 1656 2228 dogmatis.
1711 2183 1815 2217 Tales
1838 2186 1981 2219 fuerunt
1998 2183 2208 2218 tentationes
2225 2182 2327 2222 Cain,

1345 2236 1446 2275 Saul,
1485 2235 1612 2276 ludae,
1646 2234 1886 2276 Samosateni,
1931 2235 2032 2276 Arii,
2076 2241 2109 2269 et
2140 2233 2328 2273 similium,

1345 2298 1507 2321 accensae
1538 2286 1682 2320 diabolo
1710 2285 1914 2331 impellente
1940 2292 2092 2325 mentes,
2131 2291 2164 2318 et
2198 2283 2326 2317 confir-

1345 2345 1463 2371 mante
1491 2338 1674 2377 tenebras,
1715 2343 1748 2370 et
1776 2337 1865 2370 sicut
1889 2337 1932 2370 de
1958 2335 2044 2370 luda
2070 2333 2238 2379 scriptum
2265 2341 2328 2373 est,

1349 2388 1503 2422 Diabolo
1528 2389 1683 2432 ingresso
1707 2387 1744 2420 in
1764 2389 1869 2421 corda
1895 2398 2029 2422 eorum.
2226 2385 2230 2387 ’

1447 2437 1525 2472 Etsi
1549 2445 1664 2473 autem
1689 2435 1756 2471 hoc
1774 2439 1896 2481 ingens
1916 2437 2047 2470 malum
2073 2447 2146 2469 non
2170 2447 2328 2480 compre·
2384 2443 2386 2466 l

1346 2488 1455 2523 hendi
1488 2496 1601 2534 potest
1629 2489 1762 2522 iudicio
1794 2488 1968 2529 rationis,
2024 2493 2155 2531 quanta
2187 2486 2328 2520 miseria

1346 2541 1410 2581 sit,
1436 2540 1614 2577 dominari
1631 2539 1810 2573 diabolum
1828 2538 1866 2571 in
1885 2539 1990 2572 corde
2007 2535 2180 2571 hominis:
2213 2545 2331 2575 tamen

1347 2603 1427 2625 cum
1455 2591 1637 2624 manifesta
1666 2590 1737 2623 sint
1762 2589 1853 2622 dicta
1887 2589 1925 2622 in
1955 2588 2219 2622 narrationibus
2248 2599 2331 2632 pro-
2381 2613 2383 2625 .

1346 2640 1495 2686 pheticis
1521 2647 1554 2674 et
1581 2639 1801 2684 apostolicis,
1829 2645 2056 2683 expavescant
2072 2650 2193 2672 omnes
2214 2636 2331 2672 homi·
2380 2656 2381 2683 3

1346 2704 1427 2734 nes,
1454 2691 1664 2735 cogitatione
1690 2691 1780 2724 tanti
1805 2690 1909 2733 mali,
1943 2697 1977 2725 et
2003 2696 2142 2735 petant,
2177 2695 2217 2723 ut
2238 2688 2332 2722 filius
