2415 2942
226 93 322 132 1515

232 188 265 215 et
282 177 440 214 accendit
464 175 566 209 fidem
583 179 617 206 et
636 171 724 205 alios
740 175 858 202 motus
880 167 1101 212 spirituales,
1128 166 1217 200 sicut

233 233 277 266 ad
305 230 447 264 Galatas
463 227 496 259 5.
520 224 667 258 dicitur:
695 220 743 256 Ut
767 219 1035 263 promissionem
1063 217 1218 262 Spiritus

236 282 448 324 accipiamus
474 288 537 324 per
559 274 675 308 ficiem.
729 270 825 304 Haec
847 277 929 303 sunt
953 269 1055 302 initia
1074 279 1220 312 regene-

237 332 382 366 rationis
410 330 445 361 in
469 326 662 365 conversis,
698 323 740 355 de
763 334 830 367 qua
855 321 986 354 dicitur
1012 318 1141 354 Roma.
1167 319 1220 352 8.:

239 383 310 425 Qui
347 380 473 425 spiritu
509 376 573 410 Dei
611 377 815 412 ducuntur,
857 369 895 405 hi
927 378 1010 404 sunt
1044 370 1106 403 filii
1144 368 1221 404 Dei.

787 83 913 118 PlllL.
941 82 1057 120 MEL.
1084 78 1297 118 SCRIPTA
1324 78 1622 117 EXEGETICA.

2161 78 2258 114 1316

1272 173 1443 201 catorum.
1500 165 1554 200 De
1578 162 1635 198 his
1657 164 1924 210 quaestionibus
1948 165 2036 200 alibi
2061 164 2202 210 copiose
2229 170 2264 197 et

1273 217 1442 262 explicate
1466 217 1599 250 dictum
1623 222 1684 250 est.

1399 298 1607 335 Secundum
1636 290 1886 347 praecEdentes
1907 296 2136 347 prophetias.

1377 368 1416 402 ld
1443 376 1512 402 est:
1542 368 1641 403 Sicut
1664 373 1765 400 antea
1783 365 1937 401 habuisti
1961 367 2004 401 de
2023 374 2056 401 te
2078 368 2133 401 vel
2157 379 2262 413 super

238 433 350 468 Item:
387 430 425 465 Si
450 429 528 475 quis
551 426 714 471 spiritum
742 421 874 457 Christi
897 434 969 455 non
1004 419 1129 462 habet,
1164 417 1222 453 hic
1276 427 1309 454 te
1334 420 1535 453 testimonia
1562 419 1718 464 Spiritus
1743 418 1866 452 sancti.

241 497 313 518 non
341 489 389 516 est
415 481 501 514 eius.
554 478 783 522 Nequaquam
814 474 907 506 enim
942 471 1008 506 hoc
1039 473 1225 511 docemus,

241 533 421 568 hominem
442 532 570 565 iustum
593 540 682 567 esse,
710 533 771 559 aut
794 524 1023 563 sanctificari,
1053 529 1114 556 aut
1137 522 1225 554 libe-

243 586 312 619 rari
332 598 347 618 a
369 589 506 627 peccato
526 587 558 613 et
577 593 592 612 a
613 584 724 611 morte.
743 584 882 610 aeterna
907 574 1059 618 propriis
1079 573 1227 610 viribus,

244 643 303 669 aut
327 633 539 668 actionibus:
576 631 633 662 sed
662 626 745 661 haec
764 625 992 660 sanctificatio
1015 631 1049 657 et
1072 624 1220 656 vivifica-

245 688 294 720 tio
313 696 401 730 opus
419 690 469 717 est
487 682 572 722 Dei,
601 678 785 713 efficientis
805 689 879 710 eam
900 687 963 708 suo
986 674 1123 719 Spiritu
1148 685 1227 706 san-

247 746 322 776 cto,
350 743 383 770 et
401 742 484 768 tunc
501 732 613 766 renati
634 742 713 762 vere
737 736 816 761 sunt
835 727 1005 770 templum
1026 724 1102 758 Dei.
1154 722 1231 757 Etsi
1257 718 1262 725 ’

248 788 341 822 enim
379 784 464 818 haec
499 781 726 816 sanctificatio
756 786 804 811 cst
832 777 1028 822 proprietas
1063 775 1232 809 attributa

248 837 397 882 Spiritui
420 841 558 874 sancto,
595 841 710 867 tamen
739 841 859 862 verum
886 835 956 866 est,
998 827 1103 860 simul
1125 834 1233 860 totam

249 889 470 923 divinitatem
498 897 589 924 esse,
622 882 710 915 sicut
728 880 843 925 iuquit
861 878 1038 912 Dominus
1063 875 1138 912 lob.
1160 876 1234 910 14:

251 940 444 973 Veniemus
465 937 507 969 ad
536 947 632 974 eum,
659 939 692 966 et
719 931 938 964 mansionem
963 930 1055 972 apud
1079 940 1157 961 eum
1183 928 1236 959 fa-

252 991 394 1024 ciemus.
444 986 521 1020 Hoc
540 987 662 1028 ingens
681 984 814 1016 bonum
833 981 1093 1024 agnoscendum
1112 985 1181 1018 est,
1204 983 1237 1010 et

253 1042 328 1076 Deo
348 1039 478 1083 gratiae
493 1037 666 1080 agendae,
694 1034 788 1078 quod
807 1033 977 1064 immensa
994 1029 1238 1063 misericordia

255 1094 302 1126 ita
324 1103 359 1125 se
384 1095 526 1134 propter
552 1087 664 1120 filium
690 1083 867 1122 demittit,
895 1089 933 1115 ut
957 1079 1049 1114 hanc
1074 1081 1239 1113 miseram

254 1150 418 1177 naturam
438 1147 470 1173 et
486 1148 630 1182 magnas
655 1136 775 1169 sordes
794 1131 909 1166 adhuc
934 1133 1239 1165 circumferentem

258 1202 374 1228 tamen
399 1191 562 1234 recipiat,
605 1195 636 1221 et
661 1198 741 1219 vere
765 1186 802 1217 in
826 1196 862 1218 ea
889 1184 997 1222 adsit,
1029 1194 1102 1215 eam
1129 1187 1240 1223 regat,

259 1244 423 1278 defendat
448 1249 568 1274 contra
592 1238 772 1277 diabolos,
808 1242 840 1268 et
865 1236 942 1268 luce
961 1241 993 1267 et
1011 1234 1080 1266 vita
1099 1240 1240 1266 aeterna

260 1297 387 1329 donet:
415 1299 448 1326 et
472 1301 632 1325 curemus
654 1287 720 1320 hoc
747 1293 883 1320 tantum
911 1286 1045 1318 bouum
1072 1285 1241 1323 retinere,

261 1358 324 1379 nec
341 1343 587 1378 contristemus
611 1339 783 1383 Spiritum
805 1343 962 1370 sanctum
986 1335 1083 1367 falsis
1101 1334 1244 1377 opinio-
1269 1330 1271 1341 '

261 1398 385 1435 nibus,
414 1400 472 1427 aut
491 1392 645 1436 lapsibus
665 1395 786 1422 contra
805 1386 1075 1425 conscientiam,
1101 1391 1245 1428 propter
1271 1380 1272 1407 ἶ

263 1458 352 1492 quos
374 1444 546 1478 deseritur
574 1440 681 1474 homo
708 1446 740 1472 et
766 1438 836 1472 ruit
862 1438 897 1469 in
921 1448 1067 1479 regumn
1092 1434 1245 1475 diaboli,

262 1506 300 1532 ut
315 1499 350 1531 2.
366 1496 461 1529 Petri
479 1495 514 1528 2,
532 1493 672 1526 dicitur.

366 1546 579 1589 Quanquam
607 1549 721 1574 autern
742 1547 884 1573 renatus
907 1544 956 1571 est
980 1537 1150 1581 templum
1169 1535 1247 1575 Dei,

267 1606 300 1633 et
318 1599 355 1631 in
371 1610 409 1630 eo
425 1607 545 1629 revera
564 1601 611 1626 est
632 1591 818 1627 divinitas,
848 1596 880 1622 et
897 1599 1049 1621 crescere
1071 1588 1107 1619 in
1125 1599 1163 1619 eo
1181 1598 1247 1618 no-
1274 1587 1275 1599 ¹

267 1661 346 1683 vam
364 1649 477 1681 lucem
496 1654 527 1679 et
546 1642 857 1678 sanctificationem
880 1650 1059 1672 accensam
1076 1650 1093 1670 a
1112 1637 1248 1681 Spiritu

269 1707 390 1734 sancto
418 1704 571 1741 oportet:
607 1702 722 1726 tamen
751 1689 836 1724 haec
862 1690 1033 1722 sententia
1054 1695 1170 1720 manet
1191 1699 1248 1719 ve-

269 1764 326 1791 ra,
363 1759 546 1794 personam
573 1747 697 1778 iustam
724 1754 811 1781 esse,
845 1741 879 1773 id
909 1747 977 1780 est,
1012 1739 1148 1783 placere
1176 1738 1250 1771 Deo

269 1813 341 1835 non
358 1806 500 1844 propter
517 1797 726 1833 novitatem,
743 1794 801 1825 sed
819 1792 971 1834 reputari
991 1790 1115 1822 iustam
1135 1790 1252 1832 impu-

270 1859 341 1886 tata
367 1851 398 1884 ei
424 1848 562 1883 iusticia
580 1845 734 1885 Christi,
760 1850 793 1876 et
818 1844 950 1887 placere
975 1848 1118 1888 propter
1141 1841 1251 1872 tilium
1278 1852 1280 1868 1

271 1902 501 1936 mediatorem
537 1898 609 1931 sola
643 1896 720 1928 fide.
784 1894 833 1927 lta
869 1900 1058 1936 utrumque
1089 1892 1255 1930 sciamus,

274 1953 349 1987 fieri
368 1950 631 1986 renovationem
656 1959 716 1990 per
741 1945 912 1989 Spiritum
940 1949 1117 1980 sanctum,
1148 1948 1180 1974 et
1203 1949 1254 1973 ta-

275 2016 357 2038 men
378 2001 470 2036 hanc
491 1998 767 2034 consolationem
793 1997 836 2028 de
867 1994 1101 2036 imputatione
1131 2001 1255 2026 tenen-

276 2057 356 2088 dam
383 2065 464 2086 esse.
518 2049 565 2084 Et
587 2048 677 2082 hauc
702 2048 804 2079 fidem
831 2045 973 2078 caeteris
1007 2044 1198 2077 virtutibus
1225 2050 1257 2076 et

277 2103 494 2139 invocationi
517 2112 652 2144 semper
673 2098 892 2142 praelucere,
921 2095 1014 2128 iuxta
1039 2095 1147 2135 illud,
1180 2093 1257 2128 Ro-
1283 2118 1284 2121 ,

1176 2144 1257 2177 Non
1283 2144 1284 2162 l

277 2207 370 2240 enim
404 2204 522 2239 accedi
555 2207 667 2247 potest
701 2200 744 2233 ad
775 2200 884 2231 Deum
922 2197 996 2230 sine
1033 2194 1096 2229 hac
1131 2196 1285 2230 conso-'

276 2168 344 2190 ma.
371 2154 423 2190 5.:
473 2151 652 2186 Iustificati
686 2149 753 2181 fide
791 2159 907 2191 pacem
943 2143 1122 2180 habemus,

277 2258 420 2291 latione.

379 2307 571 2350 Postquam
601 2309 717 2336 autem
755 2302 798 2333 de
836 2299 1066 2333 conversione
1104 2295 1258 2331 hominis

280 2359 412 2393 dictum
438 2363 510 2389 est:

279 2421 361 2443 nam
383 2409 426 2441 de
449 2406 551 2439 bonis
575 2404 760 2449 operibus,
792 2413 896 2447 quam
918 2401 1067 2434 docendi
1092 2412 1191 2432 causa
1220 2400 1256 2432 in
1284 2396 1285 2402 ¹

278 2458 342 2494 has
365 2457 588 2504 quaestiones
618 2454 804 2488 distribuo.
858 2451 991 2484 Prima:
1028 2450 1127 2493 Quae
1153 2462 1257 2494 opera

279 2512 349 2545 sint
371 2509 541 2542 facienda.
593 2505 770 2539 Secunda:
806 2502 994 2545 Quomodo
1018 2502 1092 2535 fieri
1113 2502 1257 2545 possint,

280 2561 418 2595 Tertia:
461 2557 652 2601 Quomodo
683 2556 859 2599 placeant,
901 2565 979 2586 cum
1014 2553 1189 2597 reliquum
1220 2552 1256 2584 in

278 2612 382 2645 nobis
397 2610 440 2644 sit
455 2615 645 2653 peccatum.
698 2605 847 2648 Quarta:
870 2604 1020 2647 Propter
1039 2615 1124 2648 quas
1139 2613 1256 2636 causas

276 2662 433 2696 facienda
451 2661 531 2695 sint.
585 2657 736 2701 Quinta:
769 2655 875 2698 Quod
895 2655 939 2688 sit
962 2655 1149 2688 discrimen
1176 2667 1255 2699 pec-

555 2353 682 2388 deinde
706 2352 872 2385 usitatum
899 2357 947 2383 est
975 2351 1102 2382 addere
1127 2349 1257 2382 doctri·
1284 2362 1285 2367 ¹

1354 501 1508 537 Habeas
1532 499 1650 547 fidem
1682 506 1712 535 el
1741 500 1875 535 bonam
1904 502 2172 538 conscientiam.

1382 570 1422 604 ln
1448 571 1516 604 fine
1540 570 1648 615 primi
1673 570 1795 614 capitis
1819 571 1971 604 redditio
1996 578 2046 605 est
2069 584 2267 616 congruens

1281 623 1323 655 ad
1349 622 1503 656 initium.
1557 621 1657 655 Sicut
1687 619 1846 654 hortatus
1876 633 1974 663 sum,
2001 629 2040 656 ut
2072 624 2265 668 praecipias

1282 673 1377 711 aliis,
1412 680 1451 706 ut
1476 673 1624 706 doceant
1650 672 1836 710 salutaria,
1880 672 1914 705 id
1941 674 2145 707 mandatum
2173 687 2269 708 nunc

1285 736 1425 769 quoque
1457 724 1521 756 tibi
1556 724 1777 756 commendo.
1831 722 1970 757 Rursus
1999 732 2115 759 autem
2145 725 2271 760 inserit

1285 776 1389 807 breve
1409 775 1553 814 dictum,
1582 774 1677 818 quod
1698 774 1791 806 velut
1811 785 1945 807 summa
1967 782 2016 809 est
2032 776 2212 809 doctrinae
2232 777 2270 809 in

1285 824 1441 858 Ecclesia
1474 824 1702 857 necessariae:
1744 821 1896 857 Milites
1925 824 2059 858 bonam
2083 824 2272 866 militiam,

1288 876 1441 910 retinens
1476 872 1591 920 fidem
1625 879 1655 907 et
1692 873 1828 908 bonam
1864 875 2133 911 conscientiam.
2206 877 2273 911 His

1263 952 1265 968 1,
1288 928 1426 961 duobus
1452 927 1562 960 titulis
1586 926 1833 969 complectitur
1851 933 1958 960 totam
1977 928 2084 962 vitam
2099 926 2273 962 Christia—

1289 990 1388 1011 nam:
1417 990 1525 1022 quare
1545 977 1767 1010 notissimum
1784 977 1828 1010 sit
1849 978 2035 1017 omnibus,
2070 985 2103 1012 et
2128 980 2172 1012 sit
2196 987 2274 1013 tan-

1266 1073 1267 1082 *
1289 1041 1395 1074 quam
1421 1029 1540 1072 regula
1563 1028 1666 1061 vitae.
1721 1026 1811 1061 Cum
1835 1035 1950 1061 autem
1979 1029 2148 1063 vocabula
2169 1042 2275 1075 supra

1291 1086 1450 1113 enarrata
1480 1080 1550 1113 sint
1577 1079 1615 1111 in
1643 1078 1752 1111 simili
1779 1079 1891 1119 dicto,
1927 1078 2025 1112 Finis
2047 1081 2203 1115 mandati
2227 1089 2278 1115 est

1292 1131 1434 1164 dilectio
1459 1137 1542 1170 etc.‚
1569 1141 1641 1162 non
1666 1129 1757 1162 addo
1781 1126 1837 1163 hic
1863 1130 2058 1173 longiorem
2081 1134 2276 1166 enarratio-

1267 1201 1269 1221 ;
1292 1194 1389 1216 nem:
1419 1188 1555 1215 tantum
1574 1178 1641 1213 hoc
1660 1181 1806 1220 addam,
1833 1188 2022 1226 utrumque
2039 1188 2176 1226 oportet
2192 1184 2278 1226 regi,

1268 1253 1271 1299 b
1293 1234 1396 1266 fidem
1416 1239 1447 1266 et
1465 1233 1592 1265 bonam
1611 1231 1879 1272 conscientiam,
1914 1244 1985 1264 non
2011 1232 2278 1274 imaginationi-

1269 1307 1271 1316 ι
1294 1285 1359 1317 bus
1375 1281 1560 1320 humanis,
1588 1283 1644 1315 sed
1665 1283 1772 1315 verbo
1798 1281 1875 1315 Dei.
1931 1281 2030 1316 Sicut
2054 1284 2186 1318 dicitur
2204 1283 2279 1318 Ga-

1295 1336 1354 1368 lat.
1383 1335 1496 1378 primo
1521 1334 1647 1377 capite:
1683 1332 1720 1366 Si
1741 1333 1819 1377 quis
1843 1333 1937 1366 aliud
1956 1332 2197 1377 Evangelium·
2215 1336 2281 1369 do·-

1272 1428 1273 1436 Ὶ
1296 1392 1367 1423 cet,
1394 1383 1579 1418 anathema
1600 1384 1652 1417 sit.
1707 1383 1813 1424 ltcm,
1839 1383 1967 1417 Psalm.
1990 1385 2090 1420 118.:
2118 1385 2279 1420 Lucerna

1271 1445 1273 1482 f
1299 1437 1446 1480 pedibus
1478 1436 1564 1467 meis
1595 1435 1741 1466 verbum
1774 1440 1885 1469 tuum.
1944 1434 2050 1473 Item,
2087 1434 2282 1470 Ezechielis

1272 1487 1275 1542 ἱ
1299 1488 1409 1530 capite
1424 1486 1499 1519 20.:
1529 1485 1569 1518 In
1588 1484 1778 1528 praeceptis
1795 1484 1880 1517 meis
1898 1486 2088 1522 ambulate.
2126 1486 2198 1520 Nec
2214 1487 2281 1521 fin-

1274 1583 1275 1586 *
1300 1545 1382 1580 gant
1415 1537 1483 1569 sibi
1506 1534 1667 1568 homines
1692 1535 1746 1567 vel
1770 1536 1949 1577 dogmata,
1984 1536 2039 1569 vel
2064 1537 2195 1576 cultus,
2227 1539 2282 1571 vel

1300 1587 1548 1621 conscientiam
1568 1586 1640 1618 suis
1663 1585 1977 1628 imaginationibus
2000 1587 2073 1620 sine
2093 1589 2199 1622 verbo
2217 1587 2282 1622 Dei

1275 1675 1276 1686 ἵ
1301 1639 1356 1671 vel
1380 1644 1501 1671 contra
1528 1637 1674 1670 verbum
1700 1635 1776 1670 Dei.

1277 1829 1280 1848 l

1573 1771 1710 1824 Caput
1761 1773 2002 1814 secundum.

1279 1875 1281 1930 i
1408 1890 1522 1934 Supra
1539 1891 1582 1923 de
1597 1890 1735 1923 duobus
1757 1890 1950 1934 praecipuis
1966 1891 2139 1935 capitibus
2156 1894 2288 1928 doctri-

1306 1953 1371 1975 nae
1396 1942 1527 1974 dictum
1553 1948 1620 1978 est,
1658 1941 1820 1974 videlicet
1844 1943 1886 1974 de
1910 1941 2002 1985 Lege
2027 1950 2059 1976 et
2081 1942 2288 1988 Evangelio.

1307 1993 1409 2026 ¹Nunc
1435 1993 1628 2025 doctrinam
1646 1993 1688 2024 de
1706 1992 1808 2024 bonis
1832 1993 1997 2036 operibus
2023 1995 2138 2035 addit,
2172 2003 2204 2030 et
2228 2008 2287 2029 or—

1308 2044 1404 2076 ditur
1425 2057 1441 2075 a
1459 2055 1595 2075 summo
1612 2055 1716 2086 opere
1733 2044 1825 2087 quod
1843 2051 1890 2076 est
1909 2045 2060 2087 precatio
2074 2073 2082 2084 ,
2107 2047 2148 2078 de
2167 2059 2236 2091 quo
2255 2055 2289 2082 et

1308 2093 1365 2128 hic
1389 2095 1484 2127 dicit.
1537 2094 1694 2127 Primum
1726 2094 1884 2126 omnium
1917 2095 2018 2128 facite
2053 2098 2289 2139 precationeS,

1309 2146 1507 2188 significans
1535 2145 1571 2177 id
1595 2157 1681 2188 opus
1712 2156 1783 2177 esse
1811 2145 1964 2187 primum
1988 2153 2019 2180 et
2050 2158 2225 2181 summum
2253 2150 2290 2182 in

1310 2197 1491 2235 credente,
1529 2203 1560 2228 et
1584 2196 1766 2239 proprium
1790 2194 1964 2229 Ecclesiae
1987 2197 2068 2232 Dei.
2121 2198 2288 2234 Continet

1309 2255 1424 2280 autem
1441 2244 1498 2280 hic
1514 2247 1611 2279 locus
1627 2246 1875 2289 amplissimam
1894 2248 2090 2281 doctrinam
2109 2250 2150 2281 de
2169 2251 2290 2284 multis

1309 2299 1432 2338 rebus,
1477 2299 1520 2331 de
1548 2298 1764 2341 precatione,
1802 2299 1845 2331 de
1869 2297 2044 2341 imperiis,
2087 2300 2129 2332 de
2160 2301 2290 2335 finibus

1284 2378 1285 2387 ,
1310 2361 1370 2383 seu
1400 2349 1526 2382 officiis
1551 2348 1802 2392 imperiorum,
1841 2349 1884 2381 de
1914 2349 2096 2382 vocatione
2129 2353 2291 2386 omnium

1309 2399 1513 2442 hominum,
1538 2400 1620 2433 item
1641 2406 1760 2432 contra
1780 2398 2115 2446 προσωποληψίαν,
2145 2402 2229 2436 item
2247 2405 2290 2436 de

1308 2451 1511 2484 mediatore.
1580 2448 1717 2483 Deinde
1752 2457 1932 2494 praecepta
1966 2458 1999 2484 et
2033 2453 2291 2487 consolationes

1309 2502 1479 2536 matribus
1507 2503 1706 2535 traduntur.

1409 2551 1568 2585 Prim'um
1591 2558 1706 2584 autem
1737 2549 1794 2584 hic
1820 2551 1929 2584 lector
1958 2551 2129 2596 integram
2159 2555 2291 2588 doctri-

1308 2614 1388 2636 nam
1414 2604 1456 2635 de
1484 2602 1707 2635 invocatione
1733 2602 1825 2645 apud
1857 2613 1929 2635 sese
1960 2603 2108 2649 cogitet,
2151 2606 2290 2650 qualem

1308 2666 1379 2687 esse
1397 2653 1655 2688 invocationem
1674 2654 1710 2685 iu
1728 2651 1883 2686 Ecclesia
1908 2660 2076 2698 oporteat.
2130 2655 2290 2690 Primum
