2415 2942
109 130 183 166 613
304 127 405 165 X111.

207 212 351 248 Resutat
385 220 418 247 et
461 213 666 257 opinionem
713 209 966 246 monachorum
983 239 992 251 ,
1035 213 1094 257 qui

109 264 243 298 etiamsi
266 265 388 298 dicunt
404 262 584 298 Christum
605 277 676 297 esse
703 264 948 302 mediatorem,
977 269 1094 295 tamen

108 328 182 348 non
201 315 323 348 dicunt
342 316 385 348 de
410 316 496 356 fide,
525 327 592 360 qua
616 321 750 358 oportet
776 310 992 356 apprehendi
1021 325 1095 344 me-

111 366 284 399 diatorem
309 366 344 398 in
377 366 583 399 remissione
614 371 852 410 peccatorum:
880 370 1015 396 tantum
1041 363 1096 395 di-

109 423 193 449 cunt
219 424 356 460 peccata
386 417 515 449 remitti
550 423 691 459 propter
723 413 998 451 contritionem,
1041 414 1094 446 vel

108 467 176 499 alia
201 478 327 510 opera,
362 479 434 500 non
456 469 582 500 docent
609 467 675 498 fide
700 476 787 508 opus
814 475 904 504 esse,
941 463 1007 496 hoc
1032 470 1093 504 est,

108 517 253 558 fiducia,
286 529 374 562 quae
397 524 525 551 statuat
555 524 696 561 propter
719 513 896 549 Christum
922 514 1093 548 mediato—

110 580 184 600 rem
220 568 322 600 nobis
358 568 488 601 remitti
517 574 652 611 peccata
681 566 798 609 gratis,
856 564 954 598 Sicut
989 577 1092 610 supra

108 618 213 651 dixit:
251 617 364 660 Quem
382 620 495 662 posuit
520 617 789 662 propiciatorem
816 627 877 659 per
902 616 1021 656 fidem,
1055 623 1092 649 ut

107 668 258 701 sciamus
296 668 364 702 fide
406 669 573 712 applicari
620 669 722 701 nobis
764 666 971 700 beneficium
1019 679 1093 699 nie-

109 718 265 753 diatoris.

206 768 324 811 Quare
347 767 403 801 hic
430 769 525 803 locus
553 769 793 802 observandus
818 775 889 809 est,
916 774 956 801 ut
979 779 1091 812 oppo-

108 826 213 852 natur
232 817 455 864 hypocriticis
476 820 725 863 opinionibus,
753 831 861 865 quae,
888 830 1089 864 quanquam

107 870 144 902 iu
170 870 317 913 speciem
351 871 473 904 dicunt
498 872 540 903 de
562 871 771 911 mediatore,
813 877 928 903 tamen
953 882 990 902 re
1017 869 1089 912 ipsa

107 920 237 953 tollunt
261 921 505 962 mediatorem,
527 922 609 966 quia
627 934 699 954 non
717 922 843 954 docent
863 921 905 953 de
929 918 992 953 hac
1011 920 1089 958 fide,

105 981 192 1014 quae
218 977 267 1004 est
292 971 418 1004 fidncia
447 972 628 1016 applicans
653 972 756 1005 nobis
781 971 988 1004 beneficium
1015 982 1087 1002 me-

105 1020 271 1062 diatoris,
308 1033 367 1054 seu
404 1035 492 1067 quae
518 1023 644 1056 nititur
668 1023 879 1062 mediatore,
913 1028 946 1055 et
969 1021 1088 1054 statuit

106 1078 247 1115 propter
264 1073 377 1115 ipsum
398 1074 499 1106 nobis
517 1074 623 1116 gratis
642 1073 773 1107 remitti
791 1079 928 1116 peccata
948 1079 1010 1107 etc.

206 1121 321 1157 Nono.
376 1123 506 1157 lterum
530 1122 596 1158 hoc
622 1125 699 1157 loco
724 1123 965 1159 testimonium
985 1128 1088 1162 extat,

105 1173 198 1218 quod
234 1173 318 1206 fides
358 1174 529 1217 significet
568 1175 732 1208 fiduciam
768 1174 987 1214 mediatoris,
1028 1185 1088 1205 seu

105 1223 292 1262 fiduciam,
331 1237 419 1269 quae
454 1223 687 1269 apprehendit
720 1226 886 1269 gratiam,
925 1223 991 1257 hoc
1027 1230 1087 1264 est,

105 1274 401 1313 misericordiam,
437 1276 518 1320 quia
544 1276 675 1321 inquit:
717 1276 805 1309 Fide
830 1274 1000 1309 habemns
1029 1287 1085 1307 ac·-

105 1335 238 1356 cessnm
263 1324 300 1356 in
323 1322 412 1358 hanc
433 1327 592 1368 gratiam.
646 1326 741 1360 Haec
764 1339 835 1359 non
863 1332 1008 1370 possunt
1031 1325 1086 1356 in-

106 1374 217 1417 telligi
239 1375 281 1407 de
300 1376 428 1408 noticia
453 1373 636 1417 historiae,
662 1379 720 1410 sed
744 1378 786 1410 de
811 1376 936 1409 fiducia
963 1387 1086 1418 appre-

104 1422 281 1457 hendente
303 1418 468 1467 gratiam,
505 1427 540 1459 id
570 1434 638 1466 est,
681 1428 866 1471 gratuitam
891 1426 1086 1459 misericor-

102 1475 215 1515 diam,
239 1476 418 1517 videlicet‚
447 1477 692 1511 remissionem
713 1484 952 1521 peccatorum,
973 1483 1006 1510 et
1021 1476 1087 1509 im-

103 1526 319 1568 putationem
336 1527 504 1563 iusticiae.
556 1527 652 1562 Haec
672 1529 765 1562 enim
784 1528 927 1574 proprie
953 1527 1087 1571 signifi-

103 1583 156 1610 cat
175 1573 239 1610 hoc
263 1577 340 1611 loco
364 1578 485 1621 gratia.

252 1657 472 1695 Gloriamus
492 1660 560 1695 sub
583 1673 645 1708 spe
670 1660 817 1708 gloriae
843 1660 928 1696 Dei.

206 1726 247 1761 In
269 1729 406 1772 epilogo
432 1730 596 1774 repetivit
619 1730 847 1774 principalem
875 1729 1087 1773 propositio·

107 1790 187 1811 nem
205 1779 247 1811 de
263 1779 528 1822 iustificatione,
561 1787 593 1814 et
611 1781 813 1821 admonuit,
847 1779 972 1823 Quod,
1000 1780 1088 1814 sicut

104 1830 171 1862 fide
187 1829 434 1872 iustificamur,
463 1831 510 1865 ita
534 1831 699 1875 deinceps
722 1831 831 1864 sancti
852 1838 1003 1864 statuere
1026 1832 1087 1864 de-

106 1881 228 1920 beant,
254 1893 289 1914 se
313 1881 379 1914 fide
402 1882 511 1915 iustos
526 1893 616 1923 esse,
651 1894 723 1916 non
745 1888 888 1927 propter
905 1882 1085 1926 propriam

104 1931 320 1974 dignitatem.

206 1980 277 2014 lam
311 1989 447 2026 poterat
478 1983 711 2026 interrogari,
756 1983 870 2028 qualis
900 1982 1006 2025 igitur
1037 1990 1085 2016 est

106 2031 171 2065 ista
186 2032 323 2066 iusticia
339 2041 372 2067 et
389 2034 550 2067 liberatio
568 2046 587 2067 a
603 2041 743 2079 peccato
759 2041 792 2068 et
810 2046 828 2067 a
847 2042 957 2067 morte
970 2060 978 2074 ,
1006 2045 1084 2066 cum

108 2080 222 2115 adhuc
246 2080 387 2118 haereat
413 2085 450 2117 in
477 2085 580 2118 nobis
605 2092 800 2129 peccatum,
827 2091 861 2118 et
885 2085 993 2117 simus
1020 2085 1084 2117 ob-

111 2132 207 2166 noxii
225 2135 341 2174 morti,
374 2135 446 2167 imo
462 2135 570 2169 simus
588 2136 743 2180 oppressi
760 2136 926 2169 omnibus
944 2135 1084 2168 calami-

109 2184 264 2217 tatibus?
306 2184 400 2227 Quid
419 2193 500 2219 sunt
517 2187 692 2220 consecuti
710 2188 890 2221 credentes
908 2198 990 2230 prae
1008 2186 1086 2218 aliis

111 2232 342 2269 hominibus?
387 2235 484 2270 Sicut
513 2238 616 2270 multi
646 2237 845 2272 deriserunt
868 2236 1086 2272 Christianos

110 2286 350 2329 praedicantes
380 2287 624 2321 liberationem
650 2300 668 2320 a
691 2295 829 2331 peccato
860 2295 893 2321 et
916 2301 934 2322 a
964 2295 1088 2328 morte,

111 2347 189 2369 cum
221 2337 358 2370 nullum
390 2349 499 2380 genus
535 2336 720 2372 hominum
759 2339 803 2373 sit
840 2339 1086 2372 calamitosius,

114 2385 188 2420 lmo
212 2395 244 2421 et
267 2395 468 2422 sanctorum
494 2389 726 2423 conscientiae
742 2413 751 2427 ‚
792 2401 870 2422 cum
895 2397 1089 2433 agnoscunt

115 2449 210 2470 suam
227 2438 482 2481 infirmitatem,
509 2440 649 2480 dolent,
674 2447 708 2473 et
727 2440 905 2473 luctantur
926 2452 1004 2473 cum
1024 2441 1089 2473 du-

115 2487 301 2530 bitatione,
336 2490 572 2534 disputantes‚
603 2489 661 2524 An
688 2489 763 2524 Deo
786 2491 968 2534 placeant,
1011 2503 1089 2524 cum

117 2539 203 2572 adeo
228 2540 298 2573 sint
322 2540 465 2577 infirmi,
530 2541 603 2575 Nec
626 2548 676 2575 est
700 2542 786 2574 levis
812 2543 978 2583 tentatio,
1010 2542 1091 2587 quia

116 2601 194 2622 cum
220 2590 302 2623 fides
324 2603 364 2624 ex
389 2593 494 2626 verbo
524 2593 648 2627 debeat
681 2594 850 2636 pendere,
883 2599 916 2626 et
943 2599 1092 2626 statuere

115 2641 210 2684 quod
235 2639 328 2674 Deus
351 2650 442 2676 certo
466 2644 643 2689 propicius
667 2644 710 2678 sit
736 2650 878 2688 propter
904 2641 1093 2685 Christum,

116 2697 233 2725 nostra
259 2691 441 2728 infirmitas
464 2692 531 2729 hoc
554 2695 666 2730 oculis
689 2701 721 2729 et
744 2707 847 2730 sensu
865 2692 1094 2740 comprehen-

459 129 492 162 2.
522 125 776 163 COMMENT
791 124 898 162 AR11
925 125 977 162 IN
1003 125 1158 162 EPIST.
1185 122 1331 161 PAULI
1362 123 1428 160 AD
1456 124 1717 162 ROMANOS.

1769 126 1872 164 CAP.
1903 128 1944 164 V.
2064 131 2137 168 614

1150 213 1230 245 dere
1255 218 1413 245 conatur.
1482 210 1564 245 Ideo
1590 218 1621 246 et
1650 210 1905 257 Anabaptistae
1932 216 2134 258 vituperant

1149 263 1344 296 doctrinam
1371 263 1471 301 fidei,
1502 271 1533 296 et
1559 263 1680 297 dicunt
1706 265 1791 297 alias
1813 266 1976 300 coelestes
2000 268 2134 301 illumi-

1147 314 1306 347 nationes
1323 315 1536 357 quaerendas
1557 326 1640 349 esse.
1692 313 1739 348 Et
1756 322 1838 350 sunt
1854 317 1935 357 alii,
1961 319 2020 362 qui
2037 330 2132 352 som-

1147 364 1245 395 niant
1269 375 1302 395 se
1328 365 1396 395 iam
1421 361 1551 396 babere
1575 365 1740 407 gloriam,
1777 367 1810 398 id
1840 375 1908 408 est,
1942 369 2130 411 perfectam

1145 413 1401 451 obedientiam,
1438 420 1469 446 et
1498 414 1634 456 placere
1658 413 1750 455 Deo,
1789 425 2001 461 propterea,
2046 421 2128 465 quia

1146 463 1211 506 legi
1230 464 1462 504 satisfaciant,
1490 471 1523 496 et
1544 465 1615 498 sint
1632 465 1705 497 siue
1724 474 1875 509 peccato.

1246 511 1412 547 Occurrit
1437 514 1543 556 igitur
1567 514 1697 548 Paul-us
1720 517 1897 561 utrisque,
1925 521 2127 555 consolatur

1144 570 1300 602 sanctos,
1345 565 1404 608 qui
1439 572 1632 606 agnoscunt
1663 578 1759 598 suani
1792 567 2028 603 infirmitatem
2049 598 2056 611 ,
2094 578 2128 606 et

1145 616 1240 649 iubet
1258 626 1315 648 eos
1332 615 1493 657 gloriari,
1520 617 1578 648 sed
1596 627 1672 659 spe,
1705 623 1737 649 et
1762 624 1911 651 statuere
1941 622 2035 664 quod
2061 619 2126 655 ha-

1142 667 1247 699 beant
1262 665 1430 709 gloriam,
1460 666 1493 697 id
1515 676 1574 705 est,
1603 666 1793 700 novitatem
1821 675 1853 701 et
1880 670 1986 702 vitam
2013 678 2125 705 aeter-

1144 729 1242 755 nam,
1269 728 1357 761 quae
1381 717 1514 750 etiamsi
1541 718 1700 750 nondum
1727 718 1877 752 revelata
1900 726 1967 760 est,
2008 727 2125 755 tamen

1143 767 1245 800 nobis
1269 774 1361 800 certa
1389 774 1451 801 est.
1506 768 1623 809 Quare
1650 768 1884 802 conscientiae
1912 771 2044 805 debent
2066 784 2123 806 ac-

1141 819 1337 862 quiescere,
1365 830 1436 850 non
1453 818 1614 851 dubitare
1633 830 1671 851 ac
1690 819 1885 863 desperare,
1908 822 2043 855 etiamsi
2061 824 2124 856 ad-

1141 867 1208 902 huc
1225 869 1380 902 sentiunt
1405 869 1661 902 infirmitatem:
1689 870 1746 902 sed
1772 870 1867 904 iubet
1890 883 1948 915 spe
1966 873 2122 915 gloriari,

1140 920 1174 952 id
1200 926 1269 963 est,
1305 931 1378 952 non
1405 919 1533 952 debent
1557 920 1704 957 sentire,
1746 922 1840 965 quod
1875 919 2027 957 habeant
2054 924 2124 957 iam

1140 971 1326 1014 perfectam
1349 970 1558 1010 novitatem,
1594 983 1656 1004 nec
1680 971 1806 1004 debent
1832 972 1917 1005 alias
1941 974 2124 1008 illumina-

1137 1022 1249 1055 tiones
1265 1033 1442 1066 quaerere,
1469 1022 1526 1054 sed
1546 1021 1704 1054 resistere
1720 1022 1756 1054 in
1772 1023 1892 1064 verbo,
1911 1031 1942 1057 et
1958 1031 2122 1066 statuere,

1139 1073 1232 1117 quod
1260 1072 1327 1104 fide
1351 1073 1510 1119 placeant
1543 1079 1686 1116 propter
1714 1070 1918 1114 Christum,
1962 1082 1995 1109 et
2026 1077 2122 1120 quod

1139 1121 1220 1156 haec
1245 1123 1383 1156 novitas
1411 1123 1570 1155 nondum
1601 1123 1644 1157 sit
1673 1123 1841 1167 perfecta,
1879 1126 1973 1169 quod
2005 1124 2121 1160 adhuc

1138 1172 1255 1207 hereat
1274 1173 1309 1205 in
1328 1173 1430 1207 nobis
1447 1180 1635 1217 peccatum.

1227 1222 1291 1257 Est
1308 1235 1388 1268 ergo
1405 1223 1595 1257 sententia:
1616 1223 1763 1258 Etiamsi
1780 1226 1934 1260 mundus
1951 1233 1983 1262 et
2001 1234 2120 1262 nostra

1138 1275 1226 1308 ratio
1250 1275 1409 1308 iudicant
1434 1285 1498 1307 nos
1523 1286 1595 1308 non
1628 1272 1758 1310 habere
1789 1277 1955 1320 gloriam,
1998 1279 2033 1312 id
2057 1286 2120 1321 est,

1138 1326 1382 1359 liberationem
1414 1337 1432 1359 a
1459 1332 1598 1370 peccato
1632 1333 1664 1360 et
1687 1339 1704 1360 a
1736 1336 1869 1368 morte,
1912 1335 2030 1362 tamen
2055 1342 2121 1364 nos

1137 1377 1350 1420 gloriamur,
1373 1377 1407 1409 id
1426 1383 1502 1417 est,
1537 1377 1699 1411 ducimus
1726 1391 1790 1411 nos
1816 1377 1946 1412 habere
1971 1381 2120 1422 gloriam

1138 1427 1252 1466 illam,
1282 1439 1350 1472 qua
1372 1426 1466 1460 Deus
1492 1439 1556 1461 nos
1580 1428 1809 1470 glorificabit,
1851 1431 1910 1463 sed
1935 1437 2119 1474 speratam.

1138 1478 1207 1523 Spe
1232 1476 1347 1511 adhuc
1371 1485 1529 1512 tenemus
1546 1503 1554 1517 ‚
1596 1480 1653 1511 sed
1678 1486 1794 1513 tamen
1819 1478 1903 1514 haec
1927 1492 2003 1525 spes
2027 1488 2121 1516 certa

1138 1536 1206 1567 est,
1234 1541 1305 1562 non
1322 1529 1424 1563 fallit.
1476 1527 1533 1562 Ad
1559 1531 1709 1563 eundem
1732 1532 1876 1564 modum
1898 1532 2054 1576 loquitur
2075 1534 2120 1566 ad

1139 1579 1300 1613 Galatas:
1335 1578 1408 1612 Nos
1431 1579 1556 1623 spiritu
1580 1592 1618 1612 ex
1641 1581 1707 1613 fide
1729 1593 1824 1625 spem
1843 1581 2001 1616 iusticiae
2017 1594 2122 1627 expe-

1139 1637 1286 1664 ctamus:
1316 1630 1350 1662 id
1370 1638 1438 1670 est,
1471 1628 1547 1663 Etsi
1569 1628 1683 1664 adhuc
1700 1631 1873 1665 immundi
1896 1644 2037 1674 sumus,
2067 1640 2121 1667 ta-

1140 1692 1219 1713 men
1245 1681 1311 1713 fide
1332 1680 1504 1723 placemus
1523 1687 1555 1714 et
1572 1689 1790 1725 expectamus
1808 1683 1996 1727 perfectam
2016 1684 2121 1717 novi-

1138 1738 1255 1767 tatem.
1316 1730 1366 1764 lta
1393 1730 1449 1764 hic
1471 1733 1588 1772 docet,
1615 1733 1708 1776 quod
1733 1734 1843 1767 sancti
1868 1734 2029 1767 nondum
2055 1732 2121 1768 ha—

1139 1782 1243 1815 beant
1261 1783 1445 1826 perfectam
1464 1782 1672 1823 novitatem,
1700 1790 1732 1817 et
1756 1791 1873 1818 tamen
1891 1784 2033 1818 interim
2053 1785 2121 1819 fide

1139 1833 1314 1876 placeant,
1340 1840 1372 1867 et
1389 1844 1448 1876 spe
1465 1833 1672 1875 glorientur,
1700 1835 1734 1867 id
1754 1842 1815 1876 est,
1842 1847 1901 1878 spe
1920 1834 2120 1879 possideant

1138 1895 1265 1916 novam
1283 1890 1463 1924 naturam,
1485 1890 1663 1917 aeternam
1682 1885 1808 1925 vitam,
1834 1898 1962 1920 novam
1981 1886 2119 1931 sapien-

1138 1935 1238 1976 tiam,
1266 1946 1393 1968 novam
1413 1934 1598 1969 iusticiam⁶

1203 2014 1279 2052 Nec
1296 2013 1338 2050 id
1351 2014 1489 2056 solum,
1519 2017 1750 2051 verumetiam
1766 2016 1978 2064 gloriamur
1992 2024 2051 2056 etc.

1238 2084 1349 2119 Addit
1385 2085 1650 2119 correctio-nem.
1715 2084 1789 2119 lino
1825 2087 1937 2131 reipsa
1971 2087 2119 2131 gloriam

1137 2134 1324 2177 habemus,
1359 2148 1432 2169 non
1461 2143 1597 2169 tantum
1631 2143 1822 2180 speratam,
1863 2139 1922 2171 sed
1955 2150 2120 2182 praesen-

1136 2194 1217 2223 tem.
1272 2186 1371 2230 Quae
1389 2194 1438 2221 est
1455 2187 1541 2220 illa?
1568 2186 1801 2221 Afflictiones.

1238 2237 1340 2271 Hanc
1356 2238 1585 2271 necessariam
1609 2239 1882 2271 consolationem
1900 2239 2047 2284 opponit
2065 2239 2120 2274 iu-

1138 2289 1240 2322 diciis
1264 2290 1389 2322 mundi
1415 2296 1447 2322 et
1474 2289 1632 2323 rationis.
1686 2288 1845 2322 Mundus
1874 2291 1968 2324 videt
1987 2302 2051 2324 nos
2067 2292 2119 2324 af-

1138 2340 1232 2383 fligi,
1270 2340 1363 2374 velut
1398 2341 1552 2372 desertos
1586 2348 1619 2372 ct
1649 2339 1794 2372 reiectos
1816 2351 1834 2372 a
1861 2338 1961 2381 Deo,
1996 2349 2029 2375 et
2054 2340 2120 2375 hoc

1139 2391 1303 2425 scandalo
1319 2391 1516 2424 deterretur
1530 2391 1573 2422 ab
1588 2389 1793 2432 Evangelio.
1838 2389 1923 2424 Item
1943 2392 2033 2425 ratio
2048 2393 2122 2437 ipsa

1140 2442 1332 2475 secundum
1362 2442 1473 2484 legem
1499 2441 1650 2483 iudicat,
1688 2441 1896 2475 afflictiones
1921 2454 1992 2476 esse
2014 2444 2122 2476 male-

1141 2493 1331 2533 dictiones,
1367 2493 1404 2525 id
1428 2498 1494 2532 est,
1537 2502 1591 2524 res
1617 2491 1727 2525 malas
1756 2499 1788 2525 et
1819 2493 1915 2535 signa
1942 2493 2013 2526 irae
2039 2494 2121 2528 Dei.

1142 2543 1271 2577 Paulus
1299 2549 1439 2576 econtra
1461 2543 1562 2575 docet
1584 2553 1648 2575 nos
1671 2544 1714 2575 de
1731 2543 2001 2585 afflictionibus,
2027 2546 2123 2590 quod

1142 2607 1214 2628 non
1234 2595 1305 2628 sint
1321 2593 1593 2634 maledictiones,
1610 2594 1667 2626 sed
1687 2593 1756 2627 sint
1775 2594 1877 2627 nobis
1892 2595 2075 2637 gloriosae,
2090 2596 2126 2628 id

1142 2653 1211 2684 est,
1240 2645 1334 2690 quod
1356 2656 1426 2677 non
1445 2643 1514 2678 sint
1531 2643 1628 2688 signa
1645 2645 1716 2678 irae
1734 2644 1820 2687 Dei,
1855 2646 1913 2679 sed
1939 2646 2037 2690 signa
2061 2647 2127 2680 bo-

1143 2708 1208 2731 nae
1223 2695 1414 2730 voluntatis
1430 2693 1507 2730 Dei.

1622 2744 1704 2794 3⁹⁸5
