2415 2942
247 95 317 131 163

250 180 310 225 qni
336 185 420 212 esset
437 178 648 211 liberaturus
669 173 836 218 populum
864 183 882 204 a
905 170 1070 203 servitute
1095 168 1229 202 alienae

251 229 519 267 dominationis,
557 234 760 259 excussurus
788 229 955 268 tyrannos
977 232 994 253 e
1018 219 1153 263 regnis,
1197 225 1230 252 et

250 287 482 324 occupaturus
499 276 642 319 imperia
661 274 798 306 mnndi.
854 271 976 316 ltaque
998 271 1150 313 legentes
1173 276 1230 303 aut

250 331 430 364 audientes
462 327 543 360 talia
569 324 751 364 vaticinia,
788 322 1072 365 imaginabantur
1096 321 1165 354 dici
1190 321 1233 353 de

250 380 384 423 ingenti
410 379 567 410 ubertate
593 376 768 408 bonorum
793 373 1050 418 corporalium,
1076 371 1232 404 somnia-

249 431 333 463 bant
355 438 496 461 auream
527 433 696 466 aetatem,
738 425 774 457 in
801 436 868 469 qua
893 422 1039 456 Messias
1063 422 1233 456 allaturus

250 486 336 512 esset
359 479 407 511 eis
424 478 619 510 libertatem
640 483 672 509 et
691 476 857 520 imperia,
886 480 924 507 ut
939 474 1140 507 fruerentur
1157 472 1233 516 opi-

249 531 332 571 bus,
359 528 617 573 voluptatibuS‚
645 534 708 560 etc.

352 603 446 636 Ilaec
467 601 670 645 imaginatio
686 599 752 634 hoc
775 600 852 633 loco
870 600 1060 640 refutatur,
1085 606 1117 633 et
1133 597 1234 632 addi-

251 663 309 690 tur
327 654 584 698 interpretatio,
612 651 696 685 haec
719 651 810 684 dicta
836 648 1038 694 prophetica
1066 661 1137 682 non
1162 660 1233 682 esse

252 706 479 748 intelligenda
498 706 539 736 de
558 703 678 747 politia
697 709 755 735 aut
772 713 878 743 regno
897 702 1090 738 mundano,
1114 701 1170 732 sed
1190 700 1233 731 de

252 756 330 790 aliis
363 755 625 799 spiritualibus,
666 760 698 786 et
725 751 874 785 aeternis
903 751 1114 790 beneficiis‚'
1146 761 1234 794 quae

253 812 517 850 consequuntur
535 802 590 843 hi,
619 803 679 848 qui
694 804 839 836 credunt
859 800 1145 842 vociEvangelii,
1172 811 1234 843 per

253 869 358 902 qnam
376 857 493 889 efficax
513 863 560 888 est
580 854 731 897 Spiritus
755 858 893 884 sanctus
918 851 953 883 in
979 851 1156 883 mentibus
1176 862 1234 882 eo-

253 921 350 948 rum,
378 907 438 951 qui
458 905 613 950 oppressi
630 903 822 937 terroribus
847 902 918 933 irae
933 900 1016 941 Dei,
1050 913 1088 933 ac
1111 900 1234 933 mortis

254 965 427 996 aeternae,
454 962 595 1000 propter
612 960 800 998 peccatum,
832 951 899 985 fide
916 951 1140 985 assentientes
1152 963 1234 995 pro-

253 1007 500 1044 missionibus,
531 1016 651 1038 rursus
675 1004 873 1047 eriguntur,
899 1009 932 1036 et
955 1002 1133 1046 accipiunt
1150 1013 1234 1034 con-

253 1059 481 1097 solationem,
524 1063 558 1089 et
582 1057 759 1088 donantur
783 1065 873 1086 nova
904 1053 998 1090 luce,
1038 1052 1175 1086 iusticia
1202 1057 1236 1085 et

253 1110 324 1143 vita
343 1115 492 1141 aeterna.
547 1105 642 1138 Haec
668 1105 714 1138 ait
731 1101 893 1137 Christus
910 1114 945 1136 se
963 1103 1098 1136 efficere
1114 1102 1150 1135 in
1168 1101 1236 1135 Ec-

254 1160 357 1194 clesia
378 1160 413 1191 in
432 1156 504 1195 his,
534 1156 594 1201 qui
613 1157 776 1195 credunt,
804 1160 836 1187 et
862 1152 946 1187 haec
969 1153 1136 1186 beneficia
1153 1153 1237 1186 affe-

254 1217 337 1244 runt
355 1210 458 1242 etiam
476 1209 634 1251 ingentes
649 1207 800 1245 fructus,
834 1216 906 1237 non
933 1211 1068 1237 tantum
1092 1203 1129 1236 in
1153 1203 1237 1247 ipsis

254 1260 479 1294 credentibus
496 1258 645 1291 existunt
665 1257 747 1289 novi
765 1263 897 1295 motus,
924 1255 1030 1287 timor
1045 1254 1130 1292 Dei,
1155 1265 1236 1286 vera

254 1312 357 1352 fides,
386 1322 465 1343 vera
487 1308 673 1346 invocatio=
701 1314 734 1340 et
750 1306 879 1339 similes
896 1312 1011 1337 motus
1029 1305 1237 1348 spirituales,

255 1363 314 1395 sed
332 1361 435 1395 etiam
455 1361 610 1404 ipsorum
636 1357 830 1390 ministerio
849 1362 1062 1403 propagatur
1077 1355 1236 1388 doctrina

253 1410 456 1455 Evangelii,
500 1409 734 1443 instituuntur
770 1408 874 1440 rudes
908 1407 1062 1449 ipsorum
1103 1405 1237 1438 conses-

255 1464 375 1506 sione,
403 1468 434 1495 et
452 1460 616 1504 exemplis
636 1459 831 1492 invitantur
854 1457 926 1490 alii.
980 1456 1031 1489 De
1049 1453 1103 1488 his
1122 1456 1237 1488 omni—

254 1515 321 1547 bus
342 1512 520 1546 beneficiis
541 1511 589 1544 ait
613 1510 787 1542 Psalmns:
831 1506 1028 1541 Ascendisti
1052 1506 1089 1538 in
1112 1507 1234 1546 altum,

255 1565 426 1607 captivam
443 1561 570 1595 duxisti
592 1560 844 1603 captivitatem,
876 1558 1036 1601 accepisti
1059 1558 1150 1589 dona
1172 1554 1236 1588 ho-

253 1615 428 1654 minibus,
462 1621 495 1646 et
510 1614 552 1644 de
576 1611 699 1643 iisdem
726 1609 936 1642 vaticinatur
961 1608 1091 1641 dictum
1116 1607 1236 1640 Io'e'lis:

255 1663 446 1699 Effundam
465 1665 507 1696 de
523 1661 649 1707 spiritu
670 1673 747 1693 meo
766 1671 869 1704 super
881 1671 1022 1691 omnem
1038 1669 1188 1692 carnem.

357 1738 493 1773 Docent
515 1737 622 1780 igitur
645 1747 708 1768 nos
732 1732 797 1767 hae
819 1733 1030 1772 sententiae,
1070 1732 1172 1777 quale
1195 1732 1238 1765 sit

256 1802 402 1834 regnum
420 1788 568 1828 Christi,
596 1786 776 1825 videlicet,
804 1796 876 1817 non
902 1795 973 1816 esse
1000 1783 1169 1816 iusticiam
1188 1783 1237 1815 le-

256 1843 325 1885 gis,
354 1847 412 1874 aut
431 1840 709 1885 qualemcunque
734 1835 950 1879 corporalem
975 1845 1033 1866 seu
1058 1833 1236 1877 politicam

257 1892 495 1935 disciplinam:
535 1889 593 1921 sed
618 1899 671 1920 res
704 1893 882 1923 aeternas,
925 1896 1013 1928 quae
1038 1884 1237 1917 efficiuntur

256 1945 292 1975 in
310 1942 476 1976 cordibus
500 1938 739 1977 credentium,
768 1938 849 1969 dato
874 1935 1009 1978 Spiritu
1035 1941 1172 1976 sancto,
1199 1941 1236 1967 ut

256 1994 471 2036 significatur
490 1991 525 2022 in
553 1988 607 2022 his
632 1988 761 2021 verbis:
796 1986 958 2019 Flumina
977 1986 1019 2018 de
1039 1992 1158 2018 ventre
1177 1996 1236 2018 seu

257 2046 299 2076 de
318 2043 507 2076 visceribus
524 2041 596 2072 eius
615 2039 742 2077 ssuent,
770 2038 858 2071 sicut
876 2037 959 2069 alihi
985 2035 1130 2069 dicitur:
1164 2035 1235 2069 Re-

259 2107 365 2131 gnum
387 2093 452 2125 Dei
477 2093 568 2124 intra
594 2101 653 2122 vos
677 2095 737 2122 est.
795 2087 971 2121 Docemur
997 2087 1098 2127 item,
1131 2083 1236 2119 Chri-

258 2129 348 2177 stum
366 2156 436 2176 non
456 2154 527 2174 esse
548 2141 720 2179 otiosum,
747 2145 805 2171 aut
827 2137 893 2170 sibi
920 2144 1055 2170 tantum
1081 2148 1236 2179 regnare,

259 2196 316 2227 sed
335 2207 405 2226 esse
425 2193 595 2226 efficacem
621 2191 741 2223 divina
767 2188 917 2231 potentia
945 2188 980 2219 in
998 2187 1172 2227 Ecclesia,
1204 2194 1237 2220 et

259 2246 401 2290 quidem
433 2243 611 2286 impertire
649 2247 787 2274 aeterna
826 2238 1009 2278 beneficia,
1050 2238 1237 2271 iustificare

259 2297 455 2334 credentes,
489 2292 701 2326 sanctificare
734 2291 816 2323 dato
842 2288 977 2331 Spiritu
1003 2294 1142 2326 sancto,
1173 2289 1236 2321 de-

258 2346 400 2379 fendere
424 2352 455 2377 et
479 2355 614 2376 servare
630 2341 820 2374 Ecclesiam
845 2340 1008 2371 adversus
1033 2346 1236 2381 potestatem

259 2396 410 2434 diaboli,
437 2395 574 2426 incoarc
589 2405 715 2425 novam
739 2398 771 2424 et
789 2397 963 2423 aeternam
984 2389 1089 2420 vitam
1110 2389 1144 2420 in
1162 2401 1237 2421 cre-

260 2446 437 2479 dentibus.
489 2443 671 2476 Discamus
692 2454 772 2484 ergo
791 2451 974 2483 agnoscere
999 2436 1083 2471 haec
1108 2440 1238 2471 benefi-

260 2498 332 2537 cia,
359 2509 397 2528 ac
419 2496 455 2527 in
472 2493 685 2538 poenitentia
708 2503 863 2525 exercere
888 2491 1012 2528 fidem,
1047 2496 1237 2522 statuamus

260 2545 440 2580 Christum
471 2546 507 2577 in
538 2544 640 2576 nobis
672 2554 810 2587 quoque
832 2540 1003 2574 efficacem
1027 2540 1120 2580 fore,
1157 2551 1235 2572 cum

262 2596 325 2630 hac
349 2598 414 2629 fide
443 2595 685 2627 invocabimus
717 2605 794 2625 eum
830 2592 923 2624 iuxta
951 2590 1234 2635 promissionem:

260 2647 367 2682 Dabit
383 2646 553 2691 Spiritum
569 2651 724 2679 sanctum
742 2643 940 2688 petentibus
955 2654 1000 2678 se.

838 85 963 123 PIllL.
989 84 1103 120 MEL.
1138 78 1348 118 SCRIPTA
1380 77 1678 118 EXEGETICA.

2191 82 2265 120 164

1382 165 1489 209 Quod
1502 167 1623 201 addit:
1658 166 1812 212 Spiritus
1835 175 1973 203 sanctus
1997 168 2158 203 nondum
2182 175 2267 212 erat,

1283 216 1364 262 quia
1389 215 1553 252 Christus
1578 219 1739 252 nondum
1765 219 1845 261 eratf
1863 219 2084 262 glorificatus,
2144 218 2267 253 Palam

1284 275 1335 302 est
1357 280 1429 301 non
1448 266 1514 301 hoc
1533 269 1622 310 dici,
1649 269 1742 314 quod
1761 281 1833 302 non
1851 269 1998 303 extiterit
2015 281 2164 316 persona
2184 269 2270 314 Spi-

1285 319 1374 352 ritus
1391 319 1500 352 sancti
1512 345 1521 360 ‚
1547 327 1608 353 ant
1625 320 1718 365 quod
1739 319 1892 363 Spiritus
1917 326 2055 354 sanctus
2070 332 2143 353 nou
2160 320 2268 355 fuerit

1287 369 1406 403 efficax
1435 370 1473 403 in
1503 368 1658 403 Ecclesia
1695 377 1775 404 ante
1804 367 1986 404 Christum
2023 370 2266 414 glorificatum.

1286 419 1373 453 Nam
1399 432 1504 463 supra
1522 420 1558 453 in
1583 418 1729 455 historia
1743 420 1926 463 Evangelii
1953 420 2044 454 clare
2060 420 2201 455 recitata
2217 427 2269 455 est

1286 470 1492 503 admiranda
1515 471 1700 512 revelatio,
1733 471 1820 504 facta
1837 469 2032 515 Baptistae,
2064 482 2131 515 qua
2152 471 2268 504 mani-

1286 521 1369 554 fcste
1386 521 1634 556 discernuntur
1650 521 1950 566 personaePatris,
1973 528 2006 555 et
2021 521 2120 562 Filii,
2144 527 2177 555 et
2186 520 2269 566 Spi-

1286 571 1374 605 ritus
1389 571 1517 612 sancti,
1544 579 1577 606 et
1592 579 1726 607 constat
1748 573 1830 605 inde
1847 583 1957 617 usque
1982 573 2026 605 ab
2049 571 2152 605 initio
2175 582 2268 605 sem-

1287 634 1348 665 per
1366 620 1557 655 Ecclesiam
1583 624 1656 666 regi
1681 629 1715 656 et
1738 622 1943 657 sanctificari
1968 622 2104 666 Spiritu
2136 628 2268 661 sancto,

1287 673 1374 705 sicut
1392 671 1517 706 Petrus
1540 673 1582 705 de
1599 671 1788 717 Prophetis
1813 673 1879 714 ait,
1905 684 1964 706 eos
1980 672 2206 718 exquisivisse
2223 673 2268 706 de

1287 723 1473 756 revelanda
1490 724 1618 765 salute,
1645 730 1856 762 scrutantes,
1883 724 1976 768 quod
2001 729 2137 766 tempus
2156 722 2268 765 signi-

1287 773 1401 806 ficaret
1418 773 1560 816 spiritus
1577 772 1724 815 Christi,
1751 774 1813 819 qui
1835 773 1871 806 in
1895 773 1945 806 eis
1972 779 2065 814 erat,
2091 779 2125 806 et
2140 773 2176 806 2.
2192 771 2267 808 Pet.

1290 824 1320 858 1.
1337 823 1480 857 dicitur:
1517 823 1652 868 Spiritu
1678 831 1796 858 sancto
1821 824 2010 868 inspiratos
2034 823 2169 856 locutos
2193 834 2267 856 esse

1287 871 1497 917 Prophetas,
1532 881 1595 910 etc.
1648 874 1767 917 Quare
1791 886 1929 908 necesse
1952 881 2003 907 est
2024 873 2175 916 intelligi
2197 869 2266 907 hoc

1286 925 1418 957 dictum
1448 925 1491 956 de
1518 925 1702 959 manifesta
1739 925 1938 959 ostensione
1968 924 2120 968 Spiritus
2149 924 2269 966 sancti,

1287 986 1347 1007 seu
1371 975 1414 1006 de
1439 975 1634 1009 ministerio
1672 976 1786 1019 palam
1815 983 1849 1010 et
1873 975 2014 1020 publice
2044 973 2268 1019 promulgato

1288 1036 1349 1067 per
1366 1023 1538 1068 Spiritum
1561 1032 1739 1066 sanctum,
1771 1027 1860 1060 sicut
1884 1025 2125 1069 praecedentia
2147 1025 2265 1059 verba.

1287 1074 1382 1108 Haec
1415 1081 1528 1108 autem
1559 1076 1696 1110 dicebat
1717 1077 1760 1109 de
1784 1076 1928 1120 spiritu,
1962 1087 2065 1121 quem
2092 1075 2268 1119 accepturi

1287 1131 1386 1158 erant
1411 1126 1608 1169 credentes,
1649 1127 1742 1159 clare
1774 1127 1970 1169 significant
2001 1129 2086 1159 eum*
2108 1126 2267 1159 locutum

1288 1187 1360 1208 esse
1376 1176 1418 1208 de
1435 1176 1501 1208 hoc
1519 1176 1661 1220 publico
1682 1177 1878 1210 ministerio
1890 1202 1899 1217 ,
1923 1188 1985 1220 per
2001 1177 2096 1222 quod
2112 1175 2269 1221 Spiritus

1287 1232 1427 1260 sanctus
1442 1227 1559 1259 efficax
1576 1234 1627 1261 est
1644 1228 1681 1260 in
1700 1227 1936 1262 credentibus-

1390 1275 1612 1320 Intelligatur
1628 1289 1708 1321 ergo
1726 1275 1783 1311 hic
1799 1277 1931 1322 opponi
1949 1275 2155 1311 ministeria.
2183 1273 2271 1311 Erat

1288 1333 1372 1360 tunc
1387 1327 1529 1371 quidem
1557 1328 1593 1360 in
1618 1329 1747 1372 populo
1772 1327 1877 1361 lsrael
1901 1328 2082 1371 publicum
2108 1327 2269 1361 ministe-

1287 1377 1380 1410 rium
1398 1378 1579 1411 doctrinae
1603 1379 1705 1420 legis,
1742 1386 1774 1413 et
1797 1378 2075 1412 ceremoniarum
2092 1376 2269 1411 Levitica-

1289 1439 1366 1460 rum
1385 1428 1494 1461 multo
1512 1435 1590 1461 ante
1613 1430 1765 1468 editum,
1801 1429 1982 1461 manifesta
2005 1428 2218 1461 revelatione
2236 1433 2269 1461 et

1289 1478 1484 1519 miraculis,
1512 1476 1578 1512 hoc
1597 1485 1733 1513 tantum
1755 1486 1859 1513 norat
1883 1485 1915 1512 et
1938 1478 2134 1512 mirabatur
2156 1489 2269 1522 popu-

1289 1528 1359 1561 lus:
1401 1529 1479 1562 ideo
1513 1530 1556 1562 de
1584 1529 1713 1563 Messia
1744 1527 1837 1563 nihil
1875 1529 1971 1562 aliud
2000 1528 2271 1571 imaginabatur,

1290 1591 1393 1623 qnam
1409 1591 1488 1612 eum
1505 1580 1579 1612 fore
1602 1580 1705 1613 talem
1732 1581 2018 1622 gubernatorem,
2054 1579 2114 1623 qui
2141 1590 2269 1622 propa-

1288 1636 1433 1672 gaturus
1456 1637 1544 1663 esset
1564 1628 1655 1664 hanc
1681 1631 1841 1674 politiam
1858 1629 2070 1669 Mosaicam,
2097 1629 2269 1662 divinitus

1290 1680 1534 1719 constitutam,
1561 1681 1596 1712 in
1617 1688 1728 1714 totum
1751 1682 1872 1714 orbem
1890 1687 2081 1719 terrarum,
2108 1690 2179 1711 non
2197 1678 2272 1711 exi-

1289 1730 1479 1763 stimabant
1500 1742 1577 1763 eum
1596 1731 1784 1764 allaturum
1806 1742 1878 1764 esse
1894 1730 1989 1763 aliud
2013 1740 2122 1772 genus
2138 1729 2270 1763 doctri-

1288 1792 1373 1820 nae,
1400 1793 1463 1813 nec
1480 1781 1723 1824 intelligebant
1747 1782 1820 1815 cius
1844 1793 1990 1824 regnum
2017 1780 2090 1813 fore
2112 1791 2183 1813 non
2210 1792 2269 1812 ex-

1288 1838 1422 1864 ternam
1444 1832 1624 1874 politiam,
1657 1833 1715 1865 sed
1740 1832 1969 1865 collecturum
1993 1842 2031 1862 ac
2054 1830 2269 1872 gubernatu·

1288 1893 1366 1914 rum
1383 1880 1593 1923 Ecclesiam,
1619 1882 1694 1915 sine
1719 1882 1825 1915 armis
1849 1888 1881 1915 et
1905 1880 2058 1924 potentia
2082 1880 2267 1924 corporali,

1287 1932 1361 1964 solo
1394 1932 1590 1964 ministerio
1623 1931 1828 1975 Evangelii,
1866 1932 1947 1964 dato
1979 1930 2112 1973 Spiritu
2137 1937 2268 1966 sancto.

1288 1981 1406 2025 Quare
1433 1989 1615 2027 postquam
1638 1983 1800 2027 apparuit
1823 1979 2000 2019 Christus,
2041 1991 2178 2013 necesse
2201 1980 2268 2015 fuit

1287 2032 1458 2065 divinitus
1480 2033 1536 2065 edi
1564 2033 1743 2077 publicum
1767 2032 2005 2066 testimonium
2027 2028 2133 2064 huius
2156 2042 2268 2064 novae

1288 2083 1485 2124 doctrinae,
1510 2094 1569 2116 seu
1585 2083 1771 2117 ministerii
1790 2082 1976 2127 spargendi
1992 2082 2029 2114 in
2047 2093 2167 2114 omnes
2182 2093 2267 2124 gen-

1287 2141 1348 2169 tes.
1403 2132 1441 2166 Id
1459 2134 1588 2168 factum
1605 2141 1654 2168 est
1675 2134 1780 2168 misso
1796 2134 1931 2177 Spiritu
1948 2138 2066 2166 sancto
2083 2132 2265 2165 manifesta

1288 2184 1416 2228 specie,
1445 2191 1478 2218 et
1496 2185 1672 2218 miraculis
1696 2191 1774 2232 post
1798 2182 1931 2218 Christi
1959 2181 2267 2223 resuscitationem,

1288 2247 1365 2268 cum
1385 2242 1557 2268 assumtus
1574 2242 1623 2268 est
1648 2237 1684 2268 in
1709 2236 1865 2278 coelum,
1898 2241 1936 2267 ut
1959 2239 2132 2266 constaret
2158 2233 2267 2276 ipsius

1288 2298 1431 2328 regnum
1452 2298 1523 2319 non
1541 2298 1611 2319 esse
1627 2287 1827 2331 corporale,
1862 2297 1925 2317 nec
1949 2283 2144 2317 doctrinam
2169 2283 2266 2325 legis,

1288 2344 1346 2370 aut
1364 2336 1520 2380 politiam
1547 2336 1681 2370 ludaiei
1706 2337 1847 2380 populi,
1877 2335 1934 2368 secl
1960 2333 2195 2366 ministerium
2222 2335 2265 2366 de

1289 2387 1465 2419 beneficiis
1489 2388 1550 2420 filii
1577 2386 1661 2431 Dei,
1696 2387 1812 2420 dantis
1836 2386 2005 2429 Spiritum
2028 2390 2208 2424 sanctum,
2234 2391 2268 2418 et

1288 2437 1461 2471 incoantis
1486 2450 1614 2471 novam
1640 2444 1672 2472 et
1693 2444 1869 2471 aeternam
1902 2435 2074 2469 iusticiam
2099 2441 2132 2468 et
2158 2434 2265 2468 vitam

1289 2488 1326 2520 in
1343 2488 1578 2524 credentibus.

1389 2538 1447 2571 Sic
1466 2539 1593 2571 clarius
1610 2538 1824 2581 intelligetur
1842 2535 1907 2570 hoc
1926 2536 2078 2578 dictum,
2103 2535 2130 2567 si
2150 2535 2266 2568 consi-

1289 2589 1428 2621 deretur
1456 2589 1642 2622 discrimen
1676 2589 1768 2622 inter
1799 2587 2032 2621 ministerium
2066 2586 2193 2619 veteris
2229 2597 2268 2619 ae

1289 2639 1372 2672 novi
1403 2640 1619 2682 testamenti,
1656 2641 1699 2673 de
1724 2651 1793 2685 quo
1816 2639 1901 2673 alibi
1927 2636 2100 2682 copiosius
2124 2636 2264 2671 dicitur.
