2415 2942
244 84 317 119 679

250 167 454 215 principalis
473 162 677 208 propositio.
711 159 886 204 Loquitur
902 159 1010 202 igitur
1027 161 1070 193 de
1089 160 1231 193 electio-

251 222 306 254 nis
325 219 466 253 effectu,
495 215 588 259 quod
616 213 658 245 sit
682 222 762 243 vera
783 208 936 244 Ecclesia
957 211 1062 244 electa
1082 223 1144 254 per
1167 211 1233 243 mi-

252 268 494 305 sericordiam,
519 271 550 297 et
570 264 660 296 toltit
679 273 797 295 causas
815 262 919 303 duas,
945 262 1233 307 propagationem

255 319 446 357 carnalem,
472 322 504 348 et
524 316 644 357 legem.

355 368 422 401 llic
457 367 655 409 disputatur
688 364 730 395 de
765 362 1104 406 praedestinatione,
1152 363 1234 396 item

255 422 297 454 dc
315 420 475 452 libertate
504 414 695 448 voluntatis
714 411 906 451 humanae,
934 420 967 446 et
992 415 1034 447 de
1053 414 1131 447 aliis
1155 414 1235 459 qui-

257 472 405 504 busdam
423 467 596 506 materiis,
624 464 784 497 videlicet
803 466 844 496 de
861 465 1013 507 generali
1040 472 1072 498 et
1094 465 1236 509 speciali

259 522 396 555 actione
418 518 503 555 Dei,
533 519 615 550 item
641 517 684 548 de
710 515 960 557 contingentia.
1014 515 1084 549 Nec
1109 523 1158 548 est
1182 516 1236 547 in-

261 573 346 606 utile
364 569 584 603 considerare
601 579 658 605 ea,
686 578 774 610 quae
791 567 833 597 de
858 567 961 599 rebus
985 567 1092 600 tantis
1113 566 1237 599 dicun·

261 631 336 661 tur,
363 622 419 653 sed
440 620 491 663 pie
511 626 637 652 etcum
656 618 780 650 timore
796 615 879 655 Dei,
905 617 1062 659 eligenda
1085 623 1166 650 sunt
1191 628 1241 656 ea,

262 685 329 718 qua
347 672 471 705 tradita
489 675 568 702 sunt
587 668 622 700 iu
640 667 841 711 scripturis,
870 674 903 700 et
927 664 1057 701 babent
1083 668 1241 700 testimo-

264 725 321 756 nia
356 728 574 764 receptorum
609 726 641 752 et
676 718 904 761 probatorum
938 718 1147 760 scriptorum
1164 741 1174 756 ‚
1210 723 1243 751 et

266 780 411 818 prosunt
431 769 664 804 conscientiis.
715 768 834 810 Quare
850 779 958 812 pauca
978 769 1148 813 quaedam
1165 768 1244 801 bre-

267 826 356 858 xiter
376 822 590 863 colligemus.

367 873 522 905 Primum
555 872 596 902 de
628 868 875 912 reprobatione
907 868 1124 912 impiorum,
1171 880 1245 900 non

267 923 477 957 dissentiunt
495 921 699 963 scriptores,
728 920 784 951 sed
804 919 956 952 fatentur
970 931 1091 952 omnes
1108 931 1245 952 causam

267 972 524 1018 reprobationis
544 971 578 1003 in
598 970 806 1002 damnandis
826 981 898 1002 esse
916 969 1059 1014 impiam
1084 970 1248 1002 voluuta—

270 1033 337 1059 tem
358 1032 389 1056 et
408 1029 542 1067 peccata
561 1034 692 1055 eorum.
745 1018 775 1053 E
791 1021 931 1063 regione
948 1032 1030 1053 vero
1044 1047 1053 1060 ,
1080 1022 1122 1053 de
1147 1033 1247 1053 causa

270 1072 597 1120 praedestinationis
648 1083 707 1104 seu
757 1071 936 1105 electionis
985 1071 1248 1111 salvandorum,

269 1126 485 1160 dissimiliter
509 1125 714 1168 loquuntur.

372 1175 596 1209 Recentiores
607 1171 811 1206 scholastici
830 1179 965 1206 tantum
983 1170 1139 1206 humano
1156 1173 1249 1205 iudi-

273 1227 327 1260 cio
353 1227 515 1259 dixerunt
541 1236 677 1256 causam
701 1223 880 1256 electionis
906 1235 976 1257 esse
1009 1224 1150 1264 merita,
1190 1235 1250 1257 seu

274 1278 366 1311 hona
386 1289 489 1320 opera
510 1276 641 1308 liberae
661 1274 848 1307 voluntatis
867 1272 1051 1307 humanae.
1104 1272 1150 1307 Et
1168 1272 1252 1306 haec

275 1327 478 1370 imaginatio
495 1333 568 1358 orta
586 1332 635 1358 cst
653 1337 690 1356 ex
707 1325 926 1367 ignoratione
938 1323 1131 1367 Evangelii.
1158 1324 1252 1367 Quia

276 1379 368 1411 enim
401 1377 566 1421 putabant
596 1373 775 1408 bominem
802 1375 978 1407 iustificari
1006 1382 1146 1418 propter
1170 1387 1251 1418 pro-

276 1430 386 1472 priam
413 1428 638 1469 dignitatem,
667 1437 728 1458 seu
757 1426 897 1464 merita,
925 1437 984 1458 seu
1013 1426 1251 1469 impletionem

275 1480 371 1522 legis,
432 1478 517 1511 Item
548 1477 717 1520 putabant
743 1477 851 1518 legem
879 1476 1036 1519 impleri,
1069 1482 1253 1509 assuerunt

279 1528 369 1563 hanc
397 1527 701 1570 imaginationem,
733 1527 824 1571 quod
850 1533 993 1570 propter
1012 1527 1252 1569 impletionem

276 1580 360 1622 legis
379 1579 536 1612 salvandi
553 1584 664 1610 essent
683 1577 793 1611 electi.
827 1577 894 1610 Sed
912 1576 1142 1619 Evangelium
1160 1578 1254 1609 affir-

277 1637 348 1664 mat
367 1630 542 1662 neminem
561 1628 626 1671 legi
644 1628 849 1668 satisfacere,
876 1627 1023 1672 ideoque
1041 1628 1133 1660 tollit
1149 1627 1254 1659 meri-

278 1688 372 1721 tum,
399 1681 492 1724 quod
510 1680 549 1712 ad
572 1679 849 1712 iustificationem
868 1685 901 1711 et
925 1678 1150 1712 salvationem
1174 1678 1255 1712 atti-

279 1738 349 1765 net.
403 1733 453 1764 Ac
471 1732 570 1763 docet
588 1727 747 1762 homines
762 1729 914 1773 reputari
934 1729 1044 1762 iustus
1066 1741 1127 1773 per
1149 1729 1253 1760 mise-

280 1784 465 1815 ricordiam
492 1787 634 1824 propter
658 1778 858 1820 Christum,
901 1792 974 1812 non
1001 1788 1141 1822 propter
1174 1792 1255 1823 pro·
1280 1792 1281 1810 ;

278 1835 388 1877 priam
423 1832 637 1874 dignitatem.
699 1829 793 1873 Ergo
819 1831 960 1878 propria
992 1831 1163 1873 dignitas,
1196 1842 1254 1863 seu

279 1884 419 1923 merita,
454 1895 512 1916 seu
536 1881 693 1924 impletio
716 1882 818 1925 legis,
859 1894 932 1915 non
957 1888 1037 1915 suut
1059 1894 1158 1914 causa
1186 1882 1257 1914 ele—

279 1934 413 1968 ctionis.

382 1984 502 2017 Altera
529 1982 696 2014 sententia
725 1988 791 2022 est,
821 1983 913 2026 quod
940 1983 1176 2016 misericordia
1192 1983 1257 2016 Dei

281 2037 324 2070 sit
341 2048 441 2068 cansa
458 2034 654 2070 electionis,
684 2033 770 2065 sicut
790 2032 919 2066 Paulus
935 2034 1024 2066 clare
1042 2035 1160 2074 docet,
1193 2034 1256 2066 linc

280 2137 403 2180 gratia.
463 2135 539 2167 Non
576 2134 667 2166 enirn
702 2135 828 2176 pendet
852 2132 1005 2166 Eminsia
1036 2135 1079 2167 ab
1103 2133 1256 2167 humano

282 2188 446 2223 consilio,
471 2192 528 2218 aut
546 2182 708 2217 humanis
726 2184 879 2222 xii-ibus,
906 2186 962 2217 sed
980 2183 1074 2218 Deus
1098 2186 1133 2217 in
1152 2184 1257 2218 Ciu-i-

282 2244 333 2271 sto
354 2237 474 2270 dilexit
492 2242 524 2269 et
541 2236 636 2278 eligit
650 2235 847 2268 salvandos.

378 2286 600 2320 Discruciant
623 2292 737 2318 autem
770 2283 826 2318 hie
849 2285 1005 2317 animum
1037 2286 1126 2318 duae
1152 2299 1255 2331 quae-

282 2338 411 2371 stiones
438 2339 480 2370 de
506 2337 684 2370 electione.
730 2334 904 2368 Prior'est
934 2337 976 2368 de
1004 2336 1172 2379 dignitate
1197 2349 1256 2370 seu

280 2390 417 2422 merito.
469 2387 629 2430 Disputat
646 2387 738 2419 enim
756 2387 909 2418 animus:
939 2386 975 2420 Si
991 2398 1099 2419 essem
1117 2388 1255 2430 dignus,

278 2501 345 2533 que
362 2495 626 2522 consecuturum
652 2499 721 2520 esse
746 2488 1040 2527 misericordiam,
1068 2496 1100 2521 et
1125 2496 1254 2522 caetera

277 2540 442 2572 beneficia
461 2539 639 2582 promissa.
693 2537 785 2570 Haec
803 2540 947 2571 tentatio
970 2552 986 2570 a
1008 2538 1139 2572 iudicio
1174 2540 1256 2581 legis

277 2591 408 2630 oritur,
435 2601 522 2633 quae
548 2588 693 2632 requirit
723 2589 926 2629 dignitatem
954 2596 984 2622 et
1003 2590 1136 2624 merita.
1188 2589 1254 2623 Ilii:

276 2640 382 2682 igitur
401 2641 499 2673 valde
523 2640 682 2683 prodest,
707 2645 823 2671 tenere
852 2640 1049 2673 doctrinam
1073 2639 1254 2683 Evangelii
1279 2646 1282 2685 g
1308 2644 1508 2685 voluntate,
1535 2643 1621 2677 etin
1646 2650 1824 2684 currente,
1851 2643 1978 2676 nonin
1998 2650 2224 2687 repugnante.

825 73 950 110 PHIL.
978 74 1094 110 MEL.
1123 73 1333 111 SCRIPTA
1358 74 1661 114 EXEGETICA.

2193 80 2270 116 680

1285 163 1326 195 de
1344 163 1492 205 gratuita
1511 162 1762 199 misericordia.
1815 164 1899 198 Ideo
1926 164 2019 198 enim
2038 162 2272 208 Evangelium

1285 213 1516 246 concionatur
1533 215 1575 247 de
1592 214 1742 256 gratuita
1760 214 1998 249 misericordia
2012 242 2020 257 ‚
2044 228 2116 248 non
2141 223 2177 248 ut
2195 215 2274 248 adi-

1286 271 1343 307 gat
1369 272 1502 298 mentes
1533 265 1576 297 ad
1603 265 1905 309 desperationem,
1944 268 2002 299 sed
2027 273 2066 300 ut
2093 267 2275 300 medeatur

1287 322 1425 349 nostrae
1449 316 1665 348 diffidentiae
1695 323 1728 349 et
1759 316 2007 359 desperationi.
2065 315 2111 350 Et
2134 317 2273 350 miseri-

1287 366 1407 399 cordia
1429 367 1641 406 ostenditur,
1674 378 1746 399 non
1772 373 1809 400 ut
1825 378 1889 399 nos
1914 364 2005 399 nihil
2028 378 2185 408 agamus,
2212 379 2274 401 seu

1261 451 1262 457 ,
1288 429 1360 449 nou
1393 417 1603 460 accipiamus
1627 419 1795 457 verbum,
1836 418 1893 450 sed
1921 424 1959 450 ut
1983 417 2129 450 tollatur
2153 425 2272 463 nostra

1262 492 1263 497 ,
1288 467 1459 511 dignitas,
1488 475 1521 501 et
1538 468 1745 501 beneficium
1767 467 1832 500 Dei
1858 467 1901 501 sit
1925 474 2069 500 certum.

1391 535 1491 568 Alter
1514 535 1699 579 scrupulus
1717 541 1766 568 est
1785 535 1828 567 de
1845 534 2128 578 particularitate.
2181 533 2273 577 Quia

1292 585 1385 619 enim
1405 587 1567 618 audimus
1587 586 1862 618 misericordiam
1878 597 1950 618 esse
1971 597 2109 618 causam
2132 585 2276 619 electio·

1292 636 1366 676 nis,
1391 642 1422 670 et
1441 644 1555 670 tamen
1573 648 1700 680 paucos
1718 636 1820 678 eligi,
1847 637 1957 680 magis
1980 636 2083 669 etiam
2103 636 2277 678 angimur,

1294 687 1531 730 disputamus,
1565 699 1608 720 an
1641 687 1685 720 sit
1713 688 1805 731 apud
1828 686 1942 720 Deum
1971 685 2276 733 προσωποληψία.

1297 737 1382 770 ltem
1395 764 1403 777 ,
1431 749 1492 770 cur
1508 750 1581 770 non
1598 737 1756 771 omnium
1779 738 1999 771 misereatur.
2051 737 2147 771 Huic
2164 745 2277 770 tenta-

1296 788 1384 822 tioni
1411 789 1514 821 etiam
1530 789 1658 822 debent
1673 789 1805 833 opponi
1824 788 2074 832 promissiones
2091 786 2277 831 Evangelii

1297 839 1530 880 universales,
1553 851 1641 883 quae
1658 840 1782 874 docent
1799 838 1912 873 Deum
1932 846 2073 883 propter
2086 836 2280 880 Christum,

1272 903 1273 914 ³
1298 897 1329 922 et
1354 890 1477 932 gratis,
1505 895 1538 922 et
1561 889 1726 923 omnibus
1759 891 1904 923 salutem
1930 891 2151 934 promittere,
2185 890 2279 923 iuxta

1272 945 1274 974 Ξ
1299 941 1403 973 illud:
1425 939 1562 973 Iusticia
1582 939 1645 973 Dei
1663 953 1723 983 per
1738 941 1840 973 fidem
1863 941 1938 974 Iesu
1954 939 2087 974 Christi
2106 941 2143 973 in
2159 952 2281 973 omnes

1300 998 1331 1024 et
1349 1002 1454 1034 super
1471 1002 1601 1023 omnes.
1628 989 1675 1023 Et
1690 991 1789 1023 alibi:
1809 991 1903 1024 Idem
1915 992 2092 1025 Dominus
2109 991 2282 1032 omnium,

1301 1042 1398 1074 dives
1414 1041 1449 1073 in
1470 1042 1646 1076 omnibus.
1699 1041 1802 1076 ltem:
1831 1040 1961 1075 Omnis
1987 1042 2046 1086 qui
2065 1041 2281 1075 invocaverit

1301 1104 1431 1125 nomen
1453 1091 1600 1125 Domini
1623 1098 1686 1125 etc.
1748 1091 1824 1124 Hae
1849 1093 2062 1126 universales
2087 1092 2281 1125 sententiae

1302 1144 1534 1187 opponendae
1573 1149 1655 1176 sunt
1693 1143 1877 1176 tentationi
1914 1144 1964 1186 de,
1994 1143 2281 1186 particularitate.

1302 1193 1438 1227 Deinde
1462 1194 1508 1226 ita
1539 1195 1782 1234 statuendum,
1822 1194 1916 1238 quod
1945 1195 1988 1226 de
2012 1194 2190 1227 voluntate
2216 1192 2282 1226 Dei

1304 1257 1376 1277 non
1400 1244 1443 1277 sit
1466 1245 1694 1277 iudicandum
1717 1256 1759 1278 ex
1784 1245 1937 1283 ratione,
1973 1244 2049 1277 sine
2072 1245 2179 1277 verbo
2203 1243 2283 1279 Dei.

1305 1295 1390 1328 Item
1416 1295 1504 1328 sicut
1536 1295 1579 1328 de
1607 1296 1870 1334 iustificatione,
1907 1295 1953 1328 ita
1981 1302 2012 1328 et
2036 1296 2079 1328 de
2102 1295 2283 1334 electione,

1305 1358 1375 1378 non
1402 1352 1450 1378 est
1467 1345 1693 1379 iudicandum
1719 1358 1758 1379 ex
1783 1346 1935 1387 ratione,
1970 1353 2029 1379 aut
2050 1346 2140 1388 lege,
2167 1347 2224 1378 sed
2244 1358 2283 1378 ex

1304 1396 1508 1439 Evangelio,

1406 1461 1494 1496 Cum
1520 1461 1626 1504 igitur
1649 1462 1885 1506 disputamus.-
1921 1463 1958 1498 Si
1990 1463 2111 1496 merita
2137 1475 2206 1495 non
2232 1463 2284 1494 ssi-

1306 1513 1404 1546 ciunt
1432 1513 1640 1553 discrimen,
1683 1526 1744 1546 cur
1776 1527 1847 1547 non
1885 1515 2043 1547 omnium
2076 1514 2286 1546 miseretur?

1304 1563 1536 1607 Respondeoz
1581 1563 1653 1596 Nos
1677 1566 1770 1608 quod
1798 1567 1839 1596 ad
1866 1566 2010 1598 verbum
2033 1572 2064 1597 et
2084 1565 2285 1606 promissio-

1307 1626 1367 1646 nes
1386 1614 1529 1654 attinet,
1554 1615 1721 1647 debemus
1745 1615 1895 1648 retinere
1918 1615 2164 1648 universalem.
2215 1614 2284 1648 Sed

1307 1677 1378 1697 non
1393 1677 1515 1697 omnes
1531 1671 1794 1709 consequuntur
1817 1665 1999 1705 beneficia,
2024 1665 2104 1710 qnia
2129 1665 2286 1709 plerique

1307 1722 1503 1758 repugnant
1529 1717 1648 1750 verbo.
1699 1715 1745 1749 Et
1768 1716 1990 1749 manifestum
2014 1723 2082 1756 est,
2109 1716 2202 1760 quod
2231 1728 2287 1748 re-

1310 1778 1464 1810 pugnare
1489 1767 1531 1799 sit
1557 1767 1747 1799 voluntatis
1770 1764 1964 1808 humanae,
1992 1767 2071 1812 quia
2095 1766 2190 1800 Deus
2213 1779 2285 1800 non

1309 1825 1357 1851 est
1373 1829 1472 1850 causa
1496 1817 1638 1861 peccati.

1409 1883 1546 1917 Deinde
1564 1885 1591 1917 si
1608 1885 1651 1917 de
1665 1891 1784 1918 nostro
1804 1884 1934 1917 iudicio
1955 1896 2018 1926 pro
2037 1884 2187 1917 utilitate
2203 1897 2287 1917 con-

1309 1935 1473 1968 scientiae
1506 1936 1711 1979 loquemur,
1750 1936 1906 1967 dicamus
1937 1935 2023 1967 sicut
2051 1936 2094 1967 de
2121 1935 2286 1968 iustifica-

1282 2025 1283 2030 ,
1310 1987 1403 2020 tione
1419 1986 1583 2018 dicimus:
1612 1986 1725 2019 Iustos
1742 1997 1832 2025 esse,
1860 1985 1919 2029 qui
1945 1987 2109 2023 credunt,
2146 1985 2190 2018 ita
2216 1986 2286 2018 ele-

1282 2051 1284 2066 ε
1310 2045 1381 2070 ctos
1399 2048 1485 2076 esse,
1513 2036 1572 2081 qui
1599 2049 1670 2069 non
1694 2042 1891 2079 repugnant
1914 2036 2109 2075 vocationi,
2134 2037 2191 2068 sed
2213 2048 2287 2069 cre-

281 2087 378 2125 loco,
415 2092 446 2117 et
471 2084 570 2116 alibi:
607 2084 642 2115 Si
681 2096 720 2116 ex
751 2084 933 2124 operibus,
969 2085 1036 2115 iam
1069 2098 1138 2116 non
1173 2093 1285 2118 esset*

2169 2085 2212 2120 Et
2233 2094 2285 2120 ta-

1310 2089 1397 2120 dunt
1415 2086 1626 2129 Evangelio,
1650 2094 1679 2120 et
1702 2087 1737 2119 in
1753 2087 1820 2119 fine
1845 2098 1917 2119 non
1935 2086 2116 2120 abiiciunt.

1283 2162 1284 2165 η
1310 2150 1388 2170 men
1414 2139 1543 2170 interea
1565 2139 1754 2170 tenendum
1781 2144 1849 2177 est,
1883 2139 1976 2182 quod
2001 2138 2140 2170 credere
2162 2144 2192 2170 et
2213 2150 2284 2170 nou

1283 2222 1284 2226 ,
1312 2200 1505 2231 repugnare
1530 2189 1599 2222 sint
1623 2195 1755 2229 motus,
1789 2190 1848 2233 qui
1879 2188 1966 2221 fiunt
1990 2188 2191 2230 impellente.
2206 2187 2288 2230 Spi-

1310 2240 1379 2271 ritu
1411 2246 1541 2273 sancto.
1601 2239 1748 2284 Loquor
1774 2246 1889 2272 autem
1920 2241 1963 2271 de
1993 2246 2111 2271 nostro
2142 2238 2285 2280 iudicio,

1310 2291 1402 2334 quod
1427 2302 1497 2322 non
1515 2297 1688 2323 scrutatur
1702 2301 1862 2323 arcanam
1879 2290 2091 2321 maiestatem
2114 2289 2187 2321 sine
2206 2301 2285 2322 ver-

1310 2341 1372 2380 bo,
1400 2341 1457 2373 sed
1485 2341 1641 2373 intuetur
1661 2339 1774 2373 Deum
1797 2347 1976 2372 vocantem
2002 2351 2061 2383 per
2083 2340 2288 2387 promissio-⁹

280 2450 296 2471 S
319 2440 360 2472 tis
416 2451 485 2470 'ms
531 2445 589 2470 am
608 2439 694 2470 bene
713 2437 855 2469 [smnus
893 2444 1076 2470 swmerem
1095 2450 1149 2471 me
1167 2451 1236 2483 quo
1282 2416 1283 2452 Ξ
1310 2403 1407 2431 nem,
1443 2398 1475 2424 et
1506 2391 1719 2423 voluntatem
1754 2392 1827 2423 eins
1848 2388 2078 2433 apprehendit
2105 2390 2140 2422 in
2168 2391 2287 2431 verbo,

299 2452 313 2471 it
380 2453 410 2482 pt
494 2463 502 2476 ‚
738 2453 744 2468 i
779 2450 784 2455 ¹
865 2461 875 2479 9
926 2451 932 2467 3
1241 2460 1255 2464 -

1310 2444 1402 2486 qnod
1423 2449 1471 2475 est
1491 2442 1699 2475 universale.
1754 2441 1803 2475 lta
1828 2441 1940 2484 inquit
1960 2439 2104 2473 Paulus:
2130 2440 2209 2473 Nun
2235 2448 2284 2475 est

1309 2493 1459 2525 volentis
1475 2499 1533 2526 aut
1555 2492 1746 2532 currentis,
1771 2493 1828 2523 sed
1847 2491 1909 2523 Dei
1931 2491 2143 2530 miserentis,
2172 2492 2204 2523 id
2225 2499 2285 2532 est,

1308 2543 1546 2576 misericordia
1570 2550 1617 2575 est
1635 2542 1776 2586 quidem
1794 2553 1894 2574 causa
1913 2542 2111 2582 electionis,
2129 2554 2198 2574 non
2221 2554 2285 2574 no-

1308 2600 1416 2626 strum
1445 2593 1533 2626 velle
1555 2599 1614 2625 aut
1638 2605 1794 2632 currere,
1828 2599 1859 2625 et
1883 2599 1998 2625 tamen
2027 2590 2110 2624 baec
2134 2592 2221 2625 finnt
2246 2593 2282 2625 in
