2415 2942
276 109 373 148 1227

382 193 503 228 Postea
525 185 667 231 repetita
686 189 733 216 est
762 179 1050 215 commemoratio
1075 176 1263 211 beneficio-

282 259 358 282 rum
377 241 528 279 Christi,
560 234 776 270 liberationis
795 245 812 264 a
830 237 969 275 peccato
989 236 1020 262 et
1038 241 1055 261 a
1076 235 1205 268 morte,
1233 234 1266 261 et

284 300 411 331 inserta
439 300 488 326 est
516 287 662 323 illustris
693 286 805 326 imago
838 278 1008 324 triumphi
1034 277 1188 317 Christi,
1229 278 1266 310 iu

284 360 351 393 qna
370 346 498 388 figurae
513 340 700 373 verborum
718 340 852 367 sunitae
871 338 953 364 sunt
969 342 987 364 a
1007 341 1125 373 regum
1142 329 1268 362 trium-

286 397 388 443 phis,
436 395 472 426 in
498 391 627 437 quibus
660 386 770 430 spolia
798 382 952 416 hostium
983 381 1270 414 anteferebantnr

286 446 401 482 curt-xi
435 439 654 485 triumphali.
712 435 849 469 Deinde
874 432 1001 476 captivi
1029 429 1144 464 hostes
1172 429 1269 473 ligati

286 498 508 533 ducebantur
524 498 602 525 ante
620 489 800 521 victorem.
853 483 904 517 lta
923 481 980 515 hic
997 482 1198 516 dulcissime
1216 481 1271 512 in-

287 550 383 595 quit,
411 545 522 590 spolia
545 538 714 586 praeferri
732 535 920 581 pendentia
943 534 979 566 in
998 545 1118 573 cruce,
1145 530 1272 564 videli-

288 607 359 639 cet,
401 590 635 638 chirographa
669 595 889 633 peccatorum
921 591 1121 617 nostrorum
1147 582 1272 616 deleta.

288 648 477 683 (momodo
498 643 594 689 pingi
615 646 724 685 potest
750 636 921 670 illustrius
939 634 1095 667 remissio
1115 638 1272 677 peccato-

281 683 364 735 ritm
391 706 423 732 et
448 692 707 730 reconciliatio,
735 700 837 733 quam
858 683 974 729 inghac
1002 685 1075 728 ipsa
1099 682 1274 726 imagine?

290 753 325 784 in
345 763 411 795 qua
430 748 559 781 dicitur
585 741 757 777 accusatio
787 738 898 770 deleta
923 747 1014 775 esse,
1042 742 1073 768 et
1091 734 1215 777 gestari
1237 733 1272 764 in

286 813 388 837 cruce
413 796 574 833 Christi?
628 792 720 835 Quia
753 790 844 821 lilius
878 788 1056 819 redemtor
1083 797 1145 828 pro
1173 783 1275 817 nobis

288 851 454 887 satisfecit
480 854 619 881 aeterno
646 841 756 887 patri,
789 845 818 871 et
842 837 983 870 sustulit
1006 836 1275 869 accusationem.

290 905 484 938 Ducuntur
509 905 541 930 et
565 894 673 927 vincti
700 890 853 929 diaboli,
888 895 926 921 ut
950 889 1120 926 sciamus,
1163 897 1276 930 quan—

291 965 396 1000 quam
420 950 557 983 infirma
583 952 632 978 est
652 941 825 978 Ecclesia,
855 946 969 972 tamen
990 950 1008 971 a
1027 938 1158 970 victore
1172 933 1278 969 Chri-

292 1013 343 1039 sto
373 1004 464 1035 iuter
490 997 636 1031 insidias
655 992 880 1027 diabolorum
899 996 931 1022 et
951 989 1086 1022 furores
1109 995 1278 1033 tyranno-

292 1067 369 1089 rum
399 1060 432 1085 et
460 1048 715 1084 haereticorum
737 1041 879 1075 defendi
898 1051 970 1072 eam
989 1052 1007 1072 a
1025 1040 1156 1072 victore
1174 1035 1280 1070 Chri-

293 1114 359 1140 sto.
413 1102 511 1137 Sicut
530 1106 563 1132 et
582 1099 618 1130 in
640 1093 797 1129 Iohanne
816 1092 961 1124 dicitur:
992 1088 1167 1134 Apparuit
1187 1087 1279 1120 filius

293 1156 380 1197 Dei,
415 1160 455 1186 ut
480 1153 637 1184 destruat
661 1156 766 1190 opera
793 1142 940 1176 diaboli.

395 1204 504 1239 Redit
524 1207 640 1245 postea
657 1196 789 1230 Paulus
810 1195 851 1226 ad
871 1190 1151 1226 admonitionem
1171 1190 1213 1222 de
1231 1188 1282 1220 vi-

295 1257 411 1293 tandis
432 1249 642 1296 corruptelis
662 1245 862 1284 doctrinae,
890 1250 921 1277 et
949 1241 1159 1275 nominatim
1184 1239 1285 1283 ponit

296 1308 388 1343 hanc
426 1301 741 1338 asseverationem,
782 1296 876 1341 quod
914 1305 987 1326 non
1023 1292 1067 1325 sit
1104 1298 1284 1334 peccatum

298 1360 431 1392 violare
462 1356 554 1396 leges
589 1347 838 1383 ceremoniales
869 1343 986 1388 Moysi
1020 1349 1052 1375 et
1076 1342 1286 1374 traditiones

297 1409 472 1444 humanas
490 1407 531 1437 de
552 1401 656 1437 cibis,
681 1398 778 1431 sestis
794 1403 826 1429 et
845 1395 1022 1428 similibus
1040 1392 1190 1425 externis
1208 1391 1287 1424 riti-

296 1463 364 1496 bus
377 1487 384 1499 ,
409 1457 470 1502 qui
489 1466 561 1488 uon
580 1457 661 1485 sunt
679 1448 813 1482 iusticia
833 1446 969 1484 cordis,
995 1450 1028 1476 et
1047 1443 1160 1486 pingit
1187 1453 1287 1485 prae-

298 1511 438 1553 stigias,
489 1505 618 1550 quibus
645 1506 755 1533 astute
781 1498 988 1540 impostores
1014 1500 1181 1536 spargunt
1203 1491 1288 1524 falsa

301 1564 461 1603 dogmata
474 1584 482 1597 ,
501 1553 683 1591 videlicet,
706 1548 926 1582 artificiosam
945 1545 1206 1577 simulationem
1223 1539 1290 1574 hu-

302 1609 486 1649 militatis,
528 1601 745 1650 paupertatis
776 1605 809 1632 et
837 1596 1043 1642 patientiae,
1078 1606 1145 1639 qua
1178 1592 1290 1625 videri

304 1663 427 1697 volunt
450 1669 551 1701 supra
573 1660 725 1687 caeteros
749 1649 911 1684 homines
937 1647 1071 1679 exuisse
1088 1654 1292 1677 communes

306 1712 516 1758 cupiditates
530 1735 538 1748 ,
556 1705 797 1747 voluptatum,
813 1710 920 1744 opum
939 1704 972 1730 et
990 1697 1138 1740 gloriae:
1166 1694 1293 1727 deinde

306 1761 509 1798 iactantiam
541 1753 800 1798 colloquiorum
830 1748 1032 1784 coelestium
1059 1758 1137 1780 cum
1162 1744 1237 1779 Deo
1263 1751 1295 1777 et

307 1813 451 1858 angelis
516 1807 711 1849 Utriusque
743 1802 841 1835 modi
868 1799 958 1833 vidit
988 1798 1142 1841 exempla
1175 1802 1295 1829 nostra

308 1873 418 1904 aetas,
445 1868 479 1895 ct
500 1866 551 1893 est
569 1856 625 1891 hic
644 1856 781 1898 insigne
799 1853 961 1885 verbum:
997 1848 1106 1882 Nemo
1128 1859 1188 1880 vos
1205 1847 1296 1879 male

309 1922 405 1959 regat
435 1914 471 1946 in
506 1907 707 1944 certamine.
768 1899 988 1949 Βραβευτής
1029 1907 1079 1932 est
1105 1911 1122 1931 a
1147 1895 1296 1943 ῥάβδος,

310 1969 347 2002 id
370 1972 437 2005 est,
472 1962 588 2004 virga,
623 1956 708 1991 binc
733 1963 784 1988 est
807 1954 954 1986 verbum
980 1945 1296 1995 καταβραβεύειν,

310 2018 400 2053 male
418 2024 534 2057 regere
553 2015 753 2047 certantem,
771 2017 830 2040 seu
848 2004 1024 2046 decipere,
1042 2008 1167 2034 metam
1185 2007 1299 2033 trans-

312 2071 423 2107 ferre,
468 2070 526 2097 aut
553 2070 764 2107 quocunque
787 2056 891 2089 modo
920 2052 1209 2098 impedimentum
1235 2051 1300 2083 ob-

315 2121 430 2153 iicere.

416 2167 466 2201 In*
500 2161 604 2198 terlio
650 2157 766 2205 capite
781 2184 789 2196 ‚
847 2167 925 2190 cum
965 2160 1065 2187 antea
1104 2152 1302 2186 recitaverit

317 2229 488 2255 summam
536 2212 718 2248 doctrinae
769 2208 811 2240 de
860 2205 1038 2240 beneficiis
1084 2202 1303 2243 mediatoris,

319 2279 352 2305 et
370 2266 629 2304 admonitiones
649 2263 691 2294 de
710 2259 863 2292 vitandis
884 2254 1093 2300 corruptelis
1113 2254 1304 2294 doctrinae,

319 2322 417 2356 addit
440 2322 620 2363 praecepta
639 2313 681 2345 de
700 2310 804 2344 bonis
829 2308 995 2354 operibus
1022 2305 1248 2339 interioribus
1272 2311 1305 2338 et

321 2370 569 2407 exterioribus,
597 2366 640 2397 de
658 2361 831 2396 exercitiis
850 2356 1102 2393 renovationis.

424 2421 465 2453 In
487 2417 541 2451 bis
560 2417 663 2449 etiam
687 2418 909 2457 praeceptum
934 2415 985 2442 est
1008 2407 1145 2449 insigne
1168 2407 1210 2440 de
1232 2413 1306 2440 stu„

323 2473 383 2508 dio
401 2468 557 2505 discendi
577 2473 608 2500 et
624 2463 792 2503 docendi,
821 2461 913 2506 quod
933 2471 973 2493 eo
990 2458 1097 2501 magis
1116 2459 1306 2491 amandum

325 2531 394 2563 est,
413 2520 494 2566 quia
512 2518 593 2552 talia
612 2516 722 2555 dicta,
738 2525 826 2557 quae
842 2511 1029 2545 lectionem
1048 2510 1308 2548 commendant,

881 92 1007 128 PtltL.
1035 91 1150 127 MEL.
1177 89 1385 129 SCRIPTA
1412 93 1711 131 EXEGETICA.

2213 93 2308 129 1228

1320 181 1376 215 dia
1404 180 1478 216 Deo
1507 182 1661 225 placere,
1701 179 1816 214 Deum
1842 192 1903 225 per
1931 180 2177 225 cogitationem
2206 179 2303 212 verbi

1294 236 1296 254 l
1321 233 1438 276 scripti
1457 233 1631 265 efficacem
1650 243 1740 266 esse:
1761 233 1854 276 quod
1874 244 1951 264 cum
1971 232 2085 265 sciunt
2102 232 2168 275 pii,
2195 229 2304 272 magis

1321 291 1438 316 ament
1457 283 1593 326 legendi
1614 289 1646 315 et
1663 282 1818 315 discendi
1836 282 1961 315 studia.
2008 281 2061 315 Sit
2079 282 2184 323 igitur
2202 280 2305 313 sami-

1323 334 1508 367 liarissime
1533 340 1655 366 notum
1682 330 1748 366 hoc
1774 332 1922 366 dictum:
1951 331 2074 366 Sermo
2090 329 2222 365 Christi
2240 328 2303 363 ha-

1323 385 1408 418 bitet
1427 384 1462 416 in
1479 384 1579 417 vobis
1595 383 1735 427 copiose
1755 383 1790 416 in
1808 383 1905 416 omni
1922 382 2109 426 sapientia,
2137 388 2169 414 et
2188 382 2306 414 docete

1324 442 1355 468 et
1374 435 1556 468 emendate
1573 446 1633 468 vos
1652 440 1786 467 mutuo.
1847 432 2018 476 Copiose,
2046 432 2178 477 inquit,
2206 429 2309 464 halvi-

1324 492 1383 519 tet.
1437 483 1531 528 Ergo
1549 497 1648 529 saepe
1667 485 1889 527 multumque
1909 485 2041 527 legatur
2054 510 2062 523 ‚
2082 483 2309 516 conferantur

1325 535 1466 570 iudicia.
1518 534 1607 569 Cum
1641 535 1778 580 inquit,
1819 532 1950 568 Docete
1981 541 2014 568 et
2037 534 2217 567 emendate
2248 543 2309 564 vos

1326 594 1465 620 mutuo:
1511 586 1580 620 sint
1604 587 1711 629 igitur
1734 585 1848 619 studia
1875 585 2079 625 doctrinae,
2124 584 2310 616 misceatur

1328 637 1521 677 invocatio,
1540 637 1624 670 sicut
1643 637 1725 670 alibi
1745 636 1889 669 dicitnr:
1919 636 2062 679 Quanto
2078 634 2186 677 magis
2215 640 2312 677 pater

1327 695 1438 721 vester
1472 688 1629 721 coelestis
1661 688 1759 720 dabit
1791 686 1965 731 Spiritum
2000 692 2158 720 sanctum
2190 690 2312 728 peten-

1327 740 1433 773 tibus-

1431 787 1551 823 Utitur
1574 795 1689 822 autem
1716 788 1822 821 verbo
1845 786 2059 827 Habitandi,
2086 792 2124 819 ut
2145 784 2313 827 significet

1329 839 1565 873 assiduitatem
1583 866 1592 879 ‚
1625 839 1812 879 videlicet,
1847 845 1885 872 ut
1911 838 2070 871 doctrina
2095 835 2316 869 familiariter

1330 898 1410 923 nota
1436 890 1498 928 sit,
1534 889 1624 923 sicut
1647 888 1683 923 hi
1711 889 1786 923 noti
1811 896 1912 930 sunt,
1955 888 2015 934 qui
2043 887 2226 921 nobiscum
2252 883 2314 919 ha-

1330 942 1455 976 bitant.

1434 990 1549 1025 Simul
1567 995 1680 1023 autem
1698 986 1765 1023 hoc
1781 989 1948 1030 sciamus,
1962 989 2165 1033 ubicunque
2182 987 2218 1020 in
2235 998 2317 1020 vera

1332 1041 1560 1076 conversione
1584 1041 1626 1073 ad
1655 1039 1765 1073 Deum
1791 1040 1858 1073 fule
1882 1040 2055 1083 cogitatur
2072 1039 2251 1079 doctrina,
2279 1038 2317 1070 in

1333 1106 1374 1126 eo
1401 1093 1505 1126 corde
1529 1090 1719 1124 certissime
1742 1091 1848 1123 simul
1874 1088 2010 1124 habitat
2036 1089 2131 1123 Deus
2155 1089 2244 1132 ipse,
2279 1088 2315 1120 id

1338 1150 1405 1184 est,
1439 1149 1488 1176 est
1516 1152 1679 1186 praesens
1709 1153 1769 1174 sua
1794 1142 1940 1174 essentia
1965 1148 1997 1174 et
2023 1139 2195 1180 efficacia,
2239 1150 2319 1172 vere

1336 1196 1454 1235 adest,
1482 1201 1514 1227 et
1538 1199 1587 1226 est
1605 1192 1734 1225 efficax.
1788 1191 1910 1225 lohan.
1930 1190 2004 1227 14:
2041 1191 2079 1225 Si
2101 1190 2179 1235 quis
2204 1189 2320 1232 diligit

1337 1258 1392 1279 me
1405 1272 1412 1285 ‚
1439 1255 1634 1278 sermonem
1654 1255 1769 1276 meum
1790 1243 1963 1284 servabit,
1990 1249 2023 1276 et
2039 1238 2136 1286 pater
2153 1251 2250 1274 meus
2265 1240 2321 1273 di-

1339 1297 1420 1339 liget
1445 1308 1546 1335 eum,
1569 1301 1601 1327 et
1626 1294 1807 1327 veniemus
1831 1294 1874 1327 ad
1901 1306 2001 1335 eum,
2042 1299 2075 1326 et
2102 1292 2322 1325 mansionem

1339 1348 1430 1391 apud
1450 1359 1528 1379 eum
1545 1345 1724 1380 faciemus.
1775 1343 1822 1378 Et
1838 1342 2012 1388 Ephesios
2036 1343 2157 1378 tertio:
2194 1341 2242 1376 Ut
2261 1339 2324 1375 ha-

1342 1399 1428 1431 bitet
1443 1394 1604 1429 Christus
1622 1407 1682 1438 per
1699 1396 1802 1427 fidem
1828 1396 1864 1427 in
1882 1395 2050 1428 cordibus
2068 1393 2201 1428 vestris.
2252 1390 2324 1426 Co-

1342 1449 1511 1481 lossenses
1539 1447 1679 1489 primo:
1719 1447 1796 1489 Ipse
1824 1452 1873 1478 est
1900 1453 2003 1490 caput
2034 1442 2211 1477 Ecclesiae
2245 1454 2323 1486 per-

1314 1523 1317 1544 ,
1343 1499 1460 1531 siciens
1478 1497 1595 1529 omnia
1614 1496 1650 1528 in
1669 1496 1847 1529 omnibns.
1886 1494 1973 1528 Nam
1994 1495 2085 1528 filius
2103 1506 2184 1526 voce
2202 1491 2323 1527 Evan-

1315 1549 1318 1571 t
1343 1549 1422 1591 gelii
1439 1548 1557 1580 dicens
1573 1547 1849 1580 consolationem
1872 1546 1908 1578 in
1925 1553 2039 1579 mente
2054 1545 2206 1577 ostendit
2225 1554 2324 1586 prae-

1315 1573 1320 1657 l
1345 1599 1491 1632 sentiam
1513 1603 1546 1630 et
1566 1596 1842 1629 misericordiam
1863 1596 1982 1639 patris.
2035 1594 2092 1629 Sic
2114 1596 2240 1627 adsunt
2264 1605 2326 1637 pa-

1318 1673 1320 1691 ³,
1345 1658 1397 1684 ter
1421 1655 1454 1682 et
1477 1648 1588 1688 filins,
1634 1653 1667 1680 et
1691 1654 1789 1691 pater
1812 1658 1851 1680 ac
1876 1646 1968 1680 filius
1992 1646 2123 1689 spirant
2153 1644 2325 1688 Spiritum

1319 1716 1321 1734 ι
1347 1706 1506 1734 sanctum
1530 1698 1568 1731 in
1594 1709 1654 1731 cor
1679 1697 1875 1739 credentis,
1903 1703 1942 1731 ut
1964 1695 2112 1736 laetitia,
2141 1695 2328 1734 invocatio,

1348 1752 1417 1784 vita
1436 1756 1574 1783 aeterna
1591 1755 1626 1782 et
1640 1760 1760 1781 omncs
1776 1748 1910 1782 fructus
1923 1747 2067 1792 spiritus
2082 1747 2329 1780 accendantur.

1349 1802 1406 1836 Sic
1424 1800 1529 1834 simul
1547 1805 1627 1833 sunt
1643 1798 1766 1840 Pater,
1783 1798 1913 1840 Filius,
1939 1805 1971 1832 et
1988 1797 2139 1841 Spiritus
2155 1803 2304 1831 sanctus.

1451 1850 1546 1884 Haec
1564 1850 1619 1894 pie
1636 1857 1668 1883 et
1685 1856 1777 1883 recte
1794 1849 1977 1892 cogitanda
2000 1855 2097 1889 sunt,
2125 1854 2155 1881 et
2174 1854 2267 1890 grata
2286 1846 2331 1880 sit

1350 1900 1525 1945 emphasis
1551 1902 1588 1934 in
1612 1902 1719 1934 verbo
1746 1900 1952 1935 Habitandi.
2007 1898 2107 1933 Iubet
2131 1906 2264 1938 autem,
2292 1904 2332 1931 ut.

1350 1953 1485 1988 habitet
1515 1953 1552 1985 in
1576 1951 1679 1985 nobis
1712 1963 1824 1984 sermo
1855 1949 1922 1985 Dei
1951 1951 1988 1983 in
2019 1950 2114 1983 omni
2148 1948 2330 1992 sapientia.

1351 2005 1446 2039 Haec
1462 2003 1656 2037 admonitio
1673 2002 1841 2035 inseritur
1863 2002 1907 2034 de
1928 2001 2130 2044 diligentia,
2158 2011 2246 2044 quae
2269 1997 2332 2032 ha-

1353 2057 1411 2089 bet
1434 2056 1503 2088 duo
1521 2060 1691 2090 extrema,
1723 2052 1899 2096 lgnaviam
1916 2058 1949 2086 et
1966 2050 2200 2096 Sophisticen.
2252 2049 2332 2083 Non

1353 2105 1489 2139 habitat
1506 2116 1619 2138 sermo
1639 2102 1705 2137 Dei
1723 2104 1759 2136 in
1782 2103 1985 2136 sacrificulis
2003 2102 2172 2142 indoctis,
2199 2101 2258 2146 qni
2285 2101 2333 2133 le-

1354 2163 1441 2200 gunt
1458 2162 1518 2189 aut
1540 2161 1673 2188 canunt
1691 2155 1765 2187 sine
1787 2154 1967 2187 intellectu
1991 2160 2024 2187 et
2046 2153 2121 2186 sine
2145 2159 2234 2191 arte,
2262 2163 2335 2184 non

1354 2207 1490 2241 habitat
1512 2206 1550 2239 in
1566 2203 1759 2250 Sophistis,
1787 2204 1981 2238 Haereticis
2008 2211 2040 2238 et
2059 2202 2334 2247 Superstitiosis‚

1356 2258 1418 2304 qni
1449 2257 1604 2291 curiosas
1638 2256 1891 2300 disputationes
1921 2261 1981 2288 aut
2013 2254 2226 2299 perniciosas
2258 2252 2336 2296 opi-

1357 2310 1482 2342 niones
1504 2314 1642 2346 serunt,
1669 2314 1709 2341 ut
1725 2306 1914 2339 vanissima
1933 2303 2144 2350 sophismata
2162 2309 2244 2337 sunt
2261 2315 2337 2336 mo-

1358 2357 1570 2398 nachorum,
1603 2370 1648 2391 an
1671 2357 1765 2391 Deus
1789 2357 1958 2402 potuisset
1983 2366 2155 2389 assumere
2174 2361 2336 2388 naturam

1359 2422 1432 2443 non
1456 2409 1682 2447 rationalem,
1711 2420 1753 2441 an
1778 2407 1967 2441 accidentia
1987 2407 2056 2439 sint
2082 2406 2156 2438 sine
2181 2405 2335 2438 subiecto

1362 2462 1398 2494 in
1419 2459 1663 2500 sacramento,
1690 2470 1734 2491 an
1757 2459 1857 2492 liceat
1873 2468 2074 2491 consecrare
2090 2457 2337 2489 fermentatum

1360 2523 1506 2556 panem,
1541 2517 1574 2544 et
1589 2507 1825 2552 blasphemiae
1844 2515 1925 2542 sunt
1946 2506 2184 2550 Samosateni',
2219 2504 2338 2539 Mani-

325 2570 525 2610 testimonia
543 2573 624 2601 sunt
640 2571 759 2598 contra
777 2561 1032 2598 Stencfeldium
1051 2566 1084 2592 et
1100 2559 1187 2593 alios
1210 2561 1309 2593 fana·
1360 2560 1571 2602 chaeoru'm‚
1598 2558 1694 2601 Arii,
1727 2559 1881 2598 Seu-veti,
1915 2565 1949 2592 et
1970 2558 2120 2591 aliorum
2146 2555 2339 2590 haeretico..

327 2626 414 2660 ticos
428 2650 437 2664 ,
470 2620 531 2666 qui
549 2617 729 2652 abducunt
747 2613 908 2647 homines
927 2624 945 2644 a
961 2610 1110 2644 lectione
1129 2610 1309 2644 doctrinae

330 2683 363 2710 et
380 2670 596 2710 ministerio,
622 2673 656 2700 et
672 2665 777 2698 simul
795 2669 966 2697 testantur
982 2662 1167 2696 lectionem
1185 2668 1219 2696 et
1237 2668 1310 2695 stu-

1331 2627 1338 2708 l
1361 2624 1452 2646 I'Um.

1513 2611 1598 2646 Item
1620 2611 1783 2644 tenebrae
1806 2610 2013 2654 papisticae,
2054 2607 2150 2653 quod
2178 2604 2338 2640 homines

1363 2664 1433 2697 sint
1456 2662 1539 2697 iusti
1561 2661 1703 2707 propria
1726 2661 1812 2704 legis
1834 2660 2059 2705 impletione,
2105 2658 2200 2704 quod
2233 2654 2338 2691 homo
