2415 2942
294 133 339 166 47

295 219 440 253 tiebaut,
464 226 525 246 nee
546 211 723 256 placabant
744 209 828 240 iram
847 205 925 244 Dei,
950 215 1011 236 nec
1029 207 1190 246 poterant
1206 201 1272 258 tol-

294 270 364 301 lere
383 272 557 311 peccatum
576 269 608 294 et
625 266 782 292 mortem.
823 255 931 288 Erant
949 255 1055 297 igitur
1072 253 1152 296 agni
1168 264 1276 285 sacri-

295 318 491 352 ficantium,
521 315 553 345 id
574 320 618 343 cst
633 338 640 350 ,
668 311 710 341 ab
730 308 812 351 ipsis
829 305 946 345 electi,
974 305 1045 350 typi
1065 311 1097 337 et
1114 303 1276 346 imaginis

296 380 413 407 eausa,
440 373 476 398 ut
502 363 558 396 alii
583 363 874 397 athuouerentur,
901 368 972 389 non
996 362 1033 388 ut
1057 352 1121 387 hac
1147 361 1275 387 macta-

295 421 390 452 tione
408 417 601 460 placaretur
616 410 724 444 Deus:
761 407 828 442 Sed
849 407 943 440 solus
962 405 1109 439 Messias
1135 412 1184 438 est
1200 402 1278 437 Dei

295 478 422 510 agnus,
448 463 512 497 hoc
540 469 607 501 cst,
636 458 865 493 inenarrabili
884 458 952 491 Dei
977 456 1124 489 consilio
1146 455 1274 489 cousti-

294 527 388 552 tutus
401 545 409 557 ,
436 523 474 548 ut
491 514 584 547 lieret
603 512 759 551 victima,
787 511 879 542 etad
907 506 971 541 hoe
988 514 1207 540 consecratus
1225 513 1274 539 at-

292 582 358 616 que
381 574 526 605 unctus,
554 564 698 605 nussim,
725 574 763 594 ac
785 561 935 593 donatus
965 558 1088 598 nobis,
1115 559 1158 590 ad
1186 555 1276 590 hauc

293 623 402 664 ipsam
419 629 510 654 rem,
539 615 643 648 sensit
662 614 747 645 iram
765 609 853 651 Dei,
879 618 911 644 et
933 610 1028 643 solus
1044 616 1091 641 est
1113 609 1276 652 placator,

292 684 328 706 ac
346 673 506 713 impetrat
525 665 632 699 deleri
651 670 826 708 peccatum
845 669 876 695 et
894 667 1054 698 mortem,
1084 671 1121 691 ac
1141 657 1276 692 restitui

292 722 396 756 nobis
413 718 583 753 iusticiam
596 741 603 754 ‚
632 722 665 747 et
681 714 784 746 vitam
804 720 989 745 aeternam.
1026 710 1120 743 llaec
1136 709 1275 742 collatio

296 775 429 806 iudicat
451 779 572 811 graves
590 774 622 800 et
645 775 786 807 magnas
808 774 926 796 causas
944 761 1066 801 fuisse,
1094 773 1155 793 eur
1174 759 1276 792 loan-

295 836 354 857 nes
369 823 416 856 sir
434 821 570 853 locutus
586 817 641 854 sit,
670 823 701 849 et
720 813 812 848 hunc
830 825 956 855 agnum
975 824 993 844 a
1008 810 1091 844 I)e0
1107 811 1275 844 constitu—

293 884 380 914 tum,
406 876 656 908 consecratum,
678 873 833 903 unctum,
860 864 1069 896 sentientem
1088 862 1174 894 iram
1189 858 1276 901 ])ei,

293 936 324 959 et
351 925 560 969 placatorum
582 917 851 951 discernendum
873 914 1001 958 putarit
1019 926 1036 945 a
1061 911 1205 945 caeteris
1223 911 1275 943 vi—

292 975 425 1013 fiunis,
460 983 548 1016 quae
571 969 634 1002 etsi
666 974 763 1000 eraut
787 966 879 1011 typi,
917 970 1031 997 tamen
1062 975 1078 995 a
1105 961 1181 996 Deo
1204 974 1276 995 non

293 1032 389 1059 erant
405 1021 544 1067 proprie.
562 1021 602 1053 ad
622 1016 686 1051 hoc
704 1029 831 1049 munus
848 1016 1068 1052 constitutae,
1096 1025 1276 1047 consecra—

293 1086 364 1116 tae,
393 1081 451 1107 aut
466 1079 608 1111 unctae,
635 1082 697 1101 uec
714 1073 893 1101 senserant
911 1067 999 1098 iram
1016 1064 1095 1106 Dei,
1122 1077 1184 1098 nec
1202 1064 1276 1108 pla-

294 1131 466 1161 faverant.

396 1173 520 1210 Simile
545 1178 594 1204 est
617 1170 749 1203 dictum
772 1167 912 1203 Esaiae,
940 1167 1032 1211 quod
1060 1167 1198 1200 videtur
1221 1177 1278 1198 ex-

296 1228 456 1273 pressisse
475 1225 635 1257 loannes,
690 1219 751 1253 Ait
776 1219 868 1251 enim
886 1217 1007 1250 Esaias
1033 1217 1174 1250 diserte:
1202 1217 1279 1249 Do—

295 1280 412 1313 minus
431 1275 541 1308 voluit
561 1280 739 1305 conterere
758 1282 846 1303 eum.
891 1267 991 1301 Item:
1021 1267 1183 1300 Yidimus
1201 1279 1277 1300 eum

296 1338 498 1378 percussum
523 1338 540 1358 a
563 1325 652 1357 Deo.
707 1321 809 1354 Item:
838 1319 1011 1353 Dominus
1035 1319 1151 1362 posuit
1176 1318 1212 1350 in
1240 1330 1278 1350 eo

297 1380 499 1425 iniquitates
523 1375 683 1409 omnium
707 1378 887 1411 nostrum,
915 1370 949 1402 id
972 1376 1040 1413 est,
1068 1368 1163 1402 Deus
1190 1365 1280 1400 hanc

295 1432 471 1465 victimam
489 1425 685 1464 constituit,
712 1430 745 1456 et
763 1421 933 1455 declaruit
950 1420 1020 1453 irae
1039 1432 1119 1453 suae.
1145 1419 1279 1461 magni-

296 1483 455 1516 tudinem
475 1480 642 1511 adversus
661 1480 849 1518 peccatum,
872 1472 964 1516 quod
982 1471 1048 1504 alia
1067 1471 1164 1503 nulla
1180 1470 1280 1503 victi-

296 1546 350 1566 ma
367 1530 495 1575 placari
516 1528 627 1572 potuit
652 1525 717 1558 nisi
739 1530 848 1557 morte
866 1522 949 1560 stlii,
976 1529 1007 1554 et
1027 1522 1062 1554 iu
1082 1519 1176 1554 bunc
1193 1521 1279 1554 essu-

295 1585 349 1618 dit
365 1584 450 1615 iram
469 1582 528 1612 adx
540 1589 635 1611 ersus
652 1582 840 1620 peccatum.
876 1572 944 1606 Hie
961 1573 1055 1606 solus
1072 1584 1190 1605 revera
1207 1572 1282 1612 scit,

295 1641 424 1679 quauta
443 1643 495 1663 res
511 1630 553 1662 sit
573 1633 770 1673 peccatum,
797 1631 829 1657 et
846 1624 917 1656 irae
939 1624 1079 1656 divinae
1103 1623 1281 1665 maguitu-

295 1686 412 1718 dinem
439 1680 623 1726 perspexit,
682 1676 741 1709 Est
766 1688 845 1717 ergo
868 1674 1007 1708 victima
1035 1673 1120 1714 Dei,
1157 1674 1188 1706 id
1220 1681 1281 1711 est,

295 1736 447 1770 sentiens
475 1733 559 1764 iram
585 1729 651 1763 Dei
675 1734 706 1761 et
730 1728 870 1771 placans
887 1725 1008 1759 Deum.
1063 1724 1158 1757 llaec
1180 1737 1197 1757 a
1218 1725 1282 1767 piis

295 1787 480 1826 diligenter
506 1780 687 1824 crgitanda
715 1784 813 1816 suut,
843 1776 1046 1818 magnitudo
1074 1773 1198 1807 harum
1226 1787 1281 1807 re·
1306 1748 1309 1852 1

297 1851 373 1871 rum
394 1835 506 1867 verbis
526 1830 689 1876 explicari
711 1842 780 1861 uon
801 1835 920 1871 potest.
968 1826 1025 1858 list
1051 1826 1085 1858 iu
1104 1827 1185 1869 ipsis
1205 1838 1281 1858 ver-

297 1889 349 1921 bis
368 1886 490 1920 Esaiae
515 1886 549 1916 in
578 1895 636 1915 sua
661 1881 778 1923 lingua
798 1878 984 1921 singularis
1002 1875 1194 1921 emphasis,
1222 1877 1279 1909 sed

297 1952 398 1983 pergo
420 1938 459 1970 ad
485 1947 627 1968 caetera,

509 2019 587 2068 Qui
604 2016 702 2052 tollit
729 2020 910 2064 peccalum
929 2012 1068 2048 numdi.

398 2091 502 2135 Apud
525 2087 665 2122 Esaiam
687 2088 756 2119 duo
777 2086 882 2118 verba
901 2092 998 2117 sunt:
1028 2082 1150 2114 tollere
1174 2087 1205 2113 et
1227 2092 1284 2124 ge-

297 2153 406 2181 stare,
439 2153 527 2186 quae
553 2138 645 2172 haud
672 2138 778 2170 dubie
804 2135 968 2179 expressit
994 2132 1159 2166 Ioannes:
1195 2131 1285 2164 Vere

299 2198 485 2237 languores
502 2197 640 2224 nostros
659 2189 730 2232 ipse
748 2188 847 2225 tulit,
874 2194 903 2219 et
924 2191 1060 2232 peccata
1077 2190 1195 2216 nostra
1214 2183 1286 2226 ipse

299 2244 462 2289 portavit.
520 2242 623 2274 ltem:
653 2238 862 2283 Iniquitates
887 2248 1007 2269 eorum
1031 2235 1103 2278 ipse
1122 2234 1284 2278 portavit,

299 2305 329 2331 et
350 2305 485 2329 rursus:
515 2292 656 2325 Peccata
683 2290 876 2322 multorum
899 2287 989 2321 tulit.
1045 2284 1114 2318 Nec
1138 2285 1286 2318 dubium

299 2355 347 2381 est
376 2347 484 2379 altero
510 2343 615 2376 verbo
643 2339 828 2384 significari
858 2338 1103 2381 gestationem,
1137 2343 1176 2369 ut
1198 2347 1287 2369 onus

299 2398 402 2432 nohis
419 2394 619 2439 impositum
639 2393 798 2432 gerimus.
836 2389 885 2422 lta
905 2385 1169 2433 inquitEsaias,
1192 2385 1286 2419 Mes-

302 2451 387 2483 siam
413 2447 583 2480 sustinere
608 2450 637 2474 et
667 2443 818 2486 perferre
841 2451 988 2484 poenas,
1017 2450 1101 2483 quas
1125 2450 1187 2481 pro
1211 2449 1287 2481 pec-

304 2508 380 2533 eato
398 2508 505 2541 genus
524 2493 718 2527 humanum
736 2493 825 2525 serre
844 2491 1001 2524 debebat.
1043 2489 1163 2523 Altero
1181 2488 1288 2521 verbo

302 2559 481 2594 utrunque
505 2545 735 2587 significatur,
762 2544 877 2575 levare
901 2550 932 2573 et
957 2541 1108 2578 auferre,
1136 2552 1199 2572 nee
1223 2540 1289 2571 du-

304 2603 401 2635 bium
421 2596 625 2632 estGraecis
642 2595 674 2627 id
694 2595 849 2633 verbum,
878 2605 947 2637 quo
967 2590 1022 2624 hic
1036 2592 1147 2624 utitur
1164 2598 1289 2623 utrun-

304 2665 370 2698 que,
401 2649 614 2691 sigznifieare,
649 2645 822 2689 suscipere
855 2644 1060 2685 ¹{vestandum
1086 2650 1114 2675 et
1145 2642 1290 2674 auferre.

309 2702 590 2746 l'omplectamur
611 2703 641 2730 et
661 2708 724 2729 nos
743 2703 929 2739 utrunque.
984 2693 1071 2726 Nam
1090 2693 1150 2727 etsi
1169 2691 1289 2736 appel-

886 119 1008 154 l'lllL.
1039 117 1151 152 MEL.
1179 114 1385 151 sCRtt‘TA
1415 113 1712 150 ExEGETtCA.

2263 117 2312 153 48

1329 202 1460 236 latione
1476 201 1648 242 victimae,
1670 201 1737 234 iam
1756 207 1855 234 antea
1872 201 2120 247 comprehensa
2137 209 2185 236 est
2201 210 2312 246 gesta-

1329 253 1397 291 tio,
1421 259 1537 286 tamen
1561 252 1754 296 expeditior
1775 259 1824 286 est
1843 253 2027 296 expositio:
2062 253 2173 287 Tollit
2193 265 2312 297 pecca-

1329 311 1422 343 tum,
1460 303 1494 335 id
1526 309 1592 343 est,
1627 303 1776 336 sustinet
1810 314 1957 347 poenam
1989 305 2118 348 peccati
2148 317 2209 348 pro
2237 310 2312 338 toto

1329 355 1474 388 mundo.
1525 352 1598 386 Etsi
1622 353 1717 386 enim
1740 365 1812 387 non
1839 365 1959 386 omnes
1985 355 2158 398 accipiunt
2183 353 2314 387 benefi-

1331 405 1422 438 cium
1438 400 1585 444 Christi,
1609 411 1726 438 tamen
1745 416 1807 448 pro
1825 405 1989 438 omnibus
2006 405 2092 438 facta
2108 413 2158 438 est
2173 406 2313 439 victima

1329 454 1513 495 sufficiens,
1541 461 1577 488 ut
1595 455 1680 489 alias
1694 455 1838 489 dicitur:
1869 454 1944 500 lpse
1961 462 2011 489 est
2027 456 2230 499 propiciatio
2249 468 2312 500 pro

1330 505 1477 550 peccatis
1493 506 1638 547 nostris,
1664 518 1728 540 nec
1747 518 1827 540 vero
1849 519 1911 551 pro
1927 507 2056 539 uostris
2073 513 2226 547 tantum,
2252 508 2310 540 sed

1330 557 1433 590 etiam
1450 567 1512 600 pro
1527 556 1675 601 peccatis
1693 557 1801 592 totius
1817 558 1953 591 mundi.
1983 556 2121 591 Deinde
2137 557 2218 602 quia
2235 557 2315 590 finis

1330 607 1583 641 immolationis
1597 614 1645 641 est
1663 608 1810 653 placatio
1825 615 1857 642 ct
1873 608 2046 645 liberatio,
2073 607 2316 652 complectitur

1331 665 1362 691 et
1378 658 1521 691 alteram
1543 658 1843 702 significationem.
1895 659 2005 693 Tollit
2027 666 2161 702 peccata
2182 659 2316 699 mundi,

1331 709 1366 741 id
1389 716 1457 748 est,
1485 709 1606 745 aufert.
1659 710 1718 744 Sic
1741 717 1774 744 et
1798 710 1887 743 infra
1912 710 2069 755 loquitur
2094 710 2129 741 in
2153 709 2314 754 epistola:

1333 759 1394 792 llle
1410 761 1590 808 apparuit,
1615 767 1652 794 ut
1669 768 1803 805 peccata
1822 767 1940 794 nostra
1959 761 2074 801 tollat,
2102 761 2135 792 id
2157 767 2225 798 est,
2253 772 2314 794 au-

1331 811 1430 844 ferat.
1482 810 1574 846 Dicit
1602 818 1717 845 autem
1751 812 1898 852 diserte,
1933 818 2112 856 peccatum
2146 811 2313 853 singulari

1331 874 1489 895 numero.
1548 860 1697 895 Ebraica
1722 860 1858 907 phrasi,
1893 875 1956 906 pro
1981 862 2143 895 universa
2170 864 2316 895 damna-

1330 913 1436 945 tione.
1470 911 1580 946 Tollit
1601 921 1789 956 peccatum‚
1816 914 1850 945 id
1869 920 1928 953 est,
1953 913 2151 946 universam
2171 914 2316 946 damna-

1331 963 1481 1004 tionem,
1516 963 1678 997 videlicet
1703 963 1976 997 inobedientiam
2002 965 2138 1007 generis
2160 961 2317 1004 huniam,

1332 1021 1464 1047 reatum
1499 1014 1569 1047 irae
1596 1013 1680 1054 Dei,
1723 1021 1891 1055 mortem,
1928 1022 1959 1048 et
1988 1022 2145 1049 aeternas
2174 1025 2316 1057 poenae.

1332 1064 1431 1097 Hanc
1447 1071 1553 1098 totam
1573 1065 1833 1098 damnationem
1854 1066 1901 1100 ait
1916 1066 2022 1099 deleri
2040 1079 2057 1098 a
2074 1064 2215 1099 Messia.

1434 1113 1607 1148 Enarravi
1644 1123 1821 1160 utcunque
1855 1118 1959 1149 verba
1998 1114 2102 1149 huius
2129 1116 2317 1149 concionis.

1335 1166 1405 1199 lam
1432 1178 1570 1199 necesse
1598 1173 1648 1199 est
1673 1166 1824 1199 conferri
1842 1167 2017 1199 victimam
2035 1165 2126 1200 banc
2142 1168 2183 1200 ad
2204 1173 2315 1212 typos,

1333 1217 1370 1251 Si
1386 1215 1443 1249 hic
1461 1217 1556 1249 solus
1574 1228 1683 1259 agnus
1701 1217 1817 1250 abolet
1843 1224 2000 1264 peccata,
2025 1218 2107 1262 quid
2134 1217 2240 1260 igitur
2257 1231 2317 1251 va-

1335 1269 1451 1300 lebant
1469 1267 1646 1306 victimae,
1674 1269 1716 1300 de
1742 1268 1871 1312 quibus
1899 1269 1950 1300 lex
1975 1268 2220 1315 praeceperat?
2252 1267 2318 1302 His

1335 1318 1604 1351 mactationibus
1621 1316 1799 1351 Pharisaei
1815 1319 1983 1362 putabant
2002 1330 2036 1351 se
2053 1319 2178 1351 mereri
2197 1319 2319 1352 remis—

1333 1370 1466 1402 sionem
1492 1376 1729 1412 peccatorum,
1753 1375 1785 1402 et
1808 1369 1880 1401 fieri
1907 1367 2072 1401 haeredes
2092 1369 2182 1402 vitae
2208 1376 2318 1402 aeter-

1334 1433 1409 1453 nae.
1462 1419 1567 1452 Hunc
1586 1431 1739 1452 errorem
1757 1418 1860 1452 ethic
1879 1420 2027 1453 Ioannes
2043 1427 2146 1457 taxat,
2175 1432 2252 1452 cum
2269 1428 2319 1454 tc-

1333 1478 1443 1504 statur
1461 1478 1638 1513 peccatum
1657 1482 1727 1503 non
1746 1470 1886 1512 auferri,
1906 1471 1971 1503 nisi
1993 1483 2054 1514 per
2068 1469 2162 1503 hunc
2179 1468 2319 1514 agnum.

1334 1522 1412 1555 Non
1438 1522 1545 1564 igitur
1562 1529 1695 1564 poterat
1715 1522 1862 1561 auferri,
1892 1534 1952 1565 per
1977 1522 2135 1554 victimas
2158 1528 2318 1560 caeteras,

1335 1580 1363 1606 et
1384 1570 1657 1620 reprehenderat
1678 1574 1828 1605 eundem
1844 1585 1996 1605 errorem
2015 1579 2114 1605 antea
2129 1571 2248 1606 Esaias
2265 1573 2319 1606 in-

1335 1625 1474 1669 quiens:
1515 1624 1606 1665 Quia
1636 1630 1741 1666 ponet
1773 1623 1926 1656 animam
1954 1635 2051 1656 suam
2077 1621 2225 1656 hostiam
2255 1636 2319 1667 pro

1336 1682 1472 1719 peccato
1488 1701 1495 1714 ,
1525 1675 1657 1706 ridebit
1676 1685 1792 1707 semen
1815 1675 2040 1715 longaevum,
2069 1675 2102 1705 id
2121 1681 2186 1713 est,
2216 1671 2321 1707 huius

1334 1726 1439 1758 unius
1457 1737 1550 1757 mors
1568 1737 1646 1756 vere
1669 1725 1819 1768 placabit
1838 1725 1925 1756 iram
1945 1723 2026 1761 Dei,
2053 1722 2160 1756 ethic
2176 1726 2321 1758 resusci-

1335 1784 1442 1812 tatos,
1470 1776 1625 1807 restituet
1651 1775 1752 1807 nobis
1776 1775 1881 1808 vitam
1905 1781 2092 1808 aeternam.
2146 1776 2265 1818 Quare
2290 1784 2320 1808 et

1338 1826 1460 1859 Esaiae
1483 1833 1512 1858 et
1540 1824 1716 1867 Baptistae
1739 1826 1925 1857 conciones
1949 1832 2142 1864 testantur,
2169 1827 2205 1857 in
2229 1838 2321 1859 novo

1335 1883 1540 1911 testamento
1578 1876 1655 1908 illas
1697 1876 1923 1909 mactationes
1961 1875 2134 1908 Leviticas
2170 1888 2322 1909 cessuras

1336 1939 1426 1970 esse,
1453 1925 1607 1960 exhibita
1628 1938 1708 1960 vera
1732 1925 1899 1971 victimag}

1436 1978 1505 2012 Sed
1529 1976 1585 2011 hic
1610 1979 1709 2010 etiam
1734 1977 1892 2010 doctrina
1919 1978 1961 2009 de
1986 1977 2052 2009 fide
2085 1979 2234 2011 tenenda
2263 1987 2323 2019 est,

1309 2047 1311 2052 ·
1337 2031 1515 2076 quomodo
1538 2029 1595 2061 fiat
1622 2028 1808 2072 applicatio
1833 2028 1993 2060 sacrificii
2015 2026 2165 2068 Christi,
2194 2029 2323 2063 seilicet

1337 2082 1413 2114 fide.
1454 2080 1506 2115 De
1523 2077 1587 2113 hac
1603 2079 1835 2122 applicatione
1855 2079 1943 2111 infra
1963 2077 2117 2123 Baptista
2135 2080 2324 2113 conciona-

1338 2140 1396 2166 tur
1428 2143 1501 2175 cap.
1531 2131 1582 2165 3.:
1619 2130 1691 2173 Qui
1720 2130 1829 2164 credit
1857 2131 1893 2162 iu
1919 2130 2049 2167 filium,
2086 2128 2190 2162 babet
2217 2131 2322 2164 vitam

1339 2190 1533 2223 aeternam3
1556 2182 1614 2227 qui
1633 2192 1704 2214 nou
1722 2181 1833 2214 credit
1848 2181 1938 2219 filio,
1965 2193 2038 2214 non
2056 2181 2189 2214 videbit
2205 2182 2322 2222 vitam7

1339 2236 1396 2267 sed
1423 2241 1540 2267 manet
1564 2233 1613 2265 ira
1638 2231 1702 2265 Dei
1730 2244 1834 2276 super
1859 2244 1948 2265 eum.
2010 2229 2071 2264 Est
2093 2238 2207 2264 autem
2232 2233 2325 2273 fides,

1339 2285 1483 2326 fiducia,
1511 2296 1576 2329 qua
1595 2283 1781 2316 statuimus
1798 2283 1910 2316 Deum
1930 2282 2032 2315 nobis
2058 2282 2228 2325 placatum
2254 2295 2324 2317 esse

1342 2343 1484 2380 propter
1499 2334 1701 2377 Christum,
1728 2341 1766 2367 ut
1785 2335 1914 2367 dicitur
1928 2332 2032 2367 Rom.
2050 2330 2101 2366 5.:
2136 2332 2204 2367 Per
2221 2346 2323 2379 quem

1341 2398 1513 2421 accessum
1539 2384 1708 2419 habemus
1735 2386 1801 2418 fide
1830 2385 1864 2417 in
1894 2383 1983 2418 hanc
2012 2384 2168 2426 gratiam.
2233 2384 2326 2418 Haec

1341 2438 1465 2472 fiducia
1489 2450 1560 2471 non
1586 2436 1713 2470 nititur
1743 2442 1861 2469 nostra
1889 2435 2077 2479 dignitate,
2112 2446 2171 2468 seu
2197 2436 2326 2469 nostris

1342 2489 1548 2527 virtutibus,
1583 2489 1640 2520 sed
1667 2488 1742 2531 ipso
1774 2487 1964 2520 mediatore
1989 2485 2061 2520 filio
2086 2485 2164 2520 Dei.
2225 2485 2325 2520 Hanc

1342 2541 1536 2572 doctrinam
1565 2541 1606 2571 de
1630 2538 1863 2582 applicatione
1887 2549 1947 2582 per
1965 2537 2086 2577 fidem,
2115 2549 2251 2570 necesse
2277 2545 2323 2571 est

1342 2589 1398 2623 bic
1416 2590 1608 2636 complecti„
1631 2590 1711 2634 quia
1729 2589 1929 2627 adversarii,
1951 2588 2013 2620 etsi
2032 2585 2098 2620 hoc
2114 2588 2245 2621 dictum
2263 2589 2324 2621 ad—

1313 2636 1315 2670 ]
1343 2642 1501 2674 mittunt:
1533 2639 1588 2673 bic
1605 2648 1656 2674 est
1673 2651 1781 2683 agnus
1795 2647 1855 2673 etc.
1868 2666 1876 2678 ‚
1894 2646 2009 2672 tamen
2021 2645 2135 2682 postea
2155 2639 2325 2683 sepeliunt

1342 2692 1452 2724 filium
1471 2690 1534 2725 Dei
1548 2720 1556 2736 ‚
1582 2699 1611 2725 et
1632 2692 1770 2731 dicunt,
1798 2690 2031 2724 dubitandum
2050 2701 2132 2730 esse:
2158 2702 2200 2723 an
2219 2690 2327 2724 simus
