<?xml version="1.0" encoding="UTF-8"?>
<!DOCTYPE html PUBLIC "-//W3C//DTD XHTML 1.0 Transitional//EN"
    "http://www.w3.org/TR/xhtml1/DTD/xhtml1-transitional.dtd">
<html xmlns="http://www.w3.org/1999/xhtml" xml:lang="en" lang="en">
 <head>
  <title>
</title>
<meta http-equiv="Content-Type" content="text/html;charset=utf-8" />
  <meta name='ocr-system' content='tesseract 3.04.00' />
  <meta name='ocr-capabilities' content='ocr_page ocr_carea ocr_par ocr_line ocrx_word'/>
</head>
<body>
  <div class='ocr_page' id='page_1' title='image "./operaquaesupersu15melauoft_0342.png"; bbox 0 0 2415 2942; ppageno 0'>
   <div class='ocr_carea' id='block_1_1' title="bbox 255 118 327 152">
    <p class='ocr_par' dir='ltr' id='par_1_1' title="bbox 255 118 327 152">
     <span class='ocr_line' id='line_1_1' title="bbox 255 118 327 152; baseline -0.014 0"><span class='ocrx_word' id='word_1_1' title='bbox 255 118 327 152; x_wconf 73' lang='lat'>667</span> 
     </span>
    </p>
   </div>
   <div class='ocr_carea' id='block_1_2' title="bbox 256 194 1242 548">
    <p class='ocr_par' dir='ltr' id='par_1_2' title="bbox 256 194 1242 548">
     <span class='ocr_line' id='line_1_2' title="bbox 355 194 1240 243; baseline -0.008 -10"><span class='ocrx_word' id='word_1_2' title='bbox 355 202 459 243; x_wconf 75' lang='lat' dir='ltr'>Quod</span> <span class='ocrx_word' id='word_1_3' title='bbox 487 205 601 232; x_wconf 83' lang='lat' dir='ltr'>antem</span> <span class='ocrx_word' id='word_1_4' title='bbox 628 196 787 230; x_wconf 83' lang='lat' dir='ltr'>nominat</span> <span class='ocrx_word' id='word_1_5' title='bbox 811 196 901 229; x_wconf 87' lang='lat' dir='ltr'>filios</span> <span class='ocrx_word' id='word_1_6' title='bbox 927 196 1130 237; x_wconf 82' lang='lat' dir='ltr'>adoptatos,</span> <span class='ocrx_word' id='word_1_7' title='bbox 1166 194 1240 228; x_wconf 89' lang='lat' dir='ltr'>dis-</span> 
     </span>
     <span class='ocr_line' id='line_1_3' title="bbox 257 245 1241 292; baseline -0.011 -4"><span class='ocrx_word' id='word_1_8' title='bbox 257 254 367 288; x_wconf 72' lang='lat' dir='ltr'>cernit</span> <span class='ocrx_word' id='word_1_9' title='bbox 391 266 407 284; x_wconf 82' lang='lat' dir='ltr'>a</span> <span class='ocrx_word' id='word_1_10' title='bbox 433 248 575 283; x_wconf 78' lang='lat' dir='ltr'>Christo</span> <span class='ocrx_word' id='word_1_11' title='bbox 597 248 750 292; x_wconf 86' lang='lat' dir='ltr'>reliquos</span> <span class='ocrx_word' id='word_1_12' title='bbox 782 254 939 286; x_wconf 83' lang='lat' dir='ltr'>sanctos,</span> <span class='ocrx_word' id='word_1_13' title='bbox 979 246 1085 289; x_wconf 83' lang='lat' dir='ltr'>idque</span> <span class='ocrx_word' id='word_1_14' title='bbox 1116 245 1241 279; x_wconf 88' lang='lat' dir='ltr'>discri-</span> 
     </span>
     <span class='ocr_line' id='line_1_4' title="bbox 258 296 1241 338; baseline -0.007 -2"><span class='ocrx_word' id='word_1_15' title='bbox 258 317 335 337; x_wconf 71' lang='lat' dir='ltr'>men</span> <span class='ocrx_word' id='word_1_16' title='bbox 356 303 545 335; x_wconf 75' lang='lat' dir='ltr'>tenendum</span> <span class='ocrx_word' id='word_1_17' title='bbox 572 306 639 338; x_wconf 85' lang='lat' dir='ltr'>est,</span> <span class='ocrx_word' id='word_1_18' title='bbox 677 306 713 331; x_wconf 88' lang='lat' dir='ltr'>ut</span> <span class='ocrx_word' id='word_1_19' title='bbox 738 298 887 331; x_wconf 88' lang='lat' dir='ltr'>sciamus</span> <span class='ocrx_word' id='word_1_20' title='bbox 908 296 1090 331; x_wconf 78' lang='lat' dir='ltr'>Christum</span> <span class='ocrx_word' id='word_1_21' title='bbox 1114 303 1241 330; x_wconf 85' lang='lat' dir='ltr'>natura</span> 
     </span>
     <span class='ocr_line' id='line_1_5' title="bbox 257 349 1242 393; baseline -0.009 -6"><span class='ocrx_word' id='word_1_22' title='bbox 257 356 368 387; x_wconf 75' lang='lat' dir='ltr'>tilium</span> <span class='ocrx_word' id='word_1_23' title='bbox 387 351 450 385; x_wconf 73' lang='lat' dir='ltr'>Dei</span> <span class='ocrx_word' id='word_1_24' title='bbox 465 362 554 390; x_wconf 73' lang='lat' dir='ltr'>esse,</span> <span class='ocrx_word' id='word_1_25' title='bbox 582 356 613 382; x_wconf 91' lang='lat' dir='ltr'>et</span> <span class='ocrx_word' id='word_1_26' title='bbox 631 349 809 393; x_wconf 81' lang='lat' dir='ltr'>aequalem</span> <span class='ocrx_word' id='word_1_27' title='bbox 827 349 934 390; x_wconf 80' lang='lat' dir='ltr'>patri,</span> <span class='ocrx_word' id='word_1_28' title='bbox 962 356 993 380; x_wconf 87' lang='lat' dir='ltr'>et</span> <span class='ocrx_word' id='word_1_29' title='bbox 1011 349 1242 382; x_wconf 79' lang='lat' dir='ltr'>consubstan-</span> 
     </span>
     <span class='ocr_line' id='line_1_6' title="bbox 256 398 1242 443; baseline -0.007 -6"><span class='ocrx_word' id='word_1_30' title='bbox 256 406 392 442; x_wconf 69' lang='lat' dir='ltr'>tialem,</span> <span class='ocrx_word' id='word_1_31' title='bbox 417 403 506 435; x_wconf 84' lang='lat' dir='ltr'>sicut</span> <span class='ocrx_word' id='word_1_32' title='bbox 520 401 687 443; x_wconf 82' lang='lat' dir='ltr'>scriptum</span> <span class='ocrx_word' id='word_1_33' title='bbox 704 407 768 433; x_wconf 73' lang='lat' dir='ltr'>est:</span> <span class='ocrx_word' id='word_1_34' title='bbox 807 398 969 431; x_wconf 69' lang='lat' dir='ltr'>Vidimus</span> <span class='ocrx_word' id='word_1_35' title='bbox 998 398 1143 440; x_wconf 83' lang='lat' dir='ltr'>gloriam</span> <span class='ocrx_word' id='word_1_36' title='bbox 1168 399 1242 431; x_wconf 89' lang='lat' dir='ltr'>eius</span> 
     </span>
     <span class='ocr_line' id='line_1_7' title="bbox 256 449 1242 499; baseline -0.005 -12"><span class='ocrx_word' id='word_1_37' title='bbox 256 464 422 499; x_wconf 73' lang='lat' dir='ltr'>tauquam</span> <span class='ocrx_word' id='word_1_38' title='bbox 449 451 620 494; x_wconf 79' lang='lat' dir='ltr'>unigeniti</span> <span class='ocrx_word' id='word_1_39' title='bbox 645 464 662 484; x_wconf 88' lang='lat' dir='ltr'>a</span> <span class='ocrx_word' id='word_1_40' title='bbox 690 458 784 494; x_wconf 84' lang='lat' dir='ltr'>patre</span> <span class='ocrx_word' id='word_1_41' title='bbox 811 457 873 483; x_wconf 88' lang='lat' dir='ltr'>etc.</span> <span class='ocrx_word' id='word_1_42' title='bbox 933 449 1002 483; x_wconf 87' lang='lat' dir='ltr'>Sed</span> <span class='ocrx_word' id='word_1_43' title='bbox 1027 450 1135 482; x_wconf 87' lang='lat' dir='ltr'>sancti</span> <span class='ocrx_word' id='word_1_44' title='bbox 1160 456 1242 482; x_wconf 90' lang='lat' dir='ltr'>sunt</span> 
     </span>
     <span class='ocr_line' id='line_1_8' title="bbox 256 499 1242 548; baseline -0.007 -10"><span class='ocrx_word' id='word_1_45' title='bbox 256 506 446 548; x_wconf 72' lang='lat' dir='ltr'>adoptione</span> <span class='ocrx_word' id='word_1_46' title='bbox 464 504 537 542; x_wconf 80' lang='lat' dir='ltr'>filii,</span> <span class='ocrx_word' id='word_1_47' title='bbox 555 503 636 547; x_wconf 84' lang='lat' dir='ltr'>quia</span> <span class='ocrx_word' id='word_1_48' title='bbox 657 499 985 545; x_wconf 74' lang='lat' dir='ltr'>propterCltristuni</span> <span class='ocrx_word' id='word_1_49' title='bbox 1004 500 1130 543; x_wconf 80' lang='lat' dir='ltr'>recepti</span> <span class='ocrx_word' id='word_1_50' title='bbox 1151 506 1242 538; x_wconf 85' lang='lat' dir='ltr'>sunt,</span> 
     </span>
    </p>
   </div>
   <div class='ocr_carea' id='block_1_3' title="bbox 857 106 1691 146">
    <p class='ocr_par' dir='ltr' id='par_1_3' title="bbox 857 106 1691 146">
     <span class='ocr_line' id='line_1_9' title="bbox 857 106 1691 146; baseline 0.004 -4"><span class='ocrx_word' id='word_1_51' title='bbox 857 107 981 143; x_wconf 87' lang='lat' dir='ltr'>PlllL.</span> <span class='ocrx_word' id='word_1_52' title='bbox 1010 107 1124 145; x_wconf 78' lang='lat' dir='ltr'>MEL.</span> <span class='ocrx_word' id='word_1_53' title='bbox 1153 106 1361 142; x_wconf 83' lang='lat' dir='ltr'><strong>SCRIPTA</strong></span> <span class='ocrx_word' id='word_1_54' title='bbox 1391 106 1691 146; x_wconf 74' lang='lat' dir='ltr'>EXEGETICA.</span> 
     </span>
    </p>
   </div>
   <div class='ocr_carea' id='block_1_4' title="bbox 256 551 1271 595">
    <p class='ocr_par' dir='ltr' id='par_1_4' title="bbox 256 551 1271 595">
     <span class='ocr_line' id='line_1_10' title="bbox 256 551 1271 595; baseline -0.007 -6"><span class='ocrx_word' id='word_1_55' title='bbox 256 566 287 590; x_wconf 86' lang='lat' dir='ltr'>et</span> <span class='ocrx_word' id='word_1_56' title='bbox 303 559 481 589; x_wconf 86' lang='lat' dir='ltr'>donantur</span> <span class='ocrx_word' id='word_1_57' title='bbox 497 551 630 587; x_wconf 83' lang='lat' dir='ltr'>Clu-isti</span> <span class='ocrx_word' id='word_1_58' title='bbox 650 553 770 592; x_wconf 81' lang='lat' dir='ltr'>donis,</span> <span class='ocrx_word' id='word_1_59' title='bbox 785 552 914 585; x_wconf 89' lang='lat' dir='ltr'>scilicet</span> <span class='ocrx_word' id='word_1_60' title='bbox 931 551 1075 595; x_wconf 85' lang='lat' dir='ltr'>spiritu,</span> <span class='ocrx_word' id='word_1_61' title='bbox 1100 557 1131 584; x_wconf 92' lang='lat' dir='ltr'>et</span> <span class='ocrx_word' id='word_1_62' title='bbox 1149 562 1242 583; x_wconf 90' lang='lat' dir='ltr'>nova</span> <span class='ocrx_word' id='word_1_63' title='bbox 1268 556 1271 589; x_wconf 60' lang='grc' dir='ltr'>ξ</span> 
     </span>
    </p>
   </div>
   <div class='ocr_carea' id='block_1_5' title="bbox 259 603 834 650">
    <p class='ocr_par' dir='ltr' id='par_1_5' title="bbox 259 603 834 650">
     <span class='ocr_line' id='line_1_11' title="bbox 259 603 834 650; baseline -0.01 -10"><span class='ocrx_word' id='word_1_64' title='bbox 259 609 348 647; x_wconf 79' lang='lat' dir='ltr'>vita,</span> <span class='ocrx_word' id='word_1_65' title='bbox 376 606 545 650; x_wconf 83' lang='lat' dir='ltr'>sapientia</span> <span class='ocrx_word' id='word_1_66' title='bbox 567 612 598 637; x_wconf 86' lang='lat' dir='ltr'>et</span> <span class='ocrx_word' id='word_1_67' title='bbox 618 603 754 636; x_wconf 81' lang='lat' dir='ltr'>iusticia</span> <span class='ocrx_word' id='word_1_68' title='bbox 773 609 834 638; x_wconf 82' lang='lat' dir='ltr'>etc.</span> 
     </span>
    </p>
   </div>
   <div class='ocr_carea' id='block_1_6' title="bbox 438 680 1065 735">
    <p class='ocr_par' dir='ltr' id='par_1_6' title="bbox 438 680 1065 735">
     <span class='ocr_line' id='line_1_12' title="bbox 438 680 1065 735; baseline -0.011 -13"><span class='ocrx_word' id='word_1_69' title='bbox 438 687 484 721; x_wconf 87' lang='lat' dir='ltr'>In</span> <span class='ocrx_word' id='word_1_70' title='bbox 504 700 574 735; x_wconf 77' lang='grc' dir='ltr'>(μω</span> <span class='ocrx_word' id='word_1_71' title='bbox 593 685 798 720; x_wconf 75' lang='lat' dir='ltr'>clamamus</span> <span class='ocrx_word' id='word_1_72' title='bbox 817 683 921 717; x_wconf 72' lang='lat' dir='ltr'>Abba</span> <span class='ocrx_word' id='word_1_73' title='bbox 941 680 1065 719; x_wconf 72' lang='lat' dir='ltr'>Pater.</span> 
     </span>
    </p>
   </div>
   <div class='ocr_carea' id='block_1_7' title="bbox 360 750 1274 795">
    <p class='ocr_par' dir='ltr' id='par_1_7' title="bbox 360 750 1274 795">
     <span class='ocr_line' id='line_1_13' title="bbox 360 750 1274 795; baseline -0.009 -5"><span class='ocrx_word' id='word_1_74' title='bbox 360 757 481 791; x_wconf 84' lang='lat' dir='ltr'>Donec</span> <span class='ocrx_word' id='word_1_75' title='bbox 499 754 712 789; x_wconf 81' lang='lat' dir='ltr'>conscientia</span> <span class='ocrx_word' id='word_1_76' title='bbox 730 753 804 785; x_wconf 90' lang='lat' dir='ltr'>sine</span> <span class='ocrx_word' id='word_1_77' title='bbox 821 753 887 785; x_wconf 84' lang='lat' dir='ltr'>fide</span> <span class='ocrx_word' id='word_1_78' title='bbox 906 758 973 790; x_wconf 83' lang='lat' dir='ltr'>est,</span> <span class='ocrx_word' id='word_1_79' title='bbox 1002 752 1037 784; x_wconf 92' lang='lat' dir='ltr'>in</span> <span class='ocrx_word' id='word_1_80' title='bbox 1057 750 1246 795; x_wconf 82' lang='lat' dir='ltr'>pavoribus</span> <span class='ocrx_word' id='word_1_81' title='bbox 1272 769 1274 777; x_wconf 77' lang='lat'>›</span> 
     </span>
    </p>
   </div>
   <div class='ocr_carea' id='block_1_8' title="bbox 260 803 1259 2517">
    <p class='ocr_par' dir='ltr' id='par_1_8' title="bbox 260 803 1249 1212">
     <span class='ocr_line' id='line_1_14' title="bbox 260 803 1247 853; baseline -0.012 -9"><span class='ocrx_word' id='word_1_82' title='bbox 260 808 546 853; x_wconf 75' lang='lat' dir='ltr'>desperabunda‚</span> <span class='ocrx_word' id='word_1_83' title='bbox 591 805 678 846; x_wconf 72' lang='lat' dir='ltr'>sugit</span> <span class='ocrx_word' id='word_1_84' title='bbox 705 804 837 842; x_wconf 73' lang='lat' dir='ltr'>Deum,</span> <span class='ocrx_word' id='word_1_85' title='bbox 879 803 1034 841; x_wconf 87' lang='lat' dir='ltr'>dubitat,</span> <span class='ocrx_word' id='word_1_86' title='bbox 1072 814 1117 834; x_wconf 82' lang='lat' dir='ltr'>an</span> <span class='ocrx_word' id='word_1_87' title='bbox 1142 813 1247 833; x_wconf 78' lang='lat' dir='ltr'>exau-</span> 
     </span>
     <span class='ocr_line' id='line_1_15' title="bbox 260 851 1245 900; baseline -0.012 -5"><span class='ocrx_word' id='word_1_88' title='bbox 260 864 351 899; x_wconf 74' lang='lat' dir='ltr'>diat,</span> <span class='ocrx_word' id='word_1_89' title='bbox 377 872 419 892; x_wconf 82' lang='lat' dir='ltr'>an</span> <span class='ocrx_word' id='word_1_90' title='bbox 442 857 676 900; x_wconf 76' lang='lat' dir='ltr'>respiciatetc.</span> <span class='ocrx_word' id='word_1_91' title='bbox 732 853 811 887; x_wconf 67' lang='lat' dir='ltr'>Non</span> <span class='ocrx_word' id='word_1_92' title='bbox 830 854 968 885; x_wconf 87' lang='lat' dir='ltr'>invocat</span> <span class='ocrx_word' id='word_1_93' title='bbox 985 855 1107 885; x_wconf 87' lang='lat' dir='ltr'>Deum.</span> <span class='ocrx_word' id='word_1_94' title='bbox 1164 851 1245 884; x_wconf 87' lang='lat' dir='ltr'>ldeo</span> 
     </span>
     <span class='ocr_line' id='line_1_16' title="bbox 262 903 1246 946; baseline -0.011 -1"><span class='ocrx_word' id='word_1_95' title='bbox 262 912 391 946; x_wconf 75' lang='lat' dir='ltr'>Paulus</span> <span class='ocrx_word' id='word_1_96' title='bbox 410 907 685 942; x_wconf 79' lang='lat' dir='ltr'>consolationem</span> <span class='ocrx_word' id='word_1_97' title='bbox 713 912 747 938; x_wconf 90' lang='lat' dir='ltr'>et</span> <span class='ocrx_word' id='word_1_98' title='bbox 770 904 1028 937; x_wconf 72' lang='lat' dir='ltr'>invocationem</span> <span class='ocrx_word' id='word_1_99' title='bbox 1053 903 1246 944; x_wconf 74' lang='lat' dir='ltr'>coniungit,</span> 
     </span>
     <span class='ocr_line' id='line_1_17' title="bbox 262 952 1247 999; baseline -0.01 -4"><span class='ocrx_word' id='word_1_100' title='bbox 262 971 292 997; x_wconf 74' lang='lat' dir='ltr'>et</span> <span class='ocrx_word' id='word_1_101' title='bbox 327 968 460 995; x_wconf 88' lang='lat' dir='ltr'>tautum</span> <span class='ocrx_word' id='word_1_102' title='bbox 486 957 539 991; x_wconf 79' lang='lat' dir='ltr'>his</span> <span class='ocrx_word' id='word_1_103' title='bbox 567 956 713 994; x_wconf 87' lang='lat' dir='ltr'>tribuit,</span> <span class='ocrx_word' id='word_1_104' title='bbox 752 955 812 999; x_wconf 86' lang='lat' dir='ltr'>qui</span> <span class='ocrx_word' id='word_1_105' title='bbox 836 955 905 987; x_wconf 85' lang='lat' dir='ltr'>iam</span> <span class='ocrx_word' id='word_1_106' title='bbox 931 966 992 996; x_wconf 88' lang='lat' dir='ltr'>per</span> <span class='ocrx_word' id='word_1_107' title='bbox 1014 952 1247 997; x_wconf 82' lang='lat' dir='ltr'>Evangelium</span> 
     </span>
     <span class='ocr_line' id='line_1_18' title="bbox 261 1003 1248 1052; baseline -0.012 -5"><span class='ocrx_word' id='word_1_108' title='bbox 261 1016 327 1048; x_wconf 78' lang='lat' dir='ltr'>tide</span> <span class='ocrx_word' id='word_1_109' title='bbox 350 1012 544 1052; x_wconf 72' lang='lat' dir='ltr'>eriguntur.</span> <span class='ocrx_word' id='word_1_110' title='bbox 603 1007 692 1040; x_wconf 81' lang='lat' dir='ltr'>Nam</span> <span class='ocrx_word' id='word_1_111' title='bbox 721 1018 799 1039; x_wconf 81' lang='lat' dir='ltr'>cuin</span> <span class='ocrx_word' id='word_1_112' title='bbox 820 1006 885 1038; x_wconf 80' lang='lat' dir='ltr'>ait:</span> <span class='ocrx_word' id='word_1_113' title='bbox 923 1005 1121 1038; x_wconf 63' lang='lat' dir='ltr'>(ilamamus</span> <span class='ocrx_word' id='word_1_114' title='bbox 1146 1003 1248 1037; x_wconf 80' lang='lat' dir='ltr'>Abba</span> 
     </span>
     <span class='ocr_line' id='line_1_19' title="bbox 263 1055 1249 1102; baseline -0.012 -4"><span class='ocrx_word' id='word_1_115' title='bbox 263 1066 383 1100; x_wconf 79' lang='lat' dir='ltr'>Pater.</span> <span class='ocrx_word' id='word_1_116' title='bbox 408 1060 473 1094; x_wconf 83' lang='lat' dir='ltr'>hoc</span> <span class='ocrx_word' id='word_1_117' title='bbox 492 1059 682 1102; x_wconf 78' lang='lat' dir='ltr'>significat,</span> <span class='ocrx_word' id='word_1_118' title='bbox 713 1057 784 1090; x_wconf 89' lang='lat' dir='ltr'>lam</span> <span class='ocrx_word' id='word_1_119' title='bbox 803 1056 1025 1098; x_wconf 73' lang='lat' dir='ltr'>agnoscimus</span> <span class='ocrx_word' id='word_1_120' title='bbox 1041 1055 1153 1088; x_wconf 90' lang='lat' dir='ltr'>Deum</span> <span class='ocrx_word' id='word_1_121' title='bbox 1178 1066 1249 1087; x_wconf 88' lang='lat' dir='ltr'>esse</span> 
     </span>
     <span class='ocr_line' id='line_1_20' title="bbox 265 1104 1247 1160; baseline -0.012 -11"><span class='ocrx_word' id='word_1_122' title='bbox 265 1124 418 1160; x_wconf 82' lang='lat' dir='ltr'>patrem,</span> <span class='ocrx_word' id='word_1_123' title='bbox 453 1118 483 1144; x_wconf 90' lang='lat' dir='ltr'>et</span> <span class='ocrx_word' id='word_1_124' title='bbox 503 1122 582 1142; x_wconf 82' lang='lat' dir='ltr'>vere</span> <span class='ocrx_word' id='word_1_125' title='bbox 600 1121 664 1141; x_wconf 85' lang='lat' dir='ltr'>nos</span> <span class='ocrx_word' id='word_1_126' title='bbox 682 1108 866 1147; x_wconf 72' lang='lat' dir='ltr'>exaudire,</span> <span class='ocrx_word' id='word_1_127' title='bbox 902 1115 932 1140; x_wconf 90' lang='lat' dir='ltr'>et</span> <span class='ocrx_word' id='word_1_128' title='bbox 956 1104 1020 1139; x_wconf 81' lang='lat' dir='ltr'>hac</span> <span class='ocrx_word' id='word_1_129' title='bbox 1041 1107 1108 1139; x_wconf 87' lang='lat' dir='ltr'>fide</span> <span class='ocrx_word' id='word_1_130' title='bbox 1132 1106 1247 1139; x_wconf 88' lang='lat' dir='ltr'>conci-</span> 
     </span>
     <span class='ocr_line' id='line_1_21' title="bbox 265 1157 1111 1212; baseline -0.011 -13"><span class='ocrx_word' id='word_1_131' title='bbox 265 1168 379 1212; x_wconf 81' lang='lat' dir='ltr'>pimus</span> <span class='ocrx_word' id='word_1_132' title='bbox 397 1160 691 1199; x_wconf 73' lang='lat' dir='ltr'>consolationem,</span> <span class='ocrx_word' id='word_1_133' title='bbox 717 1166 748 1191; x_wconf 93' lang='lat' dir='ltr'>et</span> <span class='ocrx_word' id='word_1_134' title='bbox 766 1159 969 1190; x_wconf 71' lang='lat' dir='ltr'>invocamus</span> <span class='ocrx_word' id='word_1_135' title='bbox 987 1157 1111 1190; x_wconf 84' lang='lat' dir='ltr'>Deum.</span> 
     </span>
    </p>

    <p class='ocr_par' dir='ltr' id='par_1_9' title="bbox 265 1207 1250 1769">
     <span class='ocr_line' id='line_1_22' title="bbox 365 1207 1249 1253; baseline -0.008 -6"><span class='ocrx_word' id='word_1_136' title='bbox 365 1214 460 1247; x_wconf 83' lang='lat' dir='ltr'>llaec</span> <span class='ocrx_word' id='word_1_137' title='bbox 477 1213 560 1245; x_wconf 84' lang='lat' dir='ltr'>fides</span> <span class='ocrx_word' id='word_1_138' title='bbox 585 1218 617 1244; x_wconf 87' lang='lat' dir='ltr'>et</span> <span class='ocrx_word' id='word_1_139' title='bbox 645 1209 777 1253; x_wconf 78' lang='lat' dir='ltr'>agnitio</span> <span class='ocrx_word' id='word_1_140' title='bbox 800 1209 1058 1241; x_wconf 78' lang='lat' dir='ltr'>misericordiae</span> <span class='ocrx_word' id='word_1_141' title='bbox 1076 1207 1140 1240; x_wconf 83' lang='lat' dir='ltr'>Dei</span> <span class='ocrx_word' id='word_1_142' title='bbox 1168 1207 1249 1240; x_wconf 86' lang='lat' dir='ltr'>sacit</span> 
     </span>
     <span class='ocr_line' id='line_1_23' title="bbox 266 1258 1249 1314; baseline -0.011 -14"><span class='ocrx_word' id='word_1_143' title='bbox 266 1267 407 1314; x_wconf 83' lang='lat' dir='ltr'>proprie</span> <span class='ocrx_word' id='word_1_144' title='bbox 440 1263 628 1296; x_wconf 84' lang='lat' dir='ltr'>discrimen</span> <span class='ocrx_word' id='word_1_145' title='bbox 664 1262 754 1293; x_wconf 75' lang='lat' dir='ltr'>inter</span> <span class='ocrx_word' id='word_1_146' title='bbox 785 1258 1005 1292; x_wconf 72' lang='lat' dir='ltr'>Christianos</span> <span class='ocrx_word' id='word_1_147' title='bbox 1041 1266 1073 1291; x_wconf 89' lang='lat' dir='ltr'>et</span> <span class='ocrx_word' id='word_1_148' title='bbox 1112 1258 1249 1301; x_wconf 79' lang='lat' dir='ltr'>impios,</span> 
     </span>
     <span class='ocr_line' id='line_1_24' title="bbox 265 1310 1248 1364; baseline -0.011 -13"><span class='ocrx_word' id='word_1_149' title='bbox 265 1319 346 1364; x_wconf 77' lang='lat' dir='ltr'>quia</span> <span class='ocrx_word' id='word_1_150' title='bbox 366 1318 400 1349; x_wconf 91' lang='lat' dir='ltr'>in</span> <span class='ocrx_word' id='word_1_151' title='bbox 419 1315 535 1358; x_wconf 86' lang='lat' dir='ltr'>impiis</span> <span class='ocrx_word' id='word_1_152' title='bbox 553 1320 695 1344; x_wconf 81' lang='lat' dir='ltr'>manent</span> <span class='ocrx_word' id='word_1_153' title='bbox 711 1311 882 1343; x_wconf 86' lang='lat' dir='ltr'>dubitatio</span> <span class='ocrx_word' id='word_1_154' title='bbox 903 1317 935 1342; x_wconf 89' lang='lat' dir='ltr'>et</span> <span class='ocrx_word' id='word_1_155' title='bbox 964 1310 1159 1352; x_wconf 72' lang='lat' dir='ltr'>indignatio</span> <span class='ocrx_word' id='word_1_156' title='bbox 1189 1310 1248 1340; x_wconf 84' lang='lat' dir='ltr'>ad-</span> 
     </span>
     <span class='ocr_line' id='line_1_25' title="bbox 266 1361 1248 1402; baseline -0.011 0"><span class='ocrx_word' id='word_1_157' title='bbox 266 1379 385 1402; x_wconf 75' lang='lat' dir='ltr'>versus</span> <span class='ocrx_word' id='word_1_158' title='bbox 402 1365 527 1400; x_wconf 62' lang='lat' dir='ltr'>Detur.</span> <span class='ocrx_word' id='word_1_159' title='bbox 583 1363 649 1396; x_wconf 83' lang='lat' dir='ltr'>Sed</span> <span class='ocrx_word' id='word_1_160' title='bbox 675 1362 709 1394; x_wconf 88' lang='lat' dir='ltr'>iu</span> <span class='ocrx_word' id='word_1_161' title='bbox 734 1361 956 1393; x_wconf 77' lang='lat' dir='ltr'>credentibus</span> <span class='ocrx_word' id='word_1_162' title='bbox 980 1361 1062 1391; x_wconf 80' lang='lat' dir='ltr'>fides</span> <span class='ocrx_word' id='word_1_163' title='bbox 1087 1367 1135 1392; x_wconf 81' lang='lat' dir='ltr'>est</span> <span class='ocrx_word' id='word_1_164' title='bbox 1161 1371 1248 1391; x_wconf 87' lang='lat' dir='ltr'>nova</span> 
     </span>
     <span class='ocr_line' id='line_1_26' title="bbox 266 1409 1250 1462; baseline -0.012 -10"><span class='ocrx_word' id='word_1_165' title='bbox 266 1419 396 1462; x_wconf 66' lang='lat' dir='ltr'>agnitio</span> <span class='ocrx_word' id='word_1_166' title='bbox 419 1414 675 1448; x_wconf 69' lang='lat' dir='ltr'>unisericorttizw</span> <span class='ocrx_word' id='word_1_167' title='bbox 691 1413 770 1452; x_wconf 81' lang='lat' dir='ltr'>Dei,</span> <span class='ocrx_word' id='word_1_168' title='bbox 793 1419 823 1443; x_wconf 86' lang='lat' dir='ltr'>et</span> <span class='ocrx_word' id='word_1_169' title='bbox 841 1417 1010 1453; x_wconf 76' lang='lat' dir='ltr'>repugnat</span> <span class='ocrx_word' id='word_1_170' title='bbox 1028 1409 1250 1449; x_wconf 70' lang='lat' dir='ltr'>dubitationi,</span> 
     </span>
     <span class='ocr_line' id='line_1_27' title="bbox 267 1460 1249 1506; baseline -0.012 -2"><span class='ocrx_word' id='word_1_171' title='bbox 267 1478 300 1503; x_wconf 77' lang='lat' dir='ltr'>et</span> <span class='ocrx_word' id='word_1_172' title='bbox 330 1468 452 1503; x_wconf 86' lang='lat' dir='ltr'>statuit</span> <span class='ocrx_word' id='word_1_173' title='bbox 482 1476 545 1498; x_wconf 89' lang='lat' dir='ltr'>nos</span> <span class='ocrx_word' id='word_1_174' title='bbox 578 1476 657 1496; x_wconf 86' lang='lat' dir='ltr'>vere</span> <span class='ocrx_word' id='word_1_175' title='bbox 692 1469 835 1506; x_wconf 82' lang='lat' dir='ltr'>propter</span> <span class='ocrx_word' id='word_1_176' title='bbox 863 1460 1042 1495; x_wconf 73' lang='lat' dir='ltr'>Christum</span> <span class='ocrx_word' id='word_1_177' title='bbox 1082 1460 1249 1494; x_wconf 83' lang='lat' dir='ltr'>exaudiri.</span> 
     </span>
     <span class='ocr_line' id='line_1_28' title="bbox 267 1512 1250 1562; baseline -0.012 -8"><span class='ocrx_word' id='word_1_178' title='bbox 267 1521 361 1554; x_wconf 83' lang='lat' dir='ltr'>llaec</span> <span class='ocrx_word' id='word_1_179' title='bbox 380 1519 453 1562; x_wconf 85' lang='lat' dir='ltr'>ipsa</span> <span class='ocrx_word' id='word_1_180' title='bbox 472 1517 554 1548; x_wconf 84' lang='lat' dir='ltr'>fides</span> <span class='ocrx_word' id='word_1_181' title='bbox 573 1521 622 1547; x_wconf 90' lang='lat' dir='ltr'>est</span> <span class='ocrx_word' id='word_1_182' title='bbox 637 1514 829 1546; x_wconf 82' lang='lat' dir='ltr'>consolatio</span> <span class='ocrx_word' id='word_1_183' title='bbox 851 1520 883 1545; x_wconf 87' lang='lat' dir='ltr'>et</span> <span class='ocrx_word' id='word_1_184' title='bbox 902 1512 1107 1548; x_wconf 76' lang='lat' dir='ltr'>vivificatio,</span> <span class='ocrx_word' id='word_1_185' title='bbox 1143 1518 1176 1543; x_wconf 89' lang='lat' dir='ltr'>et</span> <span class='ocrx_word' id='word_1_186' title='bbox 1200 1518 1250 1542; x_wconf 85' lang='lat' dir='ltr'>te-</span> 
     </span>
     <span class='ocr_line' id='line_1_29' title="bbox 267 1558 1250 1610; baseline -0.015 -4"><span class='ocrx_word' id='word_1_187' title='bbox 267 1569 472 1606; x_wconf 83' lang='lat' dir='ltr'>stimonium</span> <span class='ocrx_word' id='word_1_188' title='bbox 490 1566 644 1610; x_wconf 86' lang='lat' dir='ltr'>Spiritus</span> <span class='ocrx_word' id='word_1_189' title='bbox 661 1564 772 1597; x_wconf 88' lang='lat' dir='ltr'>sancti</span> <span class='ocrx_word' id='word_1_190' title='bbox 790 1563 826 1595; x_wconf 89' lang='lat' dir='ltr'>in</span> <span class='ocrx_word' id='word_1_191' title='bbox 843 1563 1028 1601; x_wconf 83' lang='lat' dir='ltr'>cordibus,</span> <span class='ocrx_word' id='word_1_192' title='bbox 1049 1563 1090 1593; x_wconf 71' lang='lat' dir='ltr'>d«-</span> <span class='ocrx_word' id='word_1_193' title='bbox 1107 1574 1176 1605; x_wconf 85' lang='lat' dir='ltr'>quo</span> <span class='ocrx_word' id='word_1_194' title='bbox 1193 1558 1250 1592; x_wconf 84' lang='lat' dir='ltr'>hic</span> 
     </span>
     <span class='ocr_line' id='line_1_30' title="bbox 268 1612 1249 1667; baseline -0.013 -12"><span class='ocrx_word' id='word_1_195' title='bbox 268 1621 442 1667; x_wconf 87' lang='lat' dir='ltr'>loquitur:</span> <span class='ocrx_word' id='word_1_196' title='bbox 480 1617 633 1661; x_wconf 76' lang='lat' dir='ltr'>Spiritus</span> <span class='ocrx_word' id='word_1_197' title='bbox 665 1616 724 1648; x_wconf 88' lang='lat' dir='ltr'>dat</span> <span class='ocrx_word' id='word_1_198' title='bbox 745 1614 985 1647; x_wconf 72' lang='lat' dir='ltr'>testimonium</span> <span class='ocrx_word' id='word_1_199' title='bbox 1011 1612 1149 1655; x_wconf 85' lang='lat' dir='ltr'>spiritui</span> <span class='ocrx_word' id='word_1_200' title='bbox 1186 1623 1249 1643; x_wconf 87' lang='lat' dir='ltr'>no-</span> 
     </span>
     <span class='ocr_line' id='line_1_31' title="bbox 268 1660 1250 1714; baseline -0.013 -8"><span class='ocrx_word' id='word_1_201' title='bbox 268 1682 361 1714; x_wconf 88' lang='lat' dir='ltr'>stro,</span> <span class='ocrx_word' id='word_1_202' title='bbox 388 1671 422 1703; x_wconf 89' lang='lat' dir='ltr'>id</span> <span class='ocrx_word' id='word_1_203' title='bbox 441 1675 509 1709; x_wconf 77' lang='lat' dir='ltr'>est,</span> <span class='ocrx_word' id='word_1_204' title='bbox 544 1667 695 1711; x_wconf 83' lang='lat' dir='ltr'>Spiritus</span> <span class='ocrx_word' id='word_1_205' title='bbox 721 1672 860 1697; x_wconf 88' lang='lat' dir='ltr'>sauctus</span> <span class='ocrx_word' id='word_1_206' title='bbox 885 1676 945 1708; x_wconf 91' lang='lat' dir='ltr'>per</span> <span class='ocrx_word' id='word_1_207' title='bbox 969 1664 1114 1695; x_wconf 85' lang='lat' dir='ltr'>verbum</span> <span class='ocrx_word' id='word_1_208' title='bbox 1132 1660 1250 1694; x_wconf 85' lang='lat' dir='ltr'>Evan—</span> 
     </span>
     <span class='ocr_line' id='line_1_32' title="bbox 269 1714 1148 1769; baseline -0.014 -12"><span class='ocrx_word' id='word_1_209' title='bbox 269 1723 349 1769; x_wconf 82' lang='lat' dir='ltr'>gelii</span> <span class='ocrx_word' id='word_1_210' title='bbox 367 1720 472 1754; x_wconf 76' lang='lat' dir='ltr'>efficit</span> <span class='ocrx_word' id='word_1_211' title='bbox 488 1717 764 1752; x_wconf 78' lang='lat' dir='ltr'>consolationem</span> <span class='ocrx_word' id='word_1_212' title='bbox 783 1716 820 1748; x_wconf 92' lang='lat' dir='ltr'>in</span> <span class='ocrx_word' id='word_1_213' title='bbox 836 1715 926 1747; x_wconf 81' lang='lat' dir='ltr'>veris</span> <span class='ocrx_word' id='word_1_214' title='bbox 947 1714 1148 1762; x_wconf 81' lang='lat' dir='ltr'>pavoribus.</span> 
     </span>
    </p>

    <p class='ocr_par' dir='ltr' id='par_1_10' title="bbox 269 1764 1259 2517">
     <span class='ocr_line' id='line_1_33' title="bbox 369 1764 1250 1813; baseline -0.01 -9"><span class='ocrx_word' id='word_1_215' title='bbox 369 1770 499 1804; x_wconf 81' lang='lat' dir='ltr'>Davidi</span> <span class='ocrx_word' id='word_1_216' title='bbox 515 1776 651 1813; x_wconf 88' lang='lat' dir='ltr'>peccata</span> <span class='ocrx_word' id='word_1_217' title='bbox 669 1768 812 1800; x_wconf 84' lang='lat' dir='ltr'>suerunt</span> <span class='ocrx_word' id='word_1_218' title='bbox 826 1765 967 1798; x_wconf 84' lang='lat' dir='ltr'>remissa</span> <span class='ocrx_word' id='word_1_219' title='bbox 980 1790 988 1803; x_wconf 85' lang='lat'>,</span> <span class='ocrx_word' id='word_1_220' title='bbox 1016 1776 1096 1807; x_wconf 85' lang='lat' dir='ltr'>ergo</span> <span class='ocrx_word' id='word_1_221' title='bbox 1114 1764 1250 1796; x_wconf 91' lang='lat' dir='ltr'>nullum</span> 
     </span>
     <span class='ocr_line' id='line_1_34' title="bbox 271 1815 1250 1863; baseline -0.013 -4"><span class='ocrx_word' id='word_1_222' title='bbox 271 1824 394 1859; x_wconf 78' lang='lat' dir='ltr'>habuit</span> <span class='ocrx_word' id='word_1_223' title='bbox 410 1821 556 1854; x_wconf 84' lang='lat' dir='ltr'>mortale</span> <span class='ocrx_word' id='word_1_224' title='bbox 574 1826 762 1863; x_wconf 90' lang='lat' dir='ltr'>peccatum.</span> <span class='ocrx_word' id='word_1_225' title='bbox 792 1816 898 1856; x_wconf 86' lang='lat' dir='ltr'>Item,</span> <span class='ocrx_word' id='word_1_226' title='bbox 915 1815 1029 1849; x_wconf 83' lang='lat' dir='ltr'>David</span> <span class='ocrx_word' id='word_1_227' title='bbox 1049 1817 1091 1847; x_wconf 84' lang='lat' dir='ltr'>ab</span> <span class='ocrx_word' id='word_1_228' title='bbox 1110 1823 1250 1847; x_wconf 72' lang='lat' dir='ltr'>aeterno</span> 
     </span>
     <span class='ocr_line' id='line_1_35' title="bbox 269 1867 1252 1914; baseline -0.013 -5"><span class='ocrx_word' id='word_1_229' title='bbox 269 1877 336 1910; x_wconf 84' lang='lat' dir='ltr'>suit</span> <span class='ocrx_word' id='word_1_230' title='bbox 351 1874 549 1910; x_wconf 82' lang='lat' dir='ltr'>ordinatus,</span> <span class='ocrx_word' id='word_1_231' title='bbox 584 1868 876 1914; x_wconf 83' lang='lat' dir='ltr'>praedestinatus,</span> <span class='ocrx_word' id='word_1_232' title='bbox 912 1867 1002 1909; x_wconf 84' lang='lat' dir='ltr'>Ergo</span> <span class='ocrx_word' id='word_1_233' title='bbox 1029 1867 1145 1898; x_wconf 88' lang='lat' dir='ltr'>omnia</span> <span class='ocrx_word' id='word_1_234' title='bbox 1175 1878 1252 1909; x_wconf 83' lang='lat' dir='ltr'>pec-</span> 
     </span>
     <span class='ocr_line' id='line_1_36' title="bbox 272 1915 1252 1960; baseline -0.012 -1"><span class='ocrx_word' id='word_1_235' title='bbox 272 1934 345 1960; x_wconf 84' lang='lat' dir='ltr'>cata</span> <span class='ocrx_word' id='word_1_236' title='bbox 368 1925 511 1957; x_wconf 83' lang='lat' dir='ltr'>suerunt</span> <span class='ocrx_word' id='word_1_237' title='bbox 535 1921 565 1953; x_wconf 89' lang='lat' dir='ltr'>ei</span> <span class='ocrx_word' id='word_1_238' title='bbox 589 1920 754 1959; x_wconf 82' lang='lat' dir='ltr'>venialia,</span> <span class='ocrx_word' id='word_1_239' title='bbox 790 1926 822 1952; x_wconf 86' lang='lat' dir='ltr'>et</span> <span class='ocrx_word' id='word_1_240' title='bbox 845 1918 983 1952; x_wconf 74' lang='lat' dir='ltr'>nullan</span> <span class='ocrx_word' id='word_1_241' title='bbox 1010 1915 1131 1950; x_wconf 82' lang='lat' dir='ltr'>babuit</span> <span class='ocrx_word' id='word_1_242' title='bbox 1158 1928 1252 1948; x_wconf 88' lang='lat' dir='ltr'>mor-</span> 
     </span>
     <span class='ocr_line' id='line_1_37' title="bbox 272 1969 1253 2016; baseline -0.013 -5"><span class='ocrx_word' id='word_1_243' title='bbox 272 1978 352 2012; x_wconf 82' lang='lat' dir='ltr'>tale.</span> <span class='ocrx_word' id='word_1_244' title='bbox 410 1973 640 2016; x_wconf 85' lang='lat' dir='ltr'>Respondeo:</span> <span class='ocrx_word' id='word_1_245' title='bbox 676 1970 757 2002; x_wconf 62' lang='lat' dir='ltr'>Non</span> <span class='ocrx_word' id='word_1_246' title='bbox 787 1976 836 2002; x_wconf 85' lang='lat' dir='ltr'>est</span> <span class='ocrx_word' id='word_1_247' title='bbox 870 1969 1097 2002; x_wconf 87' lang='lat' dir='ltr'>iudicandum</span> <span class='ocrx_word' id='word_1_248' title='bbox 1129 1979 1253 2000; x_wconf 83' lang='lat' dir='ltr'>secun-</span> 
     </span>
     <span class='ocr_line' id='line_1_38' title="bbox 273 2020 1252 2063; baseline -0.013 -1"><span class='ocrx_word' id='word_1_249' title='bbox 273 2031 356 2062; x_wconf 89' lang='lat' dir='ltr'>dum</span> <span class='ocrx_word' id='word_1_250' title='bbox 388 2025 592 2059; x_wconf 74' lang='lat' dir='ltr'>electionem</span> <span class='ocrx_word' id='word_1_251' title='bbox 627 2022 677 2053; x_wconf 81' lang='lat' dir='ltr'>vel</span> <span class='ocrx_word' id='word_1_252' title='bbox 707 2020 1081 2063; x_wconf 68' lang='lat' dir='ltr'>praedestinationem,</span> <span class='ocrx_word' id='word_1_253' title='bbox 1117 2020 1174 2050; x_wconf 88' lang='lat' dir='ltr'>sed</span> <span class='ocrx_word' id='word_1_254' title='bbox 1201 2030 1252 2050; x_wconf 86' lang='lat' dir='ltr'>se-</span> 
     </span>
     <span class='ocr_line' id='line_1_39' title="bbox 273 2069 1255 2118; baseline -0.013 -6"><span class='ocrx_word' id='word_1_255' title='bbox 273 2079 426 2112; x_wconf 92' lang='lat' dir='ltr'>cundum</span> <span class='ocrx_word' id='word_1_256' title='bbox 451 2084 612 2118; x_wconf 86' lang='lat' dir='ltr'>praeseus</span> <span class='ocrx_word' id='word_1_257' title='bbox 634 2072 789 2104; x_wconf 73' lang='lat' dir='ltr'>verbum.</span> <span class='ocrx_word' id='word_1_258' title='bbox 842 2070 919 2102; x_wconf 85' lang='lat' dir='ltr'>lloc</span> <span class='ocrx_word' id='word_1_259' title='bbox 945 2072 1045 2102; x_wconf 85' lang='lat' dir='ltr'>docet</span> <span class='ocrx_word' id='word_1_260' title='bbox 1068 2069 1255 2107; x_wconf 76' lang='lat' dir='ltr'>Davidem,</span> 
     </span>
     <span class='ocr_line' id='line_1_40' title="bbox 274 2119 1254 2175; baseline -0.011 -14"><span class='ocrx_word' id='word_1_261' title='bbox 274 2130 369 2175; x_wconf 79' lang='lat' dir='ltr'>quod</span> <span class='ocrx_word' id='word_1_262' title='bbox 402 2125 612 2160; x_wconf 82' lang='lat' dir='ltr'>adulterium</span> <span class='ocrx_word' id='word_1_263' title='bbox 645 2123 685 2154; x_wconf 91' lang='lat' dir='ltr'>sit</span> <span class='ocrx_word' id='word_1_264' title='bbox 718 2128 894 2165; x_wconf 82' lang='lat' dir='ltr'>peccatum</span> <span class='ocrx_word' id='word_1_265' title='bbox 929 2121 1093 2156; x_wconf 81' lang='lat' dir='ltr'>mortale,</span> <span class='ocrx_word' id='word_1_266' title='bbox 1130 2127 1161 2152; x_wconf 81' lang='lat' dir='ltr'>et</span> <span class='ocrx_word' id='word_1_267' title='bbox 1186 2119 1254 2150; x_wconf 86' lang='lat' dir='ltr'>nisi</span> 
     </span>
     <span class='ocr_line' id='line_1_41' title="bbox 275 2170 1254 2223; baseline -0.013 -11"><span class='ocrx_word' id='word_1_268' title='bbox 275 2187 350 2220; x_wconf 69' lang='lat' dir='ltr'>agat</span> <span class='ocrx_word' id='word_1_269' title='bbox 373 2175 641 2223; x_wconf 79' lang='lat' dir='ltr'>poenitentiam,</span> <span class='ocrx_word' id='word_1_270' title='bbox 682 2185 753 2204; x_wconf 87' lang='lat' dir='ltr'>non</span> <span class='ocrx_word' id='word_1_271' title='bbox 779 2171 970 2204; x_wconf 80' lang='lat' dir='ltr'>remittitur</span> <span class='ocrx_word' id='word_1_272' title='bbox 995 2171 1037 2203; x_wconf 82' lang='lat' dir='ltr'>ei.</span> <span class='ocrx_word' id='word_1_273' title='bbox 1100 2170 1150 2203; x_wconf 86' lang='lat' dir='ltr'>Dc</span> <span class='ocrx_word' id='word_1_274' title='bbox 1178 2182 1254 2212; x_wconf 72' lang='lat' dir='ltr'>pec-</span> 
     </span>
     <span class='ocr_line' id='line_1_42' title="bbox 276 2221 1254 2271; baseline -0.014 -6"><span class='ocrx_word' id='word_1_275' title='bbox 276 2221 350 2265; x_wconf 73' lang='lat' dir='ltr'>cato</span> <span class='ocrx_word' id='word_1_276' title='bbox 381 2241 461 2271; x_wconf 81' lang='lat' dir='ltr'>ergo</span> <span class='ocrx_word' id='word_1_277' title='bbox 496 2234 527 2259; x_wconf 87' lang='lat' dir='ltr'>et</span> <span class='ocrx_word' id='word_1_278' title='bbox 563 2224 698 2258; x_wconf 84' lang='lat' dir='ltr'>iusticia</span> <span class='ocrx_word' id='word_1_279' title='bbox 731 2230 780 2255; x_wconf 83' lang='lat' dir='ltr'>est</span> <span class='ocrx_word' id='word_1_280' title='bbox 813 2222 1038 2254; x_wconf 86' lang='lat' dir='ltr'>iudicandum</span> <span class='ocrx_word' id='word_1_281' title='bbox 1065 2222 1254 2252; x_wconf 78' lang='lat' dir='ltr'>secundnm</span> 
     </span>
     <span class='ocr_line' id='line_1_43' title="bbox 277 2271 1256 2324; baseline -0.012 -10"><span class='ocrx_word' id='word_1_282' title='bbox 277 2292 438 2324; x_wconf 84' lang='lat' dir='ltr'>praesens</span> <span class='ocrx_word' id='word_1_283' title='bbox 469 2277 631 2313; x_wconf 86' lang='lat' dir='ltr'>verbum,</span> <span class='ocrx_word' id='word_1_284' title='bbox 677 2286 748 2306; x_wconf 91' lang='lat' dir='ltr'>non</span> <span class='ocrx_word' id='word_1_285' title='bbox 777 2273 968 2305; x_wconf 88' lang='lat' dir='ltr'>secundum</span> <span class='ocrx_word' id='word_1_286' title='bbox 993 2271 1197 2304; x_wconf 72' lang='lat' dir='ltr'>electionem</span> <span class='ocrx_word' id='word_1_287' title='bbox 1225 2278 1256 2304; x_wconf 86' lang='lat' dir='ltr'>et</span> 
     </span>
     <span class='ocr_line' id='line_1_44' title="bbox 278 2323 1257 2364; baseline -0.008 -2"><span class='ocrx_word' id='word_1_288' title='bbox 278 2333 492 2363; x_wconf 79' lang='lat' dir='ltr'>voluntatem</span> <span class='ocrx_word' id='word_1_289' title='bbox 512 2340 581 2359; x_wconf 90' lang='lat' dir='ltr'>non</span> <span class='ocrx_word' id='word_1_290' title='bbox 603 2325 800 2358; x_wconf 82' lang='lat' dir='ltr'>revelatam.</span> <span class='ocrx_word' id='word_1_291' title='bbox 852 2323 936 2355; x_wconf 89' lang='lat' dir='ltr'>Illae</span> <span class='ocrx_word' id='word_1_292' title='bbox 963 2323 1188 2364; x_wconf 80' lang='lat' dir='ltr'>cogitationes</span> <span class='ocrx_word' id='word_1_293' title='bbox 1216 2323 1257 2354; x_wconf 85' lang='lat' dir='ltr'>de</span> 
     </span>
     <span class='ocr_line' id='line_1_45' title="bbox 280 2374 1008 2426; baseline -0.014 -13"><span class='ocrx_word' id='word_1_294' title='bbox 280 2379 596 2426; x_wconf 79' lang='lat' dir='ltr'>praedestinatione</span> <span class='ocrx_word' id='word_1_295' title='bbox 635 2383 716 2408; x_wconf 88' lang='lat' dir='ltr'>sunt</span> <span class='ocrx_word' id='word_1_296' title='bbox 754 2374 1008 2414; x_wconf 72' lang='lat' dir='ltr'>removendae,</span> 
     </span>
     <span class='ocr_line' id='line_1_46' title="bbox 281 2424 1259 2476; baseline -0.01 -11"><span class='ocrx_word' id='word_1_297' title='bbox 281 2438 411 2476; x_wconf 70' lang='lat' dir='ltr'>gruunt</span> <span class='ocrx_word' id='word_1_298' title='bbox 430 2431 471 2462; x_wconf 87' lang='lat' dir='ltr'>ad</span> <span class='ocrx_word' id='word_1_299' title='bbox 493 2428 698 2462; x_wconf 86' lang='lat' dir='ltr'>sententiam</span> <span class='ocrx_word' id='word_1_300' title='bbox 718 2425 838 2462; x_wconf 87' lang='lat' dir='ltr'>Pauli,</span> <span class='ocrx_word' id='word_1_301' title='bbox 873 2424 933 2468; x_wconf 90' lang='lat' dir='ltr'>qui</span> <span class='ocrx_word' id='word_1_302' title='bbox 955 2424 1162 2466; x_wconf 76' lang='lat' dir='ltr'>pronuntiat</span> <span class='ocrx_word' id='word_1_303' title='bbox 1189 2436 1259 2456; x_wconf 74' lang='lat' dir='ltr'>csse</span> 
     </span>
     <span class='ocr_line' id='line_1_47' title="bbox 281 2475 1130 2517; baseline -0.013 -1"><span class='ocrx_word' id='word_1_304' title='bbox 281 2483 470 2517; x_wconf 84' lang='lat' dir='ltr'>secundum</span> <span class='ocrx_word' id='word_1_305' title='bbox 489 2480 586 2512; x_wconf 78' lang='lat' dir='ltr'>istam</span> <span class='ocrx_word' id='word_1_306' title='bbox 605 2477 800 2511; x_wconf 84' lang='lat' dir='ltr'>doctrinam</span> <span class='ocrx_word' id='word_1_307' title='bbox 822 2475 1048 2508; x_wconf 85' lang='lat' dir='ltr'>iudicandum</span> <span class='ocrx_word' id='word_1_308' title='bbox 1068 2480 1130 2506; x_wconf 87' lang='lat' dir='ltr'>etc.</span> 
     </span>
    </p>
   </div>
   <div class='ocr_carea' id='block_1_9' title="bbox 1063 2385 1257 2405">
    <p class='ocr_par' dir='ltr' id='par_1_11' title="bbox 1063 2385 1257 2405">
     <span class='ocr_line' id='line_1_48' title="bbox 1063 2385 1257 2405; baseline 0 -1"><span class='ocrx_word' id='word_1_309' title='bbox 1063 2385 1132 2404; x_wconf 82' lang='lat' dir='ltr'>nott</span> <span class='ocrx_word' id='word_1_310' title='bbox 1175 2385 1257 2405; x_wconf 81' lang='lat' dir='ltr'>COH-</span> 
     </span>
    </p>
   </div>
   <div class='ocr_carea' id='block_1_10' title="bbox 470 2554 1077 2602">
    <p class='ocr_par' dir='ltr' id='par_1_12' title="bbox 470 2554 1077 2602">
     <span class='ocr_line' id='line_1_49' title="bbox 470 2554 1077 2602; baseline -0.01 -7"><span class='ocrx_word' id='word_1_311' title='bbox 470 2560 515 2595; x_wconf 80' lang='lat' dir='ltr'>Si</span> <span class='ocrx_word' id='word_1_312' title='bbox 531 2556 756 2602; x_wconf 77' lang='lat' dir='ltr'>autemfilii‚</span> <span class='ocrx_word' id='word_1_313' title='bbox 783 2563 811 2591; x_wconf 82' lang='lat' dir='ltr'>et</span> <span class='ocrx_word' id='word_1_314' title='bbox 829 2554 998 2591; x_wconf 72' lang='lat' dir='ltr'>haeredes</span> <span class='ocrx_word' id='word_1_315' title='bbox 1016 2561 1077 2592; x_wconf 78' lang='lat' dir='ltr'>ele.</span> 
     </span>
    </p>
   </div>
   <div class='ocr_carea' id='block_1_11' title="bbox 384 2626 1263 2675">
    <p class='ocr_par' dir='ltr' id='par_1_13' title="bbox 384 2626 1263 2675">
     <span class='ocr_line' id='line_1_50' title="bbox 384 2626 1263 2675; baseline -0.011 -10"><span class='ocrx_word' id='word_1_316' title='bbox 384 2631 573 2675; x_wconf 85' lang='lat' dir='ltr'>Postquam</span> <span class='ocrx_word' id='word_1_317' title='bbox 592 2627 735 2659; x_wconf 87' lang='lat' dir='ltr'>tradidit</span> <span class='ocrx_word' id='word_1_318' title='bbox 751 2627 945 2659; x_wconf 83' lang='lat' dir='ltr'>doctrinam</span> <span class='ocrx_word' id='word_1_319' title='bbox 960 2652 968 2666; x_wconf 91' lang='lat'>,</span> <span class='ocrx_word' id='word_1_320' title='bbox 995 2626 1088 2670; x_wconf 88' lang='lat' dir='ltr'>quod</span> <span class='ocrx_word' id='word_1_321' title='bbox 1107 2629 1263 2667; x_wconf 77' lang='lat' dir='ltr'>oporteat</span> 
     </span>
    </p>
   </div>
   <div class='ocr_carea' id='block_1_12' title="bbox 1280 2098 1291 2671">
    <p class='ocr_par' dir='ltr' id='par_1_14' title="bbox 1280 2098 1291 2671">
     <span class='ocr_line' id='line_1_51' title="bbox 1280 2098 1291 2671; baseline 0 0"><span class='ocrx_word' id='word_1_322' title='bbox 1280 2098 1291 2671; x_wconf 95' lang='lat' dir='ltr'> </span> 
     </span>
    </p>
   </div>
   <div class='ocr_carea' id='block_1_13' title="bbox 2201 111 2275 146">
    <p class='ocr_par' dir='ltr' id='par_1_15' title="bbox 2201 111 2275 146">
     <span class='ocr_line' id='line_1_52' title="bbox 2201 111 2275 146; baseline 0.014 -1"><span class='ocrx_word' id='word_1_323' title='bbox 2201 111 2275 146; x_wconf 80' lang='lat'>668</span> 
     </span>
    </p>
   </div>
   <div class='ocr_carea' id='block_1_14' title="bbox 1294 194 2292 1807">
    <p class='ocr_par' dir='ltr' id='par_1_16' title="bbox 1294 194 2281 441">
     <span class='ocr_line' id='line_1_53' title="bbox 1295 194 2278 241; baseline 0.005 -14"><span class='ocrx_word' id='word_1_324' title='bbox 1295 195 1339 227; x_wconf 87' lang='lat' dir='ltr'>de</span> <span class='ocrx_word' id='word_1_325' title='bbox 1372 194 1644 237; x_wconf 82' lang='lat' dir='ltr'>glorificatione,</span> <span class='ocrx_word' id='word_1_326' title='bbox 1681 206 1769 238; x_wconf 87' lang='lat' dir='ltr'>quae</span> <span class='ocrx_word' id='word_1_327' title='bbox 1800 196 1957 241; x_wconf 83' lang='lat' dir='ltr'>sequitur</span> <span class='ocrx_word' id='word_1_328' title='bbox 1981 196 2278 233; x_wconf 79' lang='lat' dir='ltr'>iustificationem.</span> 
     </span>
     <span class='ocr_line' id='line_1_54' title="bbox 1294 243 2279 290; baseline 0.003 -12"><span class='ocrx_word' id='word_1_329' title='bbox 1294 244 1341 279; x_wconf 89' lang='lat' dir='ltr'>Et</span> <span class='ocrx_word' id='word_1_330' title='bbox 1358 243 1440 278; x_wconf 82' lang='lat' dir='ltr'>huic</span> <span class='ocrx_word' id='word_1_331' title='bbox 1464 246 1538 278; x_wconf 90' lang='lat' dir='ltr'>loco</span> <span class='ocrx_word' id='word_1_332' title='bbox 1564 245 1732 279; x_wconf 81' lang='lat' dir='ltr'>admiscet</span> <span class='ocrx_word' id='word_1_333' title='bbox 1754 247 2029 290; x_wconf 88' lang='lat' dir='ltr'>propositionem</span> <span class='ocrx_word' id='word_1_334' title='bbox 2053 249 2096 281; x_wconf 89' lang='lat' dir='ltr'>de</span> <span class='ocrx_word' id='word_1_335' title='bbox 2117 248 2279 282; x_wconf 83' lang='lat' dir='ltr'>afflictio-</span> 
     </span>
     <span class='ocr_line' id='line_1_55' title="bbox 1296 296 2280 340; baseline 0.004 -12"><span class='ocrx_word' id='word_1_336' title='bbox 1296 298 1418 335; x_wconf 84' lang='lat' dir='ltr'>nibus,</span> <span class='ocrx_word' id='word_1_337' title='bbox 1457 297 1550 340; x_wconf 83' lang='lat' dir='ltr'>quod</span> <span class='ocrx_word' id='word_1_338' title='bbox 1578 296 1636 328; x_wconf 85' lang='lat' dir='ltr'>illa</span> <span class='ocrx_word' id='word_1_339' title='bbox 1665 309 1753 328; x_wconf 89' lang='lat' dir='ltr'>nova</span> <span class='ocrx_word' id='word_1_340' title='bbox 1779 297 1980 330; x_wconf 88' lang='lat' dir='ltr'>obedientia</span> <span class='ocrx_word' id='word_1_341' title='bbox 2005 305 2161 332; x_wconf 87' lang='lat' dir='ltr'>versetur</span> <span class='ocrx_word' id='word_1_342' title='bbox 2187 299 2280 332; x_wconf 79' lang='lat' dir='ltr'>inter</span> 
     </span>
     <span class='ocr_line' id='line_1_56' title="bbox 1295 347 2281 391; baseline 0.005 -13"><span class='ocrx_word' id='word_1_343' title='bbox 1295 347 1512 386; x_wconf 63' lang='lat' dir='ltr'>afflictiones,</span> <span class='ocrx_word' id='word_1_344' title='bbox 1532 347 1612 391; x_wconf 86' lang='lat' dir='ltr'>quia</span> <span class='ocrx_word' id='word_1_345' title='bbox 1628 353 1799 391; x_wconf 73' lang='lat' dir='ltr'>repugnat</span> <span class='ocrx_word' id='word_1_346' title='bbox 1816 347 1924 386; x_wconf 89' lang='lat' dir='ltr'>carni,</span> <span class='ocrx_word' id='word_1_347' title='bbox 1941 347 2082 382; x_wconf 85' lang='lat' dir='ltr'>diabolo</span> <span class='ocrx_word' id='word_1_348' title='bbox 2093 356 2126 383; x_wconf 90' lang='lat' dir='ltr'>et</span> <span class='ocrx_word' id='word_1_349' title='bbox 2136 351 2281 391; x_wconf 89' lang='lat' dir='ltr'>mundo,</span> 
     </span>
     <span class='ocr_line' id='line_1_57' title="bbox 1298 395 1834 441; baseline 0 -12"><span class='ocrx_word' id='word_1_350' title='bbox 1298 395 1362 430; x_wconf 80' lang='lat' dir='ltr'>lioc</span> <span class='ocrx_word' id='word_1_351' title='bbox 1383 405 1452 437; x_wconf 81' lang='lat' dir='ltr'>est,</span> <span class='ocrx_word' id='word_1_352' title='bbox 1481 398 1544 431; x_wconf 86' lang='lat' dir='ltr'>toti</span> <span class='ocrx_word' id='word_1_353' title='bbox 1566 409 1672 440; x_wconf 77' lang='lat' dir='ltr'>reguo</span> <span class='ocrx_word' id='word_1_354' title='bbox 1694 398 1834 441; x_wconf 86' lang='lat' dir='ltr'>peccati.</span> 
     </span>
    </p>

    <p class='ocr_par' dir='ltr' id='par_1_17' title="bbox 1296 446 2289 1443">
     <span class='ocr_line' id='line_1_58' title="bbox 1397 446 2282 494; baseline 0.003 -14"><span class='ocrx_word' id='word_1_355' title='bbox 1397 448 1502 489; x_wconf 79' lang='lat' dir='ltr'>Quod</span> <span class='ocrx_word' id='word_1_356' title='bbox 1519 455 1635 481; x_wconf 84' lang='lat' dir='ltr'>autem</span> <span class='ocrx_word' id='word_1_357' title='bbox 1651 448 1755 489; x_wconf 92' lang='lat' dir='ltr'>dicit,</span> <span class='ocrx_word' id='word_1_358' title='bbox 1772 446 1982 482; x_wconf 84' lang='lat' dir='ltr'>cohaeredes</span> <span class='ocrx_word' id='word_1_359' title='bbox 1991 446 2141 490; x_wconf 83' lang='lat' dir='ltr'>Christi,</span> <span class='ocrx_word' id='word_1_360' title='bbox 2156 449 2184 482; x_wconf 89' lang='lat' dir='ltr'>si</span> <span class='ocrx_word' id='word_1_361' title='bbox 2202 450 2282 494; x_wconf 86' lang='lat' dir='ltr'>qui-</span> 
     </span>
     <span class='ocr_line' id='line_1_59' title="bbox 1296 498 2284 543; baseline 0.003 -12"><span class='ocrx_word' id='word_1_362' title='bbox 1296 499 1374 532; x_wconf 88' lang='lat' dir='ltr'>dem</span> <span class='ocrx_word' id='word_1_363' title='bbox 1392 499 1497 532; x_wconf 88' lang='lat' dir='ltr'>simul</span> <span class='ocrx_word' id='word_1_364' title='bbox 1523 499 1727 542; x_wconf 82' lang='lat' dir='ltr'>affligimur.</span> <span class='ocrx_word' id='word_1_365' title='bbox 1780 498 1876 532; x_wconf 88' lang='lat' dir='ltr'>Haec</span> <span class='ocrx_word' id='word_1_366' title='bbox 1901 500 2092 543; x_wconf 87' lang='lat' dir='ltr'>propositio</span> <span class='ocrx_word' id='word_1_367' title='bbox 2116 500 2284 534; x_wconf 83' lang='lat' dir='ltr'>describit</span> 
     </span>
     <span class='ocr_line' id='line_1_60' title="bbox 1298 549 2282 595; baseline 0.002 -13"><span class='ocrx_word' id='word_1_368' title='bbox 1298 550 1553 587; x_wconf 85' lang='lat' dir='ltr'>necessitatem,</span> <span class='ocrx_word' id='word_1_369' title='bbox 1590 550 1686 595; x_wconf 84' lang='lat' dir='ltr'>quasi</span> <span class='ocrx_word' id='word_1_370' title='bbox 1706 550 1814 583; x_wconf 87' lang='lat' dir='ltr'>dicat:</span> <span class='ocrx_word' id='word_1_371' title='bbox 1850 549 1996 583; x_wconf 81' lang='lat' dir='ltr'>Necesse</span> <span class='ocrx_word' id='word_1_372' title='bbox 2015 558 2064 584; x_wconf 84' lang='lat' dir='ltr'>est</span> <span class='ocrx_word' id='word_1_373' title='bbox 2080 550 2169 594; x_wconf 86' lang='lat' dir='ltr'>pati,</span> <span class='ocrx_word' id='word_1_374' title='bbox 2202 562 2282 584; x_wconf 87' lang='lat' dir='ltr'>cum</span> 
     </span>
     <span class='ocr_line' id='line_1_61' title="bbox 1297 598 2284 645; baseline 0.003 -13"><span class='ocrx_word' id='word_1_375' title='bbox 1297 608 1331 633; x_wconf 89' lang='lat' dir='ltr'>et</span> <span class='ocrx_word' id='word_1_376' title='bbox 1348 598 1508 633; x_wconf 77' lang='lat' dir='ltr'>Clu-istus</span> <span class='ocrx_word' id='word_1_377' title='bbox 1532 613 1652 644; x_wconf 88' lang='lat' dir='ltr'>passus</span> <span class='ocrx_word' id='word_1_378' title='bbox 1676 601 1731 636; x_wconf 91' lang='lat' dir='ltr'>sit.</span> <span class='ocrx_word' id='word_1_379' title='bbox 1791 598 1839 634; x_wconf 87' lang='lat' dir='ltr'>Et</span> <span class='ocrx_word' id='word_1_380' title='bbox 1863 601 1925 634; x_wconf 92' lang='lat' dir='ltr'>illo</span> <span class='ocrx_word' id='word_1_381' title='bbox 1950 601 2055 634; x_wconf 86' lang='lat' dir='ltr'>verbo</span> <span class='ocrx_word' id='word_1_382' title='bbox 2081 600 2284 645; x_wconf 85' lang='lat' dir='ltr'>complecti-</span> 
     </span>
     <span class='ocr_line' id='line_1_62' title="bbox 1298 651 2285 692; baseline 0 -8"><span class='ocrx_word' id='word_1_383' title='bbox 1298 658 1356 684; x_wconf 87' lang='lat' dir='ltr'>tur</span> <span class='ocrx_word' id='word_1_384' title='bbox 1389 658 1496 684; x_wconf 88' lang='lat' dir='ltr'>totam</span> <span class='ocrx_word' id='word_1_385' title='bbox 1532 664 1659 684; x_wconf 84' lang='lat' dir='ltr'>novam</span> <span class='ocrx_word' id='word_1_386' title='bbox 1684 651 1939 692; x_wconf 83' lang='lat' dir='ltr'>obedientiam,</span> <span class='ocrx_word' id='word_1_387' title='bbox 1974 658 2169 685; x_wconf 86' lang='lat' dir='ltr'>versantem</span> <span class='ocrx_word' id='word_1_388' title='bbox 2191 651 2285 685; x_wconf 86' lang='lat' dir='ltr'>inter</span> 
     </span>
     <span class='ocr_line' id='line_1_63' title="bbox 1299 701 2285 747; baseline 0 -13"><span class='ocrx_word' id='word_1_389' title='bbox 1299 701 1516 734; x_wconf 79' lang='lat' dir='ltr'>afflictiones.</span> <span class='ocrx_word' id='word_1_390' title='bbox 1567 701 1638 735; x_wconf 89' lang='lat' dir='ltr'>Nec</span> <span class='ocrx_word' id='word_1_391' title='bbox 1661 702 1839 747; x_wconf 87' lang='lat' dir='ltr'>sequitur:</span> <span class='ocrx_word' id='word_1_392' title='bbox 1879 701 1917 736; x_wconf 82' lang='lat' dir='ltr'>Si</span> <span class='ocrx_word' id='word_1_393' title='bbox 1945 702 2116 746; x_wconf 89' lang='lat' dir='ltr'>patimur,</span> <span class='ocrx_word' id='word_1_394' title='bbox 2150 702 2285 745; x_wconf 81' lang='lat' dir='ltr'>glorifi-</span> 
     </span>
     <span class='ocr_line' id='line_1_64' title="bbox 1300 751 2284 796; baseline 0.002 -13"><span class='ocrx_word' id='word_1_395' title='bbox 1300 753 1478 791; x_wconf 87' lang='lat' dir='ltr'>cabimur,</span> <span class='ocrx_word' id='word_1_396' title='bbox 1506 751 1599 795; x_wconf 83' lang='lat' dir='ltr'>Ergo</span> <span class='ocrx_word' id='word_1_397' title='bbox 1624 760 1762 786; x_wconf 88' lang='lat' dir='ltr'>nostrae</span> <span class='ocrx_word' id='word_1_398' title='bbox 1787 753 1995 786; x_wconf 76' lang='lat' dir='ltr'>afflictiones</span> <span class='ocrx_word' id='word_1_399' title='bbox 2022 760 2103 786; x_wconf 84' lang='lat' dir='ltr'>sunt</span> <span class='ocrx_word' id='word_1_400' title='bbox 2130 753 2284 796; x_wconf 83' lang='lat' dir='ltr'>pretium</span> 
     </span>
     <span class='ocr_line' id='line_1_65' title="bbox 1302 803 2286 851; baseline 0.002 -17"><span class='ocrx_word' id='word_1_401' title='bbox 1302 803 1355 834; x_wconf 87' lang='lat' dir='ltr'>vel</span> <span class='ocrx_word' id='word_1_402' title='bbox 1376 803 1538 835; x_wconf 88' lang='lat' dir='ltr'>meritum</span> <span class='ocrx_word' id='word_1_403' title='bbox 1564 804 1654 836; x_wconf 86' lang='lat' dir='ltr'>vitae</span> <span class='ocrx_word' id='word_1_404' title='bbox 1681 811 1851 837; x_wconf 85' lang='lat' dir='ltr'>aeternae.</span> <span class='ocrx_word' id='word_1_405' title='bbox 1905 804 1964 837; x_wconf 89' lang='lat' dir='ltr'>Sic</span> <span class='ocrx_word' id='word_1_406' title='bbox 1989 804 2083 836; x_wconf 88' lang='lat' dir='ltr'>enim</span> <span class='ocrx_word' id='word_1_407' title='bbox 2108 804 2203 851; x_wconf 70' lang='lat' dir='ltr'>fieret</span> <span class='ocrx_word' id='word_1_408' title='bbox 2229 803 2286 836; x_wconf 87' lang='lat' dir='ltr'>in-</span> 
     </span>
     <span class='ocr_line' id='line_1_66' title="bbox 1302 853 2284 899; baseline 0 -13"><span class='ocrx_word' id='word_1_409' title='bbox 1302 860 1392 886; x_wconf 87' lang='lat' dir='ltr'>certa</span> <span class='ocrx_word' id='word_1_410' title='bbox 1413 853 1611 897; x_wconf 85' lang='lat' dir='ltr'>promissio,</span> <span class='ocrx_word' id='word_1_411' title='bbox 1630 854 1710 899; x_wconf 87' lang='lat' dir='ltr'>quia</span> <span class='ocrx_word' id='word_1_412' title='bbox 1731 866 1833 887; x_wconf 87' lang='lat' dir='ltr'>nemo</span> <span class='ocrx_word' id='word_1_413' title='bbox 1854 861 1901 887; x_wconf 87' lang='lat' dir='ltr'>est</span> <span class='ocrx_word' id='word_1_414' title='bbox 1921 854 2003 887; x_wconf 89' lang='lat' dir='ltr'>satis</span> <span class='ocrx_word' id='word_1_415' title='bbox 2020 854 2163 898; x_wconf 88' lang='lat' dir='ltr'>patiens,</span> <span class='ocrx_word' id='word_1_416' title='bbox 2180 865 2284 887; x_wconf 86' lang='lat' dir='ltr'>nemo</span> 
     </span>
     <span class='ocr_line' id='line_1_67' title="bbox 1302 903 2285 950; baseline 0.003 -15"><span class='ocrx_word' id='word_1_417' title='bbox 1302 904 1465 937; x_wconf 80' lang='lat' dir='ltr'>satisfacit</span> <span class='ocrx_word' id='word_1_418' title='bbox 1490 904 1570 947; x_wconf 82' lang='lat' dir='ltr'>legi.</span> <span class='ocrx_word' id='word_1_419' title='bbox 1624 903 1710 938; x_wconf 89' lang='lat' dir='ltr'>ltem</span> <span class='ocrx_word' id='word_1_420' title='bbox 1730 903 1861 938; x_wconf 89' lang='lat' dir='ltr'>Paulus</span> <span class='ocrx_word' id='word_1_421' title='bbox 1886 905 1977 937; x_wconf 87' lang='lat' dir='ltr'>clare</span> <span class='ocrx_word' id='word_1_422' title='bbox 2000 905 2133 950; x_wconf 87' lang='lat' dir='ltr'>inquit:</span> <span class='ocrx_word' id='word_1_423' title='bbox 2163 903 2285 938; x_wconf 84' lang='lat' dir='ltr'>Gratis</span> 
     </span>
     <span class='ocr_line' id='line_1_68' title="bbox 1302 953 2285 996; baseline 0.001 -10"><span class='ocrx_word' id='word_1_424' title='bbox 1302 954 1424 987; x_wconf 86' lang='lat' dir='ltr'>salvati</span> <span class='ocrx_word' id='word_1_425' title='bbox 1448 955 1538 988; x_wconf 87' lang='lat' dir='ltr'>estis.</span> <span class='ocrx_word' id='word_1_426' title='bbox 1592 953 1638 988; x_wconf 88' lang='lat' dir='ltr'>Et</span> <span class='ocrx_word' id='word_1_427' title='bbox 1655 953 1834 988; x_wconf 85' lang='lat' dir='ltr'>Christus:</span> <span class='ocrx_word' id='word_1_428' title='bbox 1862 954 1995 996; x_wconf 82' lang='lat' dir='ltr'>Dicite,</span> <span class='ocrx_word' id='word_1_429' title='bbox 2024 955 2115 988; x_wconf 91' lang='lat' dir='ltr'>servi</span> <span class='ocrx_word' id='word_1_430' title='bbox 2140 955 2285 988; x_wconf 80' lang='lat' dir='ltr'>inutiles</span> 
     </span>
     <span class='ocr_line' id='line_1_69' title="bbox 1303 1002 2285 1048; baseline 0 -11"><span class='ocrx_word' id='word_1_431' title='bbox 1303 1016 1432 1039; x_wconf 85' lang='lat' dir='ltr'>sumus.</span> <span class='ocrx_word' id='word_1_432' title='bbox 1486 1003 1532 1038; x_wconf 90' lang='lat' dir='ltr'>Et</span> <span class='ocrx_word' id='word_1_433' title='bbox 1548 1002 1620 1037; x_wconf 89' lang='lat' dir='ltr'>hic:</span> <span class='ocrx_word' id='word_1_434' title='bbox 1656 1005 1735 1038; x_wconf 87' lang='lat' dir='ltr'>Non</span> <span class='ocrx_word' id='word_1_435' title='bbox 1751 1012 1833 1039; x_wconf 88' lang='lat' dir='ltr'>sunt</span> <span class='ocrx_word' id='word_1_436' title='bbox 1858 1007 1982 1048; x_wconf 81' lang='lat' dir='ltr'>dignae</span> <span class='ocrx_word' id='word_1_437' title='bbox 2009 1006 2215 1039; x_wconf 78' lang='lat' dir='ltr'>afflictiones</span> <span class='ocrx_word' id='word_1_438' title='bbox 2240 1006 2285 1037; x_wconf 88' lang='lat' dir='ltr'>ad</span> 
     </span>
     <span class='ocr_line' id='line_1_70' title="bbox 1302 1054 2286 1101; baseline -0.002 -12"><span class='ocrx_word' id='word_1_439' title='bbox 1302 1057 1455 1089; x_wconf 87' lang='lat' dir='ltr'>futuram</span> <span class='ocrx_word' id='word_1_440' title='bbox 1472 1055 1620 1098; x_wconf 79' lang='lat' dir='ltr'>gloriam</span> <span class='ocrx_word' id='word_1_441' title='bbox 1636 1062 1699 1090; x_wconf 86' lang='lat' dir='ltr'>etc.</span> <span class='ocrx_word' id='word_1_442' title='bbox 1752 1054 1798 1089; x_wconf 88' lang='lat' dir='ltr'>Et</span> <span class='ocrx_word' id='word_1_443' title='bbox 1815 1056 2034 1098; x_wconf 85' lang='lat' dir='ltr'>Augustinus</span> <span class='ocrx_word' id='word_1_444' title='bbox 2052 1056 2181 1101; x_wconf 90' lang='lat' dir='ltr'>inquit:</span> <span class='ocrx_word' id='word_1_445' title='bbox 2202 1054 2286 1088; x_wconf 77' lang='lat' dir='ltr'>Vita</span> 
     </span>
     <span class='ocr_line' id='line_1_71' title="bbox 1302 1103 2287 1149; baseline -0.001 -10"><span class='ocrx_word' id='word_1_446' title='bbox 1302 1114 1442 1140; x_wconf 86' lang='lat' dir='ltr'>aeterna</span> <span class='ocrx_word' id='word_1_447' title='bbox 1460 1106 1568 1139; x_wconf 87' lang='lat' dir='ltr'>nullis</span> <span class='ocrx_word' id='word_1_448' title='bbox 1587 1103 1751 1149; x_wconf 82' lang='lat' dir='ltr'>humanis</span> <span class='ocrx_word' id='word_1_449' title='bbox 1775 1107 1907 1139; x_wconf 87' lang='lat' dir='ltr'>meritis</span> <span class='ocrx_word' id='word_1_450' title='bbox 1932 1108 2109 1145; x_wconf 88' lang='lat' dir='ltr'>redditur,</span> <span class='ocrx_word' id='word_1_451' title='bbox 2137 1107 2197 1140; x_wconf 88' lang='lat' dir='ltr'>sed</span> <span class='ocrx_word' id='word_1_452' title='bbox 2215 1105 2287 1139; x_wconf 89' lang='lat' dir='ltr'>Dei</span> 
     </span>
     <span class='ocr_line' id='line_1_72' title="bbox 1303 1156 2288 1200; baseline 0 -10"><span class='ocrx_word' id='word_1_453' title='bbox 1303 1157 1468 1190; x_wconf 88' lang='lat' dir='ltr'>donantis</span> <span class='ocrx_word' id='word_1_454' title='bbox 1485 1157 1594 1200; x_wconf 85' lang='lat' dir='ltr'>gratia</span> <span class='ocrx_word' id='word_1_455' title='bbox 1611 1157 1780 1200; x_wconf 85' lang='lat' dir='ltr'>largiente</span> <span class='ocrx_word' id='word_1_456' title='bbox 1797 1159 1959 1192; x_wconf 87' lang='lat' dir='ltr'>donatur.</span> <span class='ocrx_word' id='word_1_457' title='bbox 2011 1156 2212 1191; x_wconf 85' lang='lat' dir='ltr'>Retinenda</span> <span class='ocrx_word' id='word_1_458' title='bbox 2235 1162 2288 1190; x_wconf 85' lang='lat' dir='ltr'>est</span> 
     </span>
     <span class='ocr_line' id='line_1_73' title="bbox 1303 1206 2288 1252; baseline -0.001 -12"><span class='ocrx_word' id='word_1_459' title='bbox 1303 1209 1409 1251; x_wconf 85' lang='lat' dir='ltr'>igitur</span> <span class='ocrx_word' id='word_1_460' title='bbox 1428 1206 1512 1240; x_wconf 83' lang='lat' dir='ltr'>haec</span> <span class='ocrx_word' id='word_1_461' title='bbox 1526 1208 1715 1246; x_wconf 88' lang='lat' dir='ltr'>sententia,</span> <span class='ocrx_word' id='word_1_462' title='bbox 1750 1209 1842 1252; x_wconf 86' lang='lat' dir='ltr'>quod</span> <span class='ocrx_word' id='word_1_463' title='bbox 1871 1214 1987 1240; x_wconf 84' lang='lat' dir='ltr'>nostra</span> <span class='ocrx_word' id='word_1_464' title='bbox 2012 1207 2211 1240; x_wconf 85' lang='lat' dir='ltr'>obedientia</span> <span class='ocrx_word' id='word_1_465' title='bbox 2232 1206 2288 1239; x_wconf 85' lang='lat' dir='ltr'>vel</span> 
     </span>
     <span class='ocr_line' id='line_1_74' title="bbox 1302 1257 2289 1302; baseline -0.001 -11"><span class='ocrx_word' id='word_1_466' title='bbox 1302 1258 1509 1292; x_wconf 83' lang='lat' dir='ltr'>afflictiones</span> <span class='ocrx_word' id='word_1_467' title='bbox 1527 1270 1597 1291; x_wconf 88' lang='lat' dir='ltr'>nou</span> <span class='ocrx_word' id='word_1_468' title='bbox 1617 1265 1699 1291; x_wconf 88' lang='lat' dir='ltr'>sunt</span> <span class='ocrx_word' id='word_1_469' title='bbox 1717 1258 1901 1298; x_wconf 84' lang='lat' dir='ltr'>meritum,</span> <span class='ocrx_word' id='word_1_470' title='bbox 1936 1258 1989 1291; x_wconf 91' lang='lat' dir='ltr'>vel</span> <span class='ocrx_word' id='word_1_471' title='bbox 2016 1258 2169 1302; x_wconf 90' lang='lat' dir='ltr'>pretium</span> <span class='ocrx_word' id='word_1_472' title='bbox 2195 1257 2289 1291; x_wconf 85' lang='lat' dir='ltr'>vitae</span> 
     </span>
     <span class='ocr_line' id='line_1_75' title="bbox 1303 1306 2284 1353; baseline -0.001 -12"><span class='ocrx_word' id='word_1_473' title='bbox 1303 1317 1474 1342; x_wconf 83' lang='lat' dir='ltr'>aeternae.</span> <span class='ocrx_word' id='word_1_474' title='bbox 1527 1309 1596 1342; x_wconf 83' lang='lat' dir='ltr'>Sed</span> <span class='ocrx_word' id='word_1_475' title='bbox 1616 1310 1710 1352; x_wconf 85' lang='lat' dir='ltr'>quod</span> <span class='ocrx_word' id='word_1_476' title='bbox 1731 1309 1797 1341; x_wconf 83' lang='lat' dir='ltr'>fide</span> <span class='ocrx_word' id='word_1_477' title='bbox 1816 1308 1922 1351; x_wconf 86' lang='lat' dir='ltr'>gratis</span> <span class='ocrx_word' id='word_1_478' title='bbox 1945 1316 2088 1353; x_wconf 88' lang='lat' dir='ltr'>propter</span> <span class='ocrx_word' id='word_1_479' title='bbox 2102 1306 2284 1342; x_wconf 87' lang='lat' dir='ltr'>Christum</span> 
     </span>
     <span class='ocr_line' id='line_1_76' title="bbox 1303 1357 2282 1399; baseline -0.001 -7"><span class='ocrx_word' id='word_1_480' title='bbox 1303 1360 1493 1392; x_wconf 76' lang='lat' dir='ltr'>efficiamur</span> <span class='ocrx_word' id='word_1_481' title='bbox 1509 1359 1572 1391; x_wconf 87' lang='lat' dir='ltr'>filii</span> <span class='ocrx_word' id='word_1_482' title='bbox 1588 1366 1620 1392; x_wconf 84' lang='lat' dir='ltr'>et</span> <span class='ocrx_word' id='word_1_483' title='bbox 1639 1357 1803 1392; x_wconf 75' lang='lat' dir='ltr'>haeredes</span> <span class='ocrx_word' id='word_1_484' title='bbox 1821 1359 1911 1392; x_wconf 87' lang='lat' dir='ltr'>vitae</span> <span class='ocrx_word' id='word_1_485' title='bbox 1927 1366 2103 1399; x_wconf 87' lang='lat' dir='ltr'>aeternae,</span> <span class='ocrx_word' id='word_1_486' title='bbox 2136 1360 2182 1393; x_wconf 84' lang='lat' dir='ltr'>ita</span> <span class='ocrx_word' id='word_1_487' title='bbox 2205 1371 2282 1391; x_wconf 87' lang='lat' dir='ltr'>ma-</span> 
     </span>
     <span class='ocr_line' id='line_1_77' title="bbox 1304 1410 1559 1443; baseline -0.004 -1"><span class='ocrx_word' id='word_1_488' title='bbox 1304 1418 1361 1443; x_wconf 89' lang='lat' dir='ltr'>net</span> <span class='ocrx_word' id='word_1_489' title='bbox 1377 1410 1559 1442; x_wconf 88' lang='lat' dir='ltr'>certitudo.</span> 
     </span>
    </p>

    <p class='ocr_par' dir='ltr' id='par_1_18' title="bbox 1304 1458 2292 1807">
     <span class='ocr_line' id='line_1_78' title="bbox 1406 1458 2286 1503; baseline 0.001 -12"><span class='ocrx_word' id='word_1_490' title='bbox 1406 1460 1500 1502; x_wconf 83' lang='lat' dir='ltr'>Quid</span> <span class='ocrx_word' id='word_1_491' title='bbox 1520 1460 1626 1502; x_wconf 80' lang='lat' dir='ltr'>igitur</span> <span class='ocrx_word' id='word_1_492' title='bbox 1645 1459 1743 1503; x_wconf 91' lang='lat' dir='ltr'>ponit</span> <span class='ocrx_word' id='word_1_493' title='bbox 1763 1458 1937 1492; x_wconf 85' lang='lat' dir='ltr'>conditio:</span> <span class='ocrx_word' id='word_1_494' title='bbox 1966 1458 2003 1492; x_wconf 89' lang='lat' dir='ltr'>Si</span> <span class='ocrx_word' id='word_1_495' title='bbox 2027 1458 2286 1503; x_wconf 78' lang='lat' dir='ltr'>compatimur?</span> 
     </span>
     <span class='ocr_line' id='line_1_79' title="bbox 1304 1509 2285 1554; baseline -0.001 -11"><span class='ocrx_word' id='word_1_496' title='bbox 1304 1510 1535 1554; x_wconf 79' lang='lat' dir='ltr'>Respondeo:</span> <span class='ocrx_word' id='word_1_497' title='bbox 1572 1509 1652 1542; x_wconf 78' lang='lat' dir='ltr'>Non</span> <span class='ocrx_word' id='word_1_498' title='bbox 1673 1509 1823 1552; x_wconf 90' lang='lat' dir='ltr'>pretium</span> <span class='ocrx_word' id='word_1_499' title='bbox 1840 1516 1900 1542; x_wconf 89' lang='lat' dir='ltr'>aut</span> <span class='ocrx_word' id='word_1_500' title='bbox 1922 1510 2105 1548; x_wconf 90' lang='lat' dir='ltr'>meritum,</span> <span class='ocrx_word' id='word_1_501' title='bbox 2138 1511 2196 1542; x_wconf 88' lang='lat' dir='ltr'>sed</span> <span class='ocrx_word' id='word_1_502' title='bbox 2222 1521 2285 1542; x_wconf 80' lang='lat' dir='ltr'>ne-</span> 
     </span>
     <span class='ocr_line' id='line_1_80' title="bbox 1305 1559 2290 1604; baseline -0.002 -10"><span class='ocrx_word' id='word_1_503' title='bbox 1305 1563 1495 1594; x_wconf 79' lang='lat' dir='ltr'>cessitatem</span> <span class='ocrx_word' id='word_1_504' title='bbox 1508 1587 1517 1604; x_wconf 85' lang='lat'>,</span> <span class='ocrx_word' id='word_1_505' title='bbox 1549 1560 1630 1604; x_wconf 86' lang='lat' dir='ltr'>quia</span> <span class='ocrx_word' id='word_1_506' title='bbox 1648 1560 1709 1591; x_wconf 87' lang='lat' dir='ltr'>illa</span> <span class='ocrx_word' id='word_1_507' title='bbox 1724 1559 1926 1592; x_wconf 88' lang='lat' dir='ltr'>obedientia</span> <span class='ocrx_word' id='word_1_508' title='bbox 1943 1565 1992 1592; x_wconf 88' lang='lat' dir='ltr'>est</span> <span class='ocrx_word' id='word_1_509' title='bbox 2012 1559 2071 1591; x_wconf 85' lang='lat' dir='ltr'>illa</span> <span class='ocrx_word' id='word_1_510' title='bbox 2089 1559 2161 1603; x_wconf 87' lang='lat' dir='ltr'>ipsa</span> <span class='ocrx_word' id='word_1_511' title='bbox 2186 1559 2290 1593; x_wconf 83' lang='lat' dir='ltr'>novi-</span> 
     </span>
     <span class='ocr_line' id='line_1_81' title="bbox 1305 1609 2290 1653; baseline -0.002 -9"><span class='ocrx_word' id='word_1_512' title='bbox 1305 1619 1374 1651; x_wconf 82' lang='lat' dir='ltr'>tas,</span> <span class='ocrx_word' id='word_1_513' title='bbox 1418 1624 1486 1653; x_wconf 86' lang='lat' dir='ltr'>qua</span> <span class='ocrx_word' id='word_1_514' title='bbox 1520 1611 1681 1642; x_wconf 89' lang='lat' dir='ltr'>incoatur</span> <span class='ocrx_word' id='word_1_515' title='bbox 1711 1609 1747 1641; x_wconf 92' lang='lat' dir='ltr'>in</span> <span class='ocrx_word' id='word_1_516' title='bbox 1782 1609 2006 1642; x_wconf 82' lang='lat' dir='ltr'>credentibus</span> <span class='ocrx_word' id='word_1_517' title='bbox 2039 1609 2107 1642; x_wconf 88' lang='lat' dir='ltr'>vita</span> <span class='ocrx_word' id='word_1_518' title='bbox 2137 1616 2290 1651; x_wconf 86' lang='lat' dir='ltr'>aeterna,</span> 
     </span>
     <span class='ocr_line' id='line_1_82' title="bbox 1306 1657 2292 1698; baseline 0.001 -5"><span class='ocrx_word' id='word_1_519' title='bbox 1306 1663 1398 1695; x_wconf 83' lang='lat' dir='ltr'>iuxta</span> <span class='ocrx_word' id='word_1_520' title='bbox 1415 1662 1504 1694; x_wconf 89' lang='lat' dir='ltr'>illud</span> <span class='ocrx_word' id='word_1_521' title='bbox 1518 1686 1526 1698; x_wconf 86' lang='lat'><strong>‚</strong></span> <span class='ocrx_word' id='word_1_522' title='bbox 1556 1662 1590 1695; x_wconf 73' lang='lat'>2.</span> <span class='ocrx_word' id='word_1_523' title='bbox 1606 1657 1768 1694; x_wconf 82' lang='lat' dir='ltr'>Corinth.</span> <span class='ocrx_word' id='word_1_524' title='bbox 1788 1658 1841 1695; x_wconf 85' lang='lat'>5.:</span> <span class='ocrx_word' id='word_1_525' title='bbox 1871 1659 1910 1693; x_wconf 86' lang='lat' dir='ltr'>Si</span> <span class='ocrx_word' id='word_1_526' title='bbox 1929 1672 2001 1693; x_wconf 88' lang='lat' dir='ltr'>non</span> <span class='ocrx_word' id='word_1_527' title='bbox 2023 1660 2110 1693; x_wconf 90' lang='lat' dir='ltr'>nudi</span> <span class='ocrx_word' id='word_1_528' title='bbox 2131 1660 2292 1694; x_wconf 87' lang='lat' dir='ltr'>invenie-</span> 
     </span>
     <span class='ocr_line' id='line_1_83' title="bbox 1306 1711 2290 1756; baseline 0.001 -12"><span class='ocrx_word' id='word_1_529' title='bbox 1306 1725 1394 1746; x_wconf 88' lang='lat' dir='ltr'>mur.</span> <span class='ocrx_word' id='word_1_530' title='bbox 1452 1711 1516 1744; x_wconf 64' lang='lat' dir='ltr'>Vel</span> <span class='ocrx_word' id='word_1_531' title='bbox 1536 1718 1584 1744; x_wconf 86' lang='lat' dir='ltr'>est</span> <span class='ocrx_word' id='word_1_532' title='bbox 1602 1711 1791 1743; x_wconf 85' lang='lat' dir='ltr'>necessaria</span> <span class='ocrx_word' id='word_1_533' title='bbox 1803 1738 1812 1751; x_wconf 90' lang='lat'>,</span> <span class='ocrx_word' id='word_1_534' title='bbox 1828 1717 1994 1756; x_wconf 86' lang='lat' dir='ltr'>tanquam</span> <span class='ocrx_word' id='word_1_535' title='bbox 2012 1711 2154 1745; x_wconf 78' lang='lat' dir='ltr'>effectus</span> <span class='ocrx_word' id='word_1_536' title='bbox 2172 1722 2290 1745; x_wconf 81' lang='lat' dir='ltr'>neces-</span> 
     </span>
     <span class='ocr_line' id='line_1_84' title="bbox 1304 1761 1874 1807; baseline 0.002 -12"><span class='ocrx_word' id='word_1_537' title='bbox 1304 1764 1395 1796; x_wconf 83' lang='lat' dir='ltr'>sario</span> <span class='ocrx_word' id='word_1_538' title='bbox 1412 1775 1560 1807; x_wconf 85' lang='lat' dir='ltr'>sequens</span> <span class='ocrx_word' id='word_1_539' title='bbox 1579 1761 1874 1796; x_wconf 87' lang='lat' dir='ltr'>iustificationem.</span> 
     </span>
    </p>
   </div>
   <div class='ocr_carea' id='block_1_15' title="bbox 1308 1842 2293 1941">
    <p class='ocr_par' dir='ltr' id='par_1_19' title="bbox 1308 1842 2293 1941">
     <span class='ocr_line' id='line_1_85' title="bbox 1308 1842 2293 1893; baseline -0.001 -12"><span class='ocrx_word' id='word_1_540' title='bbox 1308 1846 1500 1881; x_wconf 68' lang='lat' dir='ltr'>Existimo</span> <span class='ocrx_word' id='word_1_541' title='bbox 1519 1850 1637 1879; x_wconf 80' lang='lat' dir='ltr'>aulem</span> <span class='ocrx_word' id='word_1_542' title='bbox 1649 1873 1657 1886; x_wconf 93' lang='lat'>‚</span> <span class='ocrx_word' id='word_1_543' title='bbox 1679 1842 1781 1891; x_wconf 80' lang='lat' dir='ltr'>quod</span> <span class='ocrx_word' id='word_1_544' title='bbox 1792 1857 1863 1878; x_wconf 85' lang='lat' dir='ltr'>non</span> <span class='ocrx_word' id='word_1_545' title='bbox 1881 1849 1966 1878; x_wconf 75' lang='lat' dir='ltr'>sunt</span> <span class='ocrx_word' id='word_1_546' title='bbox 1986 1842 2189 1891; x_wconf 81' lang='lat' dir='ltr'>condignae</span> <span class='ocrx_word' id='word_1_547' title='bbox 2202 1858 2293 1893; x_wconf 79' lang='lat' dir='ltr'>pas-</span> 
     </span>
     <span class='ocr_line' id='line_1_86' title="bbox 1546 1893 2052 1941; baseline 0 -12"><span class='ocrx_word' id='word_1_548' title='bbox 1546 1895 1665 1929; x_wconf 73' lang='lat' dir='ltr'>siones</span> <span class='ocrx_word' id='word_1_549' title='bbox 1681 1893 1793 1928; x_wconf 70' lang='lat' dir='ltr'>huius</span> <span class='ocrx_word' id='word_1_550' title='bbox 1809 1895 1977 1941; x_wconf 79' lang='lat' dir='ltr'>temporis</span> <span class='ocrx_word' id='word_1_551' title='bbox 1992 1900 2052 1929; x_wconf 80' lang='lat' dir='ltr'>etc.</span> 
     </span>
    </p>
   </div>
   <div class='ocr_carea' id='block_1_16' title="bbox 1308 1963 2293 2313">
    <p class='ocr_par' dir='ltr' id='par_1_20' title="bbox 1308 1963 2292 2110">
     <span class='ocr_line' id='line_1_87' title="bbox 1411 1963 2290 2006; baseline 0 -9"><span class='ocrx_word' id='word_1_552' title='bbox 1411 1964 1567 1997; x_wconf 85' lang='lat' dir='ltr'>Instituit</span> <span class='ocrx_word' id='word_1_553' title='bbox 1586 1970 1700 1996; x_wconf 87' lang='lat' dir='ltr'>autem</span> <span class='ocrx_word' id='word_1_554' title='bbox 1717 1963 1967 2006; x_wconf 81' lang='lat' dir='ltr'>amplissimam</span> <span class='ocrx_word' id='word_1_555' title='bbox 1985 1969 2017 1996; x_wconf 86' lang='lat' dir='ltr'>et</span> <span class='ocrx_word' id='word_1_556' title='bbox 2030 1963 2290 1997; x_wconf 86' lang='lat' dir='ltr'>ornatissimam</span> 
     </span>
     <span class='ocr_line' id='line_1_88' title="bbox 1308 2013 2292 2058; baseline -0.001 -9"><span class='ocrx_word' id='word_1_557' title='bbox 1308 2015 1604 2054; x_wconf 86' lang='lat' dir='ltr'>consolationem,</span> <span class='ocrx_word' id='word_1_558' title='bbox 1646 2025 1750 2058; x_wconf 78' lang='lat' dir='ltr'>quam</span> <span class='ocrx_word' id='word_1_559' title='bbox 1781 2013 1910 2057; x_wconf 89' lang='lat' dir='ltr'>poteris</span> <span class='ocrx_word' id='word_1_560' title='bbox 1933 2013 2149 2057; x_wconf 86' lang='lat' dir='ltr'>distinguere</span> <span class='ocrx_word' id='word_1_561' title='bbox 2173 2014 2211 2047; x_wconf 86' lang='lat' dir='ltr'>in</span> <span class='ocrx_word' id='word_1_562' title='bbox 2234 2025 2292 2048; x_wconf 79' lang='lat' dir='ltr'>sex</span> 
     </span>
     <span class='ocr_line' id='line_1_89' title="bbox 1309 2072 1525 2110; baseline -0.014 -10"><span class='ocrx_word' id='word_1_563' title='bbox 1309 2072 1525 2110; x_wconf 80' lang='lat' dir='ltr'>argumenta.</span> 
     </span>
    </p>

    <p class='ocr_par' dir='ltr' id='par_1_21' title="bbox 1311 2114 2293 2313">
     <span class='ocr_line' id='line_1_90' title="bbox 1411 2114 2293 2154; baseline -0.001 -5"><span class='ocrx_word' id='word_1_564' title='bbox 1411 2116 1569 2149; x_wconf 86' lang='lat' dir='ltr'>Primum</span> <span class='ocrx_word' id='word_1_565' title='bbox 1602 2121 1754 2147; x_wconf 88' lang='lat' dir='ltr'>sumtum</span> <span class='ocrx_word' id='word_1_566' title='bbox 1789 2121 1838 2147; x_wconf 88' lang='lat' dir='ltr'>est</span> <span class='ocrx_word' id='word_1_567' title='bbox 1867 2115 1910 2147; x_wconf 85' lang='lat' dir='ltr'>ab</span> <span class='ocrx_word' id='word_1_568' title='bbox 1932 2114 2025 2148; x_wconf 88' lang='lat' dir='ltr'>exitu</span> <span class='ocrx_word' id='word_1_569' title='bbox 2049 2114 2293 2154; x_wconf 82' lang='lat' dir='ltr'>afflictionum,</span> 
     </span>
     <span class='ocr_line' id='line_1_91' title="bbox 1311 2164 2293 2212; baseline -0.003 -11"><span class='ocrx_word' id='word_1_570' title='bbox 1311 2176 1429 2212; x_wconf 87' lang='lat' dir='ltr'>estque</span> <span class='ocrx_word' id='word_1_571' title='bbox 1449 2167 1562 2199; x_wconf 89' lang='lat' dir='ltr'>simile</span> <span class='ocrx_word' id='word_1_572' title='bbox 1579 2165 1654 2198; x_wconf 89' lang='lat' dir='ltr'>loco</span> <span class='ocrx_word' id='word_1_573' title='bbox 1671 2178 1688 2198; x_wconf 92' lang='lat' dir='ltr'>a</span> <span class='ocrx_word' id='word_1_574' title='bbox 1716 2165 1890 2208; x_wconf 80' lang='lat' dir='ltr'>praemiiS.</span> <span class='ocrx_word' id='word_1_575' title='bbox 1941 2164 2067 2208; x_wconf 84' lang='lat' dir='ltr'>Ingens</span> <span class='ocrx_word' id='word_1_576' title='bbox 2092 2165 2201 2208; x_wconf 80' lang='lat' dir='ltr'>gloria</span> <span class='ocrx_word' id='word_1_577' title='bbox 2226 2177 2293 2198; x_wconf 89' lang='lat' dir='ltr'>no—</span> 
     </span>
     <span class='ocr_line' id='line_1_92' title="bbox 1311 2213 2293 2260; baseline -0.004 -8"><span class='ocrx_word' id='word_1_578' title='bbox 1311 2220 1364 2252; x_wconf 88' lang='lat' dir='ltr'>bis</span> <span class='ocrx_word' id='word_1_579' title='bbox 1382 2219 1550 2251; x_wconf 81' lang='lat' dir='ltr'>reddetur</span> <span class='ocrx_word' id='word_1_580' title='bbox 1568 2228 1631 2260; x_wconf 91' lang='lat' dir='ltr'>pro</span> <span class='ocrx_word' id='word_1_581' title='bbox 1659 2213 1712 2248; x_wconf 85' lang='lat' dir='ltr'>bis</span> <span class='ocrx_word' id='word_1_582' title='bbox 1735 2216 2003 2256; x_wconf 77' lang='lat' dir='ltr'>afflictionibus,</span> <span class='ocrx_word' id='word_1_583' title='bbox 2034 2214 2129 2259; x_wconf 80' lang='lat' dir='ltr'>Ergo</span> <span class='ocrx_word' id='word_1_584' title='bbox 2157 2216 2293 2259; x_wconf 84' lang='lat' dir='ltr'>patien-</span> 
     </span>
     <span class='ocr_line' id='line_1_93' title="bbox 1311 2266 2068 2313; baseline -0.007 -10"><span class='ocrx_word' id='word_1_585' title='bbox 1311 2278 1363 2303; x_wconf 89' lang='lat' dir='ltr'>ter</span> <span class='ocrx_word' id='word_1_586' title='bbox 1380 2275 1596 2313; x_wconf 82' lang='lat' dir='ltr'>expectemus</span> <span class='ocrx_word' id='word_1_587' title='bbox 1615 2266 1744 2300; x_wconf 79' lang='lat' dir='ltr'>exitum</span> <span class='ocrx_word' id='word_1_588' title='bbox 1763 2273 1796 2301; x_wconf 86' lang='lat' dir='ltr'>et</span> <span class='ocrx_word' id='word_1_589' title='bbox 1813 2267 2068 2301; x_wconf 86' lang='lat' dir='ltr'>liberationem.</span> 
     </span>
    </p>
   </div>
   <div class='ocr_carea' id='block_1_17' title="bbox 1313 2348 2294 2398">
    <p class='ocr_par' dir='ltr' id='par_1_22' title="bbox 1313 2348 2294 2398">
     <span class='ocr_line' id='line_1_94' title="bbox 1313 2348 2294 2398; baseline 0 -12"><span class='ocrx_word' id='word_1_590' title='bbox 1313 2351 1455 2386; x_wconf 71' lang='lat' dir='ltr'>Scimus</span> <span class='ocrx_word' id='word_1_591' title='bbox 1472 2351 1578 2389; x_wconf 78' lang='lat' dir='ltr'>enim,</span> <span class='ocrx_word' id='word_1_592' title='bbox 1597 2348 1698 2398; x_wconf 77' lang='lat' dir='ltr'>quod</span> <span class='ocrx_word' id='word_1_593' title='bbox 1705 2350 1823 2384; x_wconf 78' lang='lat' dir='ltr'>omnis·</span> <span class='ocrx_word' id='word_1_594' title='bbox 1840 2354 2004 2384; x_wconf 77' lang='lat' dir='ltr'>creatura</span> <span class='ocrx_word' id='word_1_595' title='bbox 2022 2349 2225 2396; x_wconf 76' lang='lat' dir='ltr'>lngemiscil</span> <span class='ocrx_word' id='word_1_596' title='bbox 2235 2357 2294 2389; x_wconf 78' lang='lat' dir='ltr'>elc.</span> 
     </span>
    </p>
   </div>
   <div class='ocr_carea' id='block_1_18' title="bbox 1316 2418 2294 2666">
    <p class='ocr_par' dir='ltr' id='par_1_23' title="bbox 1316 2418 2293 2614">
     <span class='ocr_line' id='line_1_95' title="bbox 1417 2418 2292 2462; baseline -0.005 -10"><span class='ocrx_word' id='word_1_597' title='bbox 1417 2420 1620 2454; x_wconf 87' lang='lat' dir='ltr'>Secundum</span> <span class='ocrx_word' id='word_1_598' title='bbox 1645 2425 1906 2461; x_wconf 84' lang='lat' dir='ltr'>argumentum,</span> <span class='ocrx_word' id='word_1_599' title='bbox 1940 2418 1983 2451; x_wconf 87' lang='lat' dir='ltr'>ab</span> <span class='ocrx_word' id='word_1_600' title='bbox 2013 2420 2169 2462; x_wconf 84' lang='lat' dir='ltr'>exemplo</span> <span class='ocrx_word' id='word_1_601' title='bbox 2186 2418 2292 2454; x_wconf 71' lang='lat' dir='ltr'>Crea-</span> 
     </span>
     <span class='ocr_line' id='line_1_96' title="bbox 1316 2469 2293 2505; baseline 0.001 -1"><span class='ocrx_word' id='word_1_602' title='bbox 1316 2479 1485 2505; x_wconf 85' lang='lat' dir='ltr'>turarum.</span> <span class='ocrx_word' id='word_1_603' title='bbox 1547 2469 1637 2502; x_wconf 82' lang='lat' dir='ltr'>Tota</span> <span class='ocrx_word' id='word_1_604' title='bbox 1656 2482 1771 2502; x_wconf 88' lang='lat' dir='ltr'>rerum</span> <span class='ocrx_word' id='word_1_605' title='bbox 1795 2476 1916 2501; x_wconf 85' lang='lat' dir='ltr'>natura</span> <span class='ocrx_word' id='word_1_606' title='bbox 1934 2469 2085 2501; x_wconf 87' lang='lat' dir='ltr'>subiecta</span> <span class='ocrx_word' id='word_1_607' title='bbox 2104 2477 2154 2504; x_wconf 85' lang='lat' dir='ltr'>est</span> <span class='ocrx_word' id='word_1_608' title='bbox 2169 2483 2293 2505; x_wconf 83' lang='lat' dir='ltr'>corru-</span> 
     </span>
     <span class='ocr_line' id='line_1_97' title="bbox 1318 2519 2292 2569; baseline 0 -14"><span class='ocrx_word' id='word_1_609' title='bbox 1318 2522 1449 2566; x_wconf 87' lang='lat' dir='ltr'>ptioni,</span> <span class='ocrx_word' id='word_1_610' title='bbox 1476 2528 1508 2569; x_wconf 81' lang='lat' dir='ltr'>et</span> <span class='ocrx_word' id='word_1_611' title='bbox 1525 2520 1650 2553; x_wconf 84' lang='lat' dir='ltr'>abusui</span> <span class='ocrx_word' id='word_1_612' title='bbox 1670 2519 1856 2563; x_wconf 85' lang='lat' dir='ltr'>impiorum</span> <span class='ocrx_word' id='word_1_613' title='bbox 1876 2519 2004 2552; x_wconf 83' lang='lat' dir='ltr'>interea</span> <span class='ocrx_word' id='word_1_614' title='bbox 2029 2520 2140 2553; x_wconf 90' lang='lat' dir='ltr'>donec</span> <span class='ocrx_word' id='word_1_615' title='bbox 2165 2521 2292 2555; x_wconf 86' lang='lat' dir='ltr'>libera-</span> 
     </span>
     <span class='ocr_line' id='line_1_98' title="bbox 1317 2569 2193 2614; baseline -0.002 -9"><span class='ocrx_word' id='word_1_616' title='bbox 1317 2574 1431 2610; x_wconf 77' lang='lat' dir='ltr'>bitur,</span> <span class='ocrx_word' id='word_1_617' title='bbox 1458 2571 1550 2614; x_wconf 85' lang='lat' dir='ltr'>Ergo</span> <span class='ocrx_word' id='word_1_618' title='bbox 1569 2578 1600 2603; x_wconf 88' lang='lat' dir='ltr'>et</span> <span class='ocrx_word' id='word_1_619' title='bbox 1620 2581 1683 2602; x_wconf 89' lang='lat' dir='ltr'>nos</span> <span class='ocrx_word' id='word_1_620' title='bbox 1700 2577 1917 2613; x_wconf 80' lang='lat' dir='ltr'>expectemus</span> <span class='ocrx_word' id='word_1_621' title='bbox 1935 2569 2193 2606; x_wconf 85' lang='lat' dir='ltr'>liberationem.</span> 
     </span>
    </p>

    <p class='ocr_par' dir='ltr' id='par_1_24' title="bbox 1417 2618 2294 2666">
     <span class='ocr_line' id='line_1_99' title="bbox 1417 2618 2294 2666; baseline 0.001 -11"><span class='ocrx_word' id='word_1_622' title='bbox 1417 2621 1549 2666; x_wconf 89' lang='lat' dir='ltr'>Estque</span> <span class='ocrx_word' id='word_1_623' title='bbox 1569 2618 1624 2654; x_wconf 86' lang='lat' dir='ltr'>hic</span> <span class='ocrx_word' id='word_1_624' title='bbox 1645 2620 1805 2653; x_wconf 89' lang='lat' dir='ltr'>sublimis</span> <span class='ocrx_word' id='word_1_625' title='bbox 1830 2620 1956 2664; x_wconf 85' lang='lat' dir='ltr'>aliquis</span> <span class='ocrx_word' id='word_1_626' title='bbox 1981 2621 2016 2653; x_wconf 91' lang='lat' dir='ltr'>in</span> <span class='ocrx_word' id='word_1_627' title='bbox 2034 2620 2142 2654; x_wconf 88' lang='lat' dir='ltr'>Paulo</span> <span class='ocrx_word' id='word_1_628' title='bbox 2168 2629 2294 2663; x_wconf 87' lang='lat' dir='ltr'>motus,</span> 
     </span>
    </p>
   </div>
   <div class='ocr_carea' id='block_1_19' title="bbox 285 2669 2296 2719">
    <p class='ocr_par' dir='ltr' id='par_1_25' title="bbox 285 2669 2296 2719">
     <span class='ocr_line' id='line_1_100' title="bbox 285 2669 2296 2719; baseline -0.006 -1"><span class='ocrx_word' id='word_1_629' title='bbox 285 2685 427 2718; x_wconf 70' lang='lat' dir='ltr'>existere</span> <span class='ocrx_word' id='word_1_630' title='bbox 447 2691 571 2714; x_wconf 80' lang='lat' dir='ltr'>novam</span> <span class='ocrx_word' id='word_1_631' title='bbox 589 2677 845 2717; x_wconf 82' lang='lat' dir='ltr'>obedientiam,</span> <span class='ocrx_word' id='word_1_632' title='bbox 881 2676 998 2711; x_wconf 76' lang='lat' dir='ltr'>attexit</span> <span class='ocrx_word' id='word_1_633' title='bbox 1023 2675 1262 2719; x_wconf 75' lang='lat' dir='ltr'>gradationem</span> <span class='ocrx_word' id='word_1_634' title='bbox 1289 2690 1293 2710; x_wconf 81' lang='grc' dir='ltr'>ι</span> <span class='ocrx_word' id='word_1_635' title='bbox 1319 2686 1387 2719; x_wconf 91' lang='lat' dir='ltr'>quo</span> <span class='ocrx_word' id='word_1_636' title='bbox 1408 2674 1548 2707; x_wconf 82' lang='lat' dir='ltr'>intuens</span> <span class='ocrx_word' id='word_1_637' title='bbox 1568 2669 1774 2705; x_wconf 85' lang='lat' dir='ltr'>horribilem</span> <span class='ocrx_word' id='word_1_638' title='bbox 1793 2671 2032 2704; x_wconf 86' lang='lat' dir='ltr'>confusionem</span> <span class='ocrx_word' id='word_1_639' title='bbox 2051 2672 2141 2707; x_wconf 78' lang='lat' dir='ltr'>vitae</span> <span class='ocrx_word' id='word_1_640' title='bbox 2169 2670 2296 2706; x_wconf 84' lang='lat' dir='ltr'>buma-</span> 
     </span>
    </p>
   </div>
  </div>
 </body>
</html>
