2415 2942
120 96 218 135 1285
444 95 543 133 XIII.

116 186 257 219 bentem
283 182 429 221 merita,
457 184 517 217 sed
542 183 646 217 etiam
665 195 807 228 prorsus
831 184 1051 227 ignorantem
1073 189 1107 217 et

116 248 190 268 non
210 241 389 279 optantem
406 231 474 268 hoc
497 241 634 268 tantum
658 235 879 270 beneficium.
932 235 1042 269 Erant
1068 234 1105 266 in

115 287 187 320 illis
213 286 298 319 locis
320 297 464 329 prorsus
492 287 655 319 tenebrae
675 287 719 318 de
736 284 839 326 Deo,¹
859 298 963 319 nemo
983 285 1105 319 audie-

115 344 170 371 rat
194 349 314 370 vocem
336 336 538 379 Evangelii,
572 349 677 370 nemo
702 337 857 380 optabat.
916 335 963 370 Et
987 343 1104 370 tamen

114 388 211 422 Deus
246 400 308 432 per
344 388 508 430 angelum
538 388 681 421 accersit
709 388 869 421 doctores
903 394 936 421 et
971 387 1104 421 semina

115 438 312 482 Evangelii,
328 439 396 472 late
414 450 475 482 per
492 438 740 472 Macedoniam
759 437 987 472 etGraeciam
1007 449 1105 481 spar-

114 497 265 534 guntur,
309 497 342 523 et
364 490 519 523 ostendit
544 488 639 523 Deus
661 501 734 523 non
764 489 871 522 dubia
903 489 1103 523 testimonia

115 542 297 574 doctrinae
317 541 517 574 illustribus
536 541 727 576 miraculis.
774 539 875 573 Hanc
896 541 1102 573 immensam

115 592 392 625 misericordiam
428 592 496 624 Dei
521 603 769 633 agnoscamus,
812 597 845 624 et
875 590 950 624 Deo
976 592 1104 634 gratias

114 654 276 686 agamUS,
314 643 407 688 quod
442 642 538 675 misit
559 641 710 675 Paulum
737 649 768 676 et
803 641 988 685 Evangelii
1020 655 1103 675 voce

114 694 305 729 Ecclesiam
332 693 397 726 sibi
428 693 520 726 inter
545 705 610 726 nos
636 694 780 737 colligit.

214 752 269 787 Sit
294 753 397 786 etiam
417 764 499 785 cura
525 749 591 785 hoc
620 759 755 785 tantum
782 752 990 785 beneficium
1021 752 1104 785 reti-

115 804 241 848 nendi,
271 805 354 848 qnia
376 804 544 847 scriptum
562 810 631 837 est:
670 801 814 836 habenti
835 804 995 843 dabitur,
1029 810 1061 836 et
1085 815 1102 836 a

116 868 188 888 uon
211 853 354 888 habenti
375 855 429 895 id,
457 854 553 899 quod
568 854 686 892 habet,
709 855 899 889 auferetur,
952 853 999 887 Et
1025 855 1105 887 illa-

116 918 194 939 rum
220 906 403 949 regionum
429 906 608 946 solitudo,
636 906 698 938 ubi
723 906 902 950 quondam
928 905 1105 938 florentis-

114 956 405 991 simaeEcclesiae
419 957 574 996 fuerunt,
602 968 666 989 nos
684 956 976 990 commonefaciat
993 958 1036 989 de
1054 956 1104 989 ira

115 1008 181 1041 Dei
200 1015 232 1041 et
250 1009 293 1040 de
314 1006 501 1041 horrendis
524 1008 664 1051 poenis,
693 1019 782 1052 quae
800 1014 997 1052 sequuntur
1020 1020 1105 1040 con-

116 1059 322 1100 tumaciam,
346 1059 460 1104 qualis
484 1065 517 1091 et
542 1059 577 1090 in
599 1057 726 1091 Iudaea
750 1059 835 1099 fuit,
863 1059 906 1091 de
929 1071 995 1103 qua
1021 1059 1105 1092 dicit

114 1110 306 1143 Dominus:
348 1110 485 1155 quoties
517 1109 613 1142 volui
646 1117 677 1143 te
702 1121 933 1153 congregare,
974 1116 1007 1143 et
1039 1122 1105 1143 no—

115 1162 220 1195 luisti.

217 1220 313 1254 Haec
337 1228 450 1254 vetera
476 1222 633 1266 exempla
659 1221 695 1254 in
715 1228 788 1254 toto
813 1222 898 1254 orbe
921 1228 1106 1262 terrarum,

117 1273 152 1304 in
177 1270 277 1312 Asia,
318 1272 441 1318 Syria,
478 1271 660 1318 Aegypto,
695 1272 836 1312 Africa,
871 1273 1000 1305 deinde
1018 1273 1102 1305 etin

115 1322 284 1368 Europa,
319 1324 355 1355 in
372 1321 544 1364 Thracia,
574 1323 738 1369 Illyrico,
767 1322 915 1356 Graecia
941 1324 1104 1356 conside-

117 1386 214 1411 rans,
243 1387 315 1407 non
343 1386 484 1418 possum
505 1387 577 1407 non
597 1386 840 1417 expavescere,
868 1375 1025 1417 cogitans
1050 1374 1104 1406 in-

116 1434 206 1458 stum
228 1433 260 1459 et
287 1427 465 1468 ingentem
486 1426 574 1458 iram
599 1425 692 1465 Dei,
733 1433 766 1460 et
790 1432 951 1459 metuens
974 1425 1105 1458 similes

115 1477 326 1511 vastationes
355 1478 393 1509 in
422 1477 558 1522 reliqua
586 1476 742 1521 Europa.

216 1534 354 1568 Deinde
374 1536 409 1568 in
427 1538 546 1569 eadem
565 1533 713 1569 historia
738 1542 771 1569 et
794 1533 862 1568 hoc
888 1535 1035 1578 dignum
1055 1541 1105 1568 est

117 1586 408 1619 consideratione.
465 1586 606 1620 Poterat
633 1586 728 1619 Deus
765 1598 826 1629 per
855 1587 956 1618 illum
990 1586 1104 1629 ipsum

117 1637 279 1679 angelum
306 1637 432 1669 docere
460 1634 692 1678 Evangelium
724 1637 760 1668 in
786 1636 1018 1675 Macedonia,
1044 1637 1105 1669 sed

119 1694 218 1721 xocat
239 1687 388 1720 Paulum
403 1714 410 1727 ,
438 1687 512 1720 vult
532 1685 694 1720 homines
713 1687 811 1730 fungi
833 1685 898 1719 hoc
922 1693 1020 1719 tanto
1039 1687 1105 1719 mi-

117 1740 279 1780 nisterio,
307 1739 343 1771 in
365 1751 434 1783 quo
446 1736 543 1771 Deus
561 1745 612 1771 est
630 1738 770 1776 efficax,
799 1744 832 1770 et
851 1739 911 1771 dat
929 1738 1105 1771 iusticiam

115 1799 145 1824 et
163 1791 269 1823 vitam
289 1797 466 1822 aeternam
490 1789 716 1822 audientibus
733 1795 765 1821 et
781 1800 854 1821 non
875 1789 1106 1832 repugnanti-

117 1845 191 1877 bus.
242 1840 308 1874 Per
326 1838 411 1873 haec
434 1851 513 1873 vasa
531 1840 630 1873 firma
648 1847 680 1873 et
697 1840 863 1884 languida
880 1840 954 1873 vult
973 1840 1105 1873 diaboli

116 1893 309 1937 potentiam
336 1893 527 1926 destruere.

218 1951 314 1985 Haec
331 1952 590 1986 consideranda
609 1956 710 1991 sunt,
747 1957 786 1984 ut
807 1950 960 1984 libenter
983 1950 1106 1984 audia-

116 2016 192 2038 mus
209 2016 327 2036 vocem
354 2003 560 2043 ministerii,
589 2002 724 2035 etiamsi
742 2002 882 2035 videtur
901 2002 1107 2042 absurdum,

117 2055 278 2088 homines
320 2066 549 2087 aerumnosos
565 2078 576 2094 ‚
621 2054 664 2086 de
707 2053 902 2097 praesentia
936 2052 1022 2094 Dei,
1065 2053 1107 2086 de

117 2113 257 2140 aeterna
282 2106 392 2138 salute
419 2112 451 2139 et
477 2105 555 2137 aliis
579 2104 741 2137 maximis
758 2105 864 2137 rebus
882 2104 993 2149 loqui.

220 2165 361 2205 Tertio,
405 2165 487 2210 quia
519 2175 643 2207 magna
667 2163 864 2207 frequentia
890 2163 958 2196 fuit
982 2163 1019 2195 in
1045 2162 1107 2195 illo

120 2217 253 2262 oppido
286 2223 431 2261 propter
464 2227 570 2248 venas
602 2214 794 2247 metallicas
824 2221 857 2247 et
880 2221 1024 2259 propter
1053 2214 1109 2247 ius

118 2268 306 2308 Coloniae,
350 2273 627 2300 consentaneum
662 2272 730 2303 est,
778 2263 929 2298 Paulum
965 2271 1109 2308 propter

119 2332 193 2353 eam
217 2330 355 2352 causam
383 2330 422 2350 eo
448 2317 623 2361 proficisci
647 2315 835 2356 maluisse,
872 2323 905 2349 et
929 2328 1007 2348 cum
1036 2316 1109 2360 ipse

120 2370 205 2403 civis
233 2369 417 2404 Romanus
443 2376 550 2408 esset,
592 2375 695 2400 natus
731 2366 768 2399 in
797 2365 946 2400 Colonia
977 2366 1109 2405 Tarso,

121 2421 290 2465 speravit,
325 2421 386 2454 nbi
410 2432 446 2453 se
471 2420 637 2453 tutiorem
664 2419 752 2451 fore.
818 2416 890 2450 Sed
915 2415 970 2450 bis
997 2418 1110 2451 causis

122 2472 281 2512 omissis,
309 2472 458 2504 sciamus
483 2471 655 2515 potiorem
681 2480 820 2502 causam
845 2469 951 2501 fuisse
973 2469 1109 2501 miseri-

121 2523 279 2557 cordiam
300 2521 383 2561 Dei,
412 2522 472 2567 qni
490 2523 535 2555 ita
552 2521 640 2554 rexit
657 2520 783 2553 itinera
800 2518 902 2553 Pauli
914 2546 922 2560 ,
949 2525 982 2553 et
998 2520 1110 2553 voluit

123 2574 170 2606 ilii
197 2574 313 2608 statim
339 2573 450 2617 sparsi
476 2571 659 2615 Evangelii
686 2570 831 2605 semina.

209 2631 321 2666 Addit
338 2633 446 2675 igitur
462 2632 611 2665 illustria
629 2630 829 2665 testimonia
846 2641 961 2662 novae
978 2630 1110 2663 doctri-

124 2697 197 2719 nae.
254 2683 389 2717 Mulier
407 2683 516 2728 Lydia
541 2695 621 2716 cum
647 2688 718 2716 tota
737 2681 869 2715 familia
888 2680 1114 2727 amplectitur

595 97 630 134 5.
657 94 1026 133 ARGUMENTUM
1052 94 1204 132 EPIST.
1231 91 1380 130 PAULI
1408 94 1477 131 AD
1504 95 1845 134 PHLIPPENSES.

2064 100 2159 136 1286

1162 179 1414 225 Evangelium,
1455 189 1487 215 et
1513 183 1587 216 eius
1611 184 1737 217 domus
1760 185 1796 218 fit
1822 182 2015 229 hospitium
2050 185 2151 220 Pauli

1163 239 1196 265 et
1220 232 1411 267 Ecclesiae.
1467 232 1617 268 Eiicitur
1641 236 1867 269 daemonium
1893 248 1933 269 ex
1959 238 2075 280 puella
2100 239 2150 270 fa-

1160 283 1279 318 tidica.
1332 283 1491 317 Coniecti
1516 286 1551 317 in
1577 298 1748 319 carcerem
1764 286 1893 320 Paulus
1912 294 1943 320 et
1964 287 2055 321 Silas
2077 289 2150 322 sin-

1158 334 1272 376 gulari
1298 335 1470 368 miraculo
1496 336 1702 371 liberantur.
1756 337 1881 372 Custos
1898 340 2043 372 carceris
2068 352 2145 373 cum

1157 397 1218 418 sua
1244 385 1376 418 familia
1403 386 1526 429 recipit
1542 385 1790 430 Evangelium.
1845 388 1940 422 Haec
1972 397 2052 423 sunt
2076 391 2146 423 ini-

1157 436 1205 469 tia
1228 434 1405 469 Ecclesiae
1423 437 1459 468 in
1479 449 1518 469 eo
1537 438 1632 476 loco,
1659 451 1764 483 quam
1782 440 1868 474 scito
1887 441 2053 481 crevisse,
2082 453 2144 485 ap-

1158 493 1254 531 paret
1277 499 1317 520 ex
1344 487 1510 529 epistola,
1539 501 1644 532 quaxn
1664 497 1782 532 postea
1801 492 1843 524 ad
1865 503 1922 524 eos
1939 492 2078 532 scribit,
2106 494 2143 525 in

1158 550 1225 583 qua
1241 544 1275 571 et
1293 538 1396 571 fidem
1417 545 1448 571 et
1465 539 1711 573 liberalitatem
1732 553 1852 575 eorum
1872 543 2059 586 praedicat.

1259 610 1307 647 Et
1331 613 1408 647 vult
1436 613 1531 647 Deus
1558 621 1674 647 extare
1700 616 1784 649 tales
1809 614 1973 651 historias
2000 626 2145 663 propter

1158 664 1287 698 multas
1312 676 1443 699 causaS.
1499 664 1588 698 Vult
1606 665 1699 698 Deus
1722 667 1822 708 sciri,
1851 680 1869 701 a
1896 680 1968 701 sese
1983 668 2144 713 Evange-

1158 715 1245 748 lium
1265 715 1367 748 certis
1386 713 1591 749 hominibus
1615 719 1897 752 commendatum
1917 731 2007 760 esse,
2035 729 2066 754 et
2083 722 2146 753 ad-

1158 767 1210 799 dit
1235 766 1384 799 illustria
1408 767 1632 809 testimonia3
1661 769 1736 802 vult
1760 769 1861 810 sciri,
1889 771 1984 803 unde
2007 779 2146 815 accepta

1157 817 1202 850 sit
1228 814 1312 850 haec
1336 818 1517 858 doctrina,
1551 830 1613 862 per
1636 831 1724 863 quos
1741 827 1773 853 et
1791 833 1862 865 quo
1888 822 1994 854 modo
2017 834 2147 866 propa-

1157 874 1234 911 gata
1253 868 1316 909 sit,
1344 875 1383 902 ut
1400 869 1534 901 dicerni
1552 870 1661 913 possit
1678 881 1697 902 a
1715 872 2043 918 superstitionibus,
2058 885 2148 918 quae

1159 919 1356 964 plerunque
1373 920 1461 953 clam
1479 920 1697 965 irrepserunt
1719 922 1754 954 in
1774 925 1968 964 mundum,
2003 931 2036 957 et
2059 936 2148 968 pau—

1158 970 1257 1003 latim
1285 971 1482 1004 cumulatae
1506 979 1588 1005 sunt
1613 972 1677 1013 ita,
1705 980 1743 1006 ut
1770 974 1827 1007 vix
1850 975 2008 1007 sciantur
2033 975 2150 1016 initia,

1158 1028 1196 1055 ut
1223 1023 1403 1066 quomodo
1425 1021 1658 1056 Bacchanalia
1682 1030 1741 1056 aut
1764 1023 1973 1070 Lupercalia
1993 1026 2149 1070 primum

1159 1079 1234 1105 orta
1252 1073 1341 1112 sint,
1367 1086 1439 1106 non
1458 1075 1540 1107 satis
1556 1074 1635 1107 sciri
1655 1082 1777 1118 potest.
1833 1076 1872 1109 ln
1885 1076 2041 1110 Ecclesia
2064 1089 2147 1110 vero

1158 1135 1294 1167 semper
1317 1125 1511 1158 manifestis
1529 1132 1560 1158 et
1586 1126 1784 1159 illustribus
1810 1128 2021 1161 testimoniis
2038 1128 2148 1162 factae

1159 1182 1240 1208 sunt
1274 1176 1524 1219 patefactiones
1556 1176 1640 1214 Dei,
1683 1184 1715 1210 et
1738 1179 1971 1212 revelationes
1997 1180 2148 1223 promis-

1159 1226 1289 1267 sionis,
1330 1233 1370 1260 ut
1395 1228 1438 1259 de
1461 1228 1722 1270 praedicatione
1748 1227 1873 1262 Nohae
1905 1230 2149 1264 testimonium

1158 1277 1225 1310 suit
1242 1278 1406 1310 liberatio
1424 1278 1461 1310 in
1480 1278 1633 1319 diluvio,
1658 1280 1694 1312 in
1713 1281 1897 1313 vocatione
1912 1279 2076 1314 Abrahae
2092 1293 2149 1324 ge-

1159 1328 1295 1361 neratio
1323 1327 1388 1362 filii
1414 1341 1454 1361 ex
1480 1336 1592 1362 matre
1623 1342 1694 1362 anu
1726 1338 1757 1364 et
1785 1332 1925 1372 sterili,
1973 1333 2017 1365 de
2048 1331 2150 1365 Mose

1158 1379 1298 1413 eductio
1324 1391 1364 1411 ex
1381 1378 1562 1424 Aegypto,
1589 1381 1632 1413 de
1655 1380 1838 1423 Samuele,
1867 1382 2022 1421 Davide,
2058 1380 2150 1421 Elia,

1158 1428 1295 1470 Eliseo‚
1322 1428 1447 1471 Esaia,
1476 1430 1639 1470 Ieremia,
1669 1431 1817 1465 Daniele
1835 1440 2007 1467 testantur
2031 1434 2151 1475 singu-

1159 1481 1202 1513 lis
1225 1482 1444 1523 temporibus
1467 1493 1528 1514 sua
1548 1483 1717 1515 miracula
1735 1491 1917 1526 conspecta
1936 1485 2017 1517 totis
2034 1487 2150 1528 genti-

1158 1532 1236 1566 bus.
1290 1534 1340 1564 lta
1373 1538 1492 1575 postea
1521 1533 1740 1566 resuscitatio
1772 1543 1994 1568 mortuorum
2022 1543 2054 1569 et
2083 1536 2151 1568 alia

1159 1582 1328 1615 miracula
1353 1582 1496 1616 fuerunt
1521 1584 1721 1617 testimonia
1748 1586 1791 1617 de
1814 1586 1973 1619 doctrina
1996 1587 2060 1618 filii
2083 1585 2151 1619 Dei

1159 1639 1191 1665 et
1216 1632 1481 1676 Apostolorum.
1544 1633 1591 1668 Ut
1617 1635 1724 1678 igitur
1753 1643 1847 1669 certo
1874 1637 1959 1670 sciat
1981 1636 2151 1678 Ecclesia,

1158 1695 1279 1716 vocem
1305 1682 1490 1726 Evangelii
1515 1698 1532 1718 a
1553 1685 1627 1718 Deo
1653 1687 1817 1720 traditam
1845 1699 1917 1721 esse
1942 1688 2026 1721 talia
2051 1689 2151 1722 testi-

1158 1735 1278 1768 monia
1295 1732 1569 1777 exhibitaxsunss
1596 1743 1631 1771 et
1648 1734 1734 1771 haec
1751 1735 1898 1772 historia
1917 1739 2045 1784 scripta
2063 1746 2124 1775 est.

1260 1810 1357 1845 Haec
1381 1809 1548 1846 historica
1573 1813 1716 1848 recitavi
1742 1815 1825 1859 quia
1851 1816 1990 1859 gratior
2002 1822 2052 1850 est
2071 1816 2153 1849 dul-

1160 1862 1296 1896 cissima
1314 1863 1460 1907 epistola
1477 1866 1603 1908 scripta
1623 1867 1665 1897 ad
1683 1864 1889 1908 Ecclesiam,
1905 1879 1994 1912 quae
2010 1868 2047 1900 in
2065 1865 2153 1900 Phi-

1160 1913 1284 1958 lippis,
1311 1914 1348 1946 in
1368 1915 1482 1958 primo
1499 1914 1661 1960 Europae
1676 1917 1794 1958 aditu,
1810 1919 1954 1951 collecta
1971 1925 2040 1959 est,
2068 1931 2152 1951 con-

1160 1965 1330 1999 sideranti
1347 1972 1380 1999 et
1397 1966 1513 1999 locum
1532 1973 1564 2000 et
1582 1974 1741 2001 mutuam
1760 1969 2043 2004 benevolentiam
2059 1970 2151 2003 inter

1162 2016 1312 2050 Paulum
1347 2023 1380 2050 et
1414 2017 1511 2050 illam
1549 2016 1756 2055 Ecclesiam.
1811 2019 1953 2063 Quanta
1979 2021 2055 2054 laus
2081 2027 2131 2054 est
2144 2047 2153 2061 ‚

1161 2069 1255 2112 quod
1275 2067 1436 2101 nominat
1452 2080 1511 2101 eos
1527 2081 1605 2102 cum
1623 2070 1791 2112 gaudium
1809 2078 1842 2105 et
1859 2083 2025 2105 coronam
2044 2083 2154 2111 suam,

1162 2118 1224 2152 ubi
1248 2119 1427 2152 auditores
1450 2116 1516 2152 hoc
1538 2126 1635 2154 tanto
1663 2122 1852 2164 praeconio
1878 2129 1981 2156 ornat
1998 2122 2153 2166 Aposto-

1162 2170 1239 2208 lus,
1284 2169 1476 2203 existimari
1509 2171 1593 2204 satis
1633 2178 1767 2215 potest,
1818 2170 2012 2206 Ecclesiam
2048 2173 2152 2206 etiam

1162 2220 1314 2254 fideliter
1335 2232 1559 2256 conservasse
1584 2223 1767 2259 doctrinae
1789 2224 1997 2269 puritatem,
2025 2231 2058 2258 et
2077 2224 2152 2258 sine

1162 2272 1338 2305 scandalis
1363 2272 1480 2307 fuisse.

1385 2389 1447 2425 De
1475 2397 1692 2438 argumento
1719 2391 1930 2440 Epistulae.

1268 2477 1371 2511 Nunc
1399 2487 1645 2522 argumentum
1674 2481 1843 2525 epistolae
1872 2482 2038 2516 recitabo.
2093 2481 2156 2514 Vi-

1165 2530 1290 2562 demus
1314 2541 1386 2562 non
1410 2531 1555 2574 longum
1581 2532 1751 2576 scriptum
1769 2545 1841 2566 esse
1864 2546 1927 2566 nec
1954 2539 2156 2577 perpetuam

1135 2613 1137 2618 ,
1166 2580 1321 2625 aliquam
1346 2582 1620 2624 disputationem
1650 2583 1848 2617 institutam
1872 2595 1964 2624 esse,
2003 2585 2083 2624 sed,
2118 2590 2158 2616 ut

1135 2623 1137 2646 i

1137 2659 1138 2669 ,
1167 2632 1210 2664 ad
1229 2631 1358 2663 amicos
1383 2633 1568 2677 scriptam,
1602 2634 1745 2668 brevem
1772 2633 2010 2669 hortationem
2037 2641 2070 2668 et
2096 2635 2159 2667 ad·

1170 2681 1415 2716 monitionem.

1359 2731 1442 2769 81⁴*
