2415 2942
101 83 173 120 421
495 78 576 116 xlt.

101 168 256 214 patimur
280 164 373 201 ltanc
398 166 576 201 carnalem
599 171 764 200 naturam
795 163 1025 206 mortificari,
1059 172 1093 200 et

100 220 167 253 fide
193 225 413 263 expectamus
438 217 745 252 resurrectionem.
810 213 906 249 Haec
927 215 1089 251 doctrina

99 270 279 315 proposita
304 276 355 304 est
379 270 415 303 in
436 270 615 314 sepultura
634 265 779 303 Christi.
837 264 907 300 Sed
929 266 974 300 ab
996 267 1089 300 otio-

98 322 144 355 sis
160 328 194 356 et
209 319 394 366 Epicureis
421 321 574 362 ridetur,
601 331 666 353 nec
688 316 838 360 intelligi
860 323 992 361 potest,
1018 317 1087 351 nisi

97 373 142 406 ab
157 372 220 413 iis,
250 372 312 418 qui
330 372 367 405 in
391 372 527 416 magnis
549 370 734 405 doloribus
759 375 934 413 quaerunt
959 379 1086 401 conso-
1111 390 1113 424 ἱ,

97 423 286 464 lationem,
326 429 359 457 et
390 429 585 465 agnoscunt
609 433 644 455 se
674 419 781 454 condi
809 430 882 452 non
909 419 948 451 in
975 418 1085 452 infer-

96 485 204 515 num,
239 474 358 507 sedin
388 472 522 507 Christi
546 472 769 516 sepulcrum,
803 469 841 503 in
870 481 940 515 quo
967 469 1084 504 sciunt

100 524 239 569 placere
264 524 339 558 Deo
365 522 456 557 hanc
476 524 650 569 quietern,
680 533 826 566 eamque
851 520 918 555 iter
945 531 1018 554 esse
1039 522 1082 554 ad

98 575 204 608 sitam
239 582 426 609 aeternam.
502 574 586 608 Ideo
616 585 690 607 non
723 573 852 606 addam
884 571 1082 614 longiorem

94 626 380 669 enarrationem,
431 625 513 670 quia
557 623 641 658 haec
679 623 716 656 in
761 622 853 656 veris
894 622 1108 672 doloribus¹

455 678 515 711 sed
548 683 666 710 tamen
697 673 961 708 commonefieri
1003 674 1081 721 pios
1106 711 1108 716 f

95 676 262 710 discenda
295 684 376 711 sunt
392 701 403 717 ‚

93 728 179 762 utile
204 734 265 760 est.

195 777 264 810 Hic
290 776 394 811 etiam
426 775 608 821 quaeritur
634 775 679 809 de
712 774 861 809 articulo
891 775 1080 809 descensus
1105 812 1107 822 ,

1104 825 1106 840 ³
1132 826 1282 860 alicuius
1312 825 1525 872 Prophetae,
1566 829 1656 862 bene
1679 831 1870 866 sentientes
1898 835 1941 868 de
1967 844 2119 879 mortuo,

96 829 139 862 ad
159 827 300 866 inferos,
328 828 411 872 quid
429 827 473 861 sit
492 827 550 859 ille
567 827 765 861 descensus,
819 825 980 859 Primum
999 832 1079 860 ante

92 885 240 911 mortem
265 878 470 921 intelligunt
496 877 606 922 aliqui
638 879 844 911 descensum
867 878 910 910 ad
937 877 1079 918 inferos,
1104 901 1105 907 ,

93 929 203 972 ipsam
237 926 518 962 humiliationem
536 955 545 969 ,
587 939 656 973 qua
677 926 841 962 Christus
865 925 1076 961 horribilem

91 990 231 1012 sensum
249 979 319 1013 irae
338 978 405 1013 Dei
423 980 591 1012 adversus
606 986 744 1022 peccata
762 985 881 1012 nostra
898 978 1077 1015 sustinuit.

90 1030 213 1076 Aliqui
237 1030 347 1074 ipsam
369 1037 517 1064 mortem
545 1037 577 1063 et
611 1031 828 1074 sepulturam
860 1029 1077 1073 intelligunt,

89 1082 148 1114 sed
183 1092 248 1114 nos
276 1081 485 1126 simpliciter
519 1081 711 1114 sentiamus
741 1079 923 1116 Christum
955 1092 1075 1114 revera

88 1132 315 1165 resuscitasse
343 1139 476 1176 patres,
509 1138 548 1165 ut
574 1131 698 1165 Petrus
720 1132 825 1170 dicit,
860 1131 1075 1175 praedicasse

88 1182 290 1226 spiritibus,
317 1182 376 1227 qui
396 1189 495 1215 erant
517 1183 553 1214 in
575 1194 722 1216 carcere.
782 1181 888 1215 Hunc
912 1193 1074 1224 congres-

89 1244 165 1266 sum
193 1244 272 1265 curn
304 1233 461 1277 patribus
491 1233 586 1265 iuxta
615 1232 712 1266 Petri
745 1234 878 1266 dictum
913 1232 1073 1276 intelligo

88 1284 292 1316 descensum
309 1285 352 1316 ad
371 1284 522 1323 inferos,
547 1295 610 1316 nec
627 1284 762 1317 curiose
783 1281 868 1316 haec
893 1283 1073 1330 disputare

89 1334 189 1371 volo,
217 1334 275 1366 secl
293 1334 442 1367 modesti
467 1341 499 1367 et
524 1334 570 1377 pii
588 1335 742 1376 cogitent
759 1345 884 1367 arcana
902 1334 1072 1377 quaedam

89 1384 132 1416 de
149 1384 309 1416 miranda
329 1391 441 1417 morte
465 1392 497 1417 et
516 1385 770 1418 resurrectione
786 1382 939 1424 Christi,
967 1396 1072 1428 quam

85 1441 285 1477 spectarunt
301 1441 332 1468 et
352 1442 465 1479 patres
480 1435 692 1476 resuscitati,
717 1435 905 1479 significari
924 1435 960 1468 in
976 1435 1071 1468 dicto

84 1484 197 1525 Petri,
225 1497 313 1531 quae
329 1498 401 1520 non
419 1493 500 1520 sunt
518 1486 660 1530 planius
678 1488 835 1523 recitata.

438 1599 577 1653 Caput
609 1601 708 1643 XX.

324 1697 413 1734 Una
437 1704 557 1733 aulem
582 1697 639 1733 die
664 1699 826 1738 sabbati.

184 1782 340 1826 Quintus
356 1791 452 1818 actus
469 1782 637 1819 historiae
652 1783 758 1820 huius
775 1788 819 1821 de
837 1795 948 1823 morte
964 1797 995 1824 et
1015 1802 1071 1824 re-

84 1835 300 1868 surrectione
336 1833 470 1870 Christi
512 1837 672 1879 continet
709 1838 902 1881 gloriosum
939 1842 1068 1875 exitum

82 1892 260 1919 tantorum
302 1897 452 1929 agonum
469 1911 481 1929 ,
523 1887 583 1931 qui
618 1897 893 1931 praecesserunt.
965 1891 1069 1927 Nunc

83 1936 177 1969 enim
203 1944 366 1970 narratur
390 1938 599 1971 resurrectio
623 1938 687 1971 filii
704 1938 768 1972 Dei
786 1940 930 1975 Domini
957 1945 1066 1977 nostri

84 1986 162 2020 Iesu
189 1985 341 2031 Christi,
371 1988 431 2032 qui
458 1995 535 2032 post
559 1996 705 2023 mortem
732 1990 788 2024 die
815 1993 917 2026 tertio
944 1994 1066 2028 divina

81 2038 238 2081 potentia
262 2038 486 2072 resuscitatus
509 2040 653 2081 revixit,
686 2040 820 2085 integre
844 2045 1002 2078 restituta
1028 2045 1065 2078 in

81 2088 157 2132 ipso
181 2094 306 2122 natura
331 2087 485 2122 humana
510 2097 542 2123 et
568 2098 668 2125 exuta
694 2093 918 2130 mortalitate.
996 2094 1064 2131 Hic

81 2146 197 2172 autem
230 2139 414 2173 disseritur
438 2141 482 2173 de
505 2141 642 2181 triduo,
677 2143 720 2175 de
742 2155 812 2189 quo
830 2145 986 2180 breviter
1010 2159 1064 2181 re-

78 2191 253 2234 spondeo:
282 2188 536 2236 Synecdochen
552 2203 642 2233 esse,
660 2191 726 2227 hoc
743 2202 803 2236 est,
821 2197 884 2230 etsi
902 2209 975 2231 non
994 2198 1065 2232 sint

77 2240 205 2284 integri
224 2241 354 2285 singuli
372 2242 445 2275 dies
462 2239 567 2276 huius
585 2244 713 2283 tridui,
741 2252 856 2280 tamen
875 2256 971 2292 parte
996 2249 1063 2282 ali-

79 2303 147 2336 qua
165 2291 385 2335 singulorum
401 2293 508 2327 iacuit
525 2305 651 2338 corpus
667 2295 703 2328 in
720 2298 891 2339 sepulcro.
943 2298 1063 2343 Depo-

79 2342 183 2376 situm
205 2349 256 2377 est
287 2344 381 2377 enim
407 2355 426 2377 a
452 2356 555 2378 cruce
578 2354 655 2389 post
679 2344 802 2380 horam
831 2361 960 2383 nonam
983 2363 1064 2385 και-

79 2391 202 2439 ρικὴν,
228 2407 316 2440 quae
336 2395 439 2428 nobis
463 2403 512 2429 est
531 2397 644 2433 tertia.
697 2397 801 2432 Parte
818 2400 924 2444 igitur
944 2402 1062 2447 aliqua

79 2443 149 2478 diei
173 2452 284 2478 sextae
307 2458 432 2490 corpus
457 2446 523 2480 fuit
547 2448 584 2481 in
609 2449 783 2493 sepulcro,
844 2451 981 2486 Deinde
1005 2465 1061 2487 se-

79 2505 189 2540 quens
207 2495 280 2529 dies
298 2498 448 2541 spatium
471 2505 521 2532 est
537 2510 555 2531 a
573 2511 715 2544 vespera
732 2502 776 2534 ad
803 2514 1002 2547 vesperam,
1029 2511 1062 2539 et

78 2544 136 2579 hic
163 2545 235 2578 dies
263 2547 396 2591 integer
421 2555 482 2584 est.
554 2549 676 2584 Voluit
707 2552 801 2585 enim
836 2551 930 2588 haud
954 2555 1062 2589 dubie

76 2602 221 2641 propter
251 2598 461 2641 singularem
493 2599 787 2644 significationem
820 2604 958 2650 integro
981 2607 1061 2642 sab-

76 2648 157 2682 bato
182 2648 368 2692 quiescere.

627 75 927 116 ENARRATIO
954 75 1004 115 IN
1031 75 1215 117 EVANG.
1243 75 1456 116 IOANNIS.
1509 79 1614 116 CAP.
1643 80 1742 117 XIX.

2063 90 2138 129 422

1251 164 1397 201 Tertius
1415 165 1488 200 dies
1511 166 1673 202 incoatur
1690 180 1831 214 vespere
1849 178 1928 216 post
1948 175 2131 212 meridiem

1117 215 1118 227 ³
1144 216 1300 257 sabbati,
1340 217 1477 264 fuitque
1507 230 1633 264 corpus
1665 220 1702 253 in
1735 222 1896 266 sepulcro
1921 236 1961 259 eo
1986 239 2129 271 vespere

1143 273 1175 300 et
1194 274 1315 311 nocte,
1344 275 1376 302 et
1399 281 1545 303 aurorae
1570 277 1744 316 tempore,
1770 285 1858 318 quae
1875 282 2012 310 noctem
2030 278 2128 313 illam

1114 317 1115 333 ³
1141 324 1257 351 secuta
1273 324 1342 358 est,
1371 319 1417 353 ita
1434 326 1466 353 et
1484 320 1577 354 bona
1596 334 1675 365 pars
1693 324 1786 366 tertii
1811 326 1880 359 diei
1907 328 2011 361 etiam
2033 341 2127 363 com-

1139 365 1384 411 prehenditur.
1446 369 1541 404 Haec
1575 372 1692 406 brevis
1725 379 2001 413 accommodatio
2030 382 2127 414 suffi-

1138 418 1224 452 ciat:
1258 418 1340 453 Non
1355 420 1448 454 enim
1465 421 1634 455 audiendi
1652 432 1733 458 sunt
1752 423 1913 462 homines
1930 430 2038 472 leves,
2066 433 2128 478 qui

1141 470 1384 504 cavillationes
1401 473 1542 506 acerbas
1561 473 1603 506 de
1622 474 1732 508 tridui
1750 480 2011 521 computatione
2031 495 2126 517 com-

1109 547 1111 551 ,
1136 520 1385 557 miniscuntur.

1236 571 1361 606 Potius
1378 573 1421 606 de
1437 573 1511 617 ipsa
1528 575 1796 610 resurrectionis
1813 578 1924 621 gloria
1949 589 1983 617 et
2007 584 2123 619 effica-

1135 621 1187 655 cia
1220 622 1402 664 dicamus,
1445 637 1534 670 quae
1575 626 1710 669 egregie
1745 628 1904 672 pingitur
1945 632 2122 669 antithesi.

1135 671 1306 708 Mulieres
1334 674 1484 709 veniunt
1512 676 1556 708 ad
1587 685 1876 720 monumentum,
1920 689 1959 716 ut
1988 694 2123 728 ungant

1134 731 1314 758 mortuum
1339 737 1477 770 corpus.
1530 725 1607 760 Hoc
1627 728 1780 762 officium
1800 731 1970 774 significat
1988 736 2121 769 cultum

1133 774 1219 819 legis
1248 783 1281 811 et
1313 776 1513 810 universam
1541 777 1716 811 iusticiam
1752 780 1855 824 legis,
1896 791 1935 817 ut
1958 785 2121 830 discipuli

1132 883 1166 910 et
1191 877 1386 912 iudicantes
1418 879 1547 912 iniuste
1572 879 1794 915 interFectum
1825 895 1897 917 esse
1929 889 2120 924 ostendunt

1131 939 1233 961 suum
1253 941 1410 963 amorem
1429 941 1508 973 erga
1524 937 1717 968 mortuum.
1772 932 1831 967 Sic
1848 935 1930 969 illae
1954 939 2120 973 mulieres

1131 985 1267 1013 tantum
1292 980 1446 1024 cogitant
1470 979 1566 1015 hunc
1597 993 1701 1016 suum
1729 984 1909 1020 doctorem
1939 996 2120 1025 mortuum

1131 1041 1220 1071 esse,
1262 1038 1294 1065 et
1318 1029 1385 1065 hoc
1411 1031 1528 1065 officio
1554 1044 1681 1066 ornare
1712 1046 1792 1068 eum
1819 1039 1980 1078 student,
2022 1043 2119 1085 quod

1129 1087 1247 1115 tamen
1265 1089 1403 1116 tantum
1421 1089 1508 1116 esset
1524 1083 1662 1117 inutilis
1683 1087 1855 1129 quaedam
1875 1091 2007 1123 mortui
2025 1092 2120 1135 riga-

1130 1132 1193 1168 tio.
1254 1132 1353 1166 Talis
1377 1140 1428 1167 est
1450 1133 1566 1168 cultus
1591 1134 1695 1178 legis,
1730 1136 1919 1181 disciplina
1947 1142 2118 1177 mediocri

1129 1183 1311 1227 diligentia
1337 1183 1492 1224 laborat,
1519 1191 1559 1218 ut
1583 1193 1733 1228 praestet
1757 1188 1875 1233 aliqua
1896 1191 2029 1233 officia,
2056 1195 2116 1227 sed

1129 1231 1212 1267 haec
1229 1242 1409 1279 utcunque
1427 1234 1584 1269 serviunt
1602 1233 1684 1270 huic
1702 1240 1842 1272 mortali
1860 1241 1970 1283 vitae,
1996 1251 2027 1277 et
2045 1256 2117 1278 non

1129 1285 1257 1319 tollunt
1284 1292 1453 1326 mortem,
1497 1293 1617 1331 estque
1641 1288 1756 1331 imago
1780 1290 1954 1325 illustrior
1977 1306 2116 1328 accom-

1127 1337 1267 1368 modata
1290 1336 1334 1368 ad
1364 1336 1572 1370 doctrinam.
1634 1337 1705 1371 Lex
1729 1340 1805 1373 sine
1820 1340 2012 1386 Evangelio
2038 1352 2117 1379 tan-

1127 1391 1200 1419 tum
1229 1384 1312 1419 huic
1334 1387 1481 1420 miserae
1506 1394 1539 1420 et
1556 1395 1714 1422 mortuae
1732 1392 1983 1438 concionatur,
2010 1402 2043 1429 et
2059 1404 2117 1431 ut-

1127 1449 1266 1483 cunque
1281 1437 1467 1481 disciplina
1485 1441 1619 1472 coercet
1638 1437 1722 1474 haec
1740 1450 1876 1476 mortua
1896 1447 2065 1483 membra.

1231 1487 1333 1521 Hanc
1351 1495 1484 1531 partem
1502 1487 1687 1523 antithesis
1710 1494 1830 1527 confer
1847 1494 1915 1528 iam
1933 1498 1975 1529 ad
2000 1498 2114 1533 effica-

1126 1539 1214 1572 ciam
1233 1539 1427 1572 resuscitati
1447 1539 1509 1572 filii
1527 1538 1605 1574 Dei.
1658 1540 1726 1575 Ilic
1746 1544 1814 1576 iam
1835 1558 1906 1579 non
1924 1551 2110 1591 ungendus

1125 1596 1187 1630 est,
1210 1590 1269 1623 sed
1287 1590 1356 1622 alio
1376 1591 1480 1623 modo
1497 1591 1679 1632 colendus,
1697 1594 1822 1628 revixit
1839 1604 1876 1630 ut
1893 1598 2007 1631 deleto
2029 1612 2110 1644 pec-

1125 1647 1228 1679 cato,
1272 1640 1389 1674 deleta
1424 1647 1535 1674 morte
1570 1642 1674 1675 nohis
1709 1646 1833 1680 reddat
1867 1647 2042 1683 iusticiam
2079 1659 2112 1687 et

1124 1690 1232 1724 vitam
1246 1717 1255 1732 ,
1283 1697 1315 1724 et
1332 1691 1409 1725 vult
1425 1692 1564 1734 agnosci
1582 1693 1683 1727 dator
1700 1694 1858 1730 iusticiae
1883 1709 1914 1732 et
1940 1700 2049 1742 vitae,
2077 1709 2111 1737 et

1124 1748 1272 1775 testatur
1304 1749 1487 1775 aeternum
1512 1749 1645 1786 patrem
1678 1747 1923 1791 constituisse,
1962 1758 2002 1785 ut
2026 1750 2112 1788 haec

1123 1792 1216 1825 bona
1237 1799 1382 1838 propter
1397 1790 1492 1826 hunc
1508 1794 1757 1837 mediatorem,
1790 1805 1822 1832 et
1846 1812 1908 1843 per
1925 1798 2021 1836 hunc
2037 1816 2110 1837 me-

1124 1843 1296 1876 diatorem
1320 1843 1388 1876 fide
1411 1844 1633 1887 accipiamus.
1693 1846 1795 1882 Hanc
1820 1851 1922 1884 fidem
1948 1854 2023 1887 vult
2045 1867 2109 1889 nos

1123 1893 1248 1927 afferre
1281 1892 1376 1927 Deus
1404 1896 1447 1927 ad
1489 1893 1584 1929 hunc
1620 1899 1863 1934 resuscitatum
1898 1901 2105 1940 Dominum.

1122 1943 1222 1978 Finis
1241 1951 1291 1978 est
1315 1945 1383 1978 iam
1409 1946 1625 1988 officiorum,
1662 1962 1751 1994 quae
1776 1960 1935 1987 mortuos
1962 1956 2106 1998 perfun-

1121 1996 1234 2036 dunt,
1275 1996 1335 2029 ille
1370 1996 1443 2040 ipse
1471 1998 1696 2033 resuscitatus
1724 2000 1889 2045 Messias,
1931 2005 2104 2040 iusticiam

1119 2047 1222 2080 nobis
1248 2047 1384 2090 reddit,
1413 2060 1485 2081 non
1512 2048 1608 2082 illam
1633 2058 1793 2086 mortuae
1815 2062 1961 2089 naturae
1986 2069 2104 2092 serva-

1118 2097 1240 2131 tricem
1261 2097 1502 2142 disciplinam,
1529 2101 1589 2133 sed
1606 2101 1711 2135 aliam
1730 2103 1921 2149 iusticiam,
1948 2120 2037 2152 quae
2054 2117 2104 2144 est

1118 2149 1178 2182 lux
1196 2155 1229 2182 et
1249 2149 1319 2183 vita
1337 2156 1489 2184 aeterna.

1218 2199 1294 2233 Hac
1320 2200 1428 2243 igitur
1450 2199 1616 2235 antithesi
1651 2205 1867 2240 considerata
1883 2234 1892 2248 ‚
1929 2208 2103 2246 discamus

1116 2262 1226 2297 quare
1245 2252 1473 2286 resurrexerit
1488 2253 1582 2286 filius
1599 2252 1682 2295 Dei,
1710 2269 1798 2301 quae
1816 2258 1860 2291 sit
1878 2259 2028 2299 efficacia
2046 2274 2102 2296 re-

1116 2302 1373 2343 surrectionis,
1414 2303 1477 2337 ubi
1508 2315 1604 2338 nunc
1638 2306 1708 2347 sit,
1749 2308 1851 2352 quale
1881 2321 2028 2354 regnum
2057 2313 2101 2348 sit

1116 2350 1222 2386 huius
1243 2353 1394 2388 viventis
1409 2353 1577 2396 Messiae‚
1604 2362 1641 2389 ut
1657 2363 1773 2391 autem
1799 2370 1899 2404 saepe
1924 2361 2029 2404 alias,
2053 2364 2100 2398 ita

1116 2411 1148 2437 et
1166 2403 1272 2438 Rom.
1289 2403 1323 2439 4.
1349 2405 1580 2439 concionatur
1596 2406 1728 2442 Paulus
1749 2411 1792 2443 de
1809 2411 1959 2446 efficacia
1982 2425 2101 2448 resur-

1115 2455 1282 2488 rectionis
1297 2482 1307 2497 ,
1346 2456 1529 2490 conferens
1551 2465 1699 2492 mortem
1731 2467 1764 2494 et
1789 2464 2099 2500 resurrectionem:

1116 2505 1285 2541 Traditus
1314 2514 1385 2548 est,
1413 2507 1547 2553 inquit,
1574 2517 1717 2553 propter
1740 2512 1865 2547 delicta
1889 2521 2029 2557 nostra,
2064 2525 2096 2552 ct

1115 2558 1340 2592 resuscitatus
1358 2564 1409 2591 est
1426 2565 1570 2602 propter
1593 2560 1766 2595 iusticiam
1784 2571 1960 2607 nostram,
1987 2567 2021 2600 id
2039 2575 2099 2610 est,

1115 2620 1210 2641 mors
1228 2615 1278 2642 est
1294 2609 1500 2642 sacrificium
1512 2636 1520 2651 ‚
1548 2623 1618 2655 quo
1637 2612 1729 2646 filius
1747 2615 1924 2649 sustinens
1947 2629 2095 2661 poenam

1113 2659 1219 2703 legis,
1244 2666 1277 2694 et
1301 2671 1337 2694 se
1362 2660 1527 2694 derivans
1552 2661 1641 2696 iram
1665 2665 1775 2708 patris
1794 2667 1960 2702 adversus
1979 2677 2098 2705 nostra

1422 2708 1511 2745 27*
