2415 2942
111 99 182 133 133

109 184 280 218 tuendum
306 189 374 223 est,
410 183 492 228 quia
518 183 715 230 superiores
741 195 814 215 non
838 191 962 217 curant
982 184 1096 216 studia

109 242 141 267 et
164 234 405 276 disciplinam,
452 245 572 266 rursus
605 241 783 266 secuturas
817 244 889 265 esse
921 234 1095 273 tenebras,

108 296 215 329 quare
234 282 297 316 hos
321 282 515 327 cophinos,
542 284 576 316 id
596 291 663 321 est,
689 284 802 316 studia
819 290 851 315 et
872 283 1093 325 disciplinam

110 346 230 369 curare
248 333 457 379 Apostolos,
482 335 518 367 id
536 340 604 374 est,
631 334 880 376 gubernatores
899 334 1094 377 oportebat.

293 416 444 452 Secessit
466 418 503 450 in
525 420 678 450 montem
700 415 774 463 ipse
795 414 910 452 solus,

212 485 360 520 Gratum
393 493 441 518 est
474 484 680 517 miraculum
711 483 955 524 multitudini,
997 484 1092 527 pasci

107 538 182 570 sine
200 549 262 569 suo
279 543 395 569 sumtu
418 535 554 579 aliquo,
582 541 614 567 et
634 532 690 567 bic
706 534 761 567 vir
779 531 931 567 11383118
947 535 1092 567 videba-

106 596 164 621 tur
181 587 347 619 maximos
365 585 534 617 exercitus
551 595 647 626 posse
667 581 873 617 contrahere
897 591 929 617 et
953 586 1090 620 ducere.

105 637 188 670 Ideo
214 637 397 679 sperabant
424 636 493 666 iam
517 635 617 668 initia
640 635 715 667 sore
741 636 815 667 eius
836 635 977 678 imperii
996 635 1090 667 Mes-

103 688 187 726 siae,
210 687 303 730 quod
321 686 560 718 somniabant:
590 686 667 717 idco
687 692 915 727 concurrunt,
943 693 975 718 et
995 683 1090 718 hunc

102 737 321 771 Nazarenum
338 747 451 778 regem
472 736 710 767 renunciaturi
735 742 839 772 sunt,
867 742 899 768 et
922 737 1088 773 coacturi,

103 795 143 821 ut
159 786 344 830 imperium
371 786 534 829 accipiat,
563 793 597 819 et
619 786 714 827 regio
733 785 875 818 nomine
899 787 1086 819 exercitum

102 839 140 871 in
159 838 320 870 Iudaeam
340 838 461 875 ducat,
488 848 550 868 nec
576 837 721 868 dubium
744 843 794 868 851
814 837 848 867 111
870 833 934 869 bac
954 837 1086 869 delibe-

100 889 256 927 ratione,
285 887 411 918 multas
429 884 683 930 Prophetarum
710 887 899 919 sententias
919 888 959 918 de
980 899 1086 930 regno

99 938 251 972 Messiae
282 937 446 980 allegatas
481 948 572 975 esse,
621 936 721 969 cuius
746 937 992 970 existimabant
1023 938 1086 970 ali-

99 989 241 1034 quando
264 988 346 1021 talia
371 987 469 1020 initia
492 987 587 1027 sore,
621 988 679 1019 sed
699 985 860 1019 Christus
878 999 1007 1020 novum
1027 1001 1087 1031 pe-

98 1039 250 1073 riculum
267 1039 355 1083 fugit
378 1050 468 1069 nova
493 1038 640 1071 ratione.
699 1038 813 1070 Antea
839 1046 1022 1072 secesserat
1047 1051 1084 1071 ex

97 1090 268 1127 urbibus,
293 1089 430 1131 fugiens
448 1087 643 1125 Herodem,
672 1100 765 1119 1111118
788 1089 875 1130 fugit
894 1101 932 1120 ex
949 1090 1084 1121 deserto

96 1141 134 1173 111
167 1140 289 1179 urbes,
330 1139 390 1171 ubi
419 1139 547 1171 sciebat
577 1138 708 1181 populo
734 1151 805 1170 11011
833 1140 977 1171 concedi
1001 1140 1085 1172 tales

98 1201 306 1229 concursus,
334 1196 393 1222 ant
411 1189 503 1221 ullos
524 1200 698 1221 sermones
716 1189 758 1221 de
777 1201 868 1221 novo
887 1202 975 1230 rege.

202 1241 275 1273 Cur
293 1246 407 1272 autem
425 1247 559 1272 recusat
580 1239 731 1280 recipere
757 1240 928 1281 regnum?
961 1240 1084 1282 Depo-

99 1298 231 1324 nantur
248 1291 327 1322 illae
350 1289 500 1321 insulsae
521 1289 765 1331 cogitationes,
794 1290 886 1333 quod
908 1290 950 1322 sit
971 1290 1082 1322 virtus

97 1343 218 1377 vivere
236 1341 271 1372 in
290 1339 450 1382 1111581115,
478 1340 596 1381 sugere
613 1351 695 1381 opes
713 1347 745 1372 et
763 1340 966 1382 potentiam,
995 1341 1082 1373 sicut

97 1388 267 1425 Monachi
293 1390 430 1431 fingunt
457 1401 536 1421 51135
560 1389 709 1422 latebras
731 1397 761 1422 et
777 1391 896 1422 sordes
917 1401 987 1423 esse
1006 1403 1080 1423 ma-

95 1453 199 1485 gnam
219 1441 403 1480 virtutem,
431 1446 462 1472 et
485 1440 618 1472 cultum
644 1439 728 1479 Dei,
755 1441 814 1472 sed
839 1442 972 1473 vocatio
1001 1452 1077 1484 spe-

95 1498 218 1527 ctetur.
279 1489 410 1523 Missus
441 1497 490 1523 est
513 1488 696 1530 Christus,
735 1497 870 1523 tantum
895 1498 934 1524 ut
960 1493 1080 1524 doceat

93 1541 348 1586 Evangelfflm,
373 1548 405 1573 et
422 1541 480 1573 fiat
505 1541 645 1574 victima
671 1553 733 1584 pro
758 1539 915 1574 humano
943 1553 1079 1584 genere,

94 1606 166 1627 non
182 1600 219 1626 ut
235 1599 379 1635 occupet
396 1592 582 1639 imperium
607 1593 840 1625 mundanum.
893 1591 984 1625 Iluic
1000 1604 1080 1625 51138

95 1643 272 1676 vocationi
289 1644 524 1684 obtemperat,
558 1650 589 1675 et
615 1649 759 1686 propter
785 1640 874 1675 hanc
901 1656 972 1675 11011
1000 1655 1077 1686 per-

95 1693 203 1726 mittit
221 1704 256 1725 se
274 1692 475 1724 renunciari
498 1703 627 1734 regern.
682 1691 826 1725 Interim
845 1694 1027 1735 profitetur
1044 1706 1079 1726 se

95 1744 207 1776 multo
232 1743 344 1774 11131115
368 1742 520 1774 officium
546 1754 680 1784 gerere,
716 1755 819 1786 quam
846 1744 997 1785 regium,
1026 1745 1076 1776 vi-

97 1794 223 1826 delicet
245 1804 280 1825 se
297 1804 368 1824 esse
391 1793 545 1824 datorem
572 1792 730 1824 iusticiae
746 1799 778 1824 et
796 1793 885 1825 vitae
908 1801 1078 1835 aeternae,

95 1851 133 1877 ut
151 1843 252 1877 toties
270 1850 349 1876 ante
365 1842 449 1876 dixi.
489 1841 584 1874 Haec
602 1849 674 1875 erat
692 1842 802 1875 multo
823 1844 933 1875 maior
949 1845 1078 1886 gloria-

94 1895 162 1934 tio,
190 1905 293 1938 quam
320 1893 349 1925 si
373 1903 486 1934 regem
513 1903 547 1925 se
571 1892 746 1936 professus
771 1901 875 1931 esset,
901 1895 1076 1927 autetiam

93 1955 240 1987 regnum
265 1943 549 1976 administrasset.
603 1942 786 1976 Discarnus
803 1943 911 1986 igitur
927 1945 1011 1988 quid
1033 1945 1077 1978 sit

93 1997 226 2034 virtus,
261 2005 348 2039 quae
372 1999 516 2026 vocatur
541 1990 741 2032 humilitas,
788 2000 819 2026 et
844 2006 964 2027 rursus
991 1996 1074 2040 quid

93 2047 138 2080 sit
159 2045 289 2088 gloria,
330 2051 364 2078 et
385 2044 563 2089 quomodo
589 2045 634 2077 sit
659 2044 845 2087 fugienda,
886 2052 945 2078 aut
971 2058 1075 2090 appe-

93 2098 210 2130 tenda.

195 2144 388 2179 Humilitas
413 2151 463 2177 est
487 2157 566 2177 vere
589 2145 711 2178 timere
732 2144 865 2186 Deum,
910 2153 943 2180 et
966 2158 1076 2190 agno—

91 2209 185 2231 scere
200 2198 378 2240 propriam
397 2195 646 2236 infirmitatem‚
670 2203 832 2230 ettamen
852 2197 888 2229 in
906 2198 972 2230 fide
991 2199 1074 2231 obe-

92 2249 168 2281 dire
186 2247 361 2281 vocationi
376 2245 460 2283 Dei,
489 2252 520 2278 et
538 2253 716 2290 expectare
733 2248 777 2280 ab
803 2248 878 2291 ipso
904 2249 1073 2282 auxilium

91 2306 124 2333 et
141 2298 431 2342 gubernationem
443 2323 451 2337 ‚
479 2308 543 2329 nec
559 2305 720 2339 appetere
738 2309 773 2330 ea
787 2324 794 2338 ,
823 2300 865 2331 ad
883 2311 970 2343 quae
980 2297 1074 2333 Deus

91 2362 165 2383 non
180 2356 298 2388 vocat,
327 2360 389 2381 nec
406 2347 478 2380 fieri
497 2347 737 2388 audaciorem,
767 2350 864 2393 quasi
884 2357 1001 2382 nostra
1019 2361 1074 2382 sa-

90 2401 241 2446 pientia,
268 2400 397 2433 nostris
421 2398 574 2439 viribus,
600 2409 653 2431 res
678 2410 819 2441 magnas
845 2407 878 2433 et
905 2401 1072 2434 salutares

90 2463 267 2496 geramus,
293 2451 352 2483 sed
371 2461 451 2483 vere
474 2455 644 2490 statuere,
671 2451 764 2495 quod
786 2449 861 2484 Deo
884 2452 1072 2485 adiuvante

90 2514 146 2536 res
171 2502 276 2536 utiles
306 2512 483 2544 geramus,
523 2511 709 2543 agnoscere
734 2507 766 2534 et
789 2502 933 2534 modum
960 2502 1072 2535 nostri

91 2553 197 2591 doni,
226 2565 289 2586 nec
307 2552 482 2596 despicere
498 2550 567 2584 alia
590 2552 766 2595 membra,
795 2563 857 2595 per
874 2564 962 2597 quae
975 2552 1072 2586 Deus

90 2611 142 2639 est
159 2604 294 2644 efficax,
319 2604 378 2637 sed
397 2602 513 2647 potius
537 2609 673 2646 petere,
709 2609 747 2635 ut
764 2601 859 2635 Deus
876 2603 978 2636 etiam
995 2616 1071 2637 cae-

90 2663 184 2691 teros
208 2655 367 2694 adiuvet,
403 2660 437 2688 et
459 2653 540 2687 illos
563 2650 699 2687 honore
721 2653 876 2696 afficere,
902 2661 1071 2701 tanquam

574 95 872 133 ENARRATtO
905 97 955 133 IN
987 97 1170 135 EVANG.
1205 97 1421 135 IOANNIS.

1488 99 1591 134 CAP.
1627 101 1688 136 VI.
2068 109 2138 143 134

1151 184 1220 217 Dei
1237 196 1365 227 organa
1380 211 1388 224 ,
1417 191 1448 218 et
1466 185 1681 227 existimare,
1709 189 1801 232 qnod
1820 187 1914 222 Deus
1936 191 2038 223 etiam
2063 194 2132 226 nti-

1150 234 1238 282 liora
1264 247 1324 277 per
1348 247 1404 267 eos
1429 247 1546 276 gerere
1573 238 1692 279 possit.
1753 238 1857 271 'l'ales
1890 249 1970 274 sunt
2002 242 2131 282 Moses,

1148 283 1282 324 David,
1311 292 1341 316 et
1359 286 1508 326 similes,
1538 287 1597 330 qui
1617 290 1849 330 agnoscebant
1867 302 1962 322 suam
1982 293 2131 327 infirmi-

1148 341 1271 373 tatem,
1321 335 1565 377 intelligebant
1594 349 1629 369 se
1665 350 1885 384 nequaquam
1917 353 2017 385 pares
2058 356 2131 379 esse

1147 384 1245 415 oneri
1264 386 1542 425 gubernationis,
1572 394 1604 419 81
1624 394 1737 421 13111811
1757 399 1896 433 propter
1913 394 2129 428 vocationem

1147 446 1217 466 non
1238 441 1398 467 recusant
1416 435 1532 467 subire
1549 443 1680 469 tantam
1706 440 1852 480 molem,
1888 450 1921 476 et
1948 440 2037 477 hanc
2063 446 2130 479 fide

1146 484 1336 523 sustinent,
1373 492 1551 527 expectant
1577 487 1744 520 auxilium
1769 502 1785 522 a
1809 489 1901 532 Deo,
1939 506 2011 527 non
2035 496 2129 528 iudi-

1145 541 1224 567 cant
1240 546 1275 567 se
1296 534 1367 566 suis
1390 535 1543 567 consiliis
1562 544 1593 569 et
1610 537 1744 570 viribus
1760 551 1812 572 res
1830 548 1898 573 tam
1916 545 2129 586 periculosas

1145 596 1262 626 regere
1279 596 1386 628 posse.
1438 585 1505 618 Sed
1524 586 1549 617 si
1569 588 1652 631 quid
1672 588 1819 622 feliciter
1844 601 1986 633 gerunt,
2012 597 2127 631 sciunt

1144 646 1178 667 se
1197 634 1263 667 Dei
1281 635 1410 667 auxilio
1433 647 1566 677 gerere,
1600 650 1663 670 nec
1689 639 1885 683 despiciunt
1905 643 1971 676 alia
1997 658 2128 689 organa

1143 684 1221 719 Dei.
1274 685 1392 718 Moses
1415 698 1486 718 11011
1503 688 1648 730 despicit
1680 687 1799 730 Iosue,
1831 691 1946 725 David
1969 707 2039 728 non
2065 698 2127 730 de-

1143 736 1243 779 spicit
1262 734 1452 774 lonatban,
1480 737 1550 769 imo
1569 747 1781 772 venerantur
1800 753 1875 780 eos,
1903 756 1990 787 quos
2007 747 2128 781 vident

1143 787 1256 819 socios
1277 798 1349 818 esse
1372 787 1460 819 tanti
1485 788 1627 823 laboris.
1688 788 1844 824 Humilis
1875 800 1924 826 est
1950 794 2126 839 1011311135,

1143 849 1215 869 non
1232 837 1362 880 appetit
1381 849 1544 879 reguum,
1573 851 1650 871 811111
1669 841 1762 874 videt
1779 853 1813 874 58
1831 855 1903 875 11011
1928 856 1998 879 esse
2022 860 2125 882 voca·-

1143 895 1216 919 tum
1229 915 1237 926 ‚
1264 888 1320 919 sed
1341 888 1447 921 servit
1465 889 1613 922 fideliter
1629 890 1665 922 111
1682 903 1742 923 sua
1759 894 1960 935 vocatione,
1986 910 2049 931 nec
2067 900 2124 932 in-

1142 938 1237 970 videt
1260 936 1410 977 Dar-idi,
1446 951 1550 982 quem
1577 940 1670 973 videt
1695 944 1917 985 antecellere,
1946 954 1977 979 et
2001 951 2041 981 ad
2069 962 2125 982 re·-

1141 1000 1247 1030 gnum
1266 996 1424 1021 vocatum
1445 1001 1536 1029 esse,
1563 1002 1598 1022 se
1623 1003 1823 1036 quanquam
1852 995 1922 1027 silio
1949 999 2037 1036 regis
2064 1012 2123 1033 ex-

1141 1039 1249 1072 cluso.
1303 1037 1396 1070 Haec
1414 1039 1479 1072 suit
1496 1051 1617 1082 magna
1636 1049 1667 1074 et
1687 1044 1856 1076 excellens
1880 1032 2044 1082 Virmstin
2062 1049 2121 1084 Io-

1142 1087 1264 1126 1131113,
1304 1089 1450 1132 obsequi
1484 1091 1657 1124 voluntati
1682 1093 1770 1131 Dei,
1808 1101 1839 1127 et
1872 1097 2045 1132 volentem
2078 1102 2122 1135 de

1141 1137 1352 1171 haereditate
1368 1139 1485 1181 regni,
1512 1152 1600 1184 quae
1625 1142 1691 1184 ipsi
1708 1144 1824 1176 debita
1843 1146 2043 1191 videbatur,
2071 1152 2122 1183 al-

1139 1190 1202 1221 teri
1236 1190 1368 1222 cedere.
1438 1188 1539 1222 Hanc
1571 1203 1687 1223 veram
1718 1190 1949 1230 humilitatem
1982 1200 2120 1242 ignorat

1140 1240 1310 1277 mundus,
1339 1251 1426 1283 quae
1452 1252 1513 1272 1188
1538 1242 1667 1284 appetit
1691 1244 1758 1276 alia
1775 1253 1867 1277 extra
1890 1252 2108 1284 vocationem

1138 1296 1168 1322 et
1199 1289 1376 1322 vocationi
1401 1291 1617 1332 obtemperat
1648 1293 1727 1327 fule.
1787 1294 1847 1328 Est
1874 1298 1979 1338 igitur
2008 1280 2121 1335 111-1115,

1137 1340 1250 1371 media
1270 1340 1362 1372 inter
1378 1337 1461 1372 baec
1486 1349 1654 1383 extrema,
1681 1344 1773 1377 inter
1791 1346 1964 1388 ignaviam
1978 1378 1987 1392 ‚
2015 1359 2047 1385 et
2063 1365 2119 1386 ar-

1137 1391 1330 1433 rogantiam
1351 1402 1408 1422 seu
1428 1392 1638 1434 supertiam,

1237 1440 1378 1482 Ignaxia
1399 1449 1448 1474 est
1461 1443 1614 1475 ‘desertio
1640 1445 1849 1487 vocationis,
1877 1457 1935 1483 aut
1955 1463 1992 1484 ex
2009 1453 2118 1487 simu-

1135 1491 1239 1523 latioe
1271 1498 1302 1524 et
1330 1493 1579 1534 superstitione
1603 1502 1764 1537 appetere
1791 1501 1927 1540 sordes,
1971 1510 2009 1535 ut
2035 1503 2118 1537 Mo-

1136 1539 1239 1574 nacbi
1257 1542 1402 1576 faciunt.
1437 1542 1587 1577 Econtra
1607 1546 1818 1588 Arrogantia
1838 1557 1887 1582 est
1906 1553 2035 1586 maiora
2056 1568 2118 1587 vo-

1135 1592 1271 1625 catione
1290 1593 1355 1625 sibi
1382 1604 1537 1634 sumere,
1566 1595 1647 1627 item
1667 1597 1841 1631 confidere
1859 1604 2008 1644 propriis
2029 1606 2117 1637 viri-

1134 1644 1216 1680 bus,
1253 1650 1285 1677 et
1309 1643 1375 1675 alia
1404 1655 1531 1685 organa
1556 1644 1620 1677 Dei
1646 1647 1837 1693 despicere,
1875 1653 1927 1683 vel
1952 1654 1998 1685 eis
2024 1655 2117 1689 invi-

1133 1694 1234 1732 dere,
1277 1701 1315 1726 ut
1350 1694 1461 1736 Cain,
1504 1694 1668 1738 Goliatli,
1709 1699 1812 1738 Saul,
1848 1699 2047 1747 Antonius,
2083 1714 2118 1741 et

1132 1744 1283 1776 maxima
1301 1756 1378 1787 pars
1397 1742 1594 1780 hominum.

1235 1793 1359 1827 Gloria
1386 1803 1435 1828 est
1458 1808 1537 1828 vera
1562 1799 1768 1840 approbatio
1791 1803 2024 1839 conscientiae
2051 1820 2116 1841 no-

1132 1851 1239 1884 strae,
1262 1853 1294 1878 et
1317 1846 1555 1878 testimonium
1584 1848 1734 1881 aliorum
1758 1859 1847 1885 recte
1871 1854 2101 1891 iudicantium

1131 1895 1174 1926 de
1192 1892 1347 1928 honestis
1365 1897 1473 1930 factis,
1512 1897 1625 1931 Multa
1645 1907 1757 1933 autem
1777 1905 2019 1947 complectitur
2033 1886 2115 1943 verai

1132 1946 1336 1988 approbatio
1354 1954 1493 1979 nostrae
1509 1949 1754 1984 conscientiae.
1796 1952 1898 1987 'l‘nnc
1915 1957 2006 1989 enim
2028 1971 2114 1992 con-

1130 1996 1274 2028 scientia
1293 2009 1372 2029 vere
1389 1997 1539 2038 iudicat,
1566 2011 1645 2032 cum
1667 2004 1821 2044 agnoscit
1842 2016 1938 2038 suam
1963 2008 2113 2043 infirmi-

1130 2052 1251 2083 tatem,
1286 2047 1384 2080 timet
1409 2046 1542 2089 Deum,
1579 2057 1612 2083 et
1635 2057 1750 2085 tamen
1778 2057 1950 2089 vocationi
1976 2060 2112 2094 obtem-

1130 2104 1227 2140 perat
1245 2097 1330 2135 fide,
1355 2105 1387 2131 et
1404 2099 1491 2141 gerit
1509 2111 1564 2139 ea,
1592 2113 1680 2145 quae
1698 2106 1846 2146 postulat
1865 2109 2010 2149 vocatio,
2038 2123 2111 2145 non

1130 2148 1261 2191 appetit
1280 2149 1365 2188 alia,
1391 2156 1423 2181 et
1446 2152 1601 2192 agnoscit
1623 2164 1657 2185 se
1682 2154 1792 2187 iuvari
1816 2168 1833 2188 a
1850 2156 1946 2199 Deo,
1974 2160 2022 2194 sic
2036 2162 2111 2204 glo-

1128 2198 1266 2230 riantur
1297 2198 1461 2240 Samue'l,
1500 2200 1633 2240 David,
1678 2203 1826 2245 Paulus,
1865 2208 1900 2240 id
1925 2217 1992 2248 est,
2028 2224 2109 2247 vera

1127 2249 1326 2282 testimonia
1345 2247 1473 2283 habent
1492 2253 1744 2295 conscientiae,
1771 2257 1887 2292 sciunt
1910 2271 1946 2292 se
1964 2273 2035 2294 non
2051 2275 2108 2296 ra·

1127 2299 1243 2341 puisse
1261 2301 1539 2342 dominationes,
1568 2305 1624 2335 sed
1642 2306 1814 2339 vocationi
1831 2309 2045 2350 obedivisse,
2074 2322 2107 2348 et

1127 2362 1199 2383 non
1216 2351 1394 2384 miscuisse
1413 2353 1562 2395 privatas
1586 2355 1809 2396 cupiditates,
1836 2366 1867 2392 et
1891 2373 1979 2405 quae
1995 2364 2107 2397 felici-

1126 2407 1180 2433 ter
1203 2409 1400 2443 gesserunt,
1427 2415 1444 2435 a
1462 2401 1536 2435 Deo
1556 2404 1747 2445 gubernata
1771 2420 1852 2442 esse.
1912 2410 2007 2446 Haec
2029 2415 2105 2457 glo-

1126 2452 1198 2491 ria,
1225 2452 1262 2484 id
1280 2459 1348 2493 est,
1376 2450 1440 2485 hoc
1464 2454 1705 2488 testimonium
1727 2460 1960 2495 conscientiae
1978 2473 2027 2499 est
2043 2477 2105 2509 ap-

1125 2504 1325 2546 petendum.
1380 2503 1471 2545 Quia
1490 2504 1582 2538 Deus
1598 2506 1673 2540 vult
1696 2519 1760 2541 nos
1775 2511 1893 2544 vivere
1909 2513 2002 2547 bona
2021 2528 2107 2549 con-

1125 2553 1280 2587 scientia.
1333 2552 1409 2586 Imo
1426 2555 1560 2597 polluta
1579 2557 1787 2592 conscientia
1806 2574 1878 2595 non
1897 2571 2008 2607 potest
2024 2578 2104 2600 eum

1124 2604 1298 2636 invocare.
1350 2603 1419 2637 Sed
1437 2611 1553 2638 tamen
1573 2618 1644 2640 non
1663 2611 1878 2646 confidamus
1895 2626 1958 2647 nos
1977 2614 2105 2650 habere

1123 2655 1447 2689 reconciliationem
1474 2658 1568 2700 apud
1583 2656 1717 2702 Deum,
1750 2671 1895 2708 propter
1919 2662 1985 2700 hoc
2007 2668 2104 2702 testi„

1443 2704 1499 2740 9*
