2415 2942
109 102 206 140 1185

109 186 199 225 Τότε
225 185 417 238 γενήσεται
442 188 461 226 ὃ
487 189 595 240 λόγος
619 189 638 226 ὃ
665 189 923 240 γεγραλιιλιιένος
938 219 946 234 ,
987 203 1092 226 κατε-

103 239 206 286 πόθη
234 238 253 275 ὃ
279 238 448 281 θάνατος
470 242 520 281 εἷς
541 241 653 281 vinos.
719 240 825 275 Tunc
847 240 914 287 fiet
949 241 1092 275 verbum

152 289 305 325 dictum:
340 291 530 340 Absor-pta
551 297 602 326 est
620 304 717 326 mors
735 291 773 325 in
792 292 956 334 victoria,
973 297 1040 328 etc.

201 367 316 401 Valde
341 370 483 412 prodest
508 367 567 402 hic
599 381 744 403 monere
767 370 950 408 lectorem,
997 371 1092 402 unde

102 416 189 452 haec
207 419 298 452 dicta
316 426 429 452 sumta
447 420 536 458 sint,
564 426 596 453 et
613 421 698 465 quId
718 421 852 462 legatur
867 422 903 454 in
923 421 1091 461 fontibus,

103 476 136 503 et
157 481 246 514 quae
264 469 309 502 sit
332 469 662 514 interpretationum
689 471 848 504 varietas.
899 472 1088 505 Sciendum

104 526 154 552 est
179 520 305 563 igitur,
334 517 417 553 haec
443 521 535 554 dicta
555 533 594 553 ex
616 522 755 554 duobus
780 519 964 564 Prophetis
986 522 1088 555 citata

104 581 188 604 esse.
257 569 417 603 Priorem
449 572 657 605 sententiam
682 584 722 604 ex
746 573 856 616 capite
879 573 940 608 25.
967 572 1088 605 Esaiae

101 627 252 654 sumtam
271 633 344 654 esse
362 622 594 655 certissimum
618 629 686 660 est,
715 623 775 655 ubi
796 624 897 666 longa
915 624 1037 656 concio
1056 630 1088 656 et

100 671 325 716 perspicuum
349 673 589 706 testimonium
607 679 714 714 extat,
743 675 837 718 qnod
855 681 993 717 oportet
1011 686 1086 706 om-
1111 679 1115 685 ’

101 722 209 755 nibus
235 734 307 755 esse
332 723 577 763 notissimum,
618 725 661 756 de
687 725 859 757 abolenda
892 732 1020 764 morte,
1055 731 1087 757 et

102 773 318 806 restituenda
360 780 499 806 aeterna
537 774 618 809 vita.
684 773 723 806 ln
758 775 908 807 lectione
950 774 1086 808 Ehraea

102 830 185 857 sunt
218 821 300 856 haec
332 825 454 856 verba:
498 818 598 869 53-,33'7
637 831 742 870 ΓῑηγέΠ-
767 818 843 873 §¹232
873 838 962 869 quae
993 826 1087 859 iuxta

104 873 380 907 Grammaticam
407 865 738 918 simplicissime'sic
766 880 977 909 redduntur:
1016 875 1087 909 De·—

102 929 203 956 vorat
228 930 376 957 mortem
395 926 436 957 ad
461 926 664 965 victoriam,
693 939 753 960 seu
771 927 807 959 in
824 927 1087 970 sempiternum.

101 971 282 1014 Devorat,
333 975 496 1009 videlicet
525 975 723 1017 Dominus,
771 990 874 1022 quem
908 985 1008 1010 antea
1050 978 1087 1009 in

101 1025 222 1057 eadem
239 1025 407 1058 concione
426 1027 597 1061 nominat.
642 1027 882 1073 Hieronymus
900 1029 1014 1061 reddit
1035 1026 1087 1060 his

99 1075 234 1107 verbis:
277 1075 527 1120 Praecipitabit
562 1085 709 1111 mortem
747 1079 782 1111 in
819 1080 1085 1122 sempiternum.

100 1123 196 1157 Haec
214 1126 457 1168 interpretatio
483 1140 520 1161 re
544 1128 617 1172 ipsa
637 1141 709 1162 non
729 1130 889 1163 dissentit
906 1131 949 1161 ab
968 1130 1086 1164 altera.

101 1174 235 1209 Graeca
253 1177 356 1209 lectio
382 1178 418 1210 in
440 1179 541 1211 libris
567 1180 703 1213 usitatis
721 1183 811 1223 apud
833 1178 972 1213 Esaiam
1000 1192 1085 1212 con-

99 1226 189 1260 tinet
213 1225 297 1259 haec
324 1229 447 1262 verba:
482 1228 651 1264 κατέπιεν
679 1228 697 1264 ὁ
723 1227 890 1269 θάνατος
915 1229 1083 1274 ἰσχύσας,

99 1277 200 1321 quasi
233 1277 346 1319 dicat,
387 1286 489 1312 antea
523 1282 777 1314 devoraverant
803 1279 965 1313 homines
991 1293 1084 1313 mors

99 1328 305 1371 praevalens
331 1340 390 1362 seu
421 1331 564 1369 victrix,
604 1333 661 1364 sed
691 1333 820 1364 deinde
845 1332 988 1364 abstulit
1012 1330 1083 1363 Do-

99 1378 217 1411 minus
245 1380 425 1412 lacrimam
451 1382 495 1413 ab
521 1382 619 1414 omni
648 1382 747 1417 facie.
799 1381 838 1415 Si
869 1380 953 1414 haec
984 1382 1085 1414 lectio

98 1436 256 1473 tempore
278 1428 380 1463 Pauli
405 1432 561 1472 extabat,
597 1433 698 1465 valde
717 1433 885 1465 credibile
904 1440 972 1473 est,
1000 1444 1084 1465 con-

98 1479 191 1513 sulto
219 1492 299 1513 eum
325 1481 427 1515 aliter
450 1483 645 1516 reddidisse
670 1481 761 1516 hanc
786 1483 1012 1523 sententiam,
1046 1490 1087 1516 ut
1110 1516 1113 1517 ⁷

99 1530 252 1573 priorem
286 1531 613 1575 interpretationem
646 1535 861 1568 emendaret.
919 1533 965 1567 Et
1004 1534 1085 1577 quia

100 1581 234 1623 passiva
258 1589 342 1615 sunt
366 1583 543 1626 pleniora,
587 1585 734 1618 verbum
760 1584 916 1618 reddidit
940 1584 1086 1628 passive,

100 1631 262 1675 absorpta
297 1639 356 1665 est.

199 1699 336 1732 Deinde
371 1698 508 1744 phrasis
548 1701 774 1736 usitatissima
811 1709 861 1736 est
897 1697 1000 1751 ,73:3¹2
1040 1703 1083 1735 ad

97 1749 203 1783 finem
219 1750 273 1782 vel
291 1751 332 1783 ad
352 1752 553 1793 victoriam,
579 1760 611 1786 et
627 1753 712 1785 alias
730 1760 885 1796 tempus,
908 1748 992 1786 alias
1008 1766 1083 1786 mo-

98 1800 182 1834 dum
210 1800 398 1843 significat,
442 1803 477 1835 id
507 1811 574 1842 est,
608 1804 663 1836 vel
692 1804 728 1836 in
755 1805 1006 1847 sempiternum
1031 1805 1085 1836 vel

98 1851 264 1894 omnino,
316 1853 415 1896 quasi
441 1854 555 1892 dicas,
599 1866 636 1887 re
661 1855 800 1898 penitus
823 1863 1005 1898 superata,
1047 1862 1085 1888 ut

97 1902 172 1935 eius
200 1903 279 1934 finis
305 1903 359 1938 sit.
414 1903 542 1937 Paulus
569 1905 701 1949 inquit:
737 1905 771 1943 ἐς
796 1903 916 1947 νῖκος,
952 1906 988 1938 id
1015 1912 1083 1944 est,

96 1953 141 1986 ad
161 1953 343 1987 victoriam
356 1978 364 1992 ,
384 1961 423 1987 ut
441 1956 485 1988 sit
501 1956 688 1989 sententia:
717 1956 893 1999 Absorpta
913 1964 961 1989 est
980 1968 1086 1996 mors,

97 2004 151 2036 vel
169 2002 346 2037 Dominus
368 2006 546 2039 devoravit
572 2014 720 2039 mortem
744 2008 787 2039 ad
813 2008 1016 2047 victoriam,
1048 2008 1083 2039 id

97 2060 166 2095 est,
200 2055 366 2096 omnino,
407 2056 454 2089 ita
485 2063 524 2090 ut
550 2057 594 2090 sit
621 2058 759 2101 penitus
784 2058 893 2097 victa,
934 2058 988 2090 vel
1023 2059 1085 2090 ab-

97 2112 213 2148 sorpta
240 2112 290 2139 est
316 2106 352 2138 in
381 2108 646 2151 sempiternum.
700 2107 837 2140 Psalmo
856 2109 906 2143 9.:
944 2107 1084 2141 Inimici

97 2156 300 2190 defecerunt
324 2157 476 2190 frameae
500 2158 535 2190 in
553 2157 660 2191 finem
684 2153 806 2203 ‘'Tg-2¹7,
834 2159 869 2191 id
888 2167 953 2199 est,
982 2172 1085 2202 pror-

100 2217 175 2248 sus,
202 2215 235 2241 et
256 2219 355 2251 saepe
374 2208 470 2243 alias.
523 2207 599 2242 IIae
624 2200 932 2254 interpretationes
950 2223 1084 2255 nequa—

99 2269 204 2302 quam
230 2258 453 2292 dissentiunt.

200 2316 349 2360 Cognita
378 2324 492 2351 autem
521 2317 780 2360 Grammatica,
806 2318 899 2353 hanc
924 2320 1086 2353 dulcissi-

100 2379 192 2400 mam
224 2369 430 2401 concionem
461 2370 713 2403 transferamus
739 2371 780 2402 ad
807 2383 908 2404 usum
936 2372 972 2403 in
1004 2372 1086 2403 seris

100 2419 304 2459 doloribus,
335 2427 366 2453 et
394 2426 463 2453 tam
493 2420 625 2453 illustri
650 2421 852 2454 testimonio
880 2423 1001 2460 erecti,
1028 2423 1086 2454 fir·
1110 2447 1112 2457 .

100 2470 191 2502 mins
210 2477 422 2509 statuamus,
459 2477 641 2514 peccatum
660 2477 692 2504 et
711 2479 857 2504 mortem
878 2485 956 2505 vere
979 2475 1086 2504 dem-
1110 2479 1112 2520 3¹

102 2527 174 2553 rata
199 2528 231 2554 et
258 2521 370 2553 deleta
397 2533 468 2553 esse
493 2534 555 2565 per
581 2522 690 2554 filium
720 2521 786 2554 Dei
808 2523 994 2563 victorem,
1025 2536 1087 2555 nec
1110 2525 1112 2538 ²

103 2582 247 2604 ruamus
272 2571 307 2603 in
334 2572 478 2605 exitium
514 2578 704 2616 conspectu
740 2573 867 2615 peccati
895 2580 927 2606 et
952 2574 1085 2606 mortis.

106 2619 277 2654 Fortassis
302 2623 403 2654 lectio
422 2621 554 2655 Graeca
573 2621 695 2655 Esaiae
711 2624 795 2655 olim
823 2623 889 2655 alia
912 2624 996 2663 fuit,
1023 2636 1088 2658 κα-

104 2669 225 2706 τέπιεν
253 2669 425 2707 θάνατον
458 2671 476 2707 ὁ
508 2670 680 2717 ἰσχύσας,
723 2674 905 2707 devoravit
939 2683 1088 2708 mortem

158 2722 342 2755 Metam-11.
373 2726 474 2756 Oren.
502 2726 582 2756 Vot.
614 2726 691 2756 XV.

281 104 381 141 XIII.
411 71 446 140 4.
480 101 818 141 COMMENTAR.
845 104 896 140 IN
922 103 1077 141 EPIST.
1106 101 1251 140 PAULI
1278 101 1345 138 AD
1371 101 1690 140 CORINTHIOS.
1740 102 1843 143 CAP.
1870 106 1949 142 XV.

2036 109 2131 146 1186

1144 190 1254 224 victor
1278 189 1464 226 Dominus.
1515 190 1724 224 Ambrosius
1745 192 1847 232 legit:
1876 192 2051 238 Absorpta
2076 205 2126 233 est

1144 253 1236 274 mors
1262 243 1305 274 ad
1336 242 1614 282 contentionem,
1656 245 1713 274 scd
1739 246 1883 285 erravit,
1922 247 2125 282 existimans

1143 293 1310 336 scriptum
1327 304 1397 324 esse
1415 293 1532 330 νεῖκος
1546 305 1622 325 cum
1640 291 1861 337 diphthongo
1873 323 1881 336 ‚
1901 298 1994 341 quod
2011 297 2122 341 signi-

1142 343 1220 375 ficat
1256 343 1531 376 contentionem.
1605 342 1713 376 Aliud
1749 352 1863 378 autem
1900 360 2028 381 nomen
2071 357 2123 384 est

1141 391 1259 431 νῖκος,
1297 395 1390 437 quod
1427 394 1597 435 significat
1633 395 1826 431 victoriam,
1883 397 1921 430 In
1955 410 1992 431 ea
2026 399 2122 432 enim

1141 444 1393 486 significatione
1412 443 1541 476 Paulus
1564 452 1596 477 et
1620 452 1736 487 postea
1764 447 1876 480 utitur
1903 460 1984 481 voce
2005 447 2121 489 m'xog:

1142 494 1264 528 Gratia
1286 495 1346 538 qui
1365 495 1460 527 dedit
1478 495 1582 527 nobis
1606 496 1800 530 victoriam.
1856 497 1924 532 Ubi
1948 500 2120 533 alienissi-

1139 558 1235 578 mum
1253 552 1339 578 esset
1358 546 1488 587 legere,
1517 545 1575 589 qui
1601 547 1697 578 dedit
1725 547 2120 593 nobiscontentionem.

1138 595 1209 628 Nec
1227 596 1374 628 dubium
1394 603 1443 628 est
1461 594 1609 629 Paulum
1630 597 1781 630 voluisse
1805 600 1949 632 reddere
1974 602 2120 635 verbum

1137 644 1266 681 Nezah.

1241 696 1288 731 Ut
1312 703 1427 729 autem
1443 696 1566 729 Esaiae
1585 697 1716 729 dictum
1743 698 1915 732 illustrius
1934 707 1965 734 et
1982 702 2120 736 dulcius

1139 748 1215 787 fiat,
1243 754 1312 780 tota
1337 748 1396 779 illa
1422 748 1545 780 concio
1563 746 1687 780 Esaiae
1707 745 1767 782 25.
1795 761 1894 794 saepe
1918 752 2065 794 legenda
2089 762 2120 787 et

1140 799 1322 841 cogitanda
1349 805 1409 831 est.

1241 849 1408 893 Sequitur
1434 847 1582 880 alterum
1607 849 1739 882 dietum
1765 858 1919 885 sumtum
1945 864 1985 886 ex
2010 855 2121 898 capite

1141 899 1273 932 Hoseae
1296 900 1369 937 13.,
1397 900 1491 943 quod
1514 898 1753 944 Hieronymus
1778 903 1826 934 sic
1851 903 2119 946 interpretatur:

1142 950 1210 983 Ero
1236 963 1330 982 mors
1359 957 1415 982 tua
1435 963 1455 982 o
1477 962 1587 989 mors,
1625 963 1760 984 morsus
1787 960 1866 985 tuus
1889 966 1946 987 ero
1972 955 2121 992 inferne.

1140 1001 1210 1034 Nec
1226 1002 1373 1034 obscura
1392 1008 1440 1034 est
1459 1001 1648 1039 sententia,
1677 1004 1734 1034 sed
1761 1004 1803 1036 de
1829 1002 2066 1039 Grammatica
2088 1015 2121 1040 et

1140 1049 1295 1095 emphasi
1338 1052 1526 1084 verborum
1572 1052 1828 1095 disputationes
1870 1063 1984 1090 motae
2026 1064 2118 1092 sunt.

1138 1102 1280 1135 Certum
1309 1110 1359 1135 est
1383 1103 1474 1134 enim
1503 1099 1558 1134 hic
1584 1115 1725 1147 quoque
1748 1106 1922 1148 praedici,
1961 1107 2119 1140 futurum

1139 1165 1228 1192 esse,
1258 1160 1294 1186 ut
1324 1165 1417 1186 mors
1464 1153 1645 1186 aboleatur
1674 1166 1735 1195 per
1764 1155 1948 1196 BIessimn,
1990 1165 2022 1191 et
2049 1159 2117 1192 vita

1139 1212 1276 1236 aeterna
1314 1204 1526 1237 restituatur.
1586 1203 1778 1239 Coniunxit
1819 1207 1927 1249 igitur
1968 1209 2120 1241 duorum

1140 1252 1395 1297 Prophetarum
1415 1254 1633 1293 testimonia,
1657 1256 1739 1299 quia
1761 1269 1902 1299 prorsus
1919 1259 2009 1291 idem
2026 1260 2117 1292 affir-

1138 1312 1246 1339 mant,
1300 1303 1402 1336 Prior
1421 1305 1611 1347 disputatio
1635 1313 1682 1337 est
1711 1309 1752 1337 dt·
1771 1309 1966 1349 vocalniliS‚
2002 1309 2070 1343 Ubi
2089 1317 2122 1343 et

1138 1353 1219 1389 Ero.
1283 1353 1522 1399 Hieronymus
1548 1355 1700 1389 reddidit
1723 1363 1798 1402 &7273—
1826 1370 1902 1398 ero,
1945 1366 1977 1392 et
2005 1368 2122 1394 narrat

1138 1406 1285 1438 eandem
1310 1406 1634 1448 interpretationem
1653 1419 1723 1439 esse
1745 1402 1837 1451 apud
1858 1408 2120 1454 Symmachum.

1138 1456 1207 1490 Sed
1232 1456 1356 1489 usitate
1380 1458 1473 1499 apud
1507 1455 1685 1496 Graeco5,
1730 1467 1762 1491 et
1790 1460 1913 1503 quinta
1947 1462 2053 1495 editio
2088 1470 2121 1496 et

1139 1506 1269 1551 Aquila
1312 1506 1588 1551 interpretantur
1621 1507 1714 1541 Ubi:
1758 1521 1836 1542 cum
1871 1509 1925 1544 his
1958 1513 2119 1556 congruit

1137 1557 1285 1590 Paulina
1317 1558 1431 1590 lectio.

1240 1608 1277 1641 Si
1302 1608 1394 1650 legas
1418 1606 1507 1649 Ero,
1543 1610 1783 1654 complecteris
1803 1624 1985 1655 personam
2005 1614 2116 1649 victo-

1139 1659 1202 1693 ris:
1241 1657 1314 1702 Ego
1338 1659 1503 1700 Messias,
1538 1661 1599 1705 qui
1624 1674 1698 1693 sum
1730 1660 1876 1701 leliova,
1922 1676 1980 1696 ero
2014 1665 2119 1709 pestis

1140 1711 1277 1749 mortis,
1313 1711 1347 1742 id
1372 1718 1437 1750 est,
1479 1712 1599 1744 delens
1621 1724 1680 1745 seu
1704 1713 1847 1745 abolens
1873 1723 2018 1748 mortem
2043 1729 2117 1748 mea

1138 1761 1409 1800 resurrectione,
1435 1762 1523 1794 sicut
1542 1769 1573 1795 et
1597 1770 1695 1795 antea
1713 1764 1816 1798 dixit:
1855 1764 2009 1799 Pei-ditio
2030 1779 2068 1799 ex
2088 1774 2118 1799 te

1138 1819 1204 1852 est,
1237 1819 1270 1844 at
1296 1813 1331 1845 in
1359 1825 1415 1844 me
1440 1814 1609 1846 auxilium
1639 1821 1697 1847 est.
1755 1813 1801 1848 Ut
1835 1815 1941 1858 igitur
1972 1829 2118 1859 persona

1137 1863 1281 1896 victoris
1322 1861 1659 1907 comprehendatur,
1699 1865 1810 1910 aliqui
1852 1868 1959 1909 inagis
2001 1876 2118 1902 amant

1138 1913 1322 1947 lectionem
1345 1913 1429 1949 Ero.

1240 1965 1376 1998 Deinde
1398 1966 1605 1999 asseveratio
1639 1966 1778 2010 plenior
1803 1976 1869 2008 est,
1911 1980 1988 2001 cum
2015 1970 2115 2003 dicit:

1138 2012 1207 2048 Ero
1240 2028 1335 2048 mors
1361 2023 1418 2048 tua
1441 2029 1461 2049 o
1484 2029 1594 2055 mors,
1632 2030 1832 2062 quanquam
1860 2020 2020 2052 vocabuli
2045 2027 2119 2066 *ng

1136 2077 1218 2097 usus
1254 2075 1302 2098 est
1335 2068 1536 2107 ambiguus,
1577 2076 1694 2101 tamen
1730 2069 1959 2103 Graminatici
1987 2063 2119 2105 norunt

1138 2117 1231 2149 iuxta
1249 2117 1445 2159 analogiam
1467 2119 1574 2161 magis
1592 2131 1662 2151 esse
1681 2121 1838 2153 futurum
1857 2120 1940 2156 Ero.

1241 2168 1314 2200 Alii
1327 2169 1453 2212 quihus
1471 2171 1581 2216 placet
1598 2170 1824 2211 interrogatio
1840 2170 1917 2211 Ubi,
1934 2180 2119 2206 moventur

1139 2231 1196 2257 eo,
1225 2220 1319 2263 quod
1346 2220 1495 2253 libenter
1520 2222 1687 2254 vocabula
1707 2223 1809 2268 pestis
1835 2230 1865 2254 et
1892 2223 1958 2255 luis
1981 2236 2117 2258 accon]-

1140 2271 1285 2302 modant
1316 2272 1357 2302 ad
1392 2279 1560 2309 mortem,
1603 2279 1631 2304 et
1663 2275 1704 2304 ad
1736 2274 1924 2307 infernum.
1977 2273 2118 2307 RIalunt

1139 2320 1208 2352 dici
1241 2327 1368 2363 pestem
1402 2323 1523 2355 mortis
1549 2330 1580 2355 et
1606 2322 1696 2355 luein
1732 2324 1925 2356 inferorum
1958 2325 2118 2365 deletam,

1139 2384 1241 2415 qnam
1263 2372 1330 2403 dici
1349 2370 1526 2405 Christum
1547 2384 1617 2405 esse
1642 2381 1771 2417 pestem
1794 2375 1928 2409 mortis.
1983 2374 2119 2409 Volunt

1139 2423 1230 2453 enin:
1257 2423 1423 2455 illustrari
1449 2421 1642 2465 emphasin.
1696 2424 1795 2457 Mors
1819 2437 1890 2457 non
1917 2434 1965 2460 est
1987 2427 2117 2459 malum

1140 2473 1316 2510 naturale,
1341 2474 1426 2506 sicut
1446 2474 1650 2516 putrefactio
1671 2476 1776 2516 pomi.
1824 2475 1892 2508 Sed
1912 2489 1988 2509 cum
2007 2484 2119 2510 morte

1138 2535 1196 2555 seu
1216 2524 1357 2555 interitu
1379 2522 1530 2557 hominis
1549 2532 1598 2557 est
1617 2522 1799 2559 horrihilis
1817 2538 1938 2558 sensu-s
1959 2528 2028 2559 irae
2040 2528 2117 2561 Dei.

1142 2573 1187 2607 Ut
1204 2575 1309 2616 igitur
1328 2575 1563 2616 intelligamus
1579 2582 1757 2620 utrunque
1774 2578 1944 2610 abolitum
1970 2589 2057 2617 esse,
2086 2585 2118 2611 et

1112 2665 1114 2675 Ι
1141 2632 1288 2657 mortem
1317 2632 1349 2656 et
1376 2636 1514 2657 sensum
1539 2626 1609 2658 irae
1634 2625 1717 2666 Dei,
1753 2629 1901 2672 probant
1927 2629 2118 2671 interroga-

1142 2675 1285 2716 tionem,
1315 2688 1402 2719 quae
1418 2677 1556 2719 copulat
1575 2684 1771 2722 utrunque,
1799 2678 1842 2711 Et
1859 2679 2008 2721 gloriose
2025 2680 2121 2712 velut

1598 2726 1645 2761 75
