2415 2942
72 123 146 161 173
455 120 536 158 ΧΠ.

71 208 151 243 beri
171 219 234 253 pro
256 206 390 253 populo
405 204 491 250 Dei,
524 208 660 242 etiamsi
684 205 836 241 habeant
861 208 1003 242 titulum
1025 216 1059 242 et

71 271 221 300 nomen,
246 270 285 292 ac
301 263 390 303 'prae
408 270 442 292 se
465 260 580 294 ferant
603 259 816 302 singularem
839 258 970 299 zelum,
997 265 1057 292 aut

71 310 229 345 studium
247 309 425 349 iusticiae,
461 311 519 343 sed
545 321 617 343 esse
638 320 714 342 reos
731 316 764 343 et
779 310 962 342 damnatos
980 308 1056 352 ipsa

71 360 243 395 sententia
262 367 295 394 et
312 360 445 394 iudicio
462 360 556 404 legis.
610 359 669 394 Sic
685 371 765 402 ergo
781 357 944 392 Christus
961 359 1054 392 dicto

71 418 104 446 et
119 417 218 456 gestu
234 411 332 445 velut
356 411 607 458 interpretatur
628 410 738 453 legem
750 433 760 448 ‚
787 416 820 443 et
837 410 936 442 docet
955 410 1054 442 dam-

69 463 150 496 nari
175 473 297 496 omnes
315 460 494 502 homines,
537 460 598 505 qui
622 467 703 493 sunt
724 460 800 492 sine
825 460 1053 504 poenitentia,

69 525 135 546 nec
151 519 324 558 quaerunt
341 519 402 546 aut
424 511 600 555 accipiunt
627 510 870 544 remissionem
895 517 1054 555 peccato-

69 575 150 598 rum
167 575 186 598 a
203 561 344 598 Christo
359 561 448 603 fide,
475 568 540 598 etc.

170 629 209 664 Si
233 629 311 674 quis
339 634 501 673 quaerat,
551 639 631 661 cum
651 625 814 662 Christus
842 628 1054 672 respondeat

67 678 280 715 Pharisaeis:
308 678 380 722 Qui
396 691 436 712 ex
452 678 553 712 vobis
571 679 646 712 sine
668 685 809 723 peccato
828 685 888 720 est,
917 679 1051 723 primus

66 731 171 765 iaciat
192 730 345 775 lapidem
371 731 409 763 in
431 729 541 766 illam.
601 728 660 762 An
686 741 759 763 non
780 730 861 763 licet
885 731 1053 763 condem-

66 783 145 816 nari
162 788 221 816 aut
239 781 359 826 puniri
378 787 514 821 sontes,
541 780 611 813 nisi
635 780 679 814 ab
703 778 758 814 his
782 781 842 826 qui
865 787 947 814 sunt
970 781 1052 815 iusti

67 840 101 867 et
122 833 196 866 sine
221 831 386 876 peccato?
439 830 512 874 Qui
536 842 617 874 ergo
641 838 743 865 erunt
765 831 850 875 legis
873 831 1053 866 ministri?

67 883 224 928 Simplex
240 890 274 917 et
290 882 401 915 facilis
418 882 600 926 responsio
619 888 688 916 est:
716 881 965 926 Magistratus,
992 889 1052 916 aut

65 934 170 968 iudex
197 945 270 966 non
297 933 454 977 privato,
490 944 551 967 seu
575 944 638 966 suo
662 932 774 977 ipsius
798 933 943 966 nomine
967 934 1053 967 dicit

64 985 140 1026 ius,
175 991 236 1018 aut
266 983 398 1026 irrogat
428 995 574 1027 poenas,
616 984 673 1016 sed
700 982 766 1017 Dei
798 984 959 1017 minister
992 991 1052 1025 est,

66 1036 157 1070 sieut
179 1034 311 1069 Paulus
338 1035 472 1079 inquit,
504 1033 610 1070 Rom.
636 1034 709 1070 13.:
743 1033 822 1068 Hoc
848 1042 915 1076 est,
950 1047 1051 1067 man-

65 1087 149 1120 dato
165 1093 197 1120 et
212 1085 397 1119 autoritate
414 1085 535 1118 divina
553 1093 687 1119 exercet
711 1086 865 1118 officium
878 1112 887 1126 ,
913 1085 1001 1119 sicut
1018 1091 1051 1118 et

64 1138 100 1173 2.
118 1136 232 1172 Paral.
249 1135 305 1171 19.
323 1136 469 1169 dicitur:
497 1135 578 1169 Non
594 1133 749 1169 hominis
766 1136 935 1169 iudicium
954 1148 1051 1169 exer-

65 1189 169 1229 cetis,
195 1189 254 1221 sed
273 1185 357 1227 Dei,
383 1186 462 1219 ideo
479 1193 572 1220 recte
597 1187 679 1219 sacit
702 1187 944 1230 magistratuS,
971 1199 1050 1220 curn

64 1239 222 1281 legitimo
252 1237 384 1271 iudicio
414 1237 518 1281 punit
547 1237 743 1275 adulteros,
786 1243 846 1270 aut
873 1244 1050 1275 nocentes,

67 1289 203 1323 etiamsi
226 1288 272 1329 is,
307 1288 368 1332 qui
385 1294 437 1320 est
460 1288 496 1320 in
520 1287 655 1328 officio,
691 1299 754 1320 nec
779 1287 857 1332 pius
881 1294 950 1327 est,
987 1300 1051 1320 nec

65 1339 200 1385 alioqui
231 1345 321 1372 caret
343 1335 628 1382 reprehensione.
689 1337 785 1382 Nam·
802 1349 972 1383 personae
996 1339 1049 1371 vi-

64 1391 153 1425 tium
169 1386 261 1423 nihil
277 1390 421 1431 derogat
436 1388 645 1422 ministerio.

165 1457 285 1501 Quare
309 1457 417 1500 igitur
433 1454 595 1490 Christus
619 1456 791 1500 postulat,
818 1463 857 1490 ut
879 1457 950 1491 sint
974 1457 1048 1490 sine

64 1508 232 1556 peccato?
282 1506 511 1551 Respondeo:
537 1505 699 1541 Christus
718 1520 790 1540 non
810 1505 876 1541 hoc
891 1508 982 1551 agit,
1009 1514 1047 1541 ut

62 1558 281 1604 magistratui
314 1559 404 1601 leges
434 1558 522 1591 ferat
548 1558 590 1591 de
617 1558 738 1602 poenis
769 1559 1046 1600 malefactorum,

64 1612 124 1645 sed
141 1611 254 1645 utitur
274 1609 476 1642 ministerio‘
493 1608 668 1653 spirituali
691 1610 856 1643 adversus
880 1607 1046 1655 hypocri-

64 1668 137 1702 tas,
170 1673 209 1694 ex
234 1661 308 1703 lege
335 1659 489 1694 ostendit
512 1671 569 1693 eos
591 1671 708 1693 coram
734 1658 809 1693 Deo
833 1672 905 1692 non
930 1660 1047 1694 minus

67 1723 138 1744 esse
158 1722 235 1744 reos
256 1716 289 1742 et
310 1710 549 1750 damnandos,
591 1722 695 1754 quam
720 1708 813 1744 hanc
837 1711 1046 1752 adulteram,

65 1760 133 1796 hoc
157 1761 232 1794 vult
254 1760 334 1792 illos
359 1771 564 1802 agnoscere,
609 1772 653 1792 ne
679 1767 805 1807 putent
832 1772 904 1794 sese
936 1762 1046 1795 iustos

66 1824 157 1853 esse,
185 1817 243 1845 aut
260 1822 332 1843 non
349 1810 509 1843 damnari
524 1810 596 1853 lege
613 1808 695 1850 Dei,
723 1811 857 1843 etiamsi
875 1824 947 1844 non
964 1824 1046 1855 pos-

65 1863 136 1897 sint
150 1861 301 1895 accusari
319 1860 585 1894 manifestorum
609 1860 816 1900 criminum,
850 1863 909 1895 sed
935 1862 1045 1895 sciant

64 1926 100 1948 se
117 1919 260 1961 propter
282 1909 348 1944 hoc
366 1911 481 1954 ipsum
501 1911 632 1944 iudicio
651 1910 717 1944 Dei
744 1912 923 1953 damnari,
951 1914 1044 1957 quod

63 1965 131 1998 sibi
150 1964 315 1996 videntur
337 1961 412 1994 sine
437 1968 575 2005 peccato
599 1973 681 1997 esse.
741 1961 825 1995 Ideo
852 1961 941 1995 hanc
966 1975 1045 1996 sen-

62 2015 210 2050 tentiam
233 2013 318 2057 legis
341 2013 551 2056 pronunciat
577 2010 754 2054 Christus,
790 2026 857 2058 qua
883 2013 1044 2047 iudican-

63 2074 121 2101 tur
137 2076 277 2102 omnes,
315 2063 375 2108 qui
400 2074 471 2096 sese
489 2063 688 2097 existimant
711 2063 819 2097 iustos
841 2075 912 2097 esse
929 2065 1044 2109 quali-

63 2128 201 2161 cunque
226 2114 469 2148 observatione
503 2114 709 2158 disciplinae
740 2115 844 2157 legis,
886 2115 974 2148 sicut
998 2117 1040 2148 ad

61 2167 168 2202 Rom.
189 2167 223 2199 2.
250 2164 380 2198 Paulus
403 2165 569 2198 ostendit:
611 2177 655 2198 ne
685 2177 743 2198 eos
774 2166 938 2210 quidem,
981 2167 1042 2211 qui

60 2218 258 2263 gloriantur
273 2216 366 2258 lege,
393 2226 454 2248 seu
472 2215 675 2260 disciplina,
703 2228 840 2250 servare
856 2217 979 2260 legem.

111 2310 190 2347 Ubi
210 2314 296 2344 sunt
318 2313 545 2344 accusatores
567 2307 649 2342 lui?
682 2306 801 2343 Nemo
818 2313 850 2343 le
873 2308 1040 2344 condem-

164 2362 292 2397 navit?
317 2365 378 2397 etc,

135 2437 327 2482 Praecipue
343 2437 379 2469 in
399 2434 465 2470 hoc
488 2436 566 2470 loco
593 2436 811 2470 observanda
837 2444 886 2472 est
899 2444 1040 2471 senten-

59 2491 125 2531 tia,
160 2502 236 2523 cum
262 2487 423 2522 Christus
448 2487 495 2520 ait
519 2487 679 2522 mulieri:
714 2487 786 2520 Nec
811 2499 873 2530 ego
898 2496 929 2521 te
955 2502 1039 2522 con-

59 2544 196 2582 demno,
212 2540 400 2585 etquidem
418 2539 517 2571 addit
534 2551 652 2571 vocem
670 2539 918 2572 absolutionis:
943 2539 1038 2574 Vade

58 2595 94 2625 in
113 2604 203 2636 pace.
238 2591 325 2623 Nam
344 2588 428 2622 haec
445 2590 534 2622 dicta
552 2590 734 2633 perspicue
753 2591 877 2622 (locent
895 2591 937 2622 de
956 2603 1038 2634 pro—

57 2644 134 2688 prio
152 2642 265 2675 officio
283 2639 435 2678 Christi,
461 2647 493 2673 et
511 2640 715 2674 discernunt
734 2641 967 2674 ministerium
986 2642 1038 2675 le-

57 2695 107 2739 gis
124 2701 155 2728 et
172 2693 373 2736 Evangelii,
398 2692 489 2725 clare
506 2698 609 2735 negat
623 2689 783 2726 Christus
800 2692 974 2736 pertinere
992 2694 1036 2727 ad

592 118 892 158 ENARRATIO
918 118 969 159 IN
996 118 1179 158 EVANG.
1209 118 1422 159 IOANNIS.
1475 122 1580 160 CAP.
1609 123 1711 160 VIII.

2026 127 2098 162 174

1113 218 1215 240 suum
1231 207 1386 243 officium
1401 221 1580 252 accusare,
1607 217 1666 245 aut
1682 211 1887 255 deposcere,
1914 222 1974 245 seu
1998 211 2095 245 inssi-

1111 269 1190 300 gere
1206 271 1356 301 poenas,
1383 273 1481 294 more
1499 262 1603 305 legis,
1630 269 1687 295 aut
1708 263 1928 305 magistratus
1945 263 2095 306 politici,

1109 319 1148 340 ac
1172 320 1217 341 ne
1243 320 1300 342 eos
1326 311 1467 354 quidem
1499 313 1686 353 damnare,
1729 313 1790 359 qui
1814 314 1984 347 sententia
2008 314 2093 357 legis

1108 357 1266 393 damnati
1285 367 1377 396 sunt.
1431 361 1550 404 Quare
1575 361 1738 397 Christus
1762 376 1834 397 non
1858 371 1907 397 est
1933 364 2095 398 minister

1107 407 1211 451 legis,
1255 421 1344 454 quae
1371 413 1584 458 pronunciat
1616 415 1826 448 sententiam
1856 415 2094 448 damnationis

1107 460 1275 493 adversus
1306 472 1447 503 omnes,
1467 475 1470 478 ’
1494 464 1555 508 qui
1593 471 1797 507 peccarunt,
1837 473 1872 499 et
1901 466 2094 500 denunciat

1107 521 1237 552 poenas
1262 518 1421 545 aeternas
1449 520 1483 547 et
1511 515 1721 557 corporales.
1773 514 1819 549 Et
1843 516 1985 560 quidem
2012 528 2093 561 par-

1108 566 1177 593 tem
1205 557 1311 594 huius
1335 563 1525 597 ministerii
1547 565 1636 608 gerit
1660 564 1899 607 magistratus,
1941 567 2093 609 puniens

1107 610 1290 645 manifesta
1308 613 1433 647 delicta
1450 615 1692 658 corporalibus
1715 617 1857 659 poenis,
1892 616 1982 650 sicut
2004 618 2093 651 dici-

1107 667 1165 694 tur
1188 660 1294 698 Rom.
1320 664 1398 698 13.:
1440 663 1506 698 Dei
1531 666 1693 698 minister
1714 673 1765 700 est
1787 667 1916 700 vindex
1941 667 1978 700 in
2004 668 2093 701 iram

1107 711 1156 753 ei,
1191 713 1252 756 qui
1274 714 1365 747 male
1390 716 1470 759 agit.
1534 715 1604 749 Sed
1636 717 1821 763 proprium
1852 718 2092 753 ministerium

1106 763 1412 799 condemnationis
1437 773 1488 800 cst
1513 767 1587 811 ipsa
1607 779 1673 800 vox
1702 767 1806 810 legis,
1840 780 1919 801 cum
1943 776 2092 810 accusat,

1107 819 1141 846 et
1165 816 1404 857 perterrefacit
1429 819 1553 859 corda,
1585 819 1774 852 ostendens
1799 826 1977 852 aeternam
2002 820 2092 852 iram

1106 862 1190 902 Dei,
1218 872 1251 899 et
1274 878 1422 910 poenam
1447 869 1570 902 mortis
1593 875 1770 902 aeternae:
1807 870 1887 903 ideo
1914 876 2093 904 vocatura

1105 913 1216 948 Paulo
1234 917 1471 952 ministerium
1489 919 1621 955 mortis,

1206 964 1361 1002 Econtra
1388 967 1551 1004 Christus
1582 971 1674 1003 clare
1697 971 1927 1015 pronunciat,
1960 983 1995 1005 se
2018 984 2091 1005 non

1105 1027 1176 1049 esse
1193 1017 1396 1053 ministrum
1415 1022 1721 1055 condemnationis
1736 1023 1902 1056 adversus
1920 1019 2002 1061 hos,
2030 1023 2091 1068 qui

1104 1066 1198 1100 iuxta
1215 1068 1327 1111 legem
1348 1072 1463 1105 meriti
1480 1078 1562 1106 sunt
1589 1073 1674 1104 iram
1694 1072 1779 1114 Dei,
1806 1080 1865 1106 aut
1882 1080 2039 1106 aeternas
2057 1079 2092 1107 et

1105 1120 1302 1162 corporales
1327 1133 1470 1165 poenas.
1530 1123 1598 1155 Sed
1625 1129 1769 1163 contra,
1803 1124 1986 1157 manifesta
2005 1136 2090 1157 voce

1104 1174 1250 1203 testatur
1273 1182 1307 1203 se
1323 1172 1448 1205 afferre
1474 1174 1683 1206 sententiam
1707 1174 1995 1217 condonationis,
2030 1186 2090 1208 seu

1104 1220 1322 1254 remissionis
1358 1229 1580 1266 peccatorum
1617 1221 1688 1265 his,
1736 1224 1797 1269 qui
1828 1225 1901 1267 lege
1933 1225 2091 1259 damnati

1103 1276 1203 1310 sunt,
1238 1283 1318 1304 cum
1343 1274 1501 1306 sentiunt
1524 1280 1675 1308 terrores
1700 1274 1772 1308 irae
1799 1276 1940 1308 divinae
1957 1283 1988 1309 et
2006 1288 2090 1319 poe-

1103 1331 1240 1356 narum.
1300 1321 1517 1366 Proponitur
1545 1336 1626 1367 ergo
1649 1325 1685 1358 iu
1712 1323 1778 1358 hoc
1803 1326 1959 1370 exemplo
1984 1339 2091 1370 pecu-

1102 1370 1189 1404 liare
1206 1372 1447 1408 testimonium
1472 1375 1751 1417 misericordiae,
1779 1388 1838 1409 seu
1855 1378 2088 1410 condonatio-

1102 1422 1156 1454 nis
1174 1424 1357 1464 gratuitae.
1418 1425 1584 1459 Testatur
1606 1427 1700 1459 enim
1725 1439 1759 1460 se
1785 1428 1891 1470 gratis
1913 1428 2089 1462 remittere

1102 1480 1237 1515 peccata
1253 1475 1399 1508 miserae
1416 1477 1580 1517 mulieri,
1613 1485 1644 1511 et
1669 1478 1810 1523 quidem
1836 1479 2006 1521 significat
2029 1491 2088 1512 ex-

1101 1529 1201 1557 terno
1218 1525 1415 1559 ministerio
1434 1528 1528 1560 vocis
1544 1526 1730 1572 Evangelii
1752 1530 1827 1562 dari
1845 1530 2087 1562 remissionem

1101 1581 1342 1618 peccatorum,
1369 1584 1401 1611 et
1426 1575 1515 1611 lianc
1537 1580 1645 1622 accipi
1668 1581 1711 1612 ab
1737 1578 1808 1623 his,
1843 1581 1904 1624 qni
1929 1581 1995 1614 fide
2019 1581 2087 1614 sibi

1101 1623 1192 1658 hanc
1208 1639 1328 1659 vocem
1347 1629 1535 1671 applicant.
1589 1629 1683 1663 Haec
1700 1638 1748 1664 est
1771 1631 1972 1664 dulcissima
1999 1643 2085 1664 con-

1100 1676 1224 1710 solatio
1240 1680 1494 1721 perterrefactis
1513 1681 1754 1721 conscientiis,
1791 1694 1880 1727 quae
1905 1682 2085 1716 luctantur

1100 1739 1177 1760 cum
1196 1739 1299 1762 sensu
1319 1729 1390 1762 irae
1409 1730 1492 1770 Dei,
1520 1738 1552 1764 et
1568 1732 1690 1764 mortis
1708 1739 1879 1767 aeternae.
1936 1732 2081 1766 Interim

1099 1784 1215 1811 tamen
1233 1781 1470 1814 admonentur
1486 1779 1542 1822 hi,
1571 1783 1629 1826 qui
1652 1784 1827 1816 consecuti
1852 1790 1933 1817 sunt
1960 1784 2084 1817 remis-

1099 1828 1232 1862 sionem
1264 1838 1505 1874 peccatorum,
1554 1833 1719 1877 deinceps
1748 1835 1880 1879 requiri
1912 1835 2083 1867 obedien-

1099 1878 1203 1920 tiam,
1250 1881 1432 1923 videlicet,
1480 1890 1517 1916 ut
1548 1892 1692 1917 caveant
1727 1897 1770 1918 ne
1802 1892 1945 1929 pergant
1979 1897 2082 1919 ruere

1099 1937 1220 1964 contra
1243 1932 1459 1965 voluntatem
1479 1932 1563 1973 Dei,
1590 1935 1670 1979 quia
1698 1933 1772 1976 his,
1805 1937 1865 1981 qni
1891 1936 2083 1969 iustifican-

1098 1987 1156 2013 tur
1172 1980 1261 2024 fide,
1289 1984 1392 2016 simul
1410 1984 1514 2017 datur
1529 1984 1682 2028 Spiritus
1700 1993 1856 2027 sanctus,
1882 1987 1940 2031 qui
1965 1994 2014 2019 est
2031 1987 2081 2019 ef-

1098 2031 1181 2064 ficax
1197 2032 1234 2064 in
1249 2045 1322 2066 non
1337 2036 1636 2078 repugnantibus,
1665 2045 1697 2070 et
1716 2038 1831 2071 iucoat
1848 2050 1976 2070 novam
1995 2038 2081 2070 obe-

1097 2082 1278 2116 dientiam.
1333 2084 1450 2127 Quare
1469 2098 1607 2119 necesse
1624 2095 1691 2129 est,
1726 2100 1784 2121 eos
1807 2089 1866 2133 qui
1891 2095 1971 2122 sunt
1995 2100 2079 2121 con-

1097 2135 1208 2175 versi,
1243 2135 1390 2180 obsequi
1415 2137 1574 2180 spiritui,
1608 2145 1647 2172 ut
1667 2139 1840 2172 retineant
1862 2139 1982 2178 fidem,
2016 2151 2080 2173 nec

1095 2184 1259 2220 amittant
1287 2187 1603 2229 condonationem,
1644 2196 1678 2222 et
1705 2190 1880 2224 excutiant
1905 2190 2079 2234 Spiritum

1095 2243 1253 2270 sanctum
1266 2261 1275 2276 ‚
1303 2244 1342 2271 ut
1360 2249 1460 2282 saepe
1477 2239 1561 2272 alias
1579 2241 1719 2276 dicitur.

1362 2320 1450 2368 Ego
1471 2335 1552 2357 sum
1579 2323 1648 2358 lua:
1669 2322 1810 2361 mundi.

1194 2388 1405 2424 Brevissime
1425 2392 1588 2424 recitatur
1605 2403 1739 2425 summa
1757 2405 1868 2426 novae
1886 2394 2077 2436 concionis,

1093 2452 1181 2485 quae
1204 2438 1297 2474 haud
1324 2443 1431 2474 dubie
1455 2442 1591 2485 copiose
1615 2443 1782 2486 explicata
1811 2451 1859 2478 est
1883 2457 1901 2478 a
1925 2443 2076 2487 Christo,

1091 2499 1130 2524 ut
1159 2492 1271 2524 solent
1296 2492 1542 2535 Evangelistae
1574 2494 1725 2536 prolixas
1758 2496 1943 2529 conciones
1973 2508 2075 2539 saepe

1090 2543 1209 2585 paucis
1236 2544 1352 2576 verbis
1377 2543 1571 2587 complecti.
1632 2543 1770 2578 Rursus
1793 2553 1907 2579 autem
1931 2548 2073 2580 concio-

1090 2601 1195 2626 natur
1225 2594 1268 2626 de
1298 2606 1360 2627 suo
1385 2594 1573 2634 beneficio,
1606 2597 1760 2630 ostendit
1785 2598 1879 2642 quod
1903 2597 1946 2632 sit
1971 2609 2073 2630 suum

1089 2655 1237 2684 munus,
1265 2645 1306 2677 ad
1334 2645 1425 2689 quod
1451 2651 1593 2678 vocatus
1617 2653 1651 2679 et
1672 2647 1798 2680 missus
1823 2654 1911 2688 erat,
1938 2649 2071 2692 etquid

1089 2694 1230 2737 asserat,
1265 2702 1303 2730 ut
1334 2695 1459 2730 invitet
1485 2697 1656 2742 populum
1680 2699 1723 2732 ad
1747 2699 1984 2743 accipiendam
2007 2701 2072 2732 do-
