2415 2942
103 95 201 133 1353
305 94 405 129 Xlll.

105 179 168 217 καὶ
194 179 349 227 μεσίτην
369 178 432 216 καὶ
454 177 600 226 ἱκέτην,
628 181 785 216 mirabili
809 189 841 216 et
866 179 1098 216 inenarrabili

103 234 252 267 consilio
284 240 317 267 et
344 233 516 266 immensa
549 233 726 275 bonitate,
775 234 951 267 sanctifica
979 246 1040 267 cor
1066 238 1099 265 et

100 284 254 318 animam
281 296 393 317 meam
419 283 557 327 Spiritu
583 291 704 318 sancto
730 292 810 323 tuo,
846 296 926 328 rege
955 291 988 318 et
1013 286 1098 318 doce

100 347 175 377 me,
203 347 302 369 serva
320 333 516 369 Ecclesiam
534 341 598 370 etc.

204 386 244 420 In
265 387 325 419 tali
345 387 458 419 forma
476 385 714 420 invocationis
734 386 1029 420 commonesactio
1049 392 1098 420 est

101 439 144 471 de
170 438 245 470 veri
269 436 336 471 Dei
362 436 606 478 invocatione,
646 438 689 471 de
715 439 926 482 segreganda
955 439 1098 471 invoca-

99 489 203 523 tione
223 487 402 523 Ecclesiae
427 488 471 521 ab
495 487 650 524 ethnica.

327 577 562 625 Iusltficalus·
584 591 650 627 per
675 578 860 627 spiritum.

215 660 254 695 Id
291 666 371 700 est,
417 656 580 692 Christus
612 658 809 691 declaratus
844 660 926 692 (lato
959 657 1095 702 Spiritu

101 720 239 753 sancto,
267 718 297 745 et
317 710 416 743 factis
434 709 614 743 miraculis
640 721 701 753 per
724 708 897 752 Spiritum
922 717 1094 750 sanctum,

100 777 139 798 ac
157 764 204 797 ita
223 763 418 797 declaratus
436 767 504 801 est,
527 767 566 794 ut
583 767 717 794 constet
734 772 892 793 veracem
913 768 945 794 et
964 761 1093 794 iustum

100 827 174 849 esse
205 822 238 849 et
265 812 500 856 Evangelium
535 823 608 844 non
640 823 712 844 esse
736 812 948 845 fabulosum.
1003 811 1093 844 Nam

98 867 254 910 Spiritus
272 873 412 898 sanctus
428 870 459 896 ct
478 863 619 906 publice
645 862 886 896 testimonium
914 863 1010 896 (ledit
1034 874 1094 906 per

97 918 286 955 miracula,
324 916 414 949 sicut
440 914 558 960 inquit
575 912 752 947 Dominus
770 912 891 947 lohan.
912 914 985 947 16.:
1012 913 1093 957 Spi-

98 970 187 1002 ritus
207 981 261 1001 me
281 966 504 1011 glorificabit.
542 963 588 998 Et
608 965 772 1009 privatim
790 965 972 998 confirmat
989 966 1093 998 corda

99 1019 340 1058 credentium,
381 1030 460 1050 cum
491 1016 592 1059 erigit
616 1028 654 1049 ea
683 1016 719 1048 in
745 1016 861 1049 media
890 1024 1022 1057 morte,
1061 1023 1095 1049 et

99 1072 223 1104 liberat
248 1083 312 1103 nos
330 1083 346 1102 a
368 1076 528 1112 peccam,
562 1074 595 1100 et
622 1079 661 1100 ex
687 1068 872 1101 doloribus
896 1067 1093 1101 inferorum

99 1134 180 1155 vera
205 1120 466 1160 consolatione,
495 1131 584 1163 quae
611 1118 762 1151 sentitur
784 1119 821 1151 in
846 1119 1032 1158 cordibus,
1062 1125 1093 1151 et

97 1173 243 1207 initium
263 1179 312 1206 est
333 1173 423 1205 vitae
442 1178 621 1211 aeternae,
650 1177 687 1203 ut
713 1169 867 1205 Roman.
887 1171 921 1205 8.
948 1170 1093 1204 dicitur:

98 1224 294 1269 Accepistis
322 1223 505 1266 spiritum,
540 1234 610 1266 quo
637 1221 830 1254 clamamus
855 1222 957 1254 Abba
987 1228 1096 1265 pater,

98 1276 174 1320 ipse
191 1275 335 1320 spiritus
359 1273 600 1307 testimonium
628 1273 771 1316 praebet
797 1272 938 1317 spiritui
960 1279 1096 1312 nostro,

99 1328 194 1373 quod
220 1327 329 1359 simus
352 1325 415 1358 filii
443 1325 524 1358 Dei.

202 1376 400 1421 Diligenter
418 1383 532 1409 autem
553 1375 741 1408 observent
766 1374 922 1408 iuniores
948 1371 1094 1418 phrasin

101 1431 140 1463 in
166 1430 274 1462 verbo
305 1428 514 1462 Iustificatus
548 1432 616 1469 est,
658 1433 690 1459 et
717 1426 963 1466 considerent,
1006 1437 1093 1471 quo-

100 1481 207 1515 modo
233 1480 394 1526 quolibet
420 1479 496 1511 loco
523 1483 727 1522 usurpetur.

388 1574 611 1626 Conspectus
642 1575 808 1623 Angelis,

203 1657 377 1693 Existimo
396 1668 467 1688 rem
487 1666 648 1687 arcanam
668 1661 698 1686 et
717 1665 878 1697 magnam
896 1654 1096 1696 significari,

104 1726 182 1747 cum
216 1712 284 1750 ait,
321 1713 547 1750 conspectum
576 1716 647 1737 esse
683 1702 864 1737 Christum
892 1706 935 1738 ab
964 1707 1096 1748 angelis

102 1764 207 1799 bonis
234 1768 267 1796 et
294 1759 407 1793 malis.
460 1756 592 1788 Vident
620 1756 705 1789 boni
733 1756 846 1799 angeli
873 1768 993 1789 causas
1019 1770 1093 1790 om-

103 1817 203 1850 nium
231 1823 377 1857 operum
402 1807 486 1849 Dei,
527 1815 559 1840 et
582 1819 689 1852 quare
715 1807 762 1839 sic
789 1807 915 1839 redimi
944 1808 1095 1842 voluerit

102 1878 211 1911 genus
233 1863 448 1900 humanum,
489 1866 522 1893 et
547 1858 660 1904 qualis
683 1858 725 1890 sit
750 1858 927 1902 copulatio
954 1859 1094 1892 divinae

101 1927 133 1953 et
158 1916 335 1951 humanae
361 1920 526 1950 naturae,
570 1917 601 1942 et
630 1909 787 1942 serviunt
814 1907 895 1942 huic
921 1908 1094 1950 Domino,

100 1977 139 2005 ut
157 1967 305 2003 Gabriel
323 1971 370 1998 est
395 1963 548 1995 nuncius
572 1962 613 1994 ad
632 1960 784 1993 Marian.>
813 1959 928 1993 Lucae
955 1965 986 1996 1.
1024 1961 1090 1994 ΥΒ-

100 2022 156 2056 nit
179 2019 322 2062 angelus
347 2017 389 2048 ad
414 2013 607 2047 Dominum
637 2011 672 2044 in
701 2023 812 2054 agone
837 2013 878 2044 ad
907 2024 985 2044 eum
1009 2026 1092 2046 con-

101 2072 313 2107 firmandum
344 2067 457 2100 Lucae
480 2065 539 2099 22.
594 2062 763 2097 Serviunt
787 2063 817 2095 ei
849 2069 881 2096 et
907 2063 944 2095 in
973 2065 1090 2097 desen-

105 2125 204 2158 sione
238 2118 414 2154 Ecclesiae
454 2116 592 2149 Psalmo
620 2115 702 2154 34.,
738 2113 915 2149 E1›rae.1.
965 2113 1003 2148 ln
1038 2113 1094 2148 his

101 2177 205 2210 rebus
222 2171 389 2206 omnibus
407 2168 584 2201 laetantur
600 2165 770 2209 sapientia
790 2172 821 2199 et
841 2166 998 2199 bonitate
1017 2166 1094 2207 Dei,

101 2226 257 2261 etDeum
274 2222 363 2266 grati
381 2220 558 2253 celebrant
575 2217 708 2260 ingenti
727 2224 758 2250 et
776 2217 1005 2250 inenarrabili
1023 2218 1094 2251 lae-

100 2278 198 2317 titia,
242 2282 272 2308 et
297 2273 448 2317 gaudent
471 2282 543 2303 esse
571 2268 655 2301 socii
683 2268 869 2301 ministerii
894 2280 958 2311 pro
983 2269 1094 2301 salsive

102 2328 307 2365 hominum,
342 2323 422 2369 quia
450 2322 575 2354 volunt
598 2319 712 2353 Deum
738 2316 874 2352 honore
892 2331 909 2351 a
931 2320 1092 2363 plurimis

102 2380 211 2419 affici,
238 2386 271 2411 et
288 2388 352 2410 nos
371 2386 450 2407 vere
471 2371 641 2415 diligunt,
677 2377 709 2404 et
731 2371 853 2403 dolent
878 2371 1007 2404 inultos
1029 2370 1093 2405 bo-

103 2432 215 2465 mines
246 2429 371 2473 perire.

205 2488 257 2522 De
277 2485 342 2519 hac
367 2484 574 2527 angelorum
600 2480 768 2524 sapientia
795 2487 824 2513 et
850 2480 981 2514 laetitia
1009 2481 1092 2515 dicit

102 2542 228 2576 Petrus
256 2540 286 2572 1.
316 2536 408 2570 Petri
436 2539 486 2570 t.:
535 2533 634 2576 Quae
667 2532 781 2574 angeli
811 2531 987 2566 intuentes
1021 2533 1092 2565 lae-

103 2599 236 2628 tantur.
290 2588 419 2623 Contra
443 2598 526 2619 vero
544 2597 622 2617 curn
642 2584 743 2616 malis
762 2583 944 2627 spiritibus
967 2596 1091 2625 magna

103 2642 292 2677 certamina
315 2640 478 2677 suerunt,
515 2642 596 2669 sunt
622 2642 653 2668 et
677 2642 799 2674 erunt,
839 2632 1010 2667 Matthaei
1037 2634 1091 2669 4.:

102 2694 258 2729 Accessit
279 2693 321 2726 ad
341 2703 420 2725 euin
448 2695 610 2723 tentator.
650 2684 695 2720 Et
717 2684 887 2720 lobannis
915 2686 986 2722 14:
1022 2685 1092 2719 Ve-

460 94 495 129 7.
524 92 825 131 ENARRATIO
851 93 1005 131 EPIST.
1037 86 1244 128 PRIORIS
1270 85 1340 124 AD
1368 84 1697 124 TIMOTHEUM.
1753 86 1857 125 CAP.
1887 88 1952 126 IV.

2060 94 2155 130 1554

1153 174 1209 209 nit
1234 173 1404 220 Princeps
1431 173 1578 217 mundi,
1610 181 1645 210 et
1670 185 1745 210 non
1768 172 1875 212 habet
1901 177 1938 211 in
1964 189 2019 211 me
2046 180 2150 225 quid-

1153 238 1270 273 quam.

1254 277 1347 312 Sunt
1365 284 1396 312 et
1414 274 1499 311 haec
1523 276 1674 311 illustria
1699 279 1901 314 testimonia
1929 283 2148 324 praesentiae

1153 335 1186 363 et
1203 329 1376 362 bonitatis
1396 327 1478 370 Dei,
1498 335 1530 361 et
1547 328 1653 363 simul
1671 330 1827 373 ingentia
1847 333 2034 373 miracula,
2052 336 2147 379 quod

1153 386 1273 423 gentes
1290 382 1333 413 ad
1351 380 1551 413 societatem
1569 378 1756 425 Evangelii
1775 391 1916 418 vocatae
1931 392 2030 424 sunt,
2051 386 2146 430 quod

1152 431 1256 466 multi
1282 442 1364 464 vere
1389 430 1549 464 conversi
1574 438 1676 473 sunt,
1713 439 1746 466 et
1772 435 2029 470 confessionem
2055 437 2150 471 inter

1152 488 1266 516 tantas
1293 482 1554 526 persecutiones
1580 485 1823 518 ostenderunt.

1253 532 1410 566 Maxime
1431 545 1513 565 vero
1529 533 1666 567 illustre
1686 536 1927 569 testimonium
1954 543 2002 570 est
2027 549 2145 571 resur-

1150 584 1258 618 rectio
1283 582 1436 623 Christi,
1470 590 1502 616 et
1534 585 1690 619 ascensio
1726 586 1763 619 in
1793 587 1929 621 coelum
1960 596 2145 633 conspecta

1150 646 1297 678 magnae
1324 634 1565 668 multitudinis
1589 636 1712 671 oculis.

1253 685 1306 720 De
1325 684 1379 718 his
1400 685 1694 729 patefactionibus
1710 686 1775 720 Dei
1796 695 1828 721 et
1854 690 2065 723 testimoniis
2091 691 2147 723 in-

1150 737 1239 782 quit,
1258 738 1294 769 in
1312 736 1467 769 Ecclesia
1487 737 1669 770 veritatem
1687 750 1776 779 esse,
1807 746 1846 773 ut
1864 740 2062 774 firmissime
2078 749 2147 775 sta-

1150 796 1288 821 tuamus
1314 795 1450 821 tantum
1481 788 1517 820 in
1547 786 1612 821 hoc
1646 797 1765 829 coetu,
1808 790 1845 822 in
1874 803 1943 835 quo
1975 792 2147 825 retinetur

1148 840 1442 879 fundamentum,
1489 839 1524 871 id
1549 846 1626 880 eat,
1659 841 1800 873 articuli
1828 841 1908 874 fidei
1934 842 2146 887 incorrupti,

1149 902 1266 924 veram
1291 889 1507 934 agnitionem
1525 896 1558 924 et
1574 890 1836 925 invocationem
1852 891 1918 925 Dei
1937 905 2027 934 esse,
2056 895 2145 928 sicut

1147 953 1248 986 saepe
1266 942 1352 974 alias
1369 941 1516 975 dicitur:
1547 940 1620 984 Qui
1642 954 1713 975 non
1734 943 1847 977 credit
1864 944 1900 977 in
1921 944 2045 986 filiurn,
2070 958 2143 978 ma-

1148 1001 1206 1028 net
1235 993 1285 1026 ira
1309 992 1375 1026 Dei
1409 1004 1513 1037 super
1542 1005 1640 1034 eum,
1670 991 1746 1028 lob.
1772 995 1808 1030 5.

1435 1135 1572 1190 Caput
1609 1142 1813 1190 quartum.

1250 1236 1291 1270 In
1311 1237 1425 1281 primo
1444 1237 1556 1282 capite
1581 1238 1737 1272 breviter
1762 1251 1936 1273 summam
1962 1241 2144 1275 doctrinae

1147 1288 1413 1331 complectitur,
1456 1289 1517 1322 ubi
1541 1290 1584 1322 de
1609 1290 1812 1324 discrimine
1838 1291 1939 1335 Legis
1966 1300 1998 1326 et
2025 1291 2146 1326 Evan-

1146 1339 1227 1382 gelii
1254 1339 1350 1373 dicit.
1403 1340 1488 1373 Item
1514 1352 1594 1372 cum
1614 1341 1682 1373 ait:
1737 1341 1856 1376 Milita
1891 1344 2021 1376 bonam
2046 1344 2143 1376 mili-

1147 1390 1249 1430 tiam,
1285 1388 1418 1423 habens
1442 1391 1546 1423 fidem
1573 1398 1606 1424 et
1632 1392 1762 1424 bonam
1789 1394 2050 1429 conscientiam.
2103 1394 2146 1429 In

1147 1442 1302 1474 secundo
1322 1442 1434 1485 capite
1454 1442 1539 1475 dicit
1557 1443 1600 1475 de
1619 1443 1791 1476 exercitiis
1807 1445 1910 1488 fidei,
1938 1446 1980 1478 de
1999 1445 2144 1480 invoca-

1148 1493 1244 1525 tione
1263 1499 1296 1525 et
1315 1494 1358 1525 de
1375 1493 1453 1525 aliis
1478 1493 1581 1525 bonis
1602 1494 1779 1536 operibus.
1832 1494 1873 1528 ln
1899 1496 2003 1530 tertio
2030 1498 2144 1541 capite

1148 1544 1190 1576 de
1219 1543 1417 1576 ministerio
1448 1550 1479 1576 et
1509 1545 1551 1576 de
1576 1543 1744 1579 Ecclesia.

1250 1600 1353 1635 Nunc
1381 1602 1417 1634 in
1448 1609 1573 1647 quarto
1606 1603 1718 1646 capite
1754 1603 1851 1637 addit
1884 1605 2145 1641 admonitiones

1149 1652 1390 1695 gravissimas,
1433 1661 1469 1686 ut
1501 1660 1618 1687 caveat
1647 1652 1822 1696 Ecclesia,
1859 1668 1921 1689 nec
1947 1658 2145 1701 decipiatur

1147 1704 1241 1736 salsis
1261 1705 1500 1747 dogmatibus:
1530 1712 1568 1738 ut
1597 1705 1691 1737 enim
1719 1707 1876 1739 medicus
1901 1716 2072 1742 monstrat
2089 1721 2144 1743 sa-

1148 1755 1285 1795 lubria,
1330 1762 1362 1788 et
1389 1756 1484 1788 iubet
1513 1757 1623 1789 vitare
1649 1769 1702 1789 res
1729 1758 1908 1791 nocituras
1935 1760 2142 1805 valetudini,

1148 1806 1194 1839 ita
1214 1807 1250 1838 in
1271 1808 1430 1840 docendo
1450 1807 1523 1840 fieri
1541 1814 1721 1852 utrunque
1740 1820 1878 1842 necesse
1895 1817 1958 1845 est.
2005 1810 2141 1855 Propo-

1147 1860 1263 1890 nentla
1292 1865 1342 1891 est
1370 1871 1451 1892 vera
1476 1858 1657 1898 doctrina,
1688 1865 1719 1892 et
1749 1862 2025 1903 ostendendum,
2054 1875 2142 1908 quae

1146 1909 1251 1942 falsae
1277 1910 1464 1953 opiniones
1482 1910 1644 1943 vitandae
1669 1917 1701 1944 et
1719 1911 1960 1955 explodendae
1984 1913 2065 1947 sint.

1251 1968 1336 2002 Tria
1381 1977 1495 2003 autem
1540 1971 1728 2015 praecipue
1765 1969 1823 2005 bic
1859 1973 2141 2008 considerentur.

1147 2019 1305 2053 Primum
1343 2021 1553 2054 nominatim
1585 2021 1719 2066 inquit,
1754 2021 1946 2057 Diabolum
1982 2034 2140 2058 autorem

1147 2083 1218 2104 esse
1246 2072 1434 2115 impiarum
1460 2073 1694 2116 opinionum,
1738 2081 1770 2107 et
1794 2075 2003 2109 vitiosarum
2029 2077 2141 2110 tradi-

1146 2123 1303 2161 tionum,
1332 2124 1421 2157 sicut
1439 2125 1480 2157 de
1500 2123 1586 2157 luda
1606 2125 1737 2158 dicitur
1754 2124 1869 2159 Lucae
1883 2127 1962 2161 22:
1994 2128 2141 2161 Satanas

1146 2174 1291 2208 intravit
1308 2175 1344 2207 iu
1363 2187 1422 2208 cor
1440 2176 1524 2209 eius.
1580 2174 1664 2209 Ideo
1692 2189 1770 2209 cum
1796 2177 1944 2220 legimus
1963 2180 2016 2211 vel
2037 2180 2139 2212 audi-

1146 2237 1224 2259 nius
1250 2226 1385 2259 furores
1410 2226 1622 2265 Marcionis,
1664 2225 1958 2262 Manichaeorum
1986 2238 2016 2263 et
2041 2230 2141 2262 simi·-

1146 2277 1252 2316 lium,
1281 2284 1313 2310 et
1333 2276 1635 2321 An:il):1ptisticos‚
1664 2279 1725 2323 qui
1745 2279 1912 2313 videntur
1927 2293 2000 2313 non
2017 2283 2140 2314 cadere

1146 2328 1182 2360 in
1209 2326 1388 2367 homines,
1433 2341 1700 2373 expavescamus
1730 2337 1762 2363 et
1786 2331 1936 2364 sciamus
1960 2333 2046 2366 tales
2075 2331 2138 2365 ho-

1145 2379 1256 2411 mines
1285 2376 1483 2413 habitacula
1517 2392 1588 2412 esse
1619 2380 1864 2420 diabolorum,
1908 2388 1941 2415 et
1969 2384 2040 2426 regi
2068 2395 2138 2416 nou

1146 2437 1291 2463 naturae
1310 2431 1464 2470 viribus,
1492 2433 1550 2463 sed
1574 2432 1710 2473 impelli
1737 2444 1754 2464 a
1775 2432 1939 2467 diabolis.
1993 2434 2046 2467 Sit
2073 2435 2139 2476 igi-

1145 2489 1203 2515 tur
1244 2482 1396 2525 precatio
1439 2482 1639 2522 ardentior,
1686 2483 1773 2516 sicut
1809 2481 1986 2516 Dominus
2022 2486 2137 2529 iuquit

1144 2531 1260 2565 Lucae
1288 2533 1372 2567 22:
1423 2531 1553 2573 Orate,
1584 2545 1628 2565 ne
1660 2534 1799 2567 intretis
1823 2535 1859 2566 in
1892 2535 2138 2571 tentationem.

1145 2582 1190 2616 Et
1209 2582 1383 2626 Propheta
1410 2584 1528 2629 inquit
1553 2583 1668 2616 Psalm
1699 2585 1798 2618 118.:
1839 2584 1908 2619 Fac
1932 2597 2010 2618 cum
2037 2597 2136 2619 servo

1146 2641 1205 2666 tuo
1225 2636 1418 2667 secundum
1437 2635 1715 2669 misericordiam
1733 2642 1828 2669 tuam
1843 2663 1850 2677 ‚
1871 2642 1903 2669 et
1918 2635 2139 2670 iustificatio-

1144 2697 1206 2718 nes
1234 2692 1309 2719 tuas
1339 2687 1423 2719 doce
1454 2698 1519 2720 me.
2048 2685 2051 2687 ⁸
