2415 2942
117 78 215 115 1045
386 77 487 116 xm.

115 172 166 199 est
184 163 293 198 tribui
318 170 351 198 et
375 164 412 197 in
437 162 503 198 hac
528 165 598 199 vita
621 174 654 201 et
677 173 753 211 post
780 164 871 200 hanc
894 166 1001 199 vitam
1029 167 1107 210 piis,

117 216 177 261 qui
201 215 345 248 benefici
368 223 451 250 sunt
475 228 554 260 erga
573 218 692 251 fideles
716 219 885 250 doctores.
920 216 966 250 Et
988 229 1105 250 exem-

539 79 573 114 3.
599 77 899 117 ENARRATIO
925 78 1081 116 Eptsr.
1109 78 1256 116 PAULt
1283 79 1350 117 AD
1377 81 1636 120 ROMANOS.

1696 85 1797 121 CAP.
1828 86 1908 124 XV.
2061 91 2155 126 1046

1161 166 1293 201 Paulus
1311 169 1405 202 velut
1434 168 1631 204 navarchus
1654 178 1685 204 ct
1711 174 1918 218 praecipuus
1940 176 2153 218 gubernator

1160 219 1338 252 auditura
1357 221 1585 260 centurione,
1623 223 1795 256 militibus
1823 232 1854 258 et
1879 228 2016 267 nautis,
2055 235 2087 261 et
2114 226 2149 261 hi

116 267 172 310 pla
205 266 357 300 illustria
393 270 588 302 recitantur
620 269 657 301 in
689 267 846 301 historiis
877 266 1105 312 propheticis,
1132 294 1134 310 ,
1158 269 1329 311 singul-ui
1354 283 1433 303 enm
1463 273 1709 307 benevolentia
1739 276 2034 319 complectuntur.

1132 317 1133 328 t

112 329 176 351 nec
199 318 328 350 desunt
353 319 508 362 exempla
539 326 678 352 nostrae
706 319 822 351 aetati.

110 469 190 503 dico
216 470 334 510 vobis,
364 468 509 504 habebit
531 473 737 506 mercedem.

215 521 246 554 1.
270 519 433 555 Corinth.
459 522 508 554 9.:
545 522 602 555 Sic
628 521 806 555 ordinavit
836 519 1032 560 Dominus,
1062 528 1101 555 ut

111 567 168 609 hi,
213 572 273 616 qui
305 573 432 606 docent
462 571 713 616 Evangelium,
757 585 797 605 ex
822 571 1017 616 Evangelio
1047 573 1099 605 vi-

110 628 204 657 vant-

211 672 380 707 Proverb.
399 676 451 709 3.:
490 672 636 707 Honora
664 674 855 708 Dominum
878 675 920 707 ‹le
939 681 996 707 tna
1014 675 1099 707 sub-

109 724 256 762 stantia,
283 732 314 757 et
337 725 380 757 de
407 725 571 768 primitiis
598 726 756 758 omnium
779 726 919 767 frugum
945 732 1097 765 tuarum,

109 780 141 806 et
169 773 414 818 implebuntur
439 773 562 808 horrea
590 783 647 809 tua
675 777 878 814 saturitate,
923 784 955 810 et
983 783 1097 810 musto

110 827 338 859 exundabunt
366 826 554 859 torcularia
582 833 651 859 tua.

209 875 396 921 Syracidae
408 875 460 912 7..·
488 876 578 910 Tota
596 878 711 910 anima
731 884 789 911 tua
802 876 1096 917 reverereDeum,

109 932 142 960 et
164 922 299 959 honore
317 928 457 961 adiicito
475 930 672 962 sacerdotes
692 929 783 969 eius,
821 937 853 962 ct
870 930 930 961 des
948 929 997 961 eis
1016 941 1096 972 par—
1124 927 1126 963 ἶ

109 984 179 1017 tes,
208 990 293 1022 quas
316 979 369 1012 lex
389 980 464 1012 dari
489 980 676 1024 praecipit,
709 980 883 1023 primitias
901 987 932 1013 et
952 977 1094 1020 hostias,
1124 1016 1125 1027 ζ

1123 1062 1125 1074 ‚
1150 1032 1310 1064 sacerdos
1336 1031 1372 1064 in
1391 1033 1554 1075 coniugio
1576 1041 1666 1065 caste
1686 1034 1801 1068 vivere
1818 1037 2007 1081 maluerat,
2032 1054 2136 1086 quam

109 1035 147 1062 ut
172 1028 236 1062 tibi
262 1030 413 1062 vicissim
440 1030 536 1063 Deus
562 1031 758 1066 benedicat.

210 1077 335 1113 Esaiae
353 1081 432 1114 49.:
461 1080 573 1123 Reges
591 1089 694 1115 erunt
713 1082 904 1115 nutritores
921 1081 970 1114 tui
990 1088 1021 1114 et
1040 1093 1095 1114 re·

106 1130 208 1173 ginae
232 1132 405 1172 nutrices,
444 1132 477 1164 id
505 1140 572 1172 est,
609 1132 790 1176 Principes
807 1141 838 1166 et
857 1131 1093 1175 Respublicae

105 1189 229 1215 curent
248 1209 256 1222 ‚
285 1189 323 1216 ut
343 1183 496 1216 ministri
516 1183 697 1225 Evangelii
724 1182 878 1216 habeant
897 1184 1028 1216 victum
1056 1189 1089 1216 et

107 1233 358 1266 defensionem.

207 1284 262 1316 Ad
291 1281 374 1315 haec
402 1291 582 1328 praecepta
616 1291 648 1318 et
674 1286 716 1317 ad
746 1282 808 1317 has
841 1283 1092 1328 promissiones
1121 1312 1123 1316 ,

106 1335 263 1377 exempla
287 1335 476 1369 addantur.

206 1383 301 1417 Deus
326 1385 494 1417 benefecit
523 1382 721 1428 hospitibus
739 1382 917 1418 Abrahae.

204 1434 244 1468 ln
281 1436 440 1481 Aegypto
481 1434 574 1468 Deus
617 1437 788 1469 benefecit
825 1435 1091 1473 obstetricibus,

102 1498 190 1531 quae
210 1499 281 1519 non
301 1487 554 1519 interfecerunt
577 1487 728 1520 infantes
748 1486 997 1520 [sraelitai-um.

205 1538 433 1584 Sareptanam
467 1535 643 1581 hospitam
673 1537 771 1571 Eliae
796 1539 957 1571 mirando
983 1539 1089 1571 modo

102 1589 208 1628 aluit,
235 1596 267 1621 et
283 1590 422 1620 ornavit
439 1589 597 1621 restituto
617 1589 689 1621 filio
706 1601 745 1621 ex
761 1596 884 1623 morte.

203 1638 337 1672 Abdias
361 1640 497 1672 abdidit
522 1637 717 1684 Prophetas
742 1640 778 1672 in
801 1651 965 1684 specum,
990 1646 1020 1674 et
1041 1639 1089 1673 eis

102 1691 219 1724 cibum
247 1690 419 1733 praebuit.

202 1740 369 1774 Ieremiae
393 1740 531 1784 captivo
551 1741 743 1783 opitulatus
761 1747 809 1773 est
828 1741 941 1784 regius
962 1739 1087 1774 Eunu-

100 1792 204 1832 chus,
232 1793 287 1826 cui
312 1792 531 1836 promittitur
550 1791 773 1826 incolumitas
789 1793 824 1824 in
843 1792 976 1824 excidio
993 1793 1088 1825 lero-

100 1846 280 1890 solymae,
323 1843 368 1876 Et
401 1855 458 1876 rex
486 1844 681 1887 Aegyptius
714 1842 849 1888 Apryes
885 1843 1088 1876 interfector

101 1895 269 1930 leremiae
287 1894 524 1937 strangulatus
542 1902 592 1927 est
608 1895 651 1926 ab
675 1893 797 1927 Amasi
824 1894 1011 1936 praefecto,

202 1945 413 1979 Moveamur
439 1956 520 1987 ergo
544 1951 577 1978 et
600 1945 791 1988 praeceptis
820 1944 903 1988 Dei,
939 1952 971 1977 et
1003 1957 1086 1988 pro-

101 1997 330 2031 missionibus
355 1997 592 2039 praerniorum
611 2003 643 2029 et
669 1996 944 2040 promissionum
969 2008 1085 2028 exem-

99 2049 187 2093 plis,
224 2055 261 2081 ut
287 2048 323 2080 in
350 2045 415 2080 hoc
447 2058 572 2090 genere
604 2047 871 2081 beneficentiam
906 2046 960 2090 pie
987 2059 1084 2080 exer-

94 2111 244 2134 ceamus.

197 2149 272 2182 Etsi
296 2155 411 2182 autem
430 2148 573 2193 tyranni
597 2154 629 2181 et
647 2148 705 2181 alii
726 2146 902 2192 prophani
922 2146 1084 2182 homines

98 2201 337 2235 vociferantur
354 2227 363 2241 ,
404 2197 467 2232 has
495 2196 760 2232 adhortationes
784 2202 827 2232 de
854 2201 1083 2235 beneficentia

99 2264 178 2296 erga
212 2251 392 2284 ministros
415 2249 602 2293 Evangelii
629 2262 702 2283 esse
727 2251 876 2295 aucupia
900 2252 1083 2292 avariciae,

99 2310 132 2337 et
156 2303 287 2336 similes
311 2314 382 2335 esse
406 2299 469 2334 has
490 2301 678 2334 conciones
708 2301 873 2345 luporum
898 2304 1082 2337 concioni-

99 2355 183 2392 bus,
217 2365 302 2398 quas
330 2351 459 2386 habere
489 2352 673 2394 finguntur
703 2353 745 2385 ad
771 2365 926 2386 anseres:
965 2361 1081 2388 tamen

99 2416 165 2439 nos
190 2405 406 2438 voluntatem
431 2402 499 2436 Dei
524 2403 743 2443 iutueamur,
769 2411 801 2437 et
824 2404 975 2437 sciamus
1002 2417 1082 2438 eum

99 2455 315 2490 severissime
342 2455 543 2500 praecipere
566 2454 870 2488 conservationem
894 2455 1080 2490 ministerii

100 2506 304 2549 evangelici.
365 2505 513 2550 Semper
537 2506 641 2539 etiam
667 2504 765 2539 Deus
791 2506 991 2551 aliquorum
1017 2505 1082 2540 ho-

98 2557 237 2591 minum
256 2563 394 2601 pectora
411 2558 454 2590 ad
472 2554 563 2589 hanc
578 2556 842 2590 beneficentiam
859 2557 976 2591 flectit.
1024 2558 1083 2593 Si-

98 2614 158 2643 cut
174 2606 285 2642 Paulo
308 2608 477 2652 praebent
499 2605 694 2650 hospitium
717 2607 860 2649 Sergius
876 2607 1084 2651 Proconsul,

99 2656 367 2704 Onesiphorus,
411 2665 444 2693 et
479 2659 607 2704 passim
640 2658 710 2693 alii.
764 2658 807 2693 In
849 2660 932 2694 navi
975 2660 1079 2696 etiam

1131 377 1133 380 ’
1157 381 1222 402 I'OS.

212 366 340 402 Matth.
372 370 445 404 10.:
489 368 562 412 Qui
589 370 726 403 dederit
753 376 875 412 potum
902 380 1013 413 aquae
1039 369 1102 401 uni
1131 352 1133 419 ζ

111 431 151 451 ex
175 419 332 451 minimis
356 419 525 461 istorum,
562 427 706 465 propter
730 420 949 461 doctrinam,
986 418 1101 453 Amen
1130 450 1131 462 ἶ

1260 319 1531 354 Consideremus
1554 331 1669 356 autem
1696 331 1728 357 et
1751 323 1856 358 huius
1879 330 2048 370 temporis
2070 341 2145 362 mo-

1284 370 1374 404 Sunt
1401 372 1510 415 aliqui
1540 372 1721 417 Principes
1751 383 1782 408 et
1818 378 1945 420 privati
1982 377 2144 415 homines

1158 420 1302 453 benefici
1325 421 1360 453 in
1381 419 1446 453 hor
1472 434 1616 464 genere,
1641 426 1700 468 qui
1727 426 1935 461 docentibus
1956 437 1985 463 et
2005 431 2143 464 discen-

1156 472 1250 504 tibus
1276 484 1376 514 opem
1406 474 1534 506 serunt.
1589 476 1655 507 Sed
1682 476 1824 518 plurimi
1843 477 1975 522 Reges,
2003 480 2141 515 Princi-

1129 524 1130 528 ’
1155 534 1236 565 pes,
1270 520 1437 566 Episcopi
1465 525 1664 557 defensores
1689 527 1886 568 idolorum,
1933 529 2140 566 horribilem

1127 595 1128 604 2
1154 573 1335 605 saevitiam
1359 574 1395 605 in
1422 574 1600 607 ministros
1628 574 1809 618 Evangelii
1834 588 2005 616 exercent.

1127 624 1241 667 {mini
1271 624 1386 656 virum
1420 625 1645 657 excellentem
1679 627 1839 669 ingenio,
1875 633 2073 666 eruditione
2107 642 2141 669 et

1127 678 1128 681 ’
1154 675 1294 718 pietate,
1313 674 1505 707 Henrirum
1519 674 1837 720 Sntphaniensem,
1857 682 1914 724 qui
1936 682 1971 714 in
1988 685 2140 719 Ditmar—

1154 726 1220 765 sia,
1249 726 1329 769 quia
1347 733 1437 759 recte
1454 728 1611 767 docebat,
1640 730 1830 762 crudeliter
1848 732 2051 767 interfectus
2071 744 2136 770 est:

2061 583 2135 617 Me-

1152 789 1217 808 nec
1241 777 1307 809 alia
1333 777 1399 810 fuit
1424 778 1494 809 ulla
1515 790 1613 811 cansa
1641 780 1734 811 necis
1760 781 1844 814 eius.
1898 781 1976 817 Fuit
1998 784 2138 820 Tubin-

1151 839 1212 870 gae
1236 825 1411 860 lohannes
1429 827 1578 861 Croesus
1596 828 1812 873 Theologiae
1824 832 1964 872 Doctor,
1990 836 2043 869 vir
2060 850 2136 872 mo,

1125 875 1127 913 }
1152 879 1369 911 destissimus
1398 887 1430 913 et
1453 880 1631 912 studiosus
1655 893 1755 914 verae
1772 884 1969 926 doctrinae,
1997 888 2056 931 qui
2075 901 2136 932 po-

1152 936 1221 962 stea
1248 930 1284 962 in
1310 929 1493 972 'l‘iltingen
1529 932 1683 964 adfectus
1717 941 1764 966 est
1795 934 1921 968 ultimo
1952 940 2137 982 supplicio.

1150 979 1222 1013 Nec
1247 980 1361 1013 ullum
1391 982 1522 1014 crimen
1550 983 1578 1014 ei
1603 983 1709 1015 obiici
1738 985 1871 1027 potuit,
1916 999 2019 1031 quam
2043 993 2136 1035 quod

1150 1082 1186 1113 in
1211 1082 1385 1115 coelibatu
1414 1094 1448 1115 se
1473 1084 1567 1115 varie
1593 1084 1760 1127 polluere.
1820 1085 1865 1120 Et
1895 1101 2030 1131 possem
2058 1093 2137 1126 lon-

1149 1144 1231 1175 gum
1274 1134 1470 1175 catalogum
1506 1146 1684 1167 recensere
1719 1136 1841 1169 talium
1883 1144 2135 1182 praestantium

1122 1174 1124 1220 i
1150 1184 1329 1226 virorum,
1358 1185 1416 1228 qui
1438 1184 1642 1218 innocentes
1661 1193 1798 1220 tantum
1818 1197 1960 1233 propter
1979 1195 2134 1228 veritatis

1149 1234 1402 1266 consessionem
1429 1235 1600 1268 interfecti
1626 1244 1719 1272 sunt.
1772 1238 1843 1271 Nec
1868 1242 2033 1276 saevitiae
2056 1246 2134 1280 finis

1148 1293 1198 1318 est
1225 1285 1260 1317 in
1284 1284 1400 1322 Italia,
1431 1284 1565 1325 Gallia,
1593 1285 1799 1328 Britannia,
1826 1288 1968 1333 B.›tgic0
1988 1301 2019 1328 et
2038 1297 2134 1331 alibi.

1147 1333 1249 1368 Hanc
1273 1336 1514 1368 crudelitatem
1546 1335 1637 1369 haud
1666 1339 1773 1371 dubie
1805 1351 1996 1384 sequentur
2022 1359 2133 1383 novae

1147 1398 1281 1429 poenae
1298 1393 1330 1419 et
1351 1398 1495 1429 magnae
1514 1388 1726 1422 mutationes
1752 1389 1993 1435 imperiorum.

1248 1436 1424 1470 Paulatim
1445 1450 1527 1470 vero
1545 1446 1576 1471 et
1598 1438 1776 1483 Principes
1803 1450 1835 1474 et
1862 1444 1989 1485 privati
2016 1445 2132 1483 homi-

1147 1500 1208 1520 nes
1225 1488 1437 1531 locupletes,
1472 1489 1532 1533 qui
1552 1490 1735 1524 voluerant
1755 1493 1951 1527 doctrinam
1970 1496 2131 1542 Evange-

1145 1539 1183 1571 lii
1202 1539 1401 1571 conservari
1421 1546 1453 1572 et
1474 1541 1675 1582 propagari,
1703 1543 1940 1579 attribuerunt
1962 1549 2047 1582 olim
2064 1550 2131 1585 Ec-

1118 1614 1120 1619 .
1145 1590 1259 1622 clesiis
1278 1589 1429 1629 reditus,
1457 1590 1517 1634 qui
1537 1591 1639 1624 initio
1657 1592 1692 1624 in
1710 1601 1862 1637 quatuor
1880 1604 1992 1638 partes
2010 1601 2131 1636 distri-

1145 1640 1222 1673 buti
1240 1641 1393 1673 fnerunt.
1445 1640 1495 1673 Ex
1516 1643 1626 1684 prima
1645 1651 1742 1685 parte
1760 1645 1936 1680 dabantur
1954 1655 2130 1689 mercedes

1145 1698 1177 1724 et
1218 1691 1385 1724 alimenta
1427 1692 1598 1726 ministris
1637 1692 1848 1737 Evangelii,
1904 1698 2128 1746 pastoribus,

1143 1754 1264 1774 eorum
1286 1742 1446 1784 collegis,
1476 1744 1535 1787 qui
1561 1744 1701 1786 publice
1726 1746 1762 1777 in
1786 1748 1925 1790 templis
1946 1752 2129 1791 docebant.

1143 1792 1302 1826 Secunda
1325 1805 1403 1835 pars
1422 1801 1493 1826 erat
1511 1796 1714 1827 docentium
1735 1797 1771 1829 in
1789 1796 1928 1832 Scholis
1946 1810 1975 1834 et
1999 1817 2127 1850 paupe-

1142 1856 1219 1876 rum
1236 1841 1538 1878 scholasticorum.
1571 1845 1623 1878 Ex
1641 1847 1741 1880 tertia
1761 1856 1858 1891 parte
1878 1856 2126 1891 consulebatur

1142 1895 1282 1938 inopiae
1308 1895 1506 1936 egentium,
1541 1897 1601 1940 qui
1628 1905 1770 1940 propter
1794 1902 1937 1935 morbos
1964 1917 2034 1939 non
2063 1921 2125 1952 po-

1140 1952 1255 1979 terant
1286 1946 1469 1978 laboribus
1501 1947 1574 1980 suis
1598 1948 1729 1981 victum
1755 1963 1932 1994 quaerere.
1992 1956 2126 2000 Quarta

1141 2009 1219 2041 pars
1253 1998 1501 2030 conferebatur
1535 1998 1571 2030 in
1607 1999 1866 2035 aedificationes
1894 2012 1924 2038 et
1952 2012 2129 2044 mercedes

1141 2049 1366 2083 nunciorum.
1431 2049 1537 2082 Nunc
1569 2047 1738 2094 Episcopi
1766 2059 1798 2086 et
1820 2052 1978 2090 Abbates
2001 2060 2127 2094 srunn..

1139 2106 1196 2132 tur
1214 2099 1285 2132 illis
1303 2099 1449 2142 opibuS‚
1491 2107 1523 2133 et
1551 2101 1731 2144 negligunt
1754 2104 1988 2140 ministerium
2009 2108 2127 2146 Evan-

1138 2151 1219 2194 gelii
1254 2157 1287 2183 et
1325 2151 1438 2183 studia
1472 2151 1675 2192 doctrinae,
1718 2153 1806 2187 sient
1831 2158 2047 2198 praedictum
2072 2171 2124 2199 est

1138 2202 1173 2234 in
1199 2200 1358 2245 Epistola
1397 2200 1528 2235 Iudae:
1575 2201 1842 2239 Helluabuntur
1865 2207 1908 2240 de
1934 2208 2124 2262 eleemosy-

1137 2253 1192 2286 nis
1215 2253 1348 2288 vestris.

1239 2302 1334 2336 llaec
1357 2304 1446 2336 mala
1465 2304 1706 2348 deploremus,
1735 2312 1766 2339 et
1786 2306 1917 2342 interea
1937 2310 1972 2342 iu
1993 2315 2123 2349 nostris

1136 2354 1302 2388 Ecclesiis
1325 2352 1508 2388 hortemur
1535 2356 1610 2398 pios
1632 2357 1901 2400 gubernatores,
1929 2367 1967 2394 ut
1988 2365 2124 2400 reditus

1135 2405 1372 2439 Ecclesiarnm
1399 2406 1455 2449 pie
1480 2406 1645 2439 collocari
1671 2414 1811 2447 curent,
1850 2422 1889 2443 ac
1918 2417 2122 2455 praesertim

1135 2464 1174 2491 ut
1198 2457 1328 2490 victum
1354 2457 1542 2501 praebeant
1566 2457 1709 2490 familiis
1732 2467 1910 2501 pastorum
1942 2471 2034 2498 recte
2059 2469 2124 2501 do-

1136 2509 1314 2548 centium,
1341 2515 1373 2541 et
1391 2519 1493 2552 opem
1519 2508 1632 2542 serant
1655 2510 1869 2552 pauperibus
1893 2511 2120 2554 scholasticis.

1135 2558 1231 2593 Haec
1248 2559 1362 2592 osticia
1388 2559 1642 2601 gubernatores
1661 2560 1793 2595 debent
1810 2559 2000 2607 Ecclesiis‚
2026 2567 2122 2603 iuxta

1134 2611 1268 2643 dictum
1287 2607 1427 2643 Esaiae:
1456 2607 1571 2653 Reges
1587 2617 1690 2645 erunt
1708 2611 1901 2647 nutritores
1917 2616 1989 2657 tui,
2011 2624 2044 2652 et
2069 2630 2125 2653 re..

1132 2662 1238 2707 ginae
1271 2661 1437 2746 ησηδιὶῐεεε.
1500 2659 1542 2695 ld
1569 2660 1705 2697 dictum
1732 2674 1813 2699 cum
1841 2664 1880 2699 in
1907 2665 2126 2713 inspectione
