2415 2942
159 82 233 117 309
551 83 634 122 XII.

158 169 355 203 doctrinam
387 167 424 200 in
457 169 592 212 magnis
622 170 805 203 doloribus
829 171 1041 214 experientia
1064 173 1146 207 facit

159 220 398 254 illustriorem.

259 268 305 304 Et
324 269 450 302 clarius
470 270 718 304 describuntur
733 271 834 310 dona,
854 283 930 303 cum
949 279 1048 306 vocat
1066 285 1143 305 eum
1170 301 1172 316 z

157 321 330 365 Spiritum
349 320 524 360 veritatis,
552 321 585 353 id
605 328 674 361 est,
701 333 876 360 veracem,
905 329 937 354 et
958 334 1074 354 veram
1089 335 1142 355 sa-

155 372 342 416 pientiam,
370 383 408 403 ac
427 383 543 403 veram
564 371 753 411 iusticiam,
788 377 821 404 et
845 371 951 404 vitam
982 372 1016 404 in
1040 374 1143 406 nobis

154 423 370 455 efficientem.
424 420 512 454 Nam
530 434 607 454 cum
626 422 787 454 audimus
801 419 1052 464 Evangelium,
1071 423 1142 467 ipse

154 479 271 506 movet
296 479 447 512 mentes,
481 479 519 505 ut
545 472 795 511 assentiantur,
833 478 867 504 et
894 473 1140 515 cogitationem

155 524 259 566 regit,
288 531 319 557 et
336 523 497 561 adiuvat,
533 534 576 554 ne
592 523 749 560 aberret,
786 523 844 554 sed
864 534 979 555 veram
998 531 1139 558 senten-

154 575 236 608 tiam
263 573 448 615 Evangelii
474 572 607 610 videat,
648 579 680 605 et
711 572 747 605 in
771 573 953 606 voluntate
982 574 1140 608 flammas

152 625 314 658 omnium
335 625 502 656 virtutum
522 623 703 662 exuscitat,
733 621 795 656 bac
812 624 888 656 luce
913 631 944 657 et
969 622 1022 657 his
1039 626 1139 658 ssam-

152 677 218 708 mis
241 686 401 713 accensa,
442 674 525 705 fides
552 685 623 705 non
647 675 784 707 aberrat
809 686 826 706 a
847 673 940 714 Deo,
975 677 1035 708 sed
1060 689 1138 709 vere

151 728 309 766 invocat,
347 732 378 758 et
396 724 494 756 affert
521 723 619 756 initia
643 724 734 757 vitae
756 731 934 768 aeternae,
970 726 1057 760 sicut
1084 727 1135 759 in<

151 777 227 822 quit
242 775 419 809 Christus:
445 773 540 807 Ilaec
557 781 605 807 est
622 774 690 807 vita
708 783 846 808 aeterna
859 802 867 815 ‚
894 784 931 809 ut
949 785 1138 819 agnoscant

149 836 182 862 te
202 839 321 860 verum
333 825 459 867 Deum,
479 831 512 857 et
528 837 629 869 quem
649 826 776 859 misisti
793 838 914 859 verum
932 839 1004 860 csse
1024 827 1136 861 lesum

148 877 340 913 Christum.
370 875 513 910 Retinet
531 875 724 919 etSpiritus
743 884 880 910 sanctus
900 878 1079 911 veritatem
1099 880 1133 911 in

148 928 364 963 ministerio,
401 938 445 958 ne
473 926 609 968 penitus
632 927 793 960 doctriua
823 929 1062 971 extinguatur,
1099 937 1136 963 ut

146 981 188 1013 ad
207 976 333 1022 Ephes.
355 976 388 1011 4.
411 977 557 1009 dieitur:
583 975 628 1010 Et
645 979 801 1012 accendit
820 991 893 1010 eam
917 979 953 1011 in
978 980 1135 1022 singulo-

147 1042 224 1065 rum
251 1041 329 1061 vere
353 1028 569 1061 credentium
596 1029 772 1063 cordibus.
826 1028 902 1061 Hoc
928 1031 1134 1063 beneficium

145 1081 248 1126 quale
264 1087 295 1113 et
312 1087 482 1124 quantum
502 1079 562 1117 sit,
599 1079 717 1122 aliquo
744 1081 850 1112 modo
875 1080 1030 1114 iudicare
1056 1093 1135 1125 pos-

145 1138 227 1165 sunt
244 1131 312 1174 pii,
339 1130 396 1162 sed
415 1129 553 1162 collatio
577 1135 756 1174 utcunque
783 1131 945 1165 declarat.
1001 1131 1135 1174 Quanti

141 1183 278 1216 furores
297 1179 605 1222 suntimpiorum‚
642 1191 729 1223 quos
757 1181 920 1213 diabolus
945 1182 1069 1224 agitat,
1096 1189 1136 1215 ut

143 1240 204 1266 aut
233 1231 490 1273 amplectantur
513 1229 690 1272 epictii-eas
716 1228 969 1273 blasphemias,
1017 1239 1049 1265 et
1076 1244 1134 1276 cy-

143 1281 318 1325 clopicum
351 1284 565 1312 contemtum
589 1278 672 1320 Dei,
717 1287 777 1313 aut
802 1281 932 1323 fingant
959 1282 1025 1315 sibi
1050 1282 1135 1326 ipsis

143 1334 226 1365 deos
247 1338 280 1364 et
304 1330 398 1362 idola
426 1341 489 1361 suo
517 1330 676 1365 arbitrio,
736 1331 873 1364 Deinde
906 1333 1134 1365 modestiores

141 1378 350 1424 Philosophi
370 1381 405 1412 in
424 1380 564 1424 quantis
582 1381 735 1414 tenebris
752 1388 851 1421 sunt,
881 1383 942 1426 qui
965 1390 1133 1426 perpetuo

141 1433 322 1471 dubitant,
367 1443 411 1463 an
437 1431 481 1463 sit
508 1431 742 1473 providentia.
805 1431 926 1465 Tertio
953 1431 1131 1466 Pharisaei

141 1482 297 1528 oppressi
331 1481 415 1523 legis
448 1481 697 1524 opinionibus,
740 1489 771 1515 et
803 1484 1032 1518 concedentes
1061 1496 1132 1517 esse

142 1532 417 1580 providentiam,
451 1539 483 1565 et
503 1533 622 1575 puniri
642 1533 908 1577 delinquentes,
944 1542 1061 1567 tamen
1080 1535 1132 1567 vi-

138 1591 226 1618 vunt
244 1585 318 1617 sine
335 1581 429 1622 Deo,
455 1594 528 1614 non
547 1584 677 1617 audent
695 1584 877 1625 invocare,
912 1597 974 1618 nec
999 1593 1130 1619 norunt

140 1637 319 1680 quomodo
343 1634 578 1666 accedendum
605 1634 650 1668 sit
674 1636 717 1667 ad
741 1633 875 1675 Deum,
909 1636 967 1668 sed
992 1636 1131 1678 fugiunt

140 1685 268 1720 Deum.
322 1681 459 1716 Omnes
476 1680 515 1716 hi
537 1684 829 1723 tetraimendacia
855 1693 887 1718 et
916 1687 1132 1729 perniciosos

141 1747 276 1769 errores
311 1735 353 1766 de
377 1733 452 1766 Deo
480 1745 595 1766 secum
620 1736 891 1774 circumferunt,
928 1738 987 1769 sed
1012 1737 1130 1779 agnito

139 1785 334 1828 Evangelio
369 1785 514 1827 spiritus
553 1796 654 1818 verax
687 1787 808 1825 datur,
860 1787 1037 1828 corrigens
1072 1788 1130 1820 illa

137 1838 330 1876 mendacia,
346 1842 378 1868 et
395 1835 589 1867 accendens
607 1847 722 1868 veram
741 1836 865 1875 lucem,
881 1837 969 1870 sicut
986 1844 1018 1871 et
1028 1836 1131 1870 Ioan-

137 1900 198 1921 nes
214 1888 251 1920 in
267 1885 427 1931 Epistola
446 1885 508 1917 ait:
546 1884 673 1919 Unctio
691 1898 750 1919 vos
767 1887 867 1920 docet
889 1888 931 1920 de
954 1889 1130 1928 omnibus,

137 1946 171 1973 et
187 1950 266 1971 vera
285 1945 354 1977 est,
390 1943 423 1969 et
446 1947 519 1967 non
543 1942 592 1968 est
620 1937 861 1981 mendacium,
898 1944 930 1971 et
954 1938 1043 1972 sicut
1065 1940 1128 1972 do-

137 1989 207 2023 cuit
226 2000 304 2030 VOS,
332 1993 469 2020 manete
488 1986 524 2018 in
542 1998 590 2018 ea.

261 2070 376 2120 Quem
406 2069 565 2105 mundus
587 2084 659 2105 non
686 2077 801 2119 potest
828 2072 997 2119 accipere.

237 2140 417 2174 Mundum
435 2146 533 2172 vocat
553 2152 674 2172 omnes
699 2137 859 2173 homines
885 2153 958 2174 non
984 2147 1124 2174 renatos

134 2192 271 2237 Spiritu
296 2198 434 2231 sancto,
470 2191 528 2223 sed
555 2191 597 2222 de
620 2189 695 2223 Deo
719 2191 924 2231 sentientes,
957 2199 996 2226 ut
1019 2192 1123 2225 sentit

134 2242 217 2277 baec
236 2249 399 2286 corrupta
417 2248 560 2279 natura,
597 2247 631 2274 et
648 2241 684 2273 in
709 2241 778 2275 vita
800 2250 983 2286 sequentes
1006 2250 1121 2276 motus

134 2293 240 2328 huius
257 2301 441 2336 corruptae
461 2299 616 2326 naturae.
652 2291 768 2332 Tales,
788 2292 924 2337 inquit,
950 2306 1022 2326 non
1041 2305 1120 2336 pos-

133 2351 214 2378 sunt
230 2356 366 2378 sumere
383 2344 555 2388 Spiritum
576 2349 753 2383 sanctum,
786 2355 848 2376 nec
873 2351 1004 2378 norunt
1027 2356 1119 2383 eum,

133 2396 168 2429 id
202 2403 270 2436 est,
305 2397 417 2429 donec
450 2401 675 2438 perseverant
697 2393 734 2426 in
760 2393 989 2437 opinionibus
1014 2402 1047 2429 et
1067 2396 1119 2428 af-

132 2447 277 2480 fectibus
295 2453 479 2490 corruptae
502 2452 665 2484 naturae,
699 2456 772 2477 non
795 2445 986 2479 admittunt
1004 2445 1118 2489 Spiri-

132 2504 207 2531 tum
226 2504 395 2538 sanctum,
416 2498 473 2529 sed
494 2502 689 2540 repugnant
707 2496 748 2535 ei,
766 2502 800 2528 ut
814 2493 975 2539 Caiphas‚
995 2497 1117 2529 etiam-

131 2549 159 2581 si
178 2548 276 2581 audit
290 2546 489 2588 Christum,
512 2555 627 2580 tamen
646 2547 726 2591 quia
743 2547 871 2579 retinet
891 2558 969 2580 suas
994 2547 1117 2589 imagi-

130 2599 310 2638 nationes,
334 2598 447 2632 Deum
465 2599 618 2641 recipere
643 2596 803 2630 homines
827 2604 970 2640 propter
992 2598 1116 2642 legem,

130 2657 161 2684 et
178 2650 261 2698 quia
278 2661 380 2683 nemo
400 2650 479 2692 scit,
507 2650 649 2695 quando
669 2648 750 2682 satis
771 2649 945 2683 bonorum
970 2660 1115 2694 operum

688 81 984 120 ENARRATIO
1014 85 1063 121 ΙΝ
1089 83 1273 121 EVA-NG.
1303 82 1517 122 IOANNIS.
1569 86 1672 125 CAP.
1701 91 1798 129 XIV.

2118 104 2191 137 810

1199 167 1345 212 habeat,
1379 172 1614 206 dubitandum
1638 187 1710 209 esse
1735 178 1778 210 de
1804 179 1900 224 Deo,
1937 194 2000 217 nec
2024 184 2189 223 intellivit

1198 222 1384 263 gratuitam
1404 224 1689 267 promissionem,
1713 240 1776 262 nec
1790 230 1955 266 beneficia
1975 214 2188 278 Cliristi,051c

1198 279 1315 305 manet
1333 273 1369 304 in
1391 271 1456 306 hac
1480 275 1719 318 dubitatione,
1746 292 1818 312 non
1842 283 1995 319 admittit
2011 286 2185 331 Spiritum

1196 328 1377 362 sanctum,
1405 324 1475 355 imo
1494 326 1662 367 paulatim
1682 328 1718 360 in
1742 341 1780 362 eo
1808 334 1969 368 tenebrae
1994 344 2025 370 et
2047 339 2185 373 furores

1196 378 1366 406 crescunt.
1420 372 1589 407 Tenenda
1606 385 1655 410 est
1675 386 1789 412 autem
1817 380 1899 416 haec
1922 389 2092 422 sententia
2120 392 2184 423 ad-

1196 432 1313 477 versus
1342 421 1567 464 Pelagianos,
1614 428 1673 470 qui
1708 429 1881 466 finxerunt
1917 433 2076 472 homines
2106 441 2182 474 sine

1195 470 1331 514 Spiritu
1358 480 1495 512 sancto,
1537 475 1640 507 bonis
1663 481 1828 521 operibus
1853 488 1979 519 mereri
2004 491 2182 524 remissio-

1193 533 1273 578 nem
1301 530 1539 566 peccatorum,
1575 533 1608 559 et
1632 527 1739 570 legem
1766 531 1834 564 Dei
1858 534 1968 569 facere
1994 551 2111 582 posse,
2148 550 2182 576 et

1193 569 1247 604 his
1264 573 1430 615 operibus
1447 586 1561 607 coram
1584 576 1658 610 Deo
1678 579 1786 614 iustos
1803 594 1884 617 esse.
1939 585 2033 622 Haec
2059 593 2180 634 opinio

1192 623 1305 655 affinis
1327 631 1375 656 est
1401 622 1662 670 philosophiae,
1697 642 1735 663 ac
1752 630 2022 671 Pharisaeorum
2050 642 2181 675 doctri-

1192 685 1275 713 nae,
1303 676 1454 707 etmulti
1472 675 1640 710 Monachi
1661 691 1735 712 eam
1759 684 1908 726 amplexi
1932 689 2074 724 fuerunt
2124 694 2179 725 ni-

1192 724 1302 756 mium
1320 726 1570 768 amplificantes
1589 728 1737 763 liberum
1755 734 1939 769 arbitrium
1952 765 1959 778 ‚
1977 747 2008 773 et
2025 719 2178 777 obriien-

1191 781 1241 807 tes
1257 773 1443 818 Evangelii
1462 779 1658 812 doctrinam
1675 782 1717 813 de
1734 783 1910 820 beneficiis
1927 787 2069 826 Christi.

1293 823 1489 860 Execrandi
1507 837 1587 863 sunt
1604 838 1719 864 autem
1738 831 1775 866 hi
1794 836 1948 877 furores,
1982 854 2020 875 ac
2037 852 2179 880 econtra

1191 877 1340 908 tenenda
1365 878 1522 912 doctrina
1549 881 1591 912 de
1618 883 1745 924 gratia,
1785 889 1880 930 quod
1907 899 2050 936 propter
2073 893 2178 928 Chri-

1190 933 1280 959 stum
1299 928 1477 961 donentur
1500 931 1601 963 nobis
1625 934 1782 967 remissio
1806 948 2027 980 peccatorum
2053 952 2086 979 et
2111 946 2178 979 im-

1189 977 1324 1020 putatio
1347 978 1514 1014 iusticiae.
1579 979 1626 1014 Et
1648 996 1849 1030 quanquam
1872 991 2093 1036 disciplinam
2118 1009 2177 1030 ex-

1189 1034 1322 1060 ternam
1342 1026 1569 1063 honestorum
1588 1039 1619 1065 et
1642 1035 1800 1069 civilium
1825 1052 1971 1083 operum
1998 1051 2176 1092 utcunque

1190 1086 1362 1121 praestare
1381 1082 1569 1123 possimus,
1598 1089 1714 1117 tamen
1731 1087 1911 1123 sciendum
1933 1101 1981 1127 est
2006 1107 2070 1129 nos
2093 1110 2176 1141 pro-

1189 1130 1243 1161 cul
1263 1130 1380 1162 abesse
1396 1143 1413 1162 a
1435 1133 1645 1173 perfectione
1664 1135 1765 1177 legis,
1801 1146 1833 1172 et
1855 1153 1919 1174 nec
1943 1156 2041 1186 posse
2062 1155 2176 1182 motus

1189 1180 1373 1212 interiores
1392 1181 1458 1222 legi
1476 1181 1541 1213 Dei
1558 1186 1823 1230 convenit-ntes,
1853 1192 2033 1236 timorem,
2062 1198 2163 1231 fidem

1188 1230 1412 1262 dilectionem
1432 1229 1560 1264 habere
1577 1233 1650 1266 sine
1666 1234 1801 1279 Spiritu
1816 1250 1947 1283 sancto,
1966 1246 2053 1280 sicut
2068 1227 2176 1284 1.C0-’

1188 1277 1295 1312 rinth.
1312 1282 1347 1314 2.
1374 1281 1519 1314 dicitur:
1556 1281 1673 1317 Homo
1699 1288 1871 1332 ψυχικὸς,
1905 1294 1940 1326 id
1967 1304 2035 1336 est,
2072 1307 2175 1333 natu-

1188 1330 1251 1362 rali
1269 1330 1338 1363 vita
1354 1332 1496 1372 vivens,
1524 1345 1595 1366 non
1621 1338 1767 1381 percipit
1794 1352 1831 1374 ea
1855 1355 1943 1387 quae
1963 1356 2045 1382 sunt
2062 1349 2175 1394 Spiri-

1188 1387 1241 1413 tus
1261 1379 1345 1421 Dei,
1372 1388 1404 1414 et
1419 1394 1523 1426 supra
1541 1396 1613 1428 cap.
1630 1384 1662 1418 5.
1688 1389 1821 1425 dictum
1839 1401 1908 1427 est:
1944 1396 2055 1432 Nemo
2079 1403 2175 1435 venit

1186 1433 1227 1464 ad
1248 1443 1319 1472 me,
1343 1433 1410 1465 nisi
1430 1446 1532 1478 quem
1551 1442 1649 1478 pater
1667 1442 1823 1476 traxerit.
1863 1444 1942 1479 Non
1963 1449 2070 1482 simus
2087 1452 2174 1485 adeo

1186 1482 1373 1527 cyclopici,
1408 1491 1445 1517 ut
1470 1485 1682 1521 arbitremur
1706 1487 1795 1525 hanc
1816 1495 1978 1530 miseram
2007 1501 2114 1534 vitam
2138 1503 2175 1536 in

1186 1533 1292 1566 tantis
1309 1535 1463 1567 tenebris
1479 1543 1512 1569 et
1528 1543 1620 1570 tanta
1638 1539 1874 1578 imbecillitate
1891 1548 2019 1582 virium
2038 1559 2176 1587 nostra-

1185 1595 1262 1616 rum
1287 1585 1359 1626 regi
1384 1597 1483 1628 posse
1509 1587 1585 1620 sine
1608 1589 1743 1632 Spiritu
1769 1603 1899 1630 sancto.
1958 1599 2038 1634 Non
2061 1614 2174 1645 gesse-

1185 1641 1267 1667 runt
1283 1646 1336 1667 res
1352 1641 1483 1676 tantas,
1506 1643 1539 1670 et
1556 1644 1625 1671 tam
1643 1641 1810 1676 salutares
1828 1646 1864 1678 in
1889 1649 1958 1682 suis
1982 1652 2174 1687 functioni-

1185 1685 1249 1717 bus
1266 1684 1358 1725 Noe,
1386 1685 1586 1725 Abrabam,
1617 1689 1758 1735 loseph,
1783 1694 1917 1738 Moses,
1955 1699 2056 1736 Iosue
2109 1704 2174 1738 Sa-

1185 1735 1298 1774 muel,
1345 1735 1481 1777 David,
1516 1736 1638 1772 Esaias
1664 1749 1695 1775 et
1718 1744 1796 1784 alii,
1831 1755 1976 1783 naturae
1999 1730 2175 1789 horitanae

1186 1786 1319 1819 viribus
1339 1787 1413 1820 sine
1429 1787 1564 1845 Spjritu
1580 1798 1710 1826 sancto.
1765 1794 1834 1829 Sed
1857 1811 2085 1841 agnoscamus
2108 1818 2173 1838 no-

1184 1843 1287 1892 stram
1307 1837 1598 1881 imbecillitatem,
1630 1849 1663 1875 et
1687 1845 1869 1881 audiamus
1893 1854 2050 1891 promitti
2072 1858 2172 1890 auxi-

1183 1887 1290 1927 lium,
1327 1895 1360 1921 et
1376 1889 1410 1921 id
1429 1896 1604 1932 petamus,
1636 1899 1670 1927 et
1694 1892 1758 1928 hac
1782 1901 2020 1937 consolatione
2045 1918 2110 1940 nos
2134 1908 2171 1941 in

1182 1938 1347 1971 omnibus
1366 1940 1529 1982 periculis
1545 1948 1798 1988 sustentemus,
1834 1953 1928 1995 quod
1953 1956 2042 1989 adsit
2067 1958 2171 1992 nobis

1181 1988 1333 2031 Spiritus
1351 1998 1490 2023 sanctus
1504 1993 1718 2034 gubernator
1734 2003 1766 2030 et
1783 2000 1942 2043 adiutor,
1965 2006 2053 2039 sicut
2064 2005 2170 2041 Chri-

1180 2047 1251 2071 stus
1267 2047 1300 2072 et
1319 2041 1402 2073 alibi
1421 2043 1610 2084 promittit:
1647 2044 1789 2087 Quanto
1808 2053 1915 2094 magis
1936 2062 2032 2097 pater
2057 2066 2169 2093 vester

1179 2089 1335 2123 coelestis
1355 2092 1451 2124 dabit
1474 2092 1646 2136 Spiritum
1663 2105 1820 2132 sanctum
1840 2106 2048 2145 petentibus
2089 2107 2167 2143 Ob-

1177 2151 1274 2173 serva
1294 2148 1407 2174 autem
1428 2143 1555 2177 diserte
1571 2145 1659 2190 dici,
1689 2152 1905 2194 petentibus,
1933 2168 2003 2189 non
2024 2159 2154 2194 dicitur

1175 2188 1358 2234 Epicureis
1376 2197 1681 2231 contemnentibus
1691 2207 1748 2234 aut
1765 2198 1954 2246 hypocritis
1965 2188 2165 2252 repugnan:

1175 2242 1267 2275 tibus
1283 2243 1506 2286 Evangelio‚¹
1532 2248 1590 2279 sed
1609 2250 1891 2292 confugientibus
1913 2258 1956 2289 ad
1982 2257 2163 2295 Christum

1174 2304 1236 2336 per
1252 2294 1523 2337 poenitentiam,
1552 2304 1584 2331 et
1599 2299 1688 2332 serio
1708 2304 1904 2343 petentibus
1920 2308 2161 2345 remissionem

1172 2351 1392 2387 peccatorum
1410 2352 1441 2379 et
1459 2347 1631 2390 Spiritum
1647 2358 1819 2387 sanctum.

1272 2394 1435 2430 Ieremias
1451 2398 1566 2442 inquit
1584 2412 1656 2444 cap.
1681 2402 1757 2435 10.:
1792 2403 1873 2440 Scio
1885 2407 2047 2453 domine,
2065 2415 2159 2458 quod

1170 2456 1243 2478 non
1259 2453 1308 2480 est
1325 2444 1480 2481 hominis
1498 2450 1553 2482 via
1577 2450 1667 2492 eius,
1702 2452 1737 2485 id
1761 2462 1830 2497 est,
1868 2458 1904 2491 in
1926 2466 2020 2495 tanta
2046 2464 2157 2498 imbe-

1170 2496 1313 2530 cillitate
1331 2505 1475 2532 naturae
1493 2497 1696 2541 hominum,
1724 2511 1757 2538 et
1773 2508 1880 2542 tantis
1905 2512 2070 2554 periculis
2091 2526 2157 2548 no—

1169 2547 1269 2589 stris,
1302 2548 1339 2581 in
1357 2556 1451 2583 tanta
1470 2550 1673 2586 difficultate
1694 2566 1811 2590 rerum
1836 2557 2085 2606 gerendarum,
2119 2567 2156 2599 in

1168 2599 1275 2632 tantis
1308 2599 1448 2633 insidiis
1477 2601 1628 2644 diaboli,
1666 2602 1840 2642 humanae
1863 2611 1954 2646 vires
1977 2625 2049 2647 non
2075 2627 2156 2659 pos-

1168 2655 1250 2684 sunt
1263 2649 1338 2683 sine
1355 2649 1490 2695 Spiritu
1512 2660 1630 2688 sancto
1656 2667 1775 2698 regere
1798 2662 1999 2697 vocationes
2022 2671 2056 2700 et.
2076 2678 2154 2700 mo-

1693 2708 1743 2742 20
1760 2706 1782 2726 *
