2415 2942
10 846 25 1292 ‚mm

121 108 196 146 357
528 108 610 146 ΧΠ.

123 196 312 230 sessionem
343 193 518 229 efficacem
542 195 637 236 fore,
671 196 801 229 multos
824 194 1052 228 invitaturam
1078 202 1110 228 et

124 247 431 286 confirmaturam,
459 258 523 279 nec
547 259 646 289 posse
667 247 776 279 deleri
797 244 1049 288 Evangelium,
1077 253 1110 279 et

122 298 365 331 testimonium
397 297 625 341 proponitur,
666 310 736 341 quo
769 297 919 329 affirmat
948 294 1109 329 Christus

122 348 197 382 Deo
221 349 357 392 placere
382 348 633 381 consessionem
658 346 861 389 Evangelii,
889 353 922 380 et
947 346 1108 378 damnari

121 400 260 432 furores
279 398 534 443 Epicureorum
552 405 584 432 et
601 396 883 444 hypocritarum,
911 397 972 442 qui
989 395 1110 429 Evan-

122 451 253 494 gelium
278 451 450 490 oderunt,
488 456 521 483 et
545 449 661 482 delere
685 455 877 488 conantur,
904 454 937 481 et
961 454 1109 481 conatus

122 513 244 534 eorum
266 501 385 534 irritos
404 501 496 541 fore,
523 506 555 533 et
570 499 683 533 Deum
701 509 832 546 poenas
850 498 887 530 in
907 495 972 531 hae
987 498 1057 531 vita
1076 505 1108 531 et

122 559 199 595 post
223 549 312 585 hanc
335 551 440 585 vitam
467 551 508 583 de
532 548 692 582 hostibus
708 548 892 592 Evangelii
908 555 1107 582 sumturum

123 614 216 640 esse,
250 603 339 635 sicut
368 602 546 645 perierunt
574 600 695 640 ludas,
727 598 905 640 Herodes,
937 598 1106 644 Agrippa,

121 659 158 686 et
181 652 242 685 alii
265 653 367 686 multi
390 651 584 684 manifestis
607 651 797 685 miraculis.
857 650 959 684 Hanc
981 662 1107 684 conso-

121 703 290 737 lationem
314 703 381 736 sibi
407 709 575 747 martyres
601 708 757 745 tempore
775 702 993 735 Diocletiani
1013 708 1045 735 et
1061 702 1106 734 si-

120 754 267 787 milibus
293 753 510 796 temporibus
533 753 798 796 proponebant,
833 753 881 785 sic
905 753 1107 795 cogitantes,

121 805 185 838 etsi
202 815 321 838 sumus
338 803 530 837 imbecilles
548 810 581 836 et
596 803 818 847 imperatoris
835 815 960 846 magna
979 810 1026 836 est
1044 815 1109 846 po—

121 855 247 895 tentia,
275 867 363 899 quae
386 855 526 887 videtur
547 854 685 897 penitus
712 854 869 888 deletura
895 866 967 887 esse
985 853 1108 887 Eccle-

121 906 206 938 siam
234 905 320 946 Dei,
350 912 467 938 tamen
495 905 624 938 scimus
654 905 758 938 nobis
793 905 1004 949 promissum
1036 917 1107 937 esse

118 955 291 1000 Spiritum
325 962 494 990 sanctum.
561 954 639 988 Hoc
669 957 812 988 accendi
843 963 875 989 et
908 956 1106 989 confirmari

120 1015 261 1050 pectora
289 1013 408 1039 nostra
443 1013 619 1050 petamus,
654 1018 698 1039 ne
725 1008 824 1040 fracti
848 1015 942 1041 metu
970 1007 1107 1054 snppli-

120 1057 274 1096 ciorum,
301 1058 503 1091 deficiamus
525 1059 568 1090 ab
584 1056 798 1100 Evangelio,
826 1059 884 1090 sed
909 1065 1108 1091 constanter

120 1108 356 1141 confiteamur.
410 1106 457 1141 Et
482 1121 683 1153 quanquam
710 1109 835 1141 mundi
852 1109 979 1141 iudicia
1000 1121 1106 1153 quae-

118 1166 248 1192 runtur
278 1159 412 1192 turbari
440 1160 657 1192 consessione
683 1160 906 1192 concordiam
932 1160 968 1192 in
996 1160 1106 1203 inipe-

118 1210 201 1247 riis,
237 1216 353 1243 tamen
384 1210 534 1242 sciamus
558 1209 633 1242 Deo
664 1210 800 1251 placere
830 1207 925 1243 hunc
962 1211 1106 1249 cultum,

118 1271 183 1292 nec
208 1272 280 1292 esse
303 1266 439 1294 tantum
465 1260 587 1293 inanes
606 1267 638 1293 et
655 1262 766 1294 fatuas
784 1261 1043 1300 contentiones,
1068 1267 1103 1293 ut

120 1311 221 1343 multi
244 1311 383 1350 dicunt,
408 1310 466 1342 sed
493 1308 547 1343 his
569 1309 821 1344 certaminibus
845 1310 999 1354 Spiritus
1025 1323 1104 1343 san-

118 1368 193 1394 ctus
219 1373 298 1393 vere
322 1368 371 1393 est
397 1361 535 1400 efficax,
563 1368 662 1394 vocat
689 1369 720 1394 et
739 1362 922 1394 confirmat
940 1362 1044 1399 alios,
1074 1368 1105 1394 et

118 1411 251 1453 colligit
269 1418 445 1445 aeternam
456 1410 658 1445 Ecclesiam.
712 1412 907 1456 Aliquanto
927 1411 1105 1455 postDeus

116 1462 284 1495 refutabit
305 1462 430 1494 mundi
455 1462 605 1503 iudicia,
635 1463 765 1495 delebit
786 1471 975 1506 tyrannos,
1003 1470 1033 1495 et
1055 1470 1103 1495 te-

117 1513 282 1546 stimonia
310 1514 404 1553 edet,
433 1525 521 1557 quae
546 1514 731 1546 ostendent
757 1512 940 1557 Evangelii
969 1514 1104 1547 conses-

117 1565 251 1597 sionem
276 1576 392 1596 veram
419 1575 509 1604 esse,
539 1565 628 1597 sicut
650 1565 770 1598 multis
794 1565 972 1597 miraculis
990 1565 1101 1607 Spiri-

116 1621 173 1648 tus
197 1621 336 1647 sanctus
359 1614 580 1647 confirmavit
598 1622 697 1648 testes
714 1615 918 1658 Evangelii,
948 1624 979 1649 et
998 1616 1104 1659 puni-

118 1665 170 1697 vit
210 1663 350 1705 hostes,
391 1671 430 1697 ut
457 1664 534 1699 Act.
563 1666 619 1698 18.
651 1665 794 1710 Elymas
831 1665 957 1708 Blagus
989 1666 1103 1699 subita

117 1716 281 1748 caecitate
306 1715 464 1759 punitur.
514 1714 561 1748 Et
580 1715 821 1749 Diocletianus
842 1723 1024 1760 postquam
1044 1718 1103 1749 diu

118 1766 271 1798 exercuit
295 1765 493 1804 saevitiam,
517 1766 586 1798 sibi
610 1766 675 1810 ipsi
694 1773 840 1798 mortem
857 1767 1044 1806 consciuit,
1073 1774 1104 1800 et

118 1816 289 1849 miracula
322 1816 431 1849 multa
465 1824 658 1861 martyrum
689 1817 985 1851 confirmaverunt
1017 1818 1103 1862 pios,

118 1874 151 1901 et
167 1864 358 1900 Ecclesiam
377 1874 562 1902 auxerunt.

219 1968 295 2002 Hac
320 1970 439 2002 eadem
466 1970 705 2003 consolatione
732 1969 833 2003 nobis
863 1977 894 2003 et
922 1968 988 2003 hoc
1015 1977 1102 2004 tem-

117 2033 202 2065 pore
238 2032 326 2064 opus
358 2028 417 2053 est.
472 2020 602 2064 Magna
637 2027 686 2054 est
717 2021 937 2054 imbecillitas
972 2028 1102 2062 nostra,

118 2071 218 2104 multi
252 2079 333 2104 sunt
362 2072 515 2116 ubique,
548 2072 676 2116 quibus
709 2072 828 2116 aliquo
855 2073 961 2105 modo
987 2073 1101 2105 illuxit

117 2121 368 2164 „Ex-angelium,
403 2130 434 2154 et
464 2123 523 2166 qui
554 2123 681 2155 rectius
715 2130 904 2165 coeperunt
939 2124 1102 2155 invocare

116 2171 250 2213 Deum,
277 2179 310 2205 et
330 2172 431 2206 initia
451 2173 532 2205 fidei
550 2180 583 2206 et
602 2185 700 2205 verae
719 2174 940 2207 obedientiae
958 2171 1100 2214 habent,

116 2224 174 2255 sed
204 2235 394 2266 paucorum
421 2230 557 2257 tantum
585 2231 633 2257 est
652 2224 779 2264 robur,
807 2231 846 2257 ut
863 2224 1020 2258 confiteri
1040 2237 1100 2257 au-

117 2274 204 2313 sint,
232 2280 389 2318 petamus
411 2286 491 2317 ergo
511 2286 575 2307 nos
592 2275 733 2307 accendi
752 2282 784 2308 et
801 2276 1000 2308 confirmari
1020 2275 1101 2319 Spi-

117 2325 188 2358 ritu
212 2332 343 2358 sancto.
397 2326 537 2358 Deinde
561 2326 662 2358 multi
686 2327 906 2359 deterrentur
929 2324 994 2359 hoc
1019 2339 1102 2370 pro-

118 2376 200 2415 bro,
234 2377 327 2420 quod
353 2377 506 2409 dicimur
528 2383 666 2409 autores
691 2377 958 2411 discordiarum.
1025 2376 1101 2411 Ad-

119 2438 236 2459 versus
269 2425 359 2459 hanc
391 2428 602 2460 calumniam
636 2428 808 2471 opponito
840 2425 930 2460 hanc
960 2440 1100 2461 vocem:

120 2475 191 2518 Qui
218 2478 390 2511 consessus
414 2479 519 2512 suerit
544 2491 599 2511 me
622 2489 738 2512 coram
767 2476 991 2518 bominibus,
1017 2491 1100 2512 con-

120 2527 244 2560 fnebor
269 2540 347 2560 eum
368 2542 483 2562 coram
505 2537 601 2573 patre
620 2530 769 2564 coelesti.
824 2527 869 2562 Et
887 2527 944 2563 hic
961 2530 1101 2571 dicitur,

119 2577 272 2621 Spiritus
293 2588 430 2614 sanctus
447 2582 520 2624 ipse
538 2592 680 2623 arguere
698 2581 883 2614 mundum.
938 2580 1100 2625 Sive-igi-

119 2636 176 2661 tur
203 2629 415 2669 discordiae,
452 2633 523 2664 sive.
547 2632 811 2665 dilacerationes
835 2643 1024 2674 regnorum
1047 2644 1100 2665 se-

119 2687 290 2724 quantur,
328 2681 477 2726 Spiritui
506 2690 627 2717 sancto
661 2683 899 2717 obediendum
932 2689 1000 2724 est,
1038 2683 1100 2729 qui

661 106 956 145 ENARRA'I'IO
986 108 1034 144 IN
1062 106 1244 145 EVANG.
1270 108 1482 146 IOANNIS.
1542 110 1645 147 CAP.
1671 111 1769 146 XVI.

2077 114 2151 150 358

1161 197 1416 230 confessionem
1442 197 1612 242 praecipit
1635 205 1669 232 et
1688 205 1833 232 exercet.
1885 197 2067 234 Postremo
2085 213 2149 235 nec

1161 247 1221 279 illa
1250 246 1507 291 Epicureorum
1531 250 1806 283 subsannatione
1829 262 2052 293 moveamur,
2087 253 2149 297 qui

1159 297 1282 330 dicunt
1306 296 1389 331 haec
1413 306 1532 332 nostra
1560 301 1749 334 certamina
1774 302 1914 335 inutilia
1936 314 2017 336 esse.
2072 302 2148 336 Imo

1159 359 1237 380 cum
1268 347 1422 390 Spiritus
1454 357 1593 383 sanctus
1627 360 1748 393 arguat
1777 353 1972 394 mundum,
2014 354 2080 387 erit
2112 354 2149 387 id

1159 409 1247 440 opus
1278 398 1416 438 efficax,
1450 400 1635 442 colligetur
1657 400 1831 443 Ecclesia,
1863 416 1934 437 non
1961 405 2148 443 delebitur,

1160 460 1239 480 vere
1265 448 1370 481 etiam
1397 449 1591 492 punientur
1615 451 1666 483 illi
1690 452 1755 495 ipsi
1781 455 1942 497 tyranni,
1969 455 2030 499 qui
2054 462 2147 488 atro-

1159 498 1294 531 cissime
1309 507 1520 542 grassantur.
1574 499 1646 534 Has
1664 503 1921 537 consolationes
1935 517 2034 549 saepe
2051 506 2147 549 cogi-

1158 556 1288 590 temus,
1315 558 1353 584 ut
1373 562 1472 584 veros
1490 552 1604 584 cultus
1621 551 1795 586 discamus
1813 560 1845 587 et
1864 562 2086 598 praestemus.

1258 623 1321 659 Est
1362 632 1478 659 autem
1517 626 1636 659 addita
1668 627 1756 659 ratio
1792 625 1873 661 huic
1902 630 2148 666 consolationi.

1158 674 1250 718 Quia
1275 676 1440 720 princeps
1464 677 1589 710 mundi
1616 674 1720 710 huius
1745 679 1918 712 iudicatus
1942 687 2008 720 est,
2036 681 2071 713 id
2089 689 2149 721 est,

1157 728 1423 762 condemnatus,
1461 726 1550 760 Cum
1567 728 1732 761 diabolus
1747 730 1834 762 adeo
1849 731 2037 764 crudeliter
2051 743 2149 775 gras-

1157 784 1252 811 satur
1282 790 1344 822 per
1373 785 1542 823 tyrannos
1572 785 1606 812 et
1632 779 1718 811 alios
1743 780 1871 822 impios
1893 778 2073 823 homines,
2109 790 2148 816 ut

1158 828 1318 862 videatur
1335 829 1495 862 funditus
1512 830 1689 862 deleturus
1706 842 1778 862 esse
1793 830 1985 864 Ecclesiam
2001 832 2083 873 Dei,
2111 834 2149 866 in

1158 877 1223 912 hoc
1253 879 1344 913 tristi
1372 881 1568 923 spectaculo
1600 891 1665 913 nos
1700 881 1873 924 erigamus
1901 880 1956 915 his
1987 884 2148 916 consola-

1157 930 1333 969 tionibus,
1369 931 1463 975 quod
1487 930 1642 964 Ecclesia
1670 929 1737 964 Dei
1767 933 1811 965 sit
1837 945 2021 972 mansura,
2058 935 2148 968 sicut

1159 979 1285 1016 Matth.
1300 981 1356 1014 16.
1373 981 1516 1014 dicitur:
1542 981 1585 1014 Et
1605 988 1725 1025 portae
1743 983 1938 1016 inferorum
1957 997 2028 1018 non
2048 998 2147 1029 prae-

1157 1032 1325 1065 valebunt
1348 1033 1515 1065 adversus
1541 1044 1634 1073 eam,
1662 1039 1694 1065 et
1714 1032 1810 1067 Ioan.
1832 1034 1906 1067 10.:
1935 1033 2030 1069 Oves
2051 1049 2146 1069 meae

1157 1095 1275 1115 vocem
1301 1095 1413 1115 meam
1436 1083 1606 1121 audiunt,
1635 1089 1666 1114 et
1687 1095 1790 1116 nemo
1809 1085 1918 1128 rapiet
1938 1097 1992 1118 eas
2013 1088 2054 1119 (le
2073 1099 2147 1120 ma-

1156 1134 1261 1166 nibus
1287 1134 1390 1171 meis,
1421 1141 1453 1167 et
1479 1132 1535 1165 hic
1554 1134 1698 1166 dicitur:
1727 1133 1896 1177 Princeps
1916 1137 2039 1169 mundi
2060 1150 2146 1170 con-

1156 1185 1340 1217 demnatus
1363 1191 1431 1224 est,
1465 1184 1500 1215 id
1527 1191 1595 1224 est,
1632 1184 1694 1216 etsi
1720 1182 1836 1217 adhuc
1863 1186 2052 1220 insidiatur
2078 1187 2147 1221 Ec-

1155 1235 1288 1274 clesiae,
1317 1241 1349 1267 et
1367 1235 1476 1268 multa
1495 1235 1653 1267 membra
1671 1236 1814 1275 sauciat,
1842 1243 1959 1269 tamen
1979 1250 2049 1271 non
2066 1239 2146 1271 vin-

1155 1292 1225 1325 cet,
1262 1286 1512 1318 eluctabuntur
1540 1298 1579 1317 ex
1612 1285 1751 1318 insidiis
1775 1288 1953 1320 credentes
1978 1289 2015 1321 in
2040 1288 2146 1322 Chri-

1155 1344 1267 1374 stum,
1301 1334 1366 1368 hoc
1393 1337 1520 1375 modo,
1554 1342 1587 1368 et
1611 1336 1693 1381 quia
1719 1336 1791 1380 ipse
1817 1335 1979 1371 Christus
2006 1341 2088 1382 tegit
2112 1348 2146 1375 et

1154 1386 1311 1420 defendit
1326 1386 1537 1427 Ecclesiam,
1566 1394 1598 1420 et
1613 1388 1692 1431 quia
1711 1389 1891 1421 credentes
1909 1389 1943 1421 in
1962 1388 2144 1424 Christum

1153 1438 1219 1470 fide
1242 1445 1365 1481 petunt
1384 1438 1553 1470 auxilium
1574 1438 1611 1470 iu
1629 1438 1795 1472 omnibus
1811 1440 1994 1483 periculis,
2020 1441 2070 1475 ibi
2087 1455 2145 1476 ex-

1154 1489 1341 1533 periuntur
1359 1489 1522 1522 victorias
1541 1487 1683 1523 Christi.

1255 1563 1411 1607 Quaerat
1435 1570 1552 1597 autem
1578 1562 1723 1608 aliquis,
1757 1565 1838 1606 ubi,
1866 1578 1933 1611 qua
1959 1569 2144 1606 sententia,

1153 1629 1222 1659 quo
1239 1616 1332 1648 dicto
1347 1616 1601 1648 condemnatus
1617 1615 1659 1647 sit
1673 1616 1860 1648 diabotus?
1913 1616 2143 1661 Respondeo:

1153 1666 1273 1699 Primo
1305 1677 1465 1708 expressa
1491 1678 1575 1697 voce
1598 1665 1661 1697 Dei
1689 1668 1942 1700 condemnatus
1967 1676 2035 1707 est,
2071 1668 2143 1702 Ge-

1154 1730 1224 1752 nes.
1243 1718 1276 1752 3.
1301 1717 1419 1749 statim
1446 1716 1481 1748 in
1504 1715 1679 1748 Ecclesiae
1704 1717 1978 1752 instauratione:
2014 1719 2142 1753 Semen

1153 1768 1311 1801 mulieris
1336 1773 1491 1800 conteret
1515 1773 1619 1810 caput
1646 1768 1834 1808 serpentis,
1864 1775 1895 1801 et
1918 1780 2060 1811 serpens
2085 1771 2142 1803 iu-

1152 1819 1337 1852 sidiabitur
1364 1819 1525 1850 calcaneo
1550 1817 1633 1852 eius,
1696 1817 1763 1850 Hic
1791 1819 1939 1853 affirmat
1965 1821 2064 1854 Deus
2088 1834 2142 1854 se-

1153 1882 1233 1903 men
1257 1869 1433 1908 mulieris,
1460 1869 1496 1901 id
1524 1875 1592 1908 est,
1622 1876 1810 1901 venturum
1836 1870 2057 1904 liberatorem
2077 1885 2142 1905 na-

1153 1928 1225 1954 tum
1258 1933 1297 1953 ex
1320 1920 1485 1959 muliere,
1522 1919 1714 1963 potentiam
1740 1920 1873 1952 diaboli
1898 1933 2140 1965 repressurum

1153 1983 1242 2010 esse,
1272 1978 1304 2004 et
1321 1978 1518 2004 sumturum
1538 1982 1664 2012 poenas
1682 1971 1723 2003 de
1739 1971 1894 2006 diabolo.
1946 1971 2036 2005 Nam
2054 1986 2140 2007 con-

1152 2030 1262 2056 terere
1285 2028 1388 2066 caput
1412 2033 1485 2054 non
1510 2021 1681 2064 siguificat
1704 2027 1841 2055 tantum
1866 2029 2041 2056 certamen
2059 2036 2139 2058 cum

1153 2073 1314 2113 diabolo,
1342 2073 1400 2105 sed
1427 2072 1597 2115 significat
1620 2072 1837 2105 eversionem
1865 2076 2040 2116 potentiae
2063 2076 2139 2108 dia-

1153 2124 1307 2164 bolicae,
1342 2130 1375 2156 et
1404 2123 1668 2167 oppressionem
1695 2130 1727 2156 et
1751 2136 1879 2167 poenas
1903 2125 2140 2167 diabolorum,

1152 2182 1293 2208 econtra
1320 2174 1483 2207 diabolus
1507 2174 1619 2206 laedet
1646 2175 1844 2207 calcaneum
1861 2172 1992 2209 Christi
2020 2184 2053 2210 et
2070 2176 2139 2210 Ec-

1152 2226 1286 2266 clesiae,
1313 2223 1380 2259 hoc
1397 2231 1458 2267 est,
1486 2225 1650 2258 atrociter
1664 2225 1805 2269 quidem
1822 2225 2139 2261 vulnerabitChri-

1151 2284 1242 2310 stum
1264 2283 1297 2310 et
1315 2275 1520 2310 Ecclesiam,
1574 2275 1672 2308 Sicut
1690 2275 1800 2308 David
1822 2273 2043 2312 horribiliter
2061 2280 2139 2312 vul-

1151 2334 1292 2361 neratus
1314 2334 1383 2367 est,
1411 2339 1488 2359 cum
1509 2327 1598 2359 facto
1619 2326 1810 2366 adulterio,
1839 2327 1981 2370 impulit
1998 2341 2076 2362 eum
2094 2332 2138 2363 ad

1151 2379 1349 2412 necandum
1373 2379 1537 2411 maritum
1557 2384 1673 2419 raptae
1690 2377 1866 2418 mulieris,
1895 2386 1927 2411 et
1944 2388 2062 2423 postea
2081 2381 2137 2413 in-

1150 2430 1269 2464 citavit
1292 2429 1403 2462 filium
1429 2430 1470 2462 ad
1489 2429 1698 2460 movendam
1722 2429 1943 2465 seditionem.
1998 2430 2136 2464 Hisne-

1151 2488 1233 2515 runt
1255 2478 1426 2514 horrendi
1452 2489 1608 2518 morsm,
1638 2485 1670 2511 et
1695 2479 1731 2511 in
1756 2479 1975 2522 singulorum
1995 2483 2136 2524 piorum

1150 2533 1316 2565 cordibus
1343 2531 1505 2564 diabolus
1528 2529 1646 2574 aliqua
1671 2541 1770 2562 saeva
1795 2531 1943 2564 vulnera
1969 2533 2068 2573 facit,
2097 2541 2137 2567 ut

1150 2595 1238 2628 pene
1263 2583 1510 2626 opprimantur
1533 2581 1793 2624 desperatione,
1829 2582 1887 2614 sed
1912 2589 2028 2615 tamen
2053 2595 2136 2627 pro-

1149 2635 1268 2667 missio
1295 2634 1363 2666 Dei
1395 2644 1459 2666 nos
1490 2631 1709 2671 consolatur,
1744 2633 1907 2665 audimus
1930 2645 2002 2665 uon
2023 2642 2136 2676 caput,

1148 2686 1206 2718 sed
1224 2685 1380 2729 plantam
1397 2683 1494 2729 pedis
1507 2683 1673 2722 sauciari,
1701 2690 1819 2717 manet
1835 2684 1946 2717 victor
1962 2682 2136 2727 Christus,

1465 2730 1551 2768 23*
