2415 2942
247 128 321 164 379

381 229 467 264 ’nter
482 229 601 261 sancte
613 251 620 264 ,
645 233 749 258 serva
768 233 824 257 eos
843 222 880 257 in
897 223 1045 259 nomine
1063 227 1136 260 luo.

353 315 435 350 Dixi
476 322 579 355 supra
615 309 824 355 precationis
862 309 929 343 tria
968 321 1040 343 esse
1079 308 1237 342 membra

254 367 456 414 praecipua,
499 373 587 407 qnae
620 362 662 393 de
701 360 805 392 rebus
841 359 988 393 summis
1028 360 1235 405 loquuntur,

255 429 342 464 qnae
362 422 443 449 sunt
469 413 567 446 nervi
589 410 840 444 constituentes
861 418 894 445 et
917 417 1095 444 servantes
1113 408 1235 443 Eccle-

256 471 353 502 siam.
405 464 564 498 Primum
579 468 646 502 est,
673 468 710 494 ut
729 461 872 499 veritas,
900 461 935 494 id
953 467 1013 502 est,
1040 461 1100 495 lux
1118 459 1236 494 Evan-

256 519 337 562 gelii
357 528 428 549 non
447 515 678 556 extinguatur.
731 511 946 552 Secundum,
973 519 1012 545 ut
1027 517 1164 544 maneat
1180 510 1237 543 in-

256 579 308 604 ter
334 570 493 600 doctores
517 563 713 597 concordia.
769 561 931 596 Tertium
964 569 1014 595 est
1047 561 1236 606 applicatio

257 618 437 659 sacrificii,
463 622 499 648 ut
518 613 612 648 Deus
631 619 771 657 propter
786 610 852 645 hoc
871 611 1004 646 Christi
1030 612 1236 645 sacrificium

257 670 422 704 omnibus
439 666 591 699 remittat
616 670 772 708 peccata,
800 670 831 696 et
856 664 912 696 det
931 663 1038 696 vitam
1058 669 1236 695 aeternam

256 722 324 754 fide
345 716 627 759 confugientibus
643 715 685 746 ad
702 711 895 748 Christum.
931 712 1025 745 Haec
1042 713 1109 745 tria
1127 723 1238 744 mern-

258 773 320 805 bra
348 769 536 811 diligenter
566 764 841 803 consideremus,
879 770 911 796 et
933 774 1005 794 non
1030 772 1239 807 quaeramus

257 822 385 855 otiosas
402 817 676 862 speculationes,
704 815 761 847 sed
790 814 898 856 ipsam
924 814 1032 845 vitam
1052 810 1237 845 hominum

258 873 477 906 intueamur,
506 874 537 900 et
560 877 646 910 quae
669 865 738 897 sint
755 874 889 896 summa
908 863 1019 903 hona,
1045 870 1079 897 et
1103 873 1239 895 summa

259 923 350 955 mala
368 920 598 953 attendamus.
653 915 822 948 Salomon
849 914 1061 953 moriturus,
1088 913 1114 945 si
1140 913 1239 955 angi·

260 981 317 1007 tur
335 973 377 1003 de
394 968 535 1012 Repub.
559 972 648 999 certe
673 963 757 997 haec
780 964 964 1008 praecipue
989 964 1089 1007 petit,
1124 969 1162 996 ut
1183 963 1242 995 lux

261 1021 440 1056 doctrinae
457 1025 490 1051 et
506 1016 660 1051 Ecclesia
678 1014 743 1048 Dei
768 1022 917 1048 maneat.
969 1013 1106 1047 Deinde
1121 1021 1159 1046 ut
1178 1012 1242 1045 filii

262 1070 470 1110 successuri,
498 1075 530 1101 et
547 1067 607 1100 alii
623 1067 874 1110 gubernatores
892 1065 963 1098 sint
980 1065 1184 1098 concordes.

362 1146 414 1180 Ac
443 1154 578 1187 semper
608 1141 721 1186 prima
758 1140 878 1184 petitio
910 1146 959 1173 est
999 1140 1041 1172 de
1073 1138 1244 1178 doctrina,

262 1198 420 1244 proxima
447 1197 490 1228 de
512 1192 717 1229 concordia,
761 1197 800 1224 ut
822 1193 858 1223 in
882 1191 1040 1223 oratione
1067 1189 1243 1222 dominica

263 1250 365 1284 initio
383 1246 548 1291 petimus:
577 1242 820 1278 Sanctificetur
837 1253 966 1274 nomen
984 1248 1104 1284 tuum,
1132 1241 1167 1272 id
1185 1246 1245 1280 est,

263 1312 345 1334 vera
369 1297 497 1331 noticia
521 1295 590 1329 Dei
624 1295 736 1326 luceat
759 1299 791 1325 et
815 1299 991 1330 servetur,
1034 1292 1079 1324 ita
1103 1290 1158 1324 bic
1180 1291 1244 1323 ait:

265 1351 368 1384 Pater
393 1354 524 1386 sancte,
549 1356 646 1385 serv-a
675 1354 732 1376 eos
763 1343 799 1374 in
824 1343 967 1375 nomine
998 1349 1079 1381 tuo,
1119 1342 1153 1374 id
1186 1347 1246 1380 est,

265 1407 410 1446 propter
429 1408 557 1430 nomen
576 1403 694 1434 tuum,
723 1405 782 1426 seu
800 1393 1014 1436 agnitionem
1033 1392 1096 1431 tui,
1125 1398 1162 1425 ut
1182 1403 1245 1424 no·

266 1453 345 1486 ticia
363 1450 433 1489 tui,
460 1447 618 1481 doctrina
636 1452 713 1484 tua,
741 1443 913 1476 invocatio
934 1443 984 1476 tui
1003 1449 1151 1482 maneat,
1181 1439 1248 1479 hoc

267 1511 334 1542 est,
362 1500 516 1544 primum
532 1497 691 1530 omnium
716 1502 813 1538 pet0,
843 1501 880 1527 nt
903 1493 1064 1527 doctrina
1090 1500 1149 1526 tua
1175 1504 1247 1525 non

268 1553 507 1594 extinguatur,
533 1549 590 1580 sed
617 1557 751 1588 semper
769 1546 811 1578 sit
828 1544 1002 1584 Ecclesia,
1030 1555 1165 1587 semper
1180 1543 1250 1576 sint

268 1605 438 1640 doctores,
466 1599 523 1644 qui
542 1603 631 1631 recte
649 1597 795 1628 doceant
813 1594 1060 1637 Evangelinm‚
1087 1601 1125 1627 nt
1143 1605 1250 1636 agno-

269 1661 384 1687 scatur
399 1659 431 1684 et
450 1651 631 1682 invocetur
648 1657 750 1679 verus
767 1645 870 1678 Deus.
925 1644 1020 1677 Haec
1037 1645 1073 1676 in
1093 1645 1250 1677 omnium

272 1702 472 1749 pectoribus
491 1710 625 1742 semper
641 1697 683 1730 sit
700 1708 834 1730 summa
855 1708 949 1736 cura,
979 1693 1060 1728 haec
1082 1696 1124 1728 sit
1142 1695 1252 1738 prima

274 1754 414 1798 petitio,
450 1763 492 1783 ne
519 1750 743 1791 extinguatur
768 1748 826 1780 lux
856 1758 956 1779 verae
982 1747 1180 1783 doctrinae,
1216 1751 1254 1778 ut

271 1804 402 1839 Psalmi
419 1802 520 1835 toties
541 1800 704 1833 clamant.
758 1797 886 1830 Psalm.
913 1795 1009 1830 115.:
1045 1796 1125 1829 Non
1151 1796 1254 1829 nobis

274 1855 449 1892 Domine,
476 1863 547 1884 non
565 1850 684 1886 nobis,
712 1850 770 1880 sed
794 1848 929 1881 nomini
947 1855 1004 1881 tuo
1030 1849 1072 1879 da
1096 1847 1256 1890 gloriam,

275 1912 417 1950 propter
441 1900 716 1935 misericordiam
741 1906 855 1937 tuam,
891 1906 922 1932 et
945 1898 1124 1931 veritatem
1148 1904 1257 1935 tuam,

273 1969 317 1989 ne
341 1954 482 2000 quando
511 1952 628 1985 dicant
655 1957 790 1993 gentes:
828 1948 897 1982 Lssbi
918 1957 967 1983 est
989 1948 1083 1982 Deus
1113 1947 1258 1981 eorum?

276 2007 372 2040 Haec
403 2003 523 2048 petitio
555 2007 671 2045 postea
703 2000 907 2044 aliquoties,
948 2007 986 2034 ut
1017 2000 1073 2040 fit,
1115 2000 1258 2032 ardente

278 2064 375 2091 motu
394 2054 502 2089 animi
522 2052 699 2097 repetitur.

381 2129 506 2164 Statim
530 2135 646 2161 autem
672 2127 839 2159 inseritur
863 2126 970 2159 altera
994 2126 1036 2158 de
1061 2123 1260 2158 concordia.

281 2181 391 2216 Nemo
412 2182 549 2223 ignorat
565 2179 600 2211 in
619 2177 715 2211 omni
732 2177 984 2219 gubernatione
1007 2187 1078 2208 rem
1105 2185 1263 2208 necessa-

282 2234 369 2266 riam
397 2243 467 2264 esse
492 2229 737 2266 concordiam,
776 2228 834 2260 sed
862 2227 973 2260 multo
998 2226 1148 2258 maxime
1175 2236 1263 2268 opus

284 2291 331 2316 ost
350 2280 523 2315 Ecclesiae
540 2291 711 2313 consensu
731 2277 928 2318 doctrinae,
966 2284 997 2310 et
1020 2277 1173 2320 ipsorum
1201 2277 1264 2308 do-

286 2333 439 2365 centium
460 2338 581 2364 mutua
602 2331 693 2363 inter
711 2341 745 2362 se
764 2340 842 2362 vera
867 2328 1124 2361 benevolentia.
1176 2325 1264 2359 Nam

288 2383 466 2416 doctrinae
499 2392 667 2415 consensu
698 2381 857 2420 turbato,
905 2379 1096 2412 disceditur
1124 2378 1168 2410 ab
1197 2388 1266 2410 una

288 2445 369 2465 vera
386 2432 566 2471 sententia,
594 2439 626 2465 et
642 2432 822 2474 finguntur
840 2429 969 2463 infiniti
987 2441 1131 2463 errores,
1157 2427 1267 2471 Saepe

289 2491 403 2517 autem
436 2483 614 2515 doctrinae
642 2492 831 2515 consensus
861 2487 1002 2524 propter
1021 2480 1174 2524 privatas
1198 2479 1269 2511 dis-

291 2534 427 2567 cordias
451 2532 627 2571 turbatur,
668 2540 706 2565 ut
729 2532 836 2564 Arius
859 2532 942 2564 odio
965 2530 1155 2564 Alexandri
1184 2528 1270 2572 Epi-

292 2584 386 2627 scopi
404 2582 527 2627 sparsit
543 2580 773 2625 blasphemias
790 2588 909 2615 contra
927 2582 1036 2614 filium
1054 2580 1130 2614 Dei.
1181 2578 1270 2612 Cum

295 2636 400 2677 igitur
426 2633 574 2665 maxime
597 2633 786 2664 necessaria
811 2634 855 2665 sit
878 2630 1052 2666 Ecclesiae
1084 2631 1271 2664 concordia

835 120 961 158 PntL.
987 118 1104 156 MEL.
1129 119 1337 158 SCRIPTA
1364 121 1667 160 EXEGETICA.

1288 2266 1295 2446 l

1295 2605 1300 2667 l

2189 128 2262 164 880

1288 208 1454 246 minatur.
2092 210 2134 246 In
2165 213 2269 247 nobis

1289 272 1400 295 unum
1429 260 1511 295 sint.

1389 309 1469 344 Non
1500 308 1566 343 hoc
1589 310 1674 354 petit
1703 316 1859 352 tantum,
1897 318 1936 346 ut
1965 312 2035 346 sint
2063 314 2266 354 concordes,

1289 361 1378 395 sicut
1401 372 1502 409 saepe
1530 361 1567 393 in
1600 361 1853 404 gubernatione
1877 360 2029 407 Reipub.
2049 364 2121 397 duo
2150 364 2268 407 magni

1290 412 1356 445 viri
1380 412 1570 445 concordes
1593 412 1755 450 suerunt,
1787 418 1825 445 ut
1847 413 2024 455 Augustus
2046 420 2079 448 et
2102 415 2268 458 Agrippa,

1289 461 1554 507 Epaminondas
1579 467 1612 495 et
1630 460 1834 505 Pelopidas,
1861 464 1919 496 sed
1937 464 2146 498 nominatim
2165 465 2268 499 dicit:

1290 512 1330 547 ln
1349 513 1450 546 nobis
1465 524 1576 546 unum
1592 512 1682 553 sint,
1710 512 1745 544 id
1770 519 1838 554 est,
1863 513 1960 557 prius
1979 521 2111 547 mentes
2126 513 2221 548 Petri
2237 522 2271 549 et

1292 562 1433 596 loannis
1451 563 1520 596 sint
1544 562 1724 607 copulatae
1741 562 1834 605 Deo,
1859 564 1922 597 nni
1940 576 2020 597 vero
2039 563 2113 598 Deo
2132 565 2202 599 sint
2219 565 2271 598 al-

1291 614 1426 657 ligatae,
1452 620 1485 647 et
1501 625 1608 647 unam
1625 613 1820 647 doctrinam
1839 615 2104 658 amplectantur.
2131 614 2270 649 Deinde

1292 664 1471 708 copulatae
1500 675 1562 708 per
1591 675 1701 697 unum
1735 663 1848 698 Deum
1874 672 1905 698 et
1935 677 2042 698 unam
2074 666 2271 700 doctrinam

1293 714 1385 748 inter
1401 725 1473 747 sese
1496 721 1701 757 congruant.
1755 714 1850 748 Haec
1872 716 1972 748 valde
1997 716 2233 759 significanter
2252 727 2271 749 a

1291 763 1432 799 Christo
1458 764 1548 798 dicta
1580 771 1681 805 sunt,
1728 758 1811 798 na‘m
1841 777 1904 798 nec
1934 773 2052 800 manet
2082 767 2275 811 plurimum

1293 815 1498 856 concordia,
1532 815 1600 848 nisi
1625 815 1667 848 ad
1692 827 1803 848 unum
1830 816 1935 848 finem
1961 817 2068 849 simili
2093 817 2274 850 voluntate

1294 867 1454 900 tendant.
1507 864 1597 899 Cum
1616 866 1709 898 enim
1729 866 1903 910 incipiunt
1924 868 2083 901 doctores
2108 866 2274 915 ζυγομα-

1290 918 1391 961 χεῖν,
1420 923 1454 949 et
1469 916 1559 949 alius
1584 915 1692 949 alium
1718 916 1822 949 finem
1848 918 1996 961 expetit,
2033 918 2123 951 alius
2139 918 2276 963 quaerit

1295 967 1446 1000 aliorum
1468 978 1588 1010 regum
1601 993 1610 1007 ,
1635 966 1810 1007 savorem,
1836 979 1898 1000 nec
1915 968 2112 1001 voluntates
2129 976 2210 1001 sunt
2226 967 2274 1000 si-

1296 1018 1414 1055 miles,
1443 1018 1501 1050 sed
1528 1018 1659 1050 audent
1675 1017 1850 1050 discedere
1867 1018 1911 1050 ab
1925 1016 2118 1061 Evangelio
2133 1017 2277 1057 tradito,

1296 1074 1328 1101 et
1343 1067 1480 1110 fingunt
1504 1067 1565 1100 alii
1588 1067 1674 1100 alias
1699 1067 1903 1111 opiniones,
1937 1075 1976 1102 ut
2000 1075 2134 1102 constat
2159 1067 2279 1102 multis

1296 1118 1410 1151 modis
1440 1117 1664 1150 concordiam
1691 1118 1839 1153 turbari.
1906 1117 2000 1152 Haec
2031 1131 2153 1162 magna
2185 1118 2279 1151 mala

1295 1168 1513 1212 prospiciens
1529 1165 1709 1206 Christus,
1738 1174 1807 1200 tam
1826 1168 1988 1202 ardenter
2006 1177 2100 1211 orat,
2134 1177 2168 1204 et
2194 1179 2279 1202 ean-

1297 1221 1377 1253 dem
1396 1218 1600 1263 petitionem
1617 1218 1739 1251 crebro
1758 1218 1962 1261 ingeminat.

1523 206 1571 244 Et
1615 207 1707 243 infra
1739 208 1866 245 diserte
1895 210 2039 246 dicitur:

1424 1300 1476 1336 Ul
1491 1298 1652 1334 habeant
1669 1298 1850 1346 gaudium
1867 1312 1982 1334 meum
1999 1301 2169 1348 plenumst

1400 1370 1497 1403 Haec
1520 1369 1636 1414 inquit
1654 1380 1794 1412 precor,
1821 1376 1859 1402 ut
1882 1369 1993 1403 sciant
2015 1381 2049 1403 se
2072 1370 2283 1405 consolatio-

1301 1433 1380 1454 nem
1407 1422 1566 1464 plenam,
1603 1419 1636 1452 id
1671 1426 1738 1457 est,
1773 1432 1908 1460 veram,
1940 1432 2013 1453 non
2035 1421 2282 1455 destituentem

1302 1474 1406 1505 corda
1424 1472 1458 1503 in
1476 1470 1635 1502 maximis
1651 1470 1814 1513 periculis
1833 1468 1980 1509 habere,
2016 1471 2049 1504 id
2076 1479 2146 1512 est,
2173 1472 2285 1507 sciant

1302 1529 1335 1556 te
1352 1522 1416 1555 sibi
1435 1521 1625 1554 affuturum
1645 1532 1726 1560 esse,
1753 1527 1784 1553 et
1803 1528 1896 1553 certo
1918 1521 2146 1555 collecturum
2162 1530 2194 1556 et
2211 1535 2284 1556 ser-

1304 1579 1464 1606 vaturum
1505 1582 1577 1604 esse
1605 1568 1817 1609 Ecclesiam,
1866 1571 1968 1604 etiam
2007 1574 2286 1616 repugnantibus

1305 1623 1469 1657 omnibus
1502 1621 1678 1665 imperiis,
1722 1633 1786 1653 nec
1818 1622 1954 1654 labores
1987 1631 2125 1655 nostros
2163 1624 2286 1657 inanes

1305 1676 1391 1707 fore.
1452 1672 1567 1716 Supra
1597 1679 1710 1704 autem
1737 1672 1950 1704 declaratum
1976 1680 2043 1711 est,
2077 1673 2162 1717 quid
2188 1681 2287 1707 vocet

1306 1725 1496 1769 perfectum
1521 1734 1582 1755 seu
1599 1722 1741 1765 plenum
1765 1723 1949 1764 gaudium,
1985 1723 2147 1756 videlicet
2169 1736 2287 1757 veram

1308 1782 1340 1809 et
1373 1775 1507 1807 firmam
1547 1772 1841 1812 consolationem,
1888 1773 2092 1806 dissimilem
2122 1772 2288 1808 humanis

1309 1823 1620 1859 consolationibus.
1674 1821 1726 1855 Ex
1758 1820 1920 1856 antithesi
1953 1835 2007 1856 res
2033 1824 2157 1858 melius
2183 1826 2289 1858 intel-

1311 1877 1456 1919 ligetur:
1493 1874 1577 1907 Saul
1600 1871 1762 1906 humanis
1786 1874 2087 1907 consolationibus
2102 1886 2137 1908 se
2154 1884 2290 1909 susten-

1310 1934 1378 1969 tat,
1405 1925 1500 1957 videt
1516 1921 1631 1957 adhuc
1648 1934 1683 1955 se
1701 1924 1834 1956 viribus
1852 1925 2079 1965 antecellere,
2107 1933 2139 1958 et
2163 1937 2233 1959 esse
2253 1927 2290 1960 in

1312 1976 1527 2021 possessione
1543 1974 1659 2015 regni,
1685 1980 1717 2006 et
1737 1970 1864 2006 habere
1881 1974 1990 2006 filium
2010 1975 2098 2007 bene
2117 1977 2290 2013 meritum.

1312 2025 1558 2061 Ratiocinatur
1577 2024 1683 2067 igitur
1700 2022 1871 2056 Davidem
1894 2024 1995 2057 facile
2018 2025 2155 2058 excludi
2180 2038 2291 2070 posse.

1314 2078 1380 2111 Sed
1415 2073 1588 2108 humanae
1619 2074 1876 2107 consolationes
1906 2076 2048 2108 tandem
2085 2088 2164 2109 eum
2187 2078 2294 2110 desti-

1313 2132 1429 2161 tuunt.
1484 2124 1539 2158 Ad
1551 2125 1662 2159 David
1682 2124 1802 2168 pulsus
1819 2124 1855 2156 in
1872 2124 2034 2164 exilium,-
2054 2138 2092 2159 ac
2109 2127 2294 2162 destitutus

1315 2177 1479 2211 omnibus
1496 2173 1661 2209 humanis
1682 2175 1881 2218 praesidiis,
1908 2176 2034 2210 retinet
2052 2174 2141 2210 hanc
2158 2178 2292 2211 firmam

1317 2227 1591 2261 consolationem
1603 2253 1611 2266 ,
1637 2226 1701 2259 scit
1717 2238 1750 2258 se
1767 2224 1894 2259 habere
1917 2227 2155 2259 remissionem
2173 2239 2293 2271 pecca-

1318 2286 1456 2315 torum,
1482 2277 1545 2310 scit
1561 2287 1595 2309 se
1613 2274 1742 2309 habere
1760 2275 1872 2309 Deum
1896 2277 2112 2324 propicium,
2140 2289 2177 2310 ac
2198 2279 2233 2311 in
2253 2291 2292 2313 eo

1319 2328 1523 2373 acquiescit,
1550 2328 1613 2361 scit
1631 2338 1664 2359 se
1683 2339 1754 2359 non
1773 2327 1966 2369 periturum
1985 2338 2066 2362 esse.
2098 2326 2193 2361 Haec
2209 2341 2293 2362 con-

1320 2379 1443 2412 solatio
1463 2378 1499 2410 in
1518 2378 1615 2411 luctu
1634 2377 1778 2420 ingenti,
1807 2384 1922 2410 tamen
1939 2378 2068 2411 dicitur
2082 2379 2195 2422 plena,
2213 2382 2295 2425 quia

1323 2437 1373 2463 est
1400 2430 1510 2463 firma.
1579 2428 1799 2468 Intelligatnr
1821 2439 1900 2470 ergo
1927 2428 2029 2472 plena
2056 2440 2116 2462 seu
2145 2431 2295 2473 perfecta

1322 2492 1394 2514 non
1412 2478 1623 2525 quantitate,
1651 2480 1707 2511 sed
1727 2478 1900 2511 firmitate.

1426 2529 1564 2563 Addam
1585 2529 1813 2562 declarandae
1830 2525 2012 2562 antithesis
2028 2540 2127 2562 causa
2143 2531 2296 2565 versicu-

1324 2582 1396 2615 lum
1422 2581 1567 2623 Yirgilii
1591 2586 1685 2612 sexto
1715 2579 1880 2611 Aeneid.:
1933 2578 2092 2623 Namque
2116 2588 2154 2614 ut
2177 2593 2298 2626 supre-

1325 2643 1415 2664 mam
1437 2632 1521 2664 falsa
1546 2631 1637 2664 inter
1655 2630 1777 2672 gaudia
1797 2637 1952 2669 noctem,
1980 2632 2169 2672 egerimus,
2193 2634 2295 2666 nosti.

294 2694 383 2718 recte
400 2684 620 2722 docentium,
656 2682 839 2727 aliquoties
867 2691 899 2716 et
924 2682 1006 2716 baec
1029 2682 1150 2727 petitio
1176 2681 1273 2725 inge-
1296 2670 1301 2719 l
1326 2681 1392 2715 llic
1411 2682 1599 2715 versiculus
1616 2680 1804 2723 imaginem
1823 2681 1977 2713 continet
1995 2682 2100 2715 totius
2118 2682 2208 2715 vitae
2231 2683 2297 2716 im-
