2415 2942
99 107 191 142 1001

351 104 450 140 XllI.
505 106 540 140 3.
569 104 866 142 ENARRATIO
894 106 1046 143 EPIST.
1077 104 1223 141 PAULI
1253 96 1318 140 AD
1347 103 1609 143 ROMANOS.
1663 105 1768 144 CAP.
1798 109 1878 144 XII.

2037 116 2132 149 1002

195 187 332 225 Deinde
359 198 392 225 et
420 192 508 225 aliae
536 204 658 226 causae
685 193 973 233 considerentur,
1003 205 1084 237 pro·
1139 199 1284 236 propter
1310 190 1503 225 Ecclesiam
1539 200 1691 228 caeteros
1728 203 1860 240 pascat,
1897 208 1961 230 nos
1989 201 2129 242 praeci,

95 251 171 287 pter
193 255 278 288 quas
304 244 395 276 bona
420 256 525 287 opera
550 244 709 277 facienda
739 251 840 285 sunt,
870 244 1001 277 scilicet
1028 246 1083 277 di-

94 295 221 337 gnitas.
276 295 382 334 Item,
411 294 564 338 praemia
581 303 613 329 et
631 296 814 328 necessitas
839 296 973 328 vitandi
1000 308 1081 339 poe-

94 357 167 380 nas,
232 344 394 387 Dignitas
428 353 478 379 est
511 348 604 391 quod
634 345 728 379 Deus
756 357 883 378 novam
911 347 1081 379 obedien-

93 397 194 438 tiam,
231 397 293 429 etsi
320 403 369 429 est
392 397 548 437 infirma,
590 397 713 438 recipit
741 404 883 440 propter
908 397 1079 430 mediato-

92 460 187 486 rem,
217 455 254 481 ut
277 455 377 480 antea
403 447 493 487 dixi,
521 454 554 481 et
579 448 738 480 nominat
764 448 951 486 sacrificia,
979 455 1009 481 et
1028 455 1078 481 est

91 499 225 532 fructus
249 498 402 541 Sgiiritus
433 499 561 538 sancti,
606 498 687 542 quia
715 510 852 541 semper
879 499 953 531 vult
981 498 1077 532 Deus

89 550 226 594 aliquos
244 561 315 581 esse
333 550 368 581 in
388 561 513 591 genere
529 548 703 589 humano,
733 550 862 594 quibus
887 562 959 582 sese
981 563 1076 583 com-

88 601 263 639 municet,
291 609 323 635 et
339 612 356 632 a
377 601 506 645 quibus
530 600 681 632 vicissim
705 608 795 633 recte
819 609 1028 643 agnoscatur
1044 608 1074 634 et

88 652 286 685 invocetur.

188 702 368 735 Postremo
408 701 511 734 etiam
543 701 697 744 praemia
737 709 770 734 et
802 703 987 736 necessitas
1021 702 1073 734 vi-

88 754 184 787 tandi
203 765 330 796 poenas
349 753 633 789 considerentur,
662 752 742 796 quia
764 754 998 786 certissimum
1024 760 1073 786 est

87 805 213 837 scelera
244 810 364 835 contra
397 803 645 835 conscientiam
678 801 855 836 attrahere
879 817 1009 848 poenas
1036 805 1071 836 in

87 854 150 888 hac
177 855 266 896 vita,
309 854 370 886 etsi
402 866 473 886 non
499 853 558 886 fiat
583 855 768 887 conversio
796 863 874 899 post
900 853 989 888 hanc
1017 856 1069 887 vi-

84 913 152 938 tam
166 930 174 942 ‚
203 906 297 937 iuxta
316 905 448 937 dictum
470 903 599 937 Psalmi
617 905 698 940 38.:
737 905 883 949 Propter
900 907 1070 951 iniquita-

84 964 132 990 tes
154 956 300 998 corripis
318 955 410 988 filios
427 953 625 990 hominum.
679 954 725 989 Et
753 970 953 1002 quanquam
980 959 1069 989 bona

83 1020 188 1052 opera
215 1019 285 1039 nun
311 1014 491 1040 merentur
509 1007 614 1040 vitam
640 1015 840 1048 aeternam,
868 1016 984 1041 tamen
1007 1006 1070 1041 lla—

83 1061 169 1092 bent
195 1070 254 1090 sua
283 1059 454 1102 quaedam
488 1057 640 1100 praemia
671 1059 704 1090 in
734 1058 798 1091 hac
830 1059 900 1092 vita
934 1066 965 1092 et
993 1066 1070 1102 post

79 1160 207 1203 legales
229 1160 479 1204 promissiones
500 1160 536 1191 in
555 1161 811 1201 reconciliatis,
829 1168 885 1194 ut:
915 1161 1015 1201 Date,
1036 1168 1068 1194 et

81 1211 222 1244 dabitur
254 1211 364 1244 vobis.

78 1269 202 1307 potum
225 1273 334 1306 aquae
350 1261 410 1294 uni
431 1273 469 1293 ex
488 1262 646 1294 minimis
666 1274 823 1295 meorum
844 1271 986 1307 propter
1004 1265 1067 1297 do-

80 1314 248 1352 ctrinam,
275 1324 346 1344 non
365 1313 485 1356 perdet
506 1314 700 1344 mercedem
723 1325 831 1349 suam.

183 1362 235 1396 Ac
255 1364 354 1395 valde
374 1363 607 1395 necessarium
626 1371 675 1396 est
694 1364 782 1396 scire
800 1364 990 1398 discrimen
1009 1365 1065 1396 in—

77 1422 131 1449 ter
162 1413 431 1458 promissionem
462 1414 591 1456 gratiae
616 1421 647 1446 et
675 1415 926 1457 promissiones
950 1417 1064 1448 bono·
1090 1435 1091 1462 ᾗ

76 1478 155 1499 rum
192 1465 451 1508 temporalium.
511 1463 704 1498 promissio
748 1467 880 1507 gratiae
922 1473 1066 1510 propter

76 1517 306 1550 mediatorem
334 1515 440 1558 gratis
463 1515 535 1547 sola
561 1515 628 1547 fide
655 1517 844 1560 accipitur,
872 1524 903 1550 et
929 1529 1066 1561 semper

76 1671 160 1709 hus,
190 1669 284 1700 iuxta
301 1667 434 1699 dictum
452 1666 531 1699 Iob:
567 1665 714 1700 Etiamsi
733 1669 866 1702 occidet
885 1682 955 1710 me,
985 1682 1063 1712 spe-

76 1721 162 1754 rabo
188 1720 223 1752 iu
243 1730 333 1750 eum.
375 1717 442 1751 Sed
464 1718 712 1761 promissiones
731 1719 906 1753 bonorum
925 1727 1062 1763 tempo-

1138 256 1204 287 pue
1228 250 1345 286 gratos
1368 255 1440 279 csse
1466 246 1663 288 oportebat.

1240 293 1360 327 Tertia
1383 307 1483 328 causa
1506 303 1575 330 est:
1605 296 1697 339 Quia
1717 298 1793 331 vult
1809 297 1904 332 Deus
1923 308 1955 334 et
1973 303 2125 335 necessi-

1134 350 1238 377 tatem
1265 346 1483 387 corporalem
1503 359 1574 380 esse
1592 350 1966 384 commonefactionem
1985 354 2026 385 de
2046 354 2125 393 fide,

1133 395 1376 436 invocatione,
1404 408 1464 439 spe
1487 405 1519 430 et
1537 399 1726 440 gratiarum
1753 401 1907 443 actione,
1940 403 2019 436 ideo
2042 417 2123 447 pro-

1133 446 1317 479 missiones
1360 447 1497 488 edidit,
1541 456 1579 482 ut
1613 450 1762 483 sciamus
1795 449 1884 485 lianc
1917 455 2120 496 petitionem

1131 508 1203 529 non
1231 508 1303 530 esse
1326 498 1483 539 irritam,
1511 506 1542 531 et
1567 500 1709 544 quidem
1728 502 1801 534 vult
1826 501 1909 536 haec
1928 505 1999 547 ipsa
2026 506 2120 538 bona

1104 547 1105 553 ’
1130 548 1234 580 etiam
1254 548 1320 580 fide
1339 549 1408 591 peti
1427 556 1459 582 et
1477 552 1666 593 expectari,
1696 553 1781 584 etin
1802 551 1865 586 bac
1892 556 2062 597 petitione
2088 565 2119 591 et

421 1209 524 1250 ltem,
561 1209 689 1244 Matth.
720 1211 792 1246 10.:
829 1212 901 1255 Qui
931 1212 1067 1246 dederit
1092 1214 1094 1241 l

1090 1511 1091 1527 ³
1116 1515 1232 1547 omnis
1251 1522 1354 1555 terra,
1378 1518 1470 1560 quod
1492 1518 1536 1550 sit
1557 1517 1650 1552 Deus
1668 1520 1702 1552 in
1723 1520 1837 1554 lsrael.

76 1575 150 1601 rata
171 1574 221 1600 est
240 1567 428 1603 omnibus,
468 1566 528 1609 qui
552 1567 588 1598 in
612 1567 844 1600 conversione
866 1575 1063 1601 sustentant
1089 1579 1090 1608 ς
1115 1563 1161 1598 Et
1182 1577 1276 1598 nunc
1293 1565 1447 1598 Domine
1464 1568 1563 1601 Deus
1588 1579 1707 1603 noster
1730 1572 1822 1604 salva
1840 1584 1904 1605 nos
1931 1574 1973 1606 de
1996 1586 2104 1607 manu

78 1631 112 1652 se
138 1619 225 1657 fide,
258 1617 362 1648 etiam
390 1617 525 1648 amissis
550 1617 716 1650 omnibus
743 1618 845 1651 bonis
870 1619 1063 1662 corporali-
1089 1636 1090 1639 =

74 1772 222 1809 ralium,
240 1781 441 1814 quanquam
458 1769 560 1802 etiam
579 1776 671 1802 ratae
690 1777 769 1802 sunt
790 1778 933 1814 propter
949 1771 1062 1804 filium
1087 1808 1089 1812 Α

73 1822 157 1863 Dei,
185 1828 219 1855 et
245 1832 315 1853 non
341 1827 488 1863 prosunt
515 1820 584 1852 nisi
609 1821 829 1863 praelucente
853 1822 942 1863 fide,
969 1835 1057 1867 quae
1087 1818 1089 1855 ἶ

73 1874 200 1917 accipit
217 1871 383 1914 gratiam,
409 1878 525 1904 tamen
553 1872 691 1904 additae
712 1879 793 1904 sunt
816 1873 919 1905 bonis
941 1874 1060 1917 operi-

73 1926 158 1966 bus,
187 1931 219 1956 et
239 1922 424 1966 praecipue
450 1929 591 1964 propter
618 1920 678 1954 lias
703 1923 860 1968 quinque
879 1936 1009 1959 causas.

174 1975 292 2008 Prima
317 1980 381 2006 est:
412 1972 458 2006 Ut
483 1974 553 2006 sint
579 1974 779 2007 testimonia
806 1975 1060 2018 providentiae.

68 2026 159 2060 Vult
179 2027 272 2058 enim
295 2025 376 2057 sciri
395 2024 488 2057 Deus
511 2031 542 2057 et
566 2025 658 2057 bona
685 2026 880 2068 corporalia
909 2038 964 2059 res
989 2039 1061 2059 esse

71 2071 117 2111 ab
143 2079 219 2121 ipso
244 2082 391 2113 creatas,
421 2082 453 2108 et
476 2087 548 2107 non
572 2087 652 2108 casu
679 2078 813 2119 spargi,
843 2078 902 2110 sed
918 2078 961 2110 ab
984 2078 1059 2121 ipso

71 2129 176 2163 etiam
196 2126 370 2160 Ecclesiae
389 2126 466 2158 dari
488 2134 519 2160 et
543 2128 760 2167 conservari,
790 2128 883 2162 iuxta
910 2129 1059 2162 dictum:

71 2179 151 2224 Ipse
176 2185 223 2212 est
248 2178 317 2210 vita
343 2184 422 2215 tua,
474 2184 506 2209 et
532 2177 717 2220 longitudo
744 2179 880 2212 dierum
907 2186 1060 2212 tuorum.

69 2230 178 2271 Item,
205 2228 335 2262 Psalm.
353 2228 432 2262 36.;
468 2226 509 2260 In
530 2229 654 2261 diebus
679 2229 779 2262 famis
804 2231 1061 2264 saturabuntur
1085 2229 1086 2243 ³

70 2289 134 2318 etc,
186 2280 323 2315 Divites
351 2279 570 2319 esurierunt,
613 2280 752 2313 timenti
782 2288 897 2315 autem
934 2281 1060 2315 Domi-

70 2345 156 2366 num
181 2344 254 2364 non
280 2331 393 2363 deerit
421 2330 534 2363 ullum
561 2331 718 2370 bonum.⁴

171 2383 355 2417 Secunda:
401 2380 448 2415 Ut
479 2381 549 2414 sint
581 2381 799 2420 testimonia,

69 2433 164 2467 Deus
181 2434 218 2466 in
236 2431 300 2466 hac
317 2433 385 2466 vita
403 2444 542 2465 servare
560 2430 750 2465 Ecclesiam
764 2460 772 2472 ‚
801 2446 907 2477 quare
928 2434 1058 2469 Paulus

71 2485 207 2530 inquit,
246 2487 274 2518 1.
296 2481 454 2518 Timoth.
471 2484 522 2516 4.;
550 2482 666 2517 Pietas
686 2481 790 2516 habet
808 2486 1058 2527 promissiones

70 2535 262 2581 praesentis
273 2536 361 2568 vitae
373 2535 564 2569 etfuturae.
594 2535 687 2578 Quia
697 2535 790 2567 enim
801 2536 1059 2570 vultDeusim-

70 2599 189 2621 mensa
207 2587 363 2620 bonitate
381 2586 544 2629 colligere
559 2584 751 2619 Ecclesiam
772 2593 916 2630 propter
936 2588 1059 2630 filium,

66 2639 237 2682 tantisper
260 2644 374 2670 servat
399 2634 494 2670 hunc
518 2638 680 2670 ordinem
706 2645 870 2678 naturae,
909 2639 1057 2671 foecun-

65 2690 125 2723 dat
144 2696 290 2729 terram,
324 2695 364 2722 ut
381 2688 448 2722 alat
464 2687 656 2722 Ecclesiam
671 2689 708 2721 in
726 2686 791 2723 hac
808 2689 896 2731 vita,
927 2696 960 2723 et
974 2702 1053 2723 cum

849 2383 943 2427 quod
976 2385 1060 2418 velit
1084 2400 1085 2403 ¹

1084 2418 1086 2431 l

1082 2444 1085 2549 1

1081 2553 1085 2728 l

1102 604 1104 612 '
1129 599 1368 642 expectatione
1386 600 1507 640 fidem,
1533 613 1628 644 spem
1643 629 1650 641 ,
1679 603 1881 646 patientiam
1902 618 2064 641 crescere.

1231 649 1365 692 Quarta
1387 663 1490 683 causa
1510 659 1576 684 est:
1606 651 1651 686 Ut
1670 654 1740 687 sint
1763 658 2117 690 commonefactiones

1127 701 1170 732 de
1191 701 1426 744 promissione
1450 702 1602 744 gratiae,
1630 704 1711 748 quia
1738 704 1858 743 fidem,
1895 719 1983 750 quae
2008 720 2115 750 agno-

1126 752 1190 784 scit
1226 752 1359 792 filium,
1396 759 1428 785 et
1456 753 1580 797 accipit
1617 756 1939 789 reconciliationem
1978 767 2116 802 oportet

1125 814 1260 846 semper
1280 803 1478 846 praelucere
1492 804 1527 836 in
1545 805 1715 848 petitione
1731 808 1965 850 corporalium
1983 821 2114 844 rerum.

1124 851 1168 886 Et
1196 854 1338 898 quidem
1366 861 1509 897 propter
1533 856 1644 888 filium
1673 865 1827 891 caeterae
1861 860 2111 902 promissiones

1124 904 1236 936 editae
1253 912 1284 937 et
1303 911 1397 937 ratae
1417 913 1510 941 sunt.
1554 906 1648 940 Haec
1667 909 1783 941 omnia
1802 908 2112 952 comprehendun-

1123 962 1180 988 tur
1204 956 1239 987 in
1266 956 1378 989 dicto:
1416 955 1601 1002 Quidquid
1626 960 1797 1002 petieritis
1824 968 1957 1004 patrem
1983 963 2019 994 in
2047 975 2111 995 no-

1123 1007 1217 1038 mine
1234 1019 1329 1047 meo,
1359 1007 1455 1041 dabit
1473 1009 1584 1045 vobis.

1224 1057 1356 1100 Quinta
1378 1070 1479 1091 causa
1506 1068 1573 1094 est:
1604 1060 1696 1103 Quia
1723 1062 1797 1095 vult
1817 1070 2005 1109 utrumque
2031 1065 2109 1097 sciri

82 1107 174 1142 lianc
194 1109 319 1148 vitam,
341 1109 434 1141 iuxta
452 1109 638 1142 consilium
657 1108 740 1149 Dei,
769 1122 832 1143 nec
851 1118 931 1144 sunt
949 1111 1068 1143 irritae
1119 1107 1234 1149 Deus,
1261 1116 1293 1142 et
1311 1110 1502 1142 subiectam
1523 1123 1595 1144 esse
1611 1112 1804 1145 Ecclesiam
1824 1115 1917 1147 cruci
1932 1140 1941 1152 ‚
1966 1122 1998 1148 et
2016 1116 2111 1150 inter

1120 1159 1193 1202 ipsa
1212 1160 1366 1203 pericula
1384 1167 1501 1193 tamen
1518 1163 1727 1197 mirabiliter
1741 1166 1871 1197 servari
1889 1167 1923 1197 in
1943 1164 2008 1199 hac
2025 1167 2109 1207 vita,

1119 1217 1158 1243 ut
1181 1211 1345 1244 universa
1373 1212 1582 1246 admiranda
1608 1216 1828 1248 conservatio
1852 1215 2045 1257 Ecclesiae,
2076 1226 2109 1252 et

1119 1273 1241 1293 omues
1261 1262 1442 1294 mirandae
1459 1263 1686 1298 liberationes
1703 1267 1773 1299 sint
1790 1267 1987 1300 testimonia
2008 1281 2107 1311 prae-

1091 1322 1093 1339 τ
1119 1312 1252 1344 sentiae
1276 1311 1342 1344 Dei
1368 1314 1404 1344 in
1432 1311 1607 1354 Ecclesia,
1644 1324 1682 1349 ut
1717 1317 1847 1350 dicitur
1882 1318 1918 1350 in
1943 1318 2109 1352 Numen-is

1091 1369 1093 1375 ’
1118 1374 1191 1404 cap.
1213 1362 1286 1397 14.:
1324 1362 1369 1396 Ut
1384 1364 1494 1396 sciant
1509 1366 1693 1410 Aegyptii,
1719 1369 1813 1412 quod
1837 1375 1873 1401 tu
1890 1368 2045 1402 Domine
2061 1371 2107 1404 sis

1117 1413 1154 1444 in
1172 1410 1238 1445 hoc
1258 1414 1402 1457 populo.
1447 1414 1548 1449 losua
1571 1417 1622 1451 3.:
1648 1418 1791 1457 scietis,
1819 1421 1913 1463 quod
1931 1420 2106 1454 Dominus

1116 1463 1211 1496 Deus
1232 1464 1268 1496 in
1288 1464 1402 1497 medio
1419 1467 1521 1499 vestri
1541 1469 1595 1502 sit.
1652 1470 1680 1503 1.
1701 1468 1840 1512 Regum
1855 1471 1928 1505 17.:
1961 1470 2007 1505 Ut
2021 1473 2107 1506 sciat

1884 1520 2007 1555 Esaiae
2026 1523 2104 1559 37.:

1115 1614 1375 1657 Sennacherib,
1410 1624 1448 1650 ut
1473 1629 1683 1662 cognoscant
1708 1623 1827 1655 omnia
1853 1635 1959 1666 regna
1981 1631 2106 1665 terrae,

1115 1668 1210 1711 quod
1230 1674 1268 1700 tu
1286 1668 1380 1700 solus
1398 1669 1443 1700 sis
1461 1668 1646 1706 Dominus.

1216 1717 1292 1751 Hae
1317 1731 1439 1752 causae
1465 1722 1507 1754 de
1538 1723 1835 1765 promissionibus
1863 1727 2105 1769 corporalibus

1113 1780 1215 1812 saepe
1234 1771 1450 1812 cogitentur,
1478 1780 1515 1806 ut
1542 1773 1626 1806 fides
1652 1775 1894 1818 multipliciter
1916 1778 2103 1811 confirme—

1113 1826 1187 1858 tur,
1216 1827 1248 1854 et
1274 1823 1511 1856 accendantur
1531 1824 1707 1858 invocatio
1732 1834 1764 1859 et
1789 1827 1980 1869 gratiarum
1999 1830 2104 1869 actio,

1114 1879 1146 1904 et
1162 1871 1310 1905 sciamus
1331 1885 1409 1906 vere
1427 1874 1463 1906 in
1488 1872 1552 1907 hac
1574 1876 1641 1910 vita
1663 1877 1742 1909 ideo
1769 1878 1873 1910 leniri
1899 1891 2102 1913 communes

1113 1923 1345 1964 calamitates,
1382 1933 1419 1958 ut
1449 1933 1608 1959 servetur
1637 1926 1814 1969 Ecclesia,
1851 1936 1884 1962 et
1910 1942 1972 1973 pro
2000 1931 2102 1964 bonis

1111 1974 1277 2017 operibus
1307 1983 1507 2009 sanctorum
1542 1978 1618 2010 dari
1646 1979 1754 2012 multa
1783 1981 1934 2023 praemia
1963 1982 2101 2024 publica

1112 2032 1144 2057 et
1172 2026 1326 2070 privata,
1360 2028 1465 2060 etiam
1491 2029 1527 2061 in
1555 2026 1660 2061 liuius
1683 2030 1774 2063 vitae
1799 2032 1981 2074 periculis,
2014 2034 2102 2066 sicut

1111 2074 1233 2108 Esaiae
1250 2077 1309 2111 33.
1331 2079 1478 2113 dicitur:
1508 2079 1616 2112 Panis
1633 2081 1662 2113 ei
1684 2081 1786 2115 datus
1804 2090 1871 2123 est,
1899 2095 2010 2128 aquae
2028 2085 2102 2117 eius

1111 2127 1229 2159 fideles
1253 2137 1353 2169 sunt,
1389 2137 1420 2162 et
1449 2131 1615 2173 rigabunt
1640 2139 1787 2174 terram,
1821 2132 1954 2176 Regem
1978 2135 2016 2167 in
2040 2136 2101 2168 de-

1111 2190 1190 2211 core
1206 2191 1268 2212 suo
1286 2181 1467 2214 videbunt.

1213 2228 1259 2263 Et
1283 2240 1477 2274 agnoscunt
1503 2234 1612 2267 sancti
1644 2234 1746 2266 etiam
1784 2233 1819 2266 in
1855 2235 2099 2278 corporalibus

1111 2281 1288 2315 beneficiis
1309 2283 1411 2326 longe
1437 2286 1592 2327 superari
1620 2285 1830 2318 liberalitate
1848 2284 1912 2317 Dei
1941 2286 2099 2330 ipsorum

1110 2332 1308 2374 benefacta,
1335 2335 1467 2367 etiamsi
1488 2337 1570 2380 quid
1590 2343 1780 2368 merentur.
1838 2335 1920 2369 Ideo
1941 2338 2025 2370 dicit
2046 2337 2099 2371 Ia-

1111 2384 1235 2416 cobus:
1265 2385 1390 2418 Minor
1405 2398 1481 2418 sum
1502 2387 1635 2419 cunctis
1656 2386 1940 2420 miserationilnis
1961 2388 2041 2422 tuis.

1214 2435 1347 2478 Quinta
1365 2438 1522 2482 quaestio
1541 2439 1583 2469 de
1600 2438 1806 2470 discrimine
1825 2446 2059 2481 peccatorum.

1212 2486 1358 2520 Necesse
1371 2495 1420 2520 est
1432 2487 1740 2522 moneribomines
1752 2490 1793 2521 de
1805 2489 2007 2523 discrimine
2020 2503 2097 2535 pec-

1110 2543 1287 2578 catorum,
1316 2551 1359 2571 ne
1385 2551 1462 2572 cum
1482 2540 1630 2572 audiunt
1649 2540 1783 2584 reliqua
1806 2551 1878 2573 esse
1900 2550 2038 2584 peccata
2061 2543 2096 2575 in

1109 2589 1238 2622 sanctis
1257 2589 1292 2621 in
1311 2587 1374 2622 hac
1393 2590 1474 2628 vita,
1503 2587 1667 2623 horribili
1686 2591 1804 2624 furore
1822 2593 1998 2625 somnient
2017 2605 2095 2636 per—

1109 2647 1308 2673 severantes
1332 2641 1368 2673 in
1390 2641 1578 2674 sceleribus
1599 2649 1720 2675 contra
1745 2643 1994 2675 conscientiam
2022 2643 2096 2686 pla-

1109 2702 1186 2723 cere
1208 2690 1296 2726 Deo.
1357 2691 1445 2725 Cum
1471 2692 1578 2736 igitur
1606 2694 1805 2739 quaeritur,
1844 2706 1932 2738 quae
1957 2702 2095 2738 peccata
