2415 2942
254 87 323 123 751

257 175 363 209 tiores
382 172 417 205 in
435 166 588 203 Ecclesia
613 163 727 206 Papae
750 161 873 206 procul
896 161 1075 194 recessisse
1094 172 1111 194 a
1129 160 1237 194 veteri

259 227 381 259 forma.
437 218 564 252 Psalmi
588 215 730 259 quidam
753 219 785 245 et
802 212 970 245 lectiones
986 224 1025 245 ex
1044 211 1237 253 Evangelio

260 273 514 309 recitabantur,
556 267 763 299 dicebantur
789 275 905 307 preces
933 275 994 306 pro
1028 261 1180 296 Ecclesia
1207 270 1240 295 et

260 324 421 368 Rt‘p1¹l²·-
438 326 554 364 postea
573 316 752 361 presbyter
770 321 862 346 stans
877 315 917 346 ad
938 325 1052 354 aram,
1074 314 1241 346 recitabat
1266 352 1267 357 ¹

261 376 365 408 verba
382 370 515 406 Christi
534 370 576 401 de
592 378 698 400 coena
718 364 882 403 Domini,
905 365 1033 397 deinde
1050 365 1242 397 distribue·
1266 365 1267 372 ¹

260 428 318 460 bat
343 422 474 468 populo
501 424 774 455 sacramentum,
815 417 1025 460 sequebatur
1052 416 1241 457 gratiarum
1267 417 1268 425 ¹

260 476 359 510 actio⁴

263 535 330 566 est,
367 523 513 557 Missam
540 526 674 554 tantum
707 518 811 550 fuisse
838 517 1143 554 communionem,
1182 528 1244 548 nec

261 578 367 610 fuisse
388 575 478 607 ullas
504 572 655 616 privatas
678 568 815 602 Missas.

264 628 412 661 randum
433 631 499 663 est,
526 622 618 666 quod
638 632 700 652 nec
719 619 848 651 mentio
868 619 903 652 lit
921 619 1109 651 oblationis
1134 629 1175 649 ne
1199 618 1248 650 ri-

265 688 338 713 tum
357 675 498 721 quidem
522 678 676 705 recenset
693 670 882 703 offerentis.
937 668 1031 701 llaec
1049 670 1139 712 apud
1162 667 1248 700 Dio-

266 730 404 775 nysium
427 723 611 769 praecipue
635 722 774 763 prodest
800 721 1005 756 observare,
1032 726 1071 751 ut
1095 718 1250 761 antiqui-

267 789 370 813 tatem
390 784 609 820 opponamus
631 772 690 811 iis,
718 771 777 815 qui
799 770 994 802 defendunt
1017 770 1147 803 abusus
1162 768 1251 802 Mis-

267 841 397 864 sarum.

370 878 538 912 Recenset
563 872 795 917 baptismum,
828 868 997 912 chrisma,
1031 870 1253 904 communio-

269 943 370 972 nem,
409 935 447 961 ut
471 926 561 965 dixi,
595 923 856 957 ordinationem
882 923 1186 968 presbyterorum,
1222 927 1254 955 et

271 992 410 1018 eorum,
433 977 493 1022 qni
513 983 591 1008 vota
609 973 798 1013 faciebant,
825 979 856 1005 et
874 974 1077 1006 unctionem
1095 979 1254 1005 mortuo-

271 1044 370 1071 rum,
397 1029 457 1063 ubi
482 1032 599 1059 narrat
618 1024 736 1070 quales
761 1023 892 1056 fuerint
911 1024 1129 1057 ceremoniae
1153 1024 1255 1056 sune-

273 1094 369 1120 rum,
419 1091 497 1112 cum
521 1078 668 1110 cadaver
692 1075 728 1106 in
761 1075 893 1118 templo
919 1075 1129 1108 collocatum
1156 1080 1255 1114 esset,

274 1137 453 1178 praesente
470 1128 601 1173 populo
620 1126 858 1159 recitabantur
876 1125 1013 1170 aliquae
1033 1125 1197 1158 lectiones
1217 1137 1257 1157 ex

275 1183 380 1217 sacris
403 1180 512 1214 literis
530 1180 572 1211 de
594 1176 857 1210 resurrectione.
909 1175 1046 1209 Deinde
1071 1176 1258 1209 iubebatur

277 1233 429 1279 populus
461 1230 588 1274 gratias
616 1239 751 1269 agerem
787 1227 967 1270 precibus,
1001 1228 1094 1272 quod
1121 1225 1178 1259 hic
1204 1227 1259 1270 pie
1282 1270 1283 1274 Ἰ

279 1283 480 1318 decessisset
513 1281 550 1312 in
581 1278 760 1321 agnitione
792 1276 990 1318 Evangelii.
1051 1276 1284 1321 Addebatur-3.

413 471 480 505 llic
510 470 577 504 suit
598 469 685 501 ritus
716 467 861 506 Missae,
897 468 990 499 uude
1021 466 1270 499 manifestum*

844 75 969 112 PntL.
997 74 1113 112 MEL.
1141 74 1351 110 SCRIPTA
1379 73 1684 111 EXEGETICA.

1264 201 1265 205 Ἰ
1289 175 1369 195 nem
1388 160 1593 205 Evangelii,
1621 162 1680 196 illa
1704 174 1786 196 vero
1812 162 2067 199 monachorum
2093 164 2273 199 ordinatio

1267 439 1269 462 η]
1295 416 1476 449 historiam
1495 417 1679 457 attinet‚ut
1698 416 1846 449 sciamus
1865 417 1925 461 qui
1945 417 2031 451 ritus
2047 425 2129 451 tunc
2147 418 2279 453 fuerint

1269 494 1270 497 ,
1295 468 1431 507 usitati,
1468 479 1540 500 non
1565 469 1649 501 fiant
1670 468 1831 511 dogmata
1856 475 1915 502 aut
1939 468 2030 511 leges
2057 480 2095 501 ex
2119 468 2193 502 eius
2217 469 2279 503 de-

1270 537 1271 553 :
1298 519 1361 551 scri
1377 518 1561 554 itionibus-

877 567 975 610 Quiu
1003 575 1035 601 et
1065 567 1154 600 illud
1180 567 1247 599 mi-
1270 561 1274 600 l
1369 532 1377 562 ί

279 1333 498 1369 adhortatio,
532 1337 571 1363 ut
594 1329 659 1361 sibi
685 1329 831 1372 quisque
855 1334 1052 1369 precaretur
1071 1328 1166 1373 pium
1186 1327 1258 1360 exi-
1282 1328 1284 1339 '

279 1395 352 1420 turn
372 1396 410 1417 ex
430 1381 494 1415 bac
511 1381 591 1414 vita.
644 1379 715 1412 Hic
734 1390 807 1410 mos
822 1378 887 1410 suit
904 1378 1028 1421 plenus
1049 1378 1201 1420 pietatis,
1226 1384 1259 1410 et
1283 1388 1284 1410 t

278 1436 384 1469 laude
407 1434 544 1475 dignus.

279 1487 355 1520 ficia
373 1483 514 1527 cogitari
528 1509 536 1519 ,
562 1493 664 1525 qnam
684 1480 717 1511 in
737 1479 797 1511 illo
816 1479 948 1521 ingenti
967 1491 1093 1521 agone,
1110 1479 1261 1511 retinere
1283 1483 1285 1493 ’

280 1535 411 1571 Christi
428 1532 662 1577 agnitionem,
692 1530 851 1562 adiuvari
868 1542 884 1561 a
902 1527 1046 1562 Christo
1064 1536 1096 1562 et
1114 1528 1263 1561 salvari?
1284 1523 1286 1532 ’

281 1587 382 1620 Hanc
399 1582 631 1618 ceremoniam
650 1580 829 1613 meliorem
854 1580 1029 1612 recentior
1051 1586 1143 1612 aetas
1162 1591 1263 1622 pror-
1285 1586 1287 1592 ’

282 1650 339 1672 sus
357 1635 529 1674 abolevit,
555 1632 700 1665 retentis
717 1637 748 1664 et
766 1630 950 1663 cumulatis
967 1630 1212 1664 deterioribus.

382 1686 492 1721 Addit
516 1690 631 1717 autem
646 1681 856 1726 Dionysius,
886 1689 962 1724 post
986 1679 1076 1713 hanc
1098 1678 1264 1713 adhorta·
1287 1678 1289 1690 ¹

283 1740 416 1774 tionem
447 1735 570 1769 abiisse
601 1734 861 1777 presbyterum,
902 1739 934 1764 et
965 1732 1158 1775 perfudisse
1187 1732 1264 1764 oleo
1289 1729 1290 1754 l

596 1429 697 1472 Quae
723 1429 815 1460 enim
840 1435 982 1471 possunt
1001 1428 1132 1461 maiora
1153 1429 1260 1460 bene-
1283 1428 1284 1452 l

285 1791 448 1827 cadaver,
476 1793 507 1819 et
527 1790 704 1829 precatum
723 1794 811 1822 esse,
838 1790 875 1816 ut
893 1781 986 1815 Deus
1004 1783 1034 1814 ei
1052 1783 1267 1815 condonaret
1289 1779 1291 1799 ³

287 1839 523 1873 infirmitatem
536 1864 545 1876 ‚
572 1846 660 1880 quae
677 1834 712 1866 in
731 1846 770 1866 eo
789 1833 922 1878 reliqua
949 1833 1068 1866 suisset
1086 1840 1162 1877 post
1181 1844 1266 1865 con-—

286 1890 496 1924 versionem.
549 1885 672 1918 Postea
702 1886 849 1917 cadaver
879 1885 1097 1916 condebatur
1131 1884 1168 1916 in
1198 1890 1268 1916 ter-

287 1953 376 1976 ram.
435 1937 512 1971 Hae
537 1943 671 1970 tantum
698 1935 839 1967 suerunt
862 1935 1025 1967 funerum
1050 1933 1270 1967 ceremoniae

288 2001 373 2026 tunc
390 1989 554 2034 quidem,
593 1986 752 2018 nondum
773 1985 809 2017 in
836 1984 941 2017 Missa
963 1986 1065 2017 fiebat
1087 1985 1270 2017 defuncto-

290 2054 369 2076 rum
399 2039 557 2076 mentio,
609 2036 721 2069 multo
751 2036 868 2067 minus
900 2035 1114 2068 offerebatur
1146 2046 1272 2078 corpus

291 2091 435 2127 Domini
462 2102 524 2133 pro
550 2087 708 2120 mortuis.

293 2141 461 2177 eramenti
489 2138 661 2184 posterior
686 2143 778 2169 aetas
802 2137 948 2168 addidit.

395 2191 573 2225 Hactenus
599 2190 640 2221 de
664 2187 853 2231 Dionysio:
889 2186 925 2218 in
944 2198 1014 2230 quo
1033 2186 1095 2219 etsi
1117 2197 1269 2219 ceremo-

294 2245 372 2277 niae
395 2242 585 2286 aliquando
610 2239 727 2271 minus
751 2238 895 2270 vitiosae
913 2244 1013 2277 sunt,
1048 2243 1163 2269 tamen
1192 2242 1275 2269 sunt

297 2295 395 2327 initia
426 2288 675 2329 monachatus,
717 2294 748 2320 et
783 2286 848 2320 boc
877 2289 972 2329 gravi
1001 2285 1275 2330 reprehensione

297 2347 440 2388 (lignum
459 2349 526 2379 est,
556 2342 647 2385 quod
675 2351 745 2371 non
772 2339 935 2371 discernit
955 2339 1045 2371 iuter
1061 2344 1275 2370 sacr-'nuenta

298 2395 468 2428 divinitus
495 2393 674 2428 instituta,
703 2397 734 2422 et
759 2387 929 2421 humanas
953 2389 1169 2422 traditiones
1223 2387 1276 2421 De

299 2444 485 2477 chrismate
510 2442 655 2485 perinde
681 2440 855 2484 loquitur,
890 2446 929 2472 ut
953 2440 994 2471 de
1017 2439 1210 2482 baptismo,
1245 2444 1279 2472 et

301 2501 422 2539 aequat
440 2489 605 2537 πάρεργα
623 2490 759 2537 ἔργοις,
783 2497 819 2523 ut
837 2490 882 2521 ita
902 2490 1024 2523 dicam.
1079 2487 1278 2522 Monacho-

302 2558 378 2578 rum
408 2543 665 2575 ordinationem
685 2542 786 2573 etiam
807 2541 952 2573 antefert
970 2540 1187 2572 ordinationi
1212 2539 1279 2571 rni-

1312 1379 1438 1421 gebant
1461 1379 1669 1411 duraturum
1695 1389 1766 1410 esse
1787 1378 1882 1410 mille
1899 1390 2011 1410 annos
2029 1378 2065 1410 in
2085 1375 2147 1410 hac
2168 1389 2292 1420 corpo-

1312 1430 1375 1462 rali
1402 1429 1490 1468 vita,
1531 1435 1610 1461 ante
1636 1428 1761 1460 mundi
1780 1428 2110 1471 conflagrationem,
2154 1435 2186 1461 et
2211 1434 2292 1460 ante

1289 1772 1291 1775 r
1319 1731 1530 1773 suetudine,
1564 1727 1763 1762 habendam
1790 1742 1864 1762 eam
1893 1742 1963 1763 esse
1992 1742 2054 1773 pro
2081 1730 2168 1773 lege.

758 2084 859 2118 Hane
878 2084 1194 2131 prophanationem
1218 2097 1273 2118 sa·
1293 2105 1300 2138 1

303 2597 513 2631 nisum-um,
555 2592 645 2635 quod
676 2597 725 2623 est
750 2591 850 2622 valde
875 2591 1166 2634 vituperandum,
1202 2602 1279 2621 cum

304 2644 478 2679 ordinatio
506 2642 749 2674 ministrorum
784 2642 954 2683 pertineat
981 2642 1021 2675 ad
1051 2641 1281 2685 praedicatio-

2198 76 2272 114 752

1290 214 1335 247 sit
1361 214 1620 256 superstitiosa,
1663 219 1695 246 et
1720 220 1855 247 tantum
1881 215 1938 248 fiat
1967 224 2109 261 propter
2139 217 2273 250 cultum

1292 262 1531 308 prohibitum,
1559 265 1652 298 iuxta
1667 264 1774 298 illud:
1801 264 1945 298 Frustra
1964 279 2019 299 me
2035 268 2155 300 colunt
2173 279 2276 300 man-

1293 316 1381 349 datis
1400 313 1607 354 hominum,
1631 322 1662 348 et
1683 321 1799 348 tamen
1820 316 1868 347 ibi
1888 314 2116 350 monachatus
2132 324 2276 351 vocatur

1294 367 1473 409 perfectio.
1521 364 1616 407 Ergo
1634 365 1771 399 valeant
1789 366 1863 398 eius
1881 367 2099 408 testimonia,
2123 369 2217 413 quod
2233 368 2276 401 ad

1631 592 1684 626 De
1712 591 1948 627 Tertulliano.

1403 668 1647 702 Tertullianus
1670 675 1762 702 recte
1786 669 1981 703 confutavit
2004 667 2223 704 Marcionem
2250 677 2285 705 et

1302 720 1457 764 reliquos
1477 721 1550 754 eius
1569 720 1731 754 factionis
1749 717 1953 754 haereticos.
1998 719 2166 755 Continet
2183 721 2286 756 utilia

1304 772 1502 805 testimonia
1530 773 1572 804 de
1591 771 1784 811 Trinitate,
1810 771 1961 804 recitans
1986 783 2058 804 non
2080 784 2178 805 suam
2207 783 2287 806 sen-

1304 822 1468 861 tentiam,
1485 823 1545 854 sed
1566 828 1716 855 veterem
1733 829 1907 866 acceptam
1925 823 1968 855 ab
1985 822 2176 866 ApostoliS.
2212 822 2288 856 Ad-

1305 885 1424 905 versus
1442 872 1609 905 Praxeam
1635 879 1724 905 extat
1750 872 1965 906 luculentum
1985 873 2224 906 testimonium
2243 875 2287 907 de

1306 925 1431 963 verbo,
1467 921 1533 955 boc
1561 930 1631 963 est,
1665 924 1708 955 de
1731 923 1802 955 filio
1825 922 1908 964 Dei,
1936 925 2028 969 quod
2057 924 2101 957 sit
2126 935 2286 967 persona,

1306 975 1408 1008 etiam
1428 980 1614 1018 autequam
1634 974 1802 1006 adsumsit
1822 972 2012 1007 humanam
2037 981 2211 1009 naturam.

1408 1023 1593 1057 Caeterum
1618 1031 1648 1057 et
1676 1031 1807 1056 veteres
1833 1023 2097 1067 reprehendunt
2119 1026 2290 1070 quaedam

1308 1076 1381 1109 eius
1416 1081 1547 1112 errata,
1588 1074 1768 1117 videlicet,
1810 1076 1903 1118 quod
1940 1076 2111 1108 secundas
2147 1075 2288 1120 nuptias

1309 1128 1470 1166 damnat,
1499 1132 1533 1158 et
1548 1125 1696 1158 ridicule
1713 1132 1996 1167 argumentatur:
2025 1125 2105 1158 Non
2124 1126 2204 1160 licet
2219 1126 2290 1159 fra·

1309 1178 1373 1211 tris
1391 1177 1520 1209 mortui
1538 1187 1682 1209 uxorem
1703 1176 1839 1208 ducere.
1892 1174 2030 1209 Ducens
2048 1177 2189 1210 viduam
2209 1177 2293 1210 reli-

1312 1235 1401 1261 ctam
1420 1240 1437 1260 a
1455 1225 1676 1266 Christiano,
1709 1226 1809 1260 duxit
1832 1227 1950 1261 fratris
1974 1227 2104 1261 mortui
2128 1240 2289 1262 uxorem:

1312 1291 1392 1321 eigo
1429 1290 1500 1310 non
1527 1285 1619 1310 recte
1643 1277 1734 1312 facit.

1410 1328 1518 1361 Ludit
1534 1329 1638 1360 etiam
1656 1328 1699 1360 de
1723 1338 1830 1370 regno
1855 1334 2074 1367 sanctorum,
2107 1328 2204 1372 quod
2226 1327 2294 1360 fin-

1313 1480 1543 1512 uovissimum
1568 1478 1755 1519 iudicium,
1790 1479 1957 1522 paulatim
1977 1479 2071 1518 aliis,
2098 1478 2200 1510 citius
2222 1477 2300 1510 aliis

1313 1531 1445 1563 tardius
1462 1528 1735 1571 resurgentibus.
1791 1528 1868 1561 Hoc
1886 1528 2065 1561 Iudaicum
2089 1528 2302 1561 deliramen—
2321 1561 2327 1569 ι

1314 1587 1387 1613 tum
1406 1591 1547 1623 prorsus
1570 1579 1828 1622 explodendum
1854 1584 1904 1611 est
1928 1589 1971 1611 ex
1995 1577 2160 1611 Ecclesia.

1421 1629 1457 1662 lu
1486 1629 1605 1661 libello
1636 1629 1678 1661 de
1714 1641 1843 1662 corona
1866 1629 1989 1662 militis
2015 1629 2124 1662 multa
2150 1628 2234 1662 dicit
2257 1629 2300 1662 de

1288 1722 1290 1726 Α
1317 1681 1444 1714 ritibus
1464 1678 1646 1719 humanis,
1676 1686 1708 1712 et
1730 1679 1916 1712 durissime
1940 1679 2138 1713 declamitat
2157 1681 2199 1713 de
2216 1691 2300 1713 con-

2234 1729 2300 1763 His

1319 1783 1421 1815 dictis
1442 1782 1476 1814 iu
1494 1780 1647 1814 Ecclesia
1675 1781 1765 1814 male
1783 1781 1946 1821 detortis,
1974 1789 2012 1814 ut
2031 1781 2085 1819 fit,
2114 1782 2300 1814 confirma-

1320 1840 1443 1866 rentur
1468 1833 1623 1875 ingentes
1650 1843 1784 1864 errores
1807 1833 1973 1864 omnibus
1998 1832 2186 1872 aetatibus,
2219 1833 2301 1877 quia

1321 1896 1502 1928 nuriquam
1527 1889 1620 1916 tanta
1645 1889 1694 1915 est
1718 1882 1898 1925 vigilantia
1924 1880 2129 1922 homiuum,
2164 1889 2202 1916 ut
2226 1894 2301 1915 non

1321 1936 1493 1977 obrepant
1510 1933 1645 1977 aliquae
1664 1932 1807 1966 vitiosae
1826 1932 2108 1967 consuetudines.

1417 1983 1588 2018 Recenset
1605 1990 1719 2016 autem
1738 1982 1982 2016 Tertullianus
2005 1983 2196 2016 admodum
2217 1994 2302 2027 pue-

1323 2035 1404 2068 riles
1422 2046 1547 2073 mores,
1563 2046 1606 2066 ne
1626 2040 1701 2076 post
1716 2034 1927 2077 baptismum
1946 2033 2068 2077 primis
2087 2040 2216 2077 septem
2229 2034 2304 2066 ‹tie-

1327 2087 1390 2118 bus
1410 2091 1507 2118 eatur
1524 2084 1561 2116 in
1576 2084 1753 2118 balneum.
1780 2084 1878 2124 Item,
1892 2091 1929 2117 ut
1942 2084 2121 2128 baptizatis
2139 2085 2303 2127 praebea-

1325 2143 1382 2169 tur
1397 2142 1595 2177 gustantum
1612 2134 1662 2167 lac
1674 2135 1795 2169 etmel.
1826 2133 2137 2179 lbi,inquit,etiam
2154 2135 2303 2168 oblatio-

1327 2198 1388 2219 nes
1409 2198 1470 2229 pro
1483 2185 1665 2224 defunctis,
1682 2197 1743 2228 pro
1761 2185 1929 2218 natalitiis
1941 2197 2055 2218 annua
2073 2186 2127 2217 die
2145 2185 2302 2219 facimus.

1328 2238 1366 2269 Id
1401 2249 1496 2269 nunc
1523 2236 1629 2279 impie
1658 2238 1870 2280 detorquent
1897 2236 2085 2268 adversarii
2118 2236 2230 2268 nostri
2259 2238 2303 2269 ad

1329 2287 1456 2320 Missas
1480 2299 1541 2330 pro
1568 2286 1726 2320 mortuis,
1786 2285 1859 2319 Cur
1886 2286 2016 2319 natales
2047 2286 2233 2327 omittunt,
2275 2287 2304 2319 si

1329 2345 1465 2371 tantum
1494 2337 1655 2370 tribuunt
1678 2336 1856 2370 autoritati
1875 2336 2111 2369 Tertulliani?
2152 2336 2220 2370 Sed
2246 2337 2305 2370 ille

1330 2401 1401 2421 non
1421 2389 1576 2432 loquitur
1593 2389 1635 2419 de
1652 2399 1756 2420 coena
1769 2387 1925 2422 Domini.
1977 2385 2108 2419 Verum
2129 2387 2163 2419 in
2182 2388 2305 2421 diebus

1331 2440 1507 2472 natalibus
1531 2445 1562 2471 et
1578 2438 1740 2471 funerum
1757 2438 2004 2471 adferebantur
2020 2438 2054 2469 iu
2074 2438 2201 2481 templa
2226 2438 2305 2478 cibi,

1332 2497 1365 2523 ct
1385 2490 1450 2522 alia
1470 2501 1613 2521 niuncra
1633 2489 1854 2532 pauperibus.
1907 2487 1999 2520 Haec
2018 2490 2188 2523 vocabant
2208 2489 2306 2521 obla-

1306 2569 1308 2578 ,
1332 2541 1444 2574 tiones
1472 2547 1503 2573 et
1529 2536 1692 2586 dyc>ina3‚
1737 2546 1770 2572 et
1795 2549 1869 2571 mos
1900 2545 1972 2571 erat
1998 2539 2040 2571 ab
2064 2536 2226 2572 Ethnicis
2251 2551 2306 2573 ac-

1306 2598 1472 2633 ‚ceptus,
1516 2592 1574 2622 sed
1610 2587 1775 2622 nonnihil
1808 2595 1991 2623 correctus.

1307 2655 1312 2685 ε,
1335 2642 1463 2674 dabant
1485 2641 1610 2686 epulas
1631 2641 1731 2673 etiam
1758 2641 1795 2672 in
1821 2640 1977 2683 templis·‚
2019 2640 2053 2672 in
2079 2640 2261 2688 natalibus
2276 2647 2308 2674 et

2045 2588 2131 2622 Nam
2164 2587 2308 2622 Ethaici
