2415 2942
298 110 392 145 1127

451 193 507 228 lv,
537 190 721 235 Exempla.

452 258 492 291 V.
520 257 652 291 Causae
669 257 800 290 finales.

401 326 540 359 Primus
557 325 655 358 locus
678 332 724 357 est
746 323 939 356 necessitas.
986 322 1075 356 Cum
1096 323 1188 355 enim
1207 335 1284 355 mn-

303 377 366 410 tari
386 377 514 409 malum
536 388 605 408 non
625 382 755 419 potest,
780 376 907 406 frustra
932 385 1099 416 augemus
1129 374 1284 407 dolorem

302 429 553 469 repugnando,
578 427 664 459 sicut
688 427 834 458 dicitur:
865 422 916 469 μὴ
943 422 1032 470 πρὸς
1062 423 1197 471 κέντρα
1225 426 1287 457 λα-

301 490 444 512 χιι-ειν.

405 537 607 575 Secundus,
641 536 720 580 quia
747 536 835 569 ratio
859 541 891 567 et
917 536 970 568 lex
996 542 1140 567 naturae
1165 533 1287 566 iubent

307 691 397 733 quod
422 690 484 720 sibi
505 695 651 721 mortem
669 687 852 719 consciscit
875 693 1016 730 propter
1033 686 1203 718 dolorem.

407 748 546 781 Tertius
561 776 568 785 ,
594 760 717 786 magna
740 747 865 778 levatio
887 753 936 779 est
953 747 1042 778 bona
1063 745 1287 785 conscientia,

309 808 342 831 111
364 800 506 832 dicitur:
540 797 597 831 {ist
618 798 747 841 aliquid
770 797 901 838 magnis
919 797 1050 829 crimen
1072 797 1189 828 abesse
1213 808 1286 828 ma-

308 851 365 882 lis:
395 850 474 893 quia
497 849 612 880 minus
631 849 748 880 dolent
767 847 989 887 Palamedes,
1016 846 1193 886 Socrates,
1220 846 1286 880 Ca-

307 901 425 932 millus
445 909 472 932 ct
493 900 640 935 similes,
670 899 749 942 quia
769 898 979 931 conscientia
1001 910 1072 929 non
1093 904 1142 930 est
1160 898 1286 931 saucia.

306 950 458 983 Econtra
482 951 583 982 ludas
601 956 630 981 et
650 949 779 981 similes
798 948 906 990 magis
923 949 1060 988 dolent,
1088 948 1168 991 quia
1194 948 1288 980 intus

306 1010 336 1034 rt
355 1001 437 1032 soris
453 1001 666 1036 erut-luitur,
691 1008 717 1029 ct
740 999 970 1032 conscientiae
986 997 1162 1043 Erinnyes
1179 999 1288 1031 multo

307 1052 455 1084 maiores
473 1051 644 1083 cruciatus
660 1050 822 1090 atterunt,
841 1062 946 1094 quam
963 1049 1034 1083 ulla
1052 1057 1193 1083 externa
1212 1062 1289 1082 cor-

308 1102 402 1145 poris
422 1102 594 1134 laceratio.

413 1169 587 1210 Quartus,
632 1165 797 1210 Exempla
832 1167 910 1199 ideo
943 1173 1121 1211 utcunque
1153 1166 1290 1199 leniunt

310 1220 479 1255 dolorem,
498 1219 576 1261 quia
597 1216 823 1250 bonestorum
843 1218 954 1250 tristes
976 1229 1072 1250 casus
1091 1218 1291 1255 ostendunt,

311 1271 418 1312 ipsam
448 1270 678 1301 calzunitatem
706 1281 775 1300 non
806 1281 877 1301 esse
903 1268 1172 1310 turpitudinem.
1226 1267 1292 1300 Fe-

311 1329 436 1353 runtur
475 1327 588 1351 autem
625 1319 759 1350 facilius
795 1331 851 1358 ea,
900 1330 987 1362 quae
1020 1319 1185 1350 videntur
1220 1330 1292 1351 esse

310 1372 384 1403 sine
408 1370 648 1412 turpitudine,
677 1376 714 1401 ut
741 1369 878 1401 facilius
902 1369 967 1400 sert
993 1369 1133 1400 exilium
1159 1368 1293 1408 Cicero,

313 1422 392 1465 quia
410 1421 470 1453 scit
491 1421 525 1451 in
554 1421 672 1451 eadem
697 1419 872 1461 republica
899 1426 996 1451 autea
1025 1419 1116 1451 viros
1142 1419 1292 1461 optimos

313 1472 472 1514 expulsos
490 1482 571 1509 esse,
592 1478 627 1503 nt
645 1468 853 1508 Camillum,
874 1468 1067 1508 Rutilium,
1085 1470 1172 1501 alios
1189 1470 1291 1502 etiam

313 1523 531 1561 interfectos,
559 1527 597 1553 ut
614 1520 811 1552 Antonium
831 1526 1006 1552 oratorem
1024 1527 1056 1551 et
1071 1519 1170 1553 31105.

415 1588 587 1630 Quintus,
630 1585 741 1619 Causa
770 1586 885 1618 finalis
911 1586 1003 1618 bona
1031 1585 1160 1618 minuit
1191 1585 1291 1618 dolo-

315 1651 406 1678 rem,
434 1645 471 1671 ut
489 1638 628 1682 quando
646 1637 723 1669 aliis
746 1638 885 1680 prodest
902 1643 1018 1669 nostra
1036 1636 1229 1677 calamitas,
1257 1642 1295 1669 ut

315 1689 451 1723 Codrus
465 1689 597 1732 oppetit
616 1694 766 1720 mortem
791 1700 853 1731 pro
875 1688 995 1731 patria.

417 1756 492 1789 Hae
517 1756 793 1794 tonsolationes,
827 1754 889 1787 etsi
916 1761 1095 1798 utcunque
1120 1754 1296 1787 deliniunt

316 1809 472 1847 animos,
514 1813 629 1839 tamen
663 1806 867 1849 relinquunt
900 1817 958 1838 eos
992 1806 1028 1837 in
1060 1812 1190 1845 morte,
1233 1817 1296 1837 nec

318 1860 505 1891 ostendunt
524 1858 628 1889 vitam
646 1863 678 1889 et
696 1856 937 1888 liberationem
956 1868 995 1888 ex
1014 1855 1172 1887 miseriis.
1214 1855 1295 1888 Ideo

319 1908 372 1943 1115
404 1908 579 1950 languidis
609 1907 908 1939 consolationibus
942 1912 1169 1949 opponantur
1192 1904 1297 1939 Clu-i-

318 1961 470 1997 stianae‚
515 1970 662 2002 quarum
696 1957 761 1989 loci
799 1957 907 2000 aliqui
936 1957 1038 1989 sumti
1065 1969 1103 1988 ex
1130 1957 1201 1998 lege
1230 1956 1293 1989 Dei

321 2016 516 2049 congruunt
539 2020 614 2040 cum
634 2005 895 2051 philosophicis,
913 2009 971 2040 sed
988 2007 1096 2052 aliqui
1114 2015 1194 2040 sunt
1216 2020 1296 2051 pro-

321 2061 387 2105 prii
414 2059 606 2101 Evangelii.

424 2128 562 2160 Primus
605 2133 653 2158 est
682 2124 893 2163 Necessitas,
937 2125 1097 2158 videlicet
1137 2126 1190 2157 lex
1224 2124 1300 2164 Dei,

323 2191 410 2224 quae
427 2179 540 2211 sanxit
557 2188 698 2221 poenas.
756 2177 832 2208 ldeo
858 2176 959 2208 etiam
979 2177 1112 2209 dictum
1129 2184 1194 2209 est:
1223 2175 1301 2208 Hu-

325 2229 513 2262 miliamini
532 2229 596 2261 sub
615 2227 746 2271 potenti
768 2239 870 2259 manu
890 2225 966 2260 Dei.

428 2295 625 2335 Secundus,
656 2293 776 2327 Virtus
800 2293 1023 2326 anteferenda
1050 2293 1177 2328 dolori.
1233 2292 1302 2325 Su-

329 2347 436 2379 mitnr
460 2353 491 2379 et
518 2343 602 2378 11388
625 2345 815 2378 consolatio
841 2356 879 2376 ex
898 2344 987 2385 lege,
1016 2344 1095 2387 quia
1114 2344 1165 2376 lex
1182 2345 1301 2376 diviua

329 2397 516 2440 praecipit,
544 2408 588 2428 ne
607 2396 704 2428 fracti
731 2396 852 2427 dolore
870 2402 989 2427 contra
1009 2395 1180 2427 iusticiam
1198 2395 1304 2428 facia-

331 2458 426 2487 mus,
454 2454 489 2479 ut
509 2446 593 2480 Cato
612 2446 754 2480 violavit
769 2447 895 2488 legem:
923 2444 1001 2477 Bon
1020 2445 1167 2480 occidas.

432 2512 590 2553 Tertius,
625 2513 723 2546 Bona
747 2513 967 2546 conscientia.
1022 2512 1182 2546 Sumitur
1200 2510 1307 2546 ethic

334 2565 430 2597 locus
446 2564 573 2605 exlege
593 2564 729 2602 divina,
759 2565 839 2608 quia
862 2571 893 2596 et
917 2564 970 2596 lex
996 2564 1116 2596 divina
1141 2564 1306 2606 praecipit

335 2616 494 2647 dolorem
521 2621 660 2657 propter
686 2615 832 2651 scelera,
864 2621 896 2647 et
920 2616 961 2646 (18
986 2615 1076 2646 bona
1094 2615 1304 2647 conscientia

335 2666 501 2709 scriptum
519 2671 582 2697 est:
611 2663 739 2697 Secura
757 2676 853 2697 mens
873 2665 950 2707 iuge
970 2664 1187 2699 convivium·

895 103 1018 138 PHtL.
1046 100 1162 137 MEL.
1189 99 1397 137 SCRIPTA
1426 98 1724 136 EXEGETICA.

1313 390 1505 430 ¹auxilium
1543 389 1604 423 Dei
1643 389 1677 422 in
1715 385 1779 421 bae
1815 389 1897 424 vita.

1313 459 1314 474 ι
1338 440 1480 472 exilium
1505 441 1663 473 meminit
1689 439 1741 471 sui
1766 439 1901 482 lapsus,
1928 440 1986 473 sed
2005 448 2119 474 tamen
2146 444 2311 471 sustentat

1313 519 1314 523 ,
1338 503 1391 532 se,
1426 497 1458 524 et
1481 491 1666 535 acquiescit
1698 491 1734 522 in
1762 489 1856 528 Deo,
1899 490 1978 535 quia
2005 490 2067 523 scit
2091 488 2157 521 sibi
2183 487 2312 522 remitti

1313 568 1314 571 ,
1340 549 1474 585 peccata
1497 550 1529 575 et
1552 553 1679 585 poenas
1703 548 1870 574 aeternas.

305 588 476 620 anteferre
504 588 668 620 virtutem
694 586 826 624 dolori,
862 597 932 618 non
961 586 1126 618 faciamus
1152 585 1284 627 aliquid
1313 591 1315 600 ¹

309 637 508 680 inhoneste,
551 638 649 670 fracti
682 637 822 675 dolore,
859 643 896 669 ut
917 636 1004 669 Cato
1037 635 1164 667 iniuste
1194 635 1286 676 facit,
1313 636 1314 641 ¹

2214 101 2310 137 1128

1436 186 1601 229 Quartus,
1622 185 1763 229 Agnitio
1776 186 2032 220 misericordiae
2049 193 2078 219 et
2097 185 2310 231 praesentiae

1336 236 1418 276 Dei,
1452 245 1484 271 et
1510 237 1630 271 auxilii
1655 237 1778 269 divini.
1836 237 1928 270 Haec
1954 238 2144 270 consolatio
2170 237 2308 280 propria

1337 295 1383 321 est
1403 287 1605 331 Evangelii,
1633 288 1667 320 in
1690 299 1759 332 quo
1785 294 1916 321 certum
1940 294 1989 320 est
2011 288 2213 332 promissam
2239 297 2310 320 esse

1338 340 1576 373 remissionem
1607 345 1847 381 peccatorum,
1870 345 1902 371 et
1917 337 2054 382 {poenae
2076 345 2251 377 aeternae,
2277 344 2311 370 et

1981 388 2093 422 David
2125 388 2244 432 pulsus
2274 387 2311 420 111

1922 540 1995 574 Scit
2019 552 2054 573 se.
2080 553 2097 571 a
2119 538 2192 572 Deo
2219 551 2314 572 rece-

1341 598 1437 634 ptum
1464 604 1553 633 esse,
1583 599 1613 625 et
1643 604 1676 625 se
1703 603 1720 624 a
1737 590 1810 625 Deo
1838 592 1993 625 exaudiri
2020 592 2087 623 iam
2112 598 2144 623 et
2171 589 2316 633 protegi,

1339 643 1424 675 sicut
1450 642 1568 675 Esaias
1596 643 1728 686 inquit:
1760 641 1852 675 Deus
1880 640 2040 675 habitans
2063 653 2139 674 rum
2164 641 2315 674 contrito

1339 700 1370 726 et
1397 691 1583 726 humiliato
1607 694 1750 737 spiritu,
1785 700 1817 726 et
1839 693 1984 726 vivificet
2013 692 2172 736 spiritum
2200 690 2318 725 lutmi-

1339 743 1437 779 lium.
1488 743 1712 788 praecipuam
1737 751 1872 787 oportet
1899 755 1969 776 esse
1994 741 2083 776 lianc
2107 743 2318 776 consolatio·

1343 806 1420 826 uem
1443 795 1476 826 in
1498 795 1594 827 «mini
1614 796 1754 834 dolore,
1781 802 1818 828 ut
1835 801 1924 828 recte
1946 794 2081 828 institui
2102 793 2136 825 in
2154 791 2318 837 Evange-

1341 845 1388 877 lio
1413 852 1553 878 norunt.

1444 896 1618 938 Quintus,
1646 894 1731 939 Spes
1760 895 1976 929 liberationis
2002 903 2059 929 ant
2079 893 2317 937 mitigationis,

1343 952 1374 979 et
1391 948 1529 980 tandem
1546 952 1706 979 aeternae
1725 946 1857 978 salutis.
1912 945 2004 980 Haec
2027 946 2220 980 consolatio
2237 958 2316 980 cum

1343 998 1500 1040 proxima
1517 997 1701 1029 coniuncta
1719 1003 1777 1032 est.
1833 996 1923 1029 Cum
1943 998 2045 1029 corda
2064 1003 2174 1030 erecta
2194 996 2316 1029 remis-

1343 1048 1441 1080 sione
1475 1054 1693 1091 peccatorum
1723 1047 1948 1091 acquiescunt
1978 1045 2131 1091 inaDco,
2166 1054 2199 1080 et
2226 1053 2320 1080 certo

1345 1105 1521 1138 statuunt,
1548 1109 1582 1130 58
1601 1097 1756 1130 exaudiri
1774 1111 1791 1130 a
1808 1095 1902 1137 Deo,
1931 1106 2062 1132 norunt
2079 1098 2145 1130 iam
2168 1096 2316 1141 promis·

1344 1161 1414 1182 sam
1437 1160 1508 1181 esse.
1534 1142 1776 1181 liberationeni
1805 1148 1848 1180 ab
1873 1155 2010 1181 aeterna
2038 1155 2166 1190 morte,
2202 1146 2318 1181 sciunt

1344 1200 1445 1232 etiam
1463 1198 1573 1232 Deum
1596 1198 1683 1230 velle
1702 1198 1736 1230 in
1756 1199 1946 1241 praesentia
1965 1211 2065 1242 opem
2083 1200 2188 1239 ferre,
2215 1203 2249 1231 et
2268 1197 2321 1229 vel

1346 1261 1485 1294 prorsus
1520 1250 1641 1283 tollere
1677 1260 1879 1288 aerumnas,
1919 1250 1971 1281 vel
2008 1250 2176 1293 mitigare.
2245 1246 2320 1280 Hae

1345 1306 1433 1333 duae
1453 1300 1709 1333 consolationes
1735 1312 1813 1331 vere
1836 1307 2000 1343 superant
2023 1301 2203 1339 dolorem,
2240 1299 2321 1344 quia

1345 1353 1456 1383 donec
1480 1362 1577 1382 mens
1603 1356 1738 1382 tantum
1767 1349 1922 1382 intuetur
1946 1362 2150 1391 aerumnas,
2177 1358 2210 1385 et
2227 1362 2322 1383 mor-

1346 1409 1412 1433 tem
1433 1413 1491 1432 seu
1509 1400 1689 1433 interitum
1702 1426 1709 1439 ,
1737 1400 1844 1432 vincit
1862 1401 1973 1433 dolor.
2012 1401 2080 1434 Sed
2098 1403 2240 1446 quando
2257 1401 2324 1434 ob-

1347 1452 1471 1484 iectum
1496 1457 1545 1483 est
1570 1462 1623 1482 res
1648 1451 1760 1487 bona,
1790 1450 1949 1484 videlicet
1974 1449 2068 1483 Deus
2093 1451 2266 1495 propicius
2292 1458 2323 1484 et

1348 1502 1467 1533 volens
1493 1513 1594 1543 opem
1621 1501 1729 1540 ferre,
1759 1507 1791 1533 et
1815 1500 1974 1542 mitigare
2000 1509 2195 1544 praesentes
2221 1502 2323 1534 mise-

1346 1553 1432 1591 rias,
1458 1558 1489 1583 et
1507 1552 1647 1583 tandem
1666 1550 1814 1582 liberare
1839 1551 1883 1583 ab
1900 1552 2065 1584 omnibus
2084 1552 2194 1585 malis.
2245 1551 2323 1585 Hoc

1347 1602 1546 1641 obiectum,
1576 1601 1669 1644 quod
1695 1607 1743 1633 est
1769 1611 1823 1633 res
1847 1601 1961 1639 bona,
1990 1613 2089 1634 causa
2118 1610 2166 1635 est
2192 1603 2320 1645 gaudii.

1349 1652 1452 1685 Tunc
1476 1651 1581 1693 igitur
1607 1651 1760 1684 vincitur
1781 1650 1902 1689 dolor,
1938 1664 2015 1684 cum
2042 1649 2126 1685 haec
2147 1653 2237 1686 bona
2259 1654 2323 1687 oh-

1349 1704 1434 1736 iecta
1459 1714 1556 1734 mens
1587 1702 1755 1735 intuetur.
1832 1700 1895 1734 Iob
1920 1702 2030 1737 vincit
2063 1703 2201 1736 dolores
2231 1715 2324 1746 suos,

1349 1754 1428 1797 quia
1452 1753 1515 1785 scit
1541 1752 1752 1795 propositam
1783 1763 1855 1784 esse
1881 1752 2040 1786 ultimam
2068 1754 2325 1796 liberationem,

1349 1805 1437 1837 518111
1460 1804 1592 1847 inquit:
1622 1801 1766 1836 Etiamsi
1792 1803 1926 1836 occidet
1947 1816 2018 1841 me,
2045 1810 2160 1837 tamen
2178 1806 2325 1848 sperabo

1350 1856 1386 1887 in
1404 1867 1459 1887 eo:
1489 1860 1653 1886 ettamen
1671 1860 1825 1897 expectat
1843 1854 1878 1885 in
1896 1854 2088 1896 praesentia
2105 1868 2244 1900 quoque
2259 1857 2325 1888 mi-

1349 1906 1564 1948 tigationem.
1630 1903 1853 1942 Palamedes,
1898 1904 2074 1942 Socrates,
2111 1906 2173 1938 etsi
2209 1905 2325 1940 minus

1351 1957 1489 1995 dolent,
1516 1955 1596 1999 quia
1618 1954 1827 1987 conscientia
1847 1967 1917 1987 non
1935 1962 1984 1988 est
2000 1956 2170 1998 sauciata,
2207 1963 2323 1990 tamen

1353 2005 1442 2039 nibil
1460 2006 1526 2038 nisi
1547 2006 1725 2038 interitum
1744 2012 1904 2038 cernunt.
1959 2004 2026 2039 Sed
2047 2005 2220 2049 Baptista,
2247 2007 2325 2041 Ste-

1353 2055 1487 2101 phanus
1515 2056 1695 2089 intuentur
1725 2063 1905 2088 venturam
1932 2057 2037 2089 vitam
2062 2057 2098 2090 in
2125 2057 2325 2091 dulcissima

1353 2107 1604 2141 consuetudine
1643 2114 1801 2139 aeternae
1836 2105 2020 2140 Ecclesiae.
2084 2106 2159 2141 Hoc
2193 2110 2325 2142 bonum

1354 2172 1412 2201 spi¹
1437 2159 1501 2190 iam
1529 2157 1715 2200 possident.
1792 2155 1833 2190 Et
1858 2169 1933 2200 spes
1967 2158 2116 2192 laetitiae
2141 2170 2241 2192 causa
2265 2166 2326 2198 est,

1356 2211 1443 2242 sicut
1471 2208 1505 2240 in
1531 2220 1630 2240 versu
1655 2211 1696 2240 de
1723 2206 1899 2250 Stephano
1924 2208 2076 2243 dicitur:
2120 2208 2193 2243 lbat
2217 2221 2326 2243 ovans

1356 2259 1499 2297 animis,
1527 2265 1559 2290 81
1577 2270 1635 2301 spe
1650 2270 1709 2291 sna
1727 2260 1853 2291 «13111113
1874 2260 2026 2298 levabat,
2054 2260 2087 2292 id
2115 2266 2183 2300 est,
2209 2259 2326 2301 laetus,

1357 2319 1388 2343 et
1415 2309 1494 2354 quia
1520 2309 1668 2341 litu-nter
1684 2308 1758 2342 Dm
1784 2310 1988 2348 obediebat,
2017 2317 2048 2344 et
2073 2310 2154 2355 quia
2178 2310 2245 2343 iam
2269 2323 2328 2354 spe

1358 2360 1530 2394 Ecclesiae
1546 2360 1700 2392 coelestis
1718 2361 1803 2393 civis
1822 2368 1905 2395 erat.

1460 2410 1602 2448 Sextus,
1637 2408 1803 2454 Exempla
1840 2411 1874 2443 in
1903 2409 2056 2444 Ecclesia
2092 2409 2193 2444 etiam
2222 2412 2330 2455 magis

1359 2462 1496 2495 leniunt
1521 2461 1698 2500 dolorem,
1725 2474 1827 2505 quam
1850 2463 1940 2504 apud
1961 2459 2150 2499 Etbnicos,
2184 2461 2267 2506 quia
2291 2463 2327 2495 in

1361 2512 1512 2546 Ecclesia
1542 2523 1663 2544 causae
1694 2520 1796 2545 notae
1825 2518 1929 2550 sunt,
1970 2524 2075 2557 quare
2103 2512 2257 2545 subiecta
2287 2513 2329 2546 sit

1361 2563 1469 2595 cruci:
1498 2565 1529 2594 et
1545 2563 1670 2594 scimus
1692 2574 1762 2594 non
1780 2569 1914 2595 tantum
1934 2563 2131 2603 interitum,
2165 2564 2222 2595 sed
2241 2563 2328 2596 tibe-

1361 2614 1530 2647 rationem
1553 2613 1763 2656 propositam
1781 2624 1862 2646 esse.
1914 2611 1959 2646 Et
1975 2613 2128 2656 exempla
2146 2621 2228 2647 sunt
2246 2613 2328 2648 illu-

1360 2666 1497 2698 striora.
1523 2662 1610 2696 Cum
1620 2663 1710 2696 filius
1720 2661 1796 2704 Dei,
1812 2675 1889 2697 cum
1901 2664 1967 2697 alia
1979 2665 2163 2708 praecipua
2173 2665 2328 2699 membra
