<?xml version="1.0" encoding="UTF-8"?>
<!DOCTYPE html PUBLIC "-//W3C//DTD XHTML 1.0 Transitional//EN"
    "http://www.w3.org/TR/xhtml1/DTD/xhtml1-transitional.dtd">
<html xmlns="http://www.w3.org/1999/xhtml" xml:lang="en" lang="en">
 <head>
  <title>
</title>
<meta http-equiv="Content-Type" content="text/html;charset=utf-8" />
  <meta name='ocr-system' content='tesseract 3.04.00' />
  <meta name='ocr-capabilities' content='ocr_page ocr_carea ocr_par ocr_line ocrx_word'/>
</head>
<body>
  <div class='ocr_page' id='page_1' title='image "./operaquaesupersu15melauoft/operaquaesupersu15melauoft_0470.png"; bbox 0 0 2415 2942; ppageno 0'>
   <div class='ocr_carea' id='block_1_1' title="bbox 264 93 337 126">
    <p class='ocr_par' dir='ltr' id='par_1_1' title="bbox 264 93 337 126">
     <span class='ocr_line' id='line_1_1' title="bbox 264 93 337 126; baseline 0 0"><span class='ocrx_word' id='word_1_1' title='bbox 264 93 337 126; x_wconf 70' lang='lat'>925</span> 
     </span>
    </p>
   </div>
   <div class='ocr_carea' id='block_1_2' title="bbox 268 166 1250 221">
    <p class='ocr_par' dir='ltr' id='par_1_2' title="bbox 268 166 1250 221">
     <span class='ocr_line' id='line_1_2' title="bbox 268 166 1250 221; baseline -0.008 -13"><span class='ocrx_word' id='word_1_2' title='bbox 268 188 408 221; x_wconf 70' lang='lat' dir='ltr'>prorsus</span> <span class='ocrx_word' id='word_1_3' title='bbox 448 173 622 206; x_wconf 73' lang='lat' dir='ltr'>nemiuem</span> <span class='ocrx_word' id='word_1_4' title='bbox 663 176 862 202; x_wconf 72' lang='lat' dir='ltr'>n·=scontom</span> <span class='ocrx_word' id='word_1_5' title='bbox 906 166 1035 201; x_wconf 84' lang='lat' dir='ltr'>habere</span> <span class='ocrx_word' id='word_1_6' title='bbox 1071 175 1250 212; x_wconf 78' lang='lat' dir='ltr'>peccatum</span> 
     </span>
    </p>
   </div>
   <div class='ocr_carea' id='block_1_3' title="bbox 269 229 425 270">
    <p class='ocr_par' dir='ltr' id='par_1_3' title="bbox 269 229 425 270">
     <span class='ocr_line' id='line_1_3' title="bbox 269 229 425 270; baseline -0.019 -10"><span class='ocrx_word' id='word_1_7' title='bbox 269 229 425 270; x_wconf 53' lang='lat' dir='ltr'>Uslglilth.</span> 
     </span>
    </p>
   </div>
   <div class='ocr_carea' id='block_1_4' title="bbox 270 285 1257 636">
    <p class='ocr_par' dir='ltr' id='par_1_4' title="bbox 270 285 1257 636">
     <span class='ocr_line' id='line_1_4' title="bbox 374 285 1253 329; baseline -0.007 -5"><span class='ocrx_word' id='word_1_8' title='bbox 374 292 550 324; x_wconf 62' lang='lat' dir='ltr'>Adversus</span> <span class='ocrx_word' id='word_1_9' title='bbox 573 289 650 321; x_wconf 90' lang='lat' dir='ltr'>illas</span> <span class='ocrx_word' id='word_1_10' title='bbox 675 287 842 321; x_wconf 75' lang='lat' dir='ltr'>fanaticas</span> <span class='ocrx_word' id='word_1_11' title='bbox 867 285 1054 329; x_wconf 85' lang='lat' dir='ltr'>opiniones</span> <span class='ocrx_word' id='word_1_12' title='bbox 1085 285 1253 318; x_wconf 84' lang='lat' dir='ltr'>muniunt</span> 
     </span>
     <span class='ocr_line' id='line_1_5' title="bbox 271 334 1251 379; baseline -0.007 -4"><span class='ocrx_word' id='word_1_13' title='bbox 271 356 333 376; x_wconf 82' lang='grc'>0115</span> <span class='ocrx_word' id='word_1_14' title='bbox 361 344 438 375; x_wconf 68' lang='lat' dir='ltr'>illae</span> <span class='ocrx_word' id='word_1_15' title='bbox 465 340 657 374; x_wconf 81' lang='lat' dir='ltr'>sententiae</span> <span class='ocrx_word' id='word_1_16' title='bbox 681 339 804 371; x_wconf 84' lang='lat' dir='ltr'>citatae</span> <span class='ocrx_word' id='word_1_17' title='bbox 831 349 869 370; x_wconf 85' lang='lat' dir='ltr'>ex</span> <span class='ocrx_word' id='word_1_18' title='bbox 901 334 1077 377; x_wconf 80' lang='lat' dir='ltr'>lohanne,</span> <span class='ocrx_word' id='word_1_19' title='bbox 1104 343 1135 369; x_wconf 87' lang='lat' dir='ltr'>et</span> <span class='ocrx_word' id='word_1_20' title='bbox 1160 337 1251 379; x_wconf 79' lang='lat' dir='ltr'>cogi-</span> 
     </span>
     <span class='ocr_line' id='line_1_6' title="bbox 270 387 1252 438; baseline -0.007 -12"><span class='ocrx_word' id='word_1_21' title='bbox 270 396 413 426; x_wconf 85' lang='grc'>13111111111</span> <span class='ocrx_word' id='word_1_22' title='bbox 436 401 503 430; x_wconf 82' lang='lat' dir='ltr'>est,</span> <span class='ocrx_word' id='word_1_23' title='bbox 538 397 668 438; x_wconf 77' lang='lat' dir='ltr'>quanta</span> <span class='ocrx_word' id='word_1_24' title='bbox 694 390 734 421; x_wconf 86' lang='lat' dir='ltr'>sit</span> <span class='ocrx_word' id='word_1_25' title='bbox 766 388 899 420; x_wconf 84' lang='lat' dir='ltr'>insania</span> <span class='ocrx_word' id='word_1_26' title='bbox 929 387 1252 430; x_wconf 71' lang='lat' dir='ltr'>Aualiaptistarum.</span> 
     </span>
     <span class='ocr_line' id='line_1_7' title="bbox 271 436 1254 484; baseline -0.008 -8"><span class='ocrx_word' id='word_1_27' title='bbox 271 446 306 478; x_wconf 73' lang='lat' dir='ltr'>si</span> <span class='ocrx_word' id='word_1_28' title='bbox 327 444 463 476; x_wconf 81' lang='lat' dir='ltr'>nullum</span> <span class='ocrx_word' id='word_1_29' title='bbox 493 449 576 474; x_wconf 84' lang='lat' dir='ltr'>esset</span> <span class='ocrx_word' id='word_1_30' title='bbox 603 448 780 484; x_wconf 75' lang='lat' dir='ltr'>peccatum</span> <span class='ocrx_word' id='word_1_31' title='bbox 800 439 970 479; x_wconf 70' lang='lat' dir='ltr'>originis,</span> <span class='ocrx_word' id='word_1_32' title='bbox 999 449 1119 469; x_wconf 71' lang='lat' dir='ltr'>omw’s</span> <span class='ocrx_word' id='word_1_33' title='bbox 1142 436 1254 470; x_wconf 85' lang='lat' dir='ltr'>homi-</span> 
     </span>
     <span class='ocr_line' id='line_1_8' title="bbox 1150 488 1254 530; baseline 0 -11"><span class='ocrx_word' id='word_1_34' title='bbox 1150 488 1254 530; x_wconf 81' lang='lat' dir='ltr'>Quod</span> 
     </span>
     <span class='ocr_line' id='line_1_9' title="bbox 867 548 1257 572; baseline 0 -1"><span class='ocrx_word' id='word_1_35' title='bbox 867 552 1001 571; x_wconf 70' lang='lat' dir='ltr'>uecesse</span> <span class='ocrx_word' id='word_1_36' title='bbox 1036 548 1084 572; x_wconf 86' lang='lat' dir='ltr'>est</span> <span class='ocrx_word' id='word_1_37' title='bbox 1116 551 1257 572; x_wconf 81' lang='lat' dir='ltr'>manere</span> 
     </span>
     <span class='ocr_line' id='line_1_10' title="bbox 272 591 980 636; baseline -0.008 -8"><span class='ocrx_word' id='word_1_38' title='bbox 272 607 428 632; x_wconf 69' lang='grc'>93115301,</span> <span class='ocrx_word' id='word_1_39' title='bbox 459 595 589 626; x_wconf 86' lang='lat' dir='ltr'>scilicet</span> <span class='ocrx_word' id='word_1_40' title='bbox 621 600 796 636; x_wconf 81' lang='lat' dir='ltr'>peccatum</span> <span class='ocrx_word' id='word_1_41' title='bbox 823 591 980 633; x_wconf 83' lang='lat' dir='ltr'>originis.</span> 
     </span>
    </p>
   </div>
   <div class='ocr_carea' id='block_1_5' title="bbox 272 490 1105 579">
    <p class='ocr_par' dir='ltr' id='par_1_5' title="bbox 272 490 1105 579">
     <span class='ocr_line' id='line_1_11' title="bbox 273 490 1105 534; baseline -0.01 -7"><span class='ocrx_word' id='word_1_42' title='bbox 273 507 331 527; x_wconf 65' lang='grc'>1195</span> <span class='ocrx_word' id='word_1_43' title='bbox 361 495 515 526; x_wconf 58' lang='grc'>111-919111</span> <span class='ocrx_word' id='word_1_44' title='bbox 549 493 622 524; x_wconf 77' lang='lat' dir='ltr'>siue</span> <span class='ocrx_word' id='word_1_45' title='bbox 648 498 785 534; x_wconf 60' lang='lat' dir='ltr'>peccato</span> <span class='ocrx_word' id='word_1_46' title='bbox 817 499 846 522; x_wconf 83' lang='lat' dir='ltr'>et</span> <span class='ocrx_word' id='word_1_47' title='bbox 881 490 954 521; x_wconf 78' lang='lat' dir='ltr'>siue</span> <span class='ocrx_word' id='word_1_48' title='bbox 986 497 1105 521; x_wconf 77' lang='lat' dir='ltr'>morte.</span> 
     </span>
     <span class='ocr_line' id='line_1_12' title="bbox 272 542 821 579; baseline -0.009 -2"><span class='ocrx_word' id='word_1_49' title='bbox 272 558 349 577; x_wconf 78' lang='grc'>911111</span> <span class='ocrx_word' id='word_1_50' title='bbox 382 546 425 577; x_wconf 67' lang='lat' dir='ltr'>sit</span> <span class='ocrx_word' id='word_1_51' title='bbox 459 543 640 575; x_wconf 71' lang='lat' dir='ltr'>mauiseste</span> <span class='ocrx_word' id='word_1_52' title='bbox 676 542 821 579; x_wconf 81' lang='lat' dir='ltr'>falsum,</span> 
     </span>
    </p>
   </div>
   <div class='ocr_carea' id='block_1_6' title="bbox 273 655 1259 905">
    <p class='ocr_par' dir='ltr' id='par_1_6' title="bbox 273 655 1259 905">
     <span class='ocr_line' id='line_1_13' title="bbox 375 655 1256 700; baseline -0.007 -6"><span class='ocrx_word' id='word_1_53' title='bbox 375 661 495 694; x_wconf 75' lang='lat' dir='ltr'>Tertia</span> <span class='ocrx_word' id='word_1_54' title='bbox 514 660 766 694; x_wconf 73' lang='lat' dir='ltr'>dissimilitudo</span> <span class='ocrx_word' id='word_1_55' title='bbox 785 658 900 700; x_wconf 82' lang='lat' dir='ltr'>magui</span> <span class='ocrx_word' id='word_1_56' title='bbox 924 655 1092 690; x_wconf 81' lang='lat' dir='ltr'>momenti</span> <span class='ocrx_word' id='word_1_57' title='bbox 1111 664 1171 690; x_wconf 90' lang='lat' dir='ltr'>est.</span> <span class='ocrx_word' id='word_1_58' title='bbox 1219 656 1256 689; x_wconf 90' lang='lat' dir='ltr'>Si</span> 
     </span>
     <span class='ocr_line' id='line_1_14' title="bbox 273 708 1259 758; baseline -0.006 -13"><span class='ocrx_word' id='word_1_59' title='bbox 273 725 391 758; x_wconf 80' lang='lat' dir='ltr'>parem</span> <span class='ocrx_word' id='word_1_60' title='bbox 411 713 478 744; x_wconf 79' lang='lat' dir='ltr'>vim</span> <span class='ocrx_word' id='word_1_61' title='bbox 501 709 862 744; x_wconf 80' lang='lat' dir='ltr'>habereutPeccatum</span> <span class='ocrx_word' id='word_1_62' title='bbox 883 715 914 740; x_wconf 89' lang='lat' dir='ltr'>et</span> <span class='ocrx_word' id='word_1_63' title='bbox 928 708 1063 746; x_wconf 67' lang='lat' dir='ltr'>GratiA,</span> <span class='ocrx_word' id='word_1_64' title='bbox 1081 709 1259 752; x_wconf 83' lang='lat' dir='ltr'>quomodo</span> 
     </span>
     <span class='ocr_line' id='line_1_15' title="bbox 274 757 1259 806; baseline -0.006 -10"><span class='ocrx_word' id='word_1_65' title='bbox 274 765 382 806; x_wconf 67' lang='lat' dir='ltr'>gratia</span> <span class='ocrx_word' id='word_1_66' title='bbox 404 764 572 796; x_wconf 68' lang='lat' dir='ltr'>salvaret,</span> <span class='ocrx_word' id='word_1_67' title='bbox 597 761 794 804; x_wconf 64' lang='lat' dir='ltr'>praesertim</span> <span class='ocrx_word' id='word_1_68' title='bbox 815 772 893 791; x_wconf 86' lang='lat' dir='ltr'>cum</span> <span class='ocrx_word' id='word_1_69' title='bbox 912 758 1093 790; x_wconf 81' lang='lat' dir='ltr'>Peccatum</span> <span class='ocrx_word' id='word_1_70' title='bbox 1114 765 1143 791; x_wconf 92' lang='lat' dir='ltr'>et</span> <span class='ocrx_word' id='word_1_71' title='bbox 1159 757 1259 790; x_wconf 80' lang='lat' dir='ltr'>Mors</span> 
     </span>
     <span class='ocr_line' id='line_1_16' title="bbox 275 806 1257 852; baseline -0.008 -4"><span class='ocrx_word' id='word_1_72' title='bbox 275 816 487 848; x_wconf 73' lang='grc'>591111.1111111;</span> <span class='ocrx_word' id='word_1_73' title='bbox 535 824 670 844; x_wconf 77' lang='lat' dir='ltr'>necesse</span> <span class='ocrx_word' id='word_1_74' title='bbox 699 811 765 843; x_wconf 86' lang='lat' dir='ltr'>fuit</span> <span class='ocrx_word' id='word_1_75' title='bbox 789 810 896 852; x_wconf 86' lang='lat' dir='ltr'>igitur</span> <span class='ocrx_word' id='word_1_76' title='bbox 931 810 966 841; x_wconf 85' lang='lat' dir='ltr'>iu</span> <span class='ocrx_word' id='word_1_77' title='bbox 1000 806 1063 841; x_wconf 87' lang='grc'>1139</span> <span class='ocrx_word' id='word_1_78' title='bbox 1093 806 1257 841; x_wconf 72' lang='lat' dir='ltr'>antithesi</span> 
     </span>
     <span class='ocr_line' id='line_1_17' title="bbox 277 860 1259 905; baseline -0.006 -8"><span class='ocrx_word' id='word_1_79' title='bbox 277 867 459 899; x_wconf 72' lang='lat' dir='ltr'>ostendere</span> <span class='ocrx_word' id='word_1_80' title='bbox 479 864 624 905; x_wconf 78' lang='lat' dir='ltr'>gratiam</span> <span class='ocrx_word' id='word_1_81' title='bbox 646 863 747 903; x_wconf 80' lang='lat' dir='ltr'>longe</span> <span class='ocrx_word' id='word_1_82' title='bbox 766 860 998 904; x_wconf 84' lang='lat' dir='ltr'>potentiorem</span> <span class='ocrx_word' id='word_1_83' title='bbox 1018 871 1089 892; x_wconf 86' lang='lat' dir='ltr'>esse</span> <span class='ocrx_word' id='word_1_84' title='bbox 1108 866 1259 901; x_wconf 86' lang='lat' dir='ltr'>peccatO,</span> 
     </span>
    </p>
   </div>
   <div class='ocr_carea' id='block_1_7' title="bbox 275 907 1287 1005">
    <p class='ocr_par' dir='ltr' id='par_1_7' title="bbox 275 907 1287 1005">
     <span class='ocr_line' id='line_1_18' title="bbox 275 907 1286 955; baseline -0.006 -7"><span class='ocrx_word' id='word_1_85' title='bbox 275 925 307 950; x_wconf 84' lang='lat' dir='ltr'>et</span> <span class='ocrx_word' id='word_1_86' title='bbox 337 915 512 948; x_wconf 76' lang='lat' dir='ltr'>victricem</span> <span class='ocrx_word' id='word_1_87' title='bbox 540 925 628 951; x_wconf 83' lang='lat' dir='ltr'>esse,</span> <span class='ocrx_word' id='word_1_88' title='bbox 671 913 759 944; x_wconf 87' lang='lat' dir='ltr'>sicut</span> <span class='ocrx_word' id='word_1_89' title='bbox 786 911 902 955; x_wconf 82' lang='lat' dir='ltr'>inquit</span> <span class='ocrx_word' id='word_1_90' title='bbox 928 923 993 943; x_wconf 85' lang='lat' dir='ltr'>vox</span> <span class='ocrx_word' id='word_1_91' title='bbox 1020 910 1081 942; x_wconf 80' lang='lat' dir='ltr'>filii</span> <span class='ocrx_word' id='word_1_92' title='bbox 1110 911 1196 943; x_wconf 83' lang='lat' dir='ltr'>Dei:</span> <span class='ocrx_word' id='word_1_93' title='bbox 1225 907 1259 942; x_wconf 91' lang='grc' dir='ltr'><strong>Ο</strong></span> <span class='ocrx_word' id='word_1_94' title='bbox 1285 909 1286 928; x_wconf 53' lang='lat' dir='ltr'>l</span> 
     </span>
     <span class='ocr_line' id='line_1_19' title="bbox 275 961 1287 1005; baseline -0.006 -5"><span class='ocrx_word' id='word_1_95' title='bbox 275 967 390 1005; x_wconf 86' lang='lat' dir='ltr'>Mors,</span> <span class='ocrx_word' id='word_1_96' title='bbox 419 977 475 997; x_wconf 91' lang='lat' dir='ltr'>ero</span> <span class='ocrx_word' id='word_1_97' title='bbox 498 976 589 996; x_wconf 85' lang='lat' dir='ltr'>mors</span> <span class='ocrx_word' id='word_1_98' title='bbox 607 971 683 999; x_wconf 79' lang='lat' dir='ltr'>tua,</span> <span class='ocrx_word' id='word_1_99' title='bbox 712 970 742 995; x_wconf 87' lang='lat' dir='ltr'>et</span> <span class='ocrx_word' id='word_1_100' title='bbox 761 976 781 995; x_wconf 94' lang='grc'>0</span> <span class='ocrx_word' id='word_1_101' title='bbox 801 961 957 1000; x_wconf 79' lang='lat' dir='ltr'>lnferne,</span> <span class='ocrx_word' id='word_1_102' title='bbox 986 973 1044 994; x_wconf 85' lang='lat' dir='ltr'>ero</span> <span class='ocrx_word' id='word_1_103' title='bbox 1065 962 1169 1004; x_wconf 87' lang='lat' dir='ltr'>pestis</span> <span class='ocrx_word' id='word_1_104' title='bbox 1187 968 1258 995; x_wconf 85' lang='lat' dir='ltr'>tua.</span> <span class='ocrx_word' id='word_1_105' title='bbox 1285 984 1287 1002; x_wconf 39' lang='grc' dir='ltr'>ἒ</span> 
     </span>
    </p>
   </div>
   <div class='ocr_carea' id='block_1_8' title="bbox 276 1011 1259 1112">
    <p class='ocr_par' dir='ltr' id='par_1_8' title="bbox 276 1011 1259 1112">
     <span class='ocr_line' id='line_1_20' title="bbox 276 1011 1259 1057; baseline -0.005 -8"><span class='ocrx_word' id='word_1_106' title='bbox 276 1017 430 1050; x_wconf 83' lang='lat' dir='ltr'>Illustrat</span> <span class='ocrx_word' id='word_1_107' title='bbox 448 1016 552 1057; x_wconf 65' lang='lat' dir='ltr'>igitur</span> <span class='ocrx_word' id='word_1_108' title='bbox 573 1015 701 1047; x_wconf 80' lang='lat' dir='ltr'>Paulus</span> <span class='ocrx_word' id='word_1_109' title='bbox 719 1011 808 1045; x_wconf 76' lang='grc'>11309</span> <span class='ocrx_word' id='word_1_110' title='bbox 825 1012 1164 1053; x_wconf 75' lang='lat' dir='ltr'>dissimilitudinem,</span> <span class='ocrx_word' id='word_1_111' title='bbox 1180 1023 1259 1045; x_wconf 88' lang='lat' dir='ltr'>cum</span> 
     </span>
     <span class='ocr_line' id='line_1_21' title="bbox 277 1065 1092 1112; baseline -0.007 -12"><span class='ocrx_word' id='word_1_112' title='bbox 277 1074 393 1112; x_wconf 85' lang='lat' dir='ltr'>postea</span> <span class='ocrx_word' id='word_1_113' title='bbox 420 1067 554 1111; x_wconf 87' lang='lat' dir='ltr'>iuquit:</span> <span class='ocrx_word' id='word_1_114' title='bbox 595 1065 717 1098; x_wconf 70' lang='lat' dir='ltr'>Gratia</span> <span class='ocrx_word' id='word_1_115' title='bbox 740 1070 878 1107; x_wconf 65' lang='lat' dir='ltr'>superat</span> <span class='ocrx_word' id='word_1_116' title='bbox 903 1070 1092 1107; x_wconf 80' lang='lat' dir='ltr'>peccatum.</span> 
     </span>
    </p>
   </div>
   <div class='ocr_carea' id='block_1_9' title="bbox 276 1129 1262 1330">
    <p class='ocr_par' dir='ltr' id='par_1_9' title="bbox 276 1129 1262 1330">
     <span class='ocr_line' id='line_1_22' title="bbox 379 1129 1262 1177; baseline -0.005 -11"><span class='ocrx_word' id='word_1_117' title='bbox 379 1135 529 1177; x_wconf 75' lang='lat' dir='ltr'>Superat</span> <span class='ocrx_word' id='word_1_118' title='bbox 554 1140 668 1165; x_wconf 86' lang='lat' dir='ltr'>autem</span> <span class='ocrx_word' id='word_1_119' title='bbox 688 1131 895 1174; x_wconf 68' lang='lat' dir='ltr'>dupliciter,</span> <span class='ocrx_word' id='word_1_120' title='bbox 929 1137 959 1162; x_wconf 78' lang='lat' dir='ltr'>et</span> <span class='ocrx_word' id='word_1_121' title='bbox 979 1129 1212 1173; x_wconf 85' lang='lat' dir='ltr'>imputatione</span> <span class='ocrx_word' id='word_1_122' title='bbox 1229 1135 1262 1162; x_wconf 87' lang='lat' dir='ltr'>et</span> 
     </span>
     <span class='ocr_line' id='line_1_23' title="bbox 276 1181 1261 1228; baseline -0.006 -9"><span class='ocrx_word' id='word_1_123' title='bbox 276 1187 411 1219; x_wconf 75' lang='lat' dir='ltr'>effectu.</span> <span class='ocrx_word' id='word_1_124' title='bbox 468 1184 701 1228; x_wconf 64' lang='lat' dir='ltr'>lmputatimw</span> <span class='ocrx_word' id='word_1_125' title='bbox 720 1189 879 1225; x_wconf 76' lang='lat' dir='ltr'>superat,</span> <span class='ocrx_word' id='word_1_126' title='bbox 907 1182 986 1225; x_wconf 80' lang='lat' dir='ltr'>quia</span> <span class='ocrx_word' id='word_1_127' title='bbox 1006 1181 1099 1214; x_wconf 88' lang='lat' dir='ltr'>Deus</span> <span class='ocrx_word' id='word_1_128' title='bbox 1123 1187 1261 1224; x_wconf 84' lang='lat' dir='ltr'>reputat</span> 
     </span>
     <span class='ocr_line' id='line_1_24' title="bbox 277 1231 1257 1279; baseline -0.008 -9"><span class='ocrx_word' id='word_1_129' title='bbox 277 1251 333 1270; x_wconf 83' lang='grc'>9115</span> <span class='ocrx_word' id='word_1_130' title='bbox 353 1238 459 1269; x_wconf 81' lang='lat' dir='ltr'>iustos</span> <span class='ocrx_word' id='word_1_131' title='bbox 473 1263 480 1274; x_wconf 83' lang='lat'>‚</span> <span class='ocrx_word' id='word_1_132' title='bbox 498 1235 558 1279; x_wconf 89' lang='lat' dir='ltr'>qui</span> <span class='ocrx_word' id='word_1_133' title='bbox 576 1231 844 1278; x_wconf 67' lang='lat' dir='ltr'>apprehendunt</span> <span class='ocrx_word' id='word_1_134' title='bbox 865 1233 930 1264; x_wconf 77' lang='lat' dir='ltr'>fide</span> <span class='ocrx_word' id='word_1_135' title='bbox 947 1232 1104 1274; x_wconf 60' lang='lat' dir='ltr'>gratiam,</span> <span class='ocrx_word' id='word_1_136' title='bbox 1124 1231 1257 1263; x_wconf 86' lang='lat' dir='ltr'>etiamsi</span> 
     </span>
     <span class='ocr_line' id='line_1_25' title="bbox 276 1283 1063 1330; baseline -0.008 -10"><span class='ocrx_word' id='word_1_137' title='bbox 276 1289 388 1330; x_wconf 82' lang='lat' dir='ltr'>reipsa</span> <span class='ocrx_word' id='word_1_138' title='bbox 421 1284 537 1319; x_wconf 87' lang='lat' dir='ltr'>adhuc</span> <span class='ocrx_word' id='word_1_139' title='bbox 569 1283 698 1317; x_wconf 72' lang='lat' dir='ltr'>habent</span> <span class='ocrx_word' id='word_1_140' title='bbox 730 1283 894 1326; x_wconf 72' lang='lat' dir='ltr'>reliquias</span> <span class='ocrx_word' id='word_1_141' title='bbox 923 1283 1063 1324; x_wconf 78' lang='lat' dir='ltr'>peccati.</span> 
     </span>
    </p>
   </div>
   <div class='ocr_carea' id='block_1_10' title="bbox 279 1482 1265 1784">
    <p class='ocr_par' dir='ltr' id='par_1_10' title="bbox 279 1482 1265 1784">
     <span class='ocr_line' id='line_1_26' title="bbox 280 1482 1263 1524; baseline -0.008 -1"><span class='ocrx_word' id='word_1_142' title='bbox 280 1498 411 1524; x_wconf 84' lang='lat' dir='ltr'>cuntur</span> <span class='ocrx_word' id='word_1_143' title='bbox 435 1489 574 1521; x_wconf 87' lang='lat' dir='ltr'>dolores</span> <span class='ocrx_word' id='word_1_144' title='bbox 598 1487 813 1523; x_wconf 74' lang='lat' dir='ltr'>inferorum,</span> <span class='ocrx_word' id='word_1_145' title='bbox 852 1485 944 1517; x_wconf 77' lang='lat' dir='ltr'>iuxta</span> <span class='ocrx_word' id='word_1_146' title='bbox 974 1485 1121 1516; x_wconf 83' lang='lat' dir='ltr'>dictum:</span> <span class='ocrx_word' id='word_1_147' title='bbox 1160 1482 1263 1516; x_wconf 80' lang='lat' dir='ltr'>lusti-</span> 
     </span>
     <span class='ocr_line' id='line_1_27' title="bbox 280 1535 1263 1582; baseline -0.009 -8"><span class='ocrx_word' id='word_1_148' title='bbox 280 1541 370 1574; x_wconf 85' lang='lat' dir='ltr'>ficati</span> <span class='ocrx_word' id='word_1_149' title='bbox 388 1540 453 1572; x_wconf 80' lang='lat' dir='ltr'>sule</span> <span class='ocrx_word' id='word_1_150' title='bbox 473 1550 588 1582; x_wconf 80' lang='lat' dir='ltr'>pacem</span> <span class='ocrx_word' id='word_1_151' title='bbox 608 1535 787 1569; x_wconf 72' lang='grc'>1131190105.</span> <span class='ocrx_word' id='word_1_152' title='bbox 843 1535 925 1566; x_wconf 85' lang='grc'>119111</span> <span class='ocrx_word' id='word_1_153' title='bbox 939 1562 947 1574; x_wconf 87' lang='lat'>,</span> <span class='ocrx_word' id='word_1_154' title='bbox 975 1535 1026 1566; x_wconf 88' lang='lat' dir='ltr'>illi</span> <span class='ocrx_word' id='word_1_155' title='bbox 1046 1535 1133 1577; x_wconf 85' lang='lat' dir='ltr'>ipsi,</span> <span class='ocrx_word' id='word_1_156' title='bbox 1151 1545 1263 1577; x_wconf 87' lang='lat' dir='ltr'>quan-</span> 
     </span>
     <span class='ocr_line' id='line_1_28' title="bbox 283 1584 1264 1637; baseline -0.009 -13"><span class='ocrx_word' id='word_1_157' title='bbox 283 1603 388 1636; x_wconf 83' lang='lat' dir='ltr'>quam</span> <span class='ocrx_word' id='word_1_158' title='bbox 407 1600 532 1637; x_wconf 84' lang='lat' dir='ltr'>corpus</span> <span class='ocrx_word' id='word_1_159' title='bbox 550 1589 742 1620; x_wconf 70' lang='lat' dir='ltr'>destruitur</span> <span class='ocrx_word' id='word_1_160' title='bbox 765 1593 907 1629; x_wconf 87' lang='lat' dir='ltr'>propter</span> <span class='ocrx_word' id='word_1_161' title='bbox 932 1585 1097 1629; x_wconf 74' lang='lat' dir='ltr'>reliquias</span> <span class='ocrx_word' id='word_1_162' title='bbox 1125 1584 1264 1627; x_wconf 82' lang='lat' dir='ltr'>peccati,</span> 
     </span>
     <span class='ocr_line' id='line_1_29' title="bbox 281 1634 1264 1675; baseline -0.008 0"><span class='ocrx_word' id='word_1_163' title='bbox 281 1651 398 1675; x_wconf 85' lang='lat' dir='ltr'>tamen</span> <span class='ocrx_word' id='word_1_164' title='bbox 432 1639 682 1673; x_wconf 88' lang='lat' dir='ltr'>resuscitantur</span> <span class='ocrx_word' id='word_1_165' title='bbox 713 1639 753 1670; x_wconf 87' lang='lat' dir='ltr'>ad</span> <span class='ocrx_word' id='word_1_166' title='bbox 784 1637 889 1668; x_wconf 86' lang='lat' dir='ltr'>vitam</span> <span class='ocrx_word' id='word_1_167' title='bbox 922 1643 1115 1668; x_wconf 84' lang='lat' dir='ltr'>aeternam.</span> <span class='ocrx_word' id='word_1_168' title='bbox 1170 1634 1264 1667; x_wconf 61' lang='lat' dir='ltr'>Haec</span> 
     </span>
     <span class='ocr_line' id='line_1_30' title="bbox 279 1684 1265 1728; baseline -0.009 -2"><span class='ocrx_word' id='word_1_169' title='bbox 279 1693 359 1726; x_wconf 89' lang='lat' dir='ltr'>sciri</span> <span class='ocrx_word' id='word_1_170' title='bbox 384 1703 520 1724; x_wconf 87' lang='lat' dir='ltr'>necesse</span> <span class='ocrx_word' id='word_1_171' title='bbox 545 1697 612 1728; x_wconf 72' lang='lat' dir='ltr'>est,</span> <span class='ocrx_word' id='word_1_172' title='bbox 649 1697 683 1721; x_wconf 91' lang='grc'>111</span> <span class='ocrx_word' id='word_1_173' title='bbox 705 1687 913 1721; x_wconf 80' lang='lat' dir='ltr'>beneficium</span> <span class='ocrx_word' id='word_1_174' title='bbox 932 1684 1064 1720; x_wconf 79' lang='lat' dir='ltr'>Christi</span> <span class='ocrx_word' id='word_1_175' title='bbox 1085 1685 1265 1727; x_wconf 83' lang='lat' dir='ltr'>intelliga-</span> 
     </span>
     <span class='ocr_line' id='line_1_31' title="bbox 281 1738 1056 1784; baseline -0.008 -7"><span class='ocrx_word' id='word_1_176' title='bbox 281 1752 359 1784; x_wconf 88' lang='lat' dir='ltr'>tur,</span> <span class='ocrx_word' id='word_1_177' title='bbox 387 1755 420 1775; x_wconf 88' lang='lat' dir='ltr'>es</span> <span class='ocrx_word' id='word_1_178' title='bbox 438 1743 586 1775; x_wconf 83' lang='lat' dir='ltr'>sciamus</span> <span class='ocrx_word' id='word_1_179' title='bbox 603 1740 748 1782; x_wconf 81' lang='lat' dir='ltr'>gratiam</span> <span class='ocrx_word' id='word_1_180' title='bbox 773 1738 953 1771; x_wconf 81' lang='lat' dir='ltr'>victricem</span> <span class='ocrx_word' id='word_1_181' title='bbox 973 1749 1056 1771; x_wconf 81' lang='lat' dir='ltr'>esse.</span> 
     </span>
    </p>
   </div>
   <div class='ocr_carea' id='block_1_11' title="bbox 355 1817 1193 1857">
    <p class='ocr_par' dir='ltr' id='par_1_11' title="bbox 355 1817 1193 1857">
     <span class='ocr_line' id='line_1_32' title="bbox 355 1817 1193 1857; baseline -0.005 0"><span class='ocrx_word' id='word_1_182' title='bbox 355 1821 440 1857; x_wconf 60' lang='lat' dir='ltr'>Lea:</span> <span class='ocrx_word' id='word_1_183' title='bbox 465 1820 689 1856; x_wconf 57' lang='lat' dir='ltr'>subintravit</span> <span class='ocrx_word' id='word_1_184' title='bbox 715 1825 751 1853; x_wconf 83' lang='lat' dir='ltr'>ul</span> <span class='ocrx_word' id='word_1_185' title='bbox 776 1817 983 1853; x_wconf 76' lang='lat' dir='ltr'><em>abundaret</em></span> <span class='ocrx_word' id='word_1_186' title='bbox 1012 1817 1193 1853; x_wconf 82' lang='lat' dir='ltr'>delictum.</span> 
     </span>
    </p>
   </div>
   <div class='ocr_carea' id='block_1_12' title="bbox 286 1889 1270 2332">
    <p class='ocr_par' dir='ltr' id='par_1_12' title="bbox 286 1889 1270 2332">
     <span class='ocr_line' id='line_1_33' title="bbox 384 1889 1268 1934; baseline -0.007 -9"><span class='ocrx_word' id='word_1_187' title='bbox 384 1893 548 1926; x_wconf 67' lang='lat' dir='ltr'>Ass&#39;irmat</span> <span class='ocrx_word' id='word_1_188' title='bbox 572 1892 644 1934; x_wconf 87' lang='lat' dir='ltr'>lege</span> <span class='ocrx_word' id='word_1_189' title='bbox 666 1902 779 1934; x_wconf 85' lang='lat' dir='ltr'>neque</span> <span class='ocrx_word' id='word_1_190' title='bbox 804 1889 957 1921; x_wconf 86' lang='lat' dir='ltr'>deletum</span> <span class='ocrx_word' id='word_1_191' title='bbox 985 1899 1056 1920; x_wconf 91' lang='lat' dir='ltr'>esse</span> <span class='ocrx_word' id='word_1_192' title='bbox 1075 1894 1268 1931; x_wconf 77' lang='lat' dir='ltr'>peccatum,</span> 
     </span>
     <span class='ocr_line' id='line_1_34' title="bbox 286 1940 1267 1989; baseline -0.008 -12"><span class='ocrx_word' id='word_1_193' title='bbox 286 1956 399 1989; x_wconf 87' lang='lat' dir='ltr'>neque</span> <span class='ocrx_word' id='word_1_194' title='bbox 427 1943 593 1975; x_wconf 73' lang='lat' dir='ltr'>abolitam</span> <span class='ocrx_word' id='word_1_195' title='bbox 622 1947 789 1980; x_wconf 84' lang='lat' dir='ltr'>mortem,</span> <span class='ocrx_word' id='word_1_196' title='bbox 825 1940 895 1972; x_wconf 92' lang='lat' dir='ltr'>imo</span> <span class='ocrx_word' id='word_1_197' title='bbox 920 1945 1098 1980; x_wconf 86' lang='lat' dir='ltr'>peccatum</span> <span class='ocrx_word' id='word_1_198' title='bbox 1128 1944 1267 1970; x_wconf 89' lang='lat' dir='ltr'>auctum</span> 
     </span>
     <span class='ocr_line' id='line_1_35' title="bbox 287 1989 1267 2038; baseline -0.008 -10"><span class='ocrx_word' id='word_1_199' title='bbox 287 2007 359 2028; x_wconf 88' lang='lat' dir='ltr'>esse</span> <span class='ocrx_word' id='word_1_200' title='bbox 390 1994 522 2038; x_wconf 87' lang='lat' dir='ltr'>inquit,</span> <span class='ocrx_word' id='word_1_201' title='bbox 565 1993 657 2037; x_wconf 85' lang='lat' dir='ltr'>quod</span> <span class='ocrx_word' id='word_1_202' title='bbox 695 1998 810 2035; x_wconf 86' lang='lat' dir='ltr'>postea</span> <span class='ocrx_word' id='word_1_203' title='bbox 846 1991 1016 2029; x_wconf 74' lang='lat' dir='ltr'>declarat,</span> <span class='ocrx_word' id='word_1_204' title='bbox 1058 1989 1138 2034; x_wconf 89' lang='lat' dir='ltr'>quia</span> <span class='ocrx_word' id='word_1_205' title='bbox 1174 1989 1267 2021; x_wconf 88' lang='lat' dir='ltr'>enim</span> 
     </span>
     <span class='ocr_line' id='line_1_36' title="bbox 288 2039 1270 2083; baseline -0.009 -4"><span class='ocrx_word' id='word_1_206' title='bbox 288 2045 499 2079; x_wconf 81' lang='lat' dir='ltr'>conscientia</span> <span class='ocrx_word' id='word_1_207' title='bbox 525 2050 680 2075; x_wconf 87' lang='lat' dir='ltr'>accusata</span> <span class='ocrx_word' id='word_1_208' title='bbox 710 2042 783 2083; x_wconf 83' lang='lat' dir='ltr'>lege</span> <span class='ocrx_word' id='word_1_209' title='bbox 810 2042 897 2082; x_wconf 82' lang='lat' dir='ltr'>sugit</span> <span class='ocrx_word' id='word_1_210' title='bbox 927 2039 1058 2075; x_wconf 80' lang='lat' dir='ltr'>Deum,</span> <span class='ocrx_word' id='word_1_211' title='bbox 1086 2047 1118 2074; x_wconf 87' lang='lat' dir='ltr'>et</span> <span class='ocrx_word' id='word_1_212' title='bbox 1138 2040 1173 2071; x_wconf 91' lang='lat' dir='ltr'>in</span> <span class='ocrx_word' id='word_1_213' title='bbox 1202 2039 1270 2071; x_wconf 91' lang='lat' dir='ltr'>illis</span> 
     </span>
     <span class='ocr_line' id='line_1_37' title="bbox 290 2090 1270 2134; baseline -0.009 -5"><span class='ocrx_word' id='word_1_214' title='bbox 290 2095 476 2129; x_wconf 79' lang='lat' dir='ltr'>horrendis</span> <span class='ocrx_word' id='word_1_215' title='bbox 497 2093 700 2131; x_wconf 82' lang='lat' dir='ltr'>doloribus,</span> <span class='ocrx_word' id='word_1_216' title='bbox 727 2092 836 2134; x_wconf 83' lang='lat' dir='ltr'>magis</span> <span class='ocrx_word' id='word_1_217' title='bbox 854 2091 1015 2123; x_wconf 79' lang='lat' dir='ltr'>irascitur</span> <span class='ocrx_word' id='word_1_218' title='bbox 1030 2090 1120 2127; x_wconf 56' lang='lat' dir='ltr'>Deo,</span> <span class='ocrx_word' id='word_1_219' title='bbox 1151 2102 1270 2132; x_wconf 83' lang='lat' dir='ltr'>pecca-</span> 
     </span>
     <span class='ocr_line' id='line_1_38' title="bbox 289 2139 1269 2182; baseline -0.008 -3"><span class='ocrx_word' id='word_1_220' title='bbox 289 2155 364 2180; x_wconf 86' lang='lat' dir='ltr'>tum</span> <span class='ocrx_word' id='word_1_221' title='bbox 385 2147 421 2179; x_wconf 85' lang='lat' dir='ltr'>fit</span> <span class='ocrx_word' id='word_1_222' title='bbox 444 2145 555 2178; x_wconf 87' lang='lat' dir='ltr'>multo</span> <span class='ocrx_word' id='word_1_223' title='bbox 577 2144 745 2182; x_wconf 85' lang='lat' dir='ltr'>atrocius,</span> <span class='ocrx_word' id='word_1_224' title='bbox 773 2149 805 2175; x_wconf 83' lang='lat' dir='ltr'>et</span> <span class='ocrx_word' id='word_1_225' title='bbox 830 2143 865 2175; x_wconf 80' lang='lat' dir='ltr'>fit</span> <span class='ocrx_word' id='word_1_226' title='bbox 893 2141 1084 2173; x_wconf 88' lang='lat' dir='ltr'>multorum</span> <span class='ocrx_word' id='word_1_227' title='bbox 1116 2139 1269 2172; x_wconf 86' lang='lat' dir='ltr'>horribi-</span> 
     </span>
     <span class='ocr_line' id='line_1_39' title="bbox 291 2189 1268 2240; baseline -0.009 -10"><span class='ocrx_word' id='word_1_228' title='bbox 291 2199 378 2230; x_wconf 83' lang='lat' dir='ltr'>lium</span> <span class='ocrx_word' id='word_1_229' title='bbox 412 2203 634 2240; x_wconf 87' lang='lat' dir='ltr'>peccatorum</span> <span class='ocrx_word' id='word_1_230' title='bbox 669 2193 852 2231; x_wconf 82' lang='lat' dir='ltr'>confusio,</span> <span class='ocrx_word' id='word_1_231' title='bbox 900 2204 966 2235; x_wconf 84' lang='lat' dir='ltr'>qua</span> <span class='ocrx_word' id='word_1_232' title='bbox 997 2191 1069 2223; x_wconf 87' lang='lat' dir='ltr'>ruit</span> <span class='ocrx_word' id='word_1_233' title='bbox 1103 2189 1207 2223; x_wconf 84' lang='lat' dir='ltr'>homo</span> <span class='ocrx_word' id='word_1_234' title='bbox 1234 2191 1268 2222; x_wconf 90' lang='grc'>10</span> 
     </span>
     <span class='ocr_line' id='line_1_40' title="bbox 292 2241 1269 2285; baseline -0.009 -4"><span class='ocrx_word' id='word_1_235' title='bbox 292 2256 470 2281; x_wconf 82' lang='lat' dir='ltr'>aeternum</span> <span class='ocrx_word' id='word_1_236' title='bbox 497 2243 663 2285; x_wconf 78' lang='lat' dir='ltr'>exitium,</span> <span class='ocrx_word' id='word_1_237' title='bbox 709 2252 747 2277; x_wconf 87' lang='lat' dir='ltr'>ut</span> <span class='ocrx_word' id='word_1_238' title='bbox 775 2244 811 2275; x_wconf 89' lang='lat' dir='ltr'>in</span> <span class='ocrx_word' id='word_1_239' title='bbox 834 2243 938 2276; x_wconf 75' lang='lat' dir='ltr'>Saule</span> <span class='ocrx_word' id='word_1_240' title='bbox 962 2249 994 2274; x_wconf 87' lang='lat' dir='ltr'>et</span> <span class='ocrx_word' id='word_1_241' title='bbox 1021 2241 1106 2274; x_wconf 90' lang='lat' dir='ltr'>luda</span> <span class='ocrx_word' id='word_1_242' title='bbox 1130 2241 1269 2285; x_wconf 86' lang='lat' dir='ltr'>conspi-</span> 
     </span>
     <span class='ocr_line' id='line_1_41' title="bbox 292 2305 394 2332; baseline -0.01 0"><span class='ocrx_word' id='word_1_243' title='bbox 292 2305 394 2332; x_wconf 83' lang='lat' dir='ltr'>citur.</span> 
     </span>
    </p>
   </div>
   <div class='ocr_carea' id='block_1_13' title="bbox 289 2352 1269 2695">
    <p class='ocr_par' dir='ltr' id='par_1_13' title="bbox 289 2352 1269 2695">
     <span class='ocr_line' id='line_1_42' title="bbox 393 2352 1269 2397; baseline -0.007 -7"><span class='ocrx_word' id='word_1_244' title='bbox 393 2357 493 2390; x_wconf 87' lang='lat' dir='ltr'>Hanc</span> <span class='ocrx_word' id='word_1_245' title='bbox 513 2356 709 2388; x_wconf 82' lang='lat' dir='ltr'>doctrinam</span> <span class='ocrx_word' id='word_1_246' title='bbox 725 2355 767 2386; x_wconf 87' lang='lat' dir='ltr'>de</span> <span class='ocrx_word' id='word_1_247' title='bbox 786 2354 870 2397; x_wconf 85' lang='lat' dir='ltr'>legis</span> <span class='ocrx_word' id='word_1_248' title='bbox 888 2353 1010 2386; x_wconf 77' lang='lat' dir='ltr'>effectu</span> <span class='ocrx_word' id='word_1_249' title='bbox 1028 2352 1215 2397; x_wconf 80' lang='lat' dir='ltr'>aliquoties</span> <span class='ocrx_word' id='word_1_250' title='bbox 1235 2352 1269 2384; x_wconf 90' lang='lat' dir='ltr'>iu</span> 
     </span>
     <span class='ocr_line' id='line_1_43' title="bbox 294 2403 1269 2450; baseline -0.008 -8"><span class='ocrx_word' id='word_1_251' title='bbox 294 2409 357 2442; x_wconf 87' lang='lat' dir='ltr'>hac</span> <span class='ocrx_word' id='word_1_252' title='bbox 374 2407 530 2450; x_wconf 71' lang='lat' dir='ltr'>Epistola</span> <span class='ocrx_word' id='word_1_253' title='bbox 548 2407 681 2449; x_wconf 82' lang='lat' dir='ltr'>repetit.</span> <span class='ocrx_word' id='word_1_254' title='bbox 737 2404 927 2438; x_wconf 83' lang='lat' dir='ltr'>Sciendum</span> <span class='ocrx_word' id='word_1_255' title='bbox 945 2411 993 2436; x_wconf 87' lang='lat' dir='ltr'>est</span> <span class='ocrx_word' id='word_1_256' title='bbox 1012 2410 1126 2435; x_wconf 81' lang='lat' dir='ltr'>autem</span> <span class='ocrx_word' id='word_1_257' title='bbox 1139 2430 1147 2442; x_wconf 89' lang='lat'>,</span> <span class='ocrx_word' id='word_1_258' title='bbox 1172 2403 1269 2447; x_wconf 86' lang='lat' dir='ltr'>loqui</span> 
     </span>
     <span class='ocr_line' id='line_1_44' title="bbox 293 2451 1269 2500; baseline -0.008 -8"><span class='ocrx_word' id='word_1_259' title='bbox 293 2472 371 2492; x_wconf 91' lang='lat' dir='ltr'>eum</span> <span class='ocrx_word' id='word_1_260' title='bbox 397 2471 468 2490; x_wconf 88' lang='grc'>11011</span> <span class='ocrx_word' id='word_1_261' title='bbox 493 2459 535 2489; x_wconf 92' lang='grc'>(19</span> <span class='ocrx_word' id='word_1_262' title='bbox 555 2457 693 2499; x_wconf 80' lang='lat' dir='ltr'>politico</span> <span class='ocrx_word' id='word_1_263' title='bbox 719 2468 784 2487; x_wconf 87' lang='lat' dir='ltr'>usu</span> <span class='ocrx_word' id='word_1_264' title='bbox 808 2455 910 2497; x_wconf 83' lang='lat' dir='ltr'>legis,</span> <span class='ocrx_word' id='word_1_265' title='bbox 935 2456 992 2487; x_wconf 80' lang='lat' dir='ltr'>sed</span> <span class='ocrx_word' id='word_1_266' title='bbox 1015 2456 1057 2486; x_wconf 90' lang='lat' dir='ltr'>de</span> <span class='ocrx_word' id='word_1_267' title='bbox 1082 2451 1147 2486; x_wconf 87' lang='lat' dir='ltr'>hoc</span> <span class='ocrx_word' id='word_1_268' title='bbox 1172 2454 1269 2500; x_wconf 82' lang='lat' dir='ltr'>prin-</span> 
     </span>
     <span class='ocr_line' id='line_1_45' title="bbox 291 2505 1269 2554; baseline -0.007 -11"><span class='ocrx_word' id='word_1_269' title='bbox 291 2510 394 2554; x_wconf 89' lang='lat' dir='ltr'>cipali</span> <span class='ocrx_word' id='word_1_270' title='bbox 415 2520 496 2545; x_wconf 86' lang='lat' dir='ltr'>usu,</span> <span class='ocrx_word' id='word_1_271' title='bbox 526 2508 585 2551; x_wconf 86' lang='lat' dir='ltr'>qui</span> <span class='ocrx_word' id='word_1_272' title='bbox 609 2514 657 2540; x_wconf 86' lang='lat' dir='ltr'>est</span> <span class='ocrx_word' id='word_1_273' title='bbox 680 2508 833 2539; x_wconf 86' lang='lat' dir='ltr'>iudicare</span> <span class='ocrx_word' id='word_1_274' title='bbox 856 2512 890 2539; x_wconf 90' lang='lat' dir='ltr'>et</span> <span class='ocrx_word' id='word_1_275' title='bbox 908 2506 1143 2538; x_wconf 78' lang='lat' dir='ltr'>condemnare</span> <span class='ocrx_word' id='word_1_276' title='bbox 1166 2505 1269 2536; x_wconf 87' lang='lat' dir='ltr'>corda</span> 
     </span>
     <span class='ocr_line' id='line_1_46' title="bbox 292 2554 1269 2600; baseline -0.008 -6"><span class='ocrx_word' id='word_1_277' title='bbox 292 2572 406 2593; x_wconf 78' lang='lat' dir='ltr'>coram</span> <span class='ocrx_word' id='word_1_278' title='bbox 425 2559 523 2598; x_wconf 86' lang='lat' dir='ltr'>Deo,</span> <span class='ocrx_word' id='word_1_279' title='bbox 550 2564 582 2590; x_wconf 88' lang='lat' dir='ltr'>et</span> <span class='ocrx_word' id='word_1_280' title='bbox 604 2569 674 2589; x_wconf 88' lang='lat' dir='ltr'>esse</span> <span class='ocrx_word' id='word_1_281' title='bbox 699 2556 952 2594; x_wconf 85' lang='lat' dir='ltr'>ministerium,</span> <span class='ocrx_word' id='word_1_282' title='bbox 981 2568 1050 2600; x_wconf 87' lang='lat' dir='ltr'>quo</span> <span class='ocrx_word' id='word_1_283' title='bbox 1067 2554 1161 2587; x_wconf 90' lang='lat' dir='ltr'>Deus</span> <span class='ocrx_word' id='word_1_284' title='bbox 1182 2554 1269 2587; x_wconf 89' lang='lat' dir='ltr'>iram</span> 
     </span>
     <span class='ocr_line' id='line_1_47' title="bbox 291 2605 1269 2649; baseline -0.007 -5"><span class='ocrx_word' id='word_1_285' title='bbox 291 2623 386 2644; x_wconf 85' lang='lat' dir='ltr'>suam</span> <span class='ocrx_word' id='word_1_286' title='bbox 403 2607 551 2641; x_wconf 75' lang='lat' dir='ltr'>effundit</span> <span class='ocrx_word' id='word_1_287' title='bbox 570 2608 734 2639; x_wconf 74' lang='lat' dir='ltr'>adversus</span> <span class='ocrx_word' id='word_1_288' title='bbox 761 2605 940 2648; x_wconf 88' lang='lat' dir='ltr'>homines,</span> <span class='ocrx_word' id='word_1_289' title='bbox 969 2607 1057 2640; x_wconf 87' lang='lat' dir='ltr'>sicut</span> <span class='ocrx_word' id='word_1_290' title='bbox 1083 2617 1188 2649; x_wconf 87' lang='lat' dir='ltr'>snpra</span> <span class='ocrx_word' id='word_1_291' title='bbox 1215 2606 1269 2638; x_wconf 93' lang='lat' dir='ltr'>di-</span> 
     </span>
     <span class='ocr_line' id='line_1_48' title="bbox 289 2657 804 2695; baseline -0.01 0"><span class='ocrx_word' id='word_1_292' title='bbox 289 2670 381 2695; x_wconf 87' lang='lat' dir='ltr'>ctum</span> <span class='ocrx_word' id='word_1_293' title='bbox 401 2667 465 2693; x_wconf 84' lang='lat' dir='ltr'>est:</span> <span class='ocrx_word' id='word_1_294' title='bbox 495 2658 565 2692; x_wconf 82' lang='lat' dir='ltr'>Lex</span> <span class='ocrx_word' id='word_1_295' title='bbox 584 2658 673 2690; x_wconf 86' lang='lat' dir='ltr'>iram</span> <span class='ocrx_word' id='word_1_296' title='bbox 691 2657 804 2691; x_wconf 81' lang='lat' dir='ltr'>efficit.</span> 
     </span>
    </p>
   </div>
   <div class='ocr_carea' id='block_1_14' title="bbox 844 80 1704 119">
    <p class='ocr_par' dir='ltr' id='par_1_14' title="bbox 844 80 1704 119">
     <span class='ocr_line' id='line_1_49' title="bbox 844 80 1704 119; baseline 0.002 -2"><span class='ocrx_word' id='word_1_297' title='bbox 844 82 972 119; x_wconf 82' lang='lat' dir='ltr'>PlllL.</span> <span class='ocrx_word' id='word_1_298' title='bbox 1004 80 1121 118; x_wconf 84' lang='lat' dir='ltr'><strong>MEL.</strong></span> <span class='ocrx_word' id='word_1_299' title='bbox 1159 80 1369 118; x_wconf 88' lang='lat' dir='ltr'>SCRIPTA</span> <span class='ocrx_word' id='word_1_300' title='bbox 1403 80 1704 119; x_wconf 83' lang='lat' dir='ltr'><strong>EXEGETICA.</strong></span> 
     </span>
    </p>
   </div>
   <div class='ocr_carea' id='block_1_15' title="bbox 1281 434 1293 1565">
    <p class='ocr_par' dir='ltr' id='par_1_15' title="bbox 1281 434 1293 1565">
     <span class='ocr_line' id='line_1_50' title="bbox 1281 434 1293 1565; baseline 0 0"><span class='ocrx_word' id='word_1_301' title='bbox 1281 434 1293 1565; x_wconf 95' lang='lat' dir='ltr'> </span> 
     </span>
    </p>
   </div>
   <div class='ocr_carea' id='block_1_16' title="bbox 1293 1705 1299 2223">
    <p class='ocr_par' dir='ltr' id='par_1_16' title="bbox 1293 1705 1299 2223">
     <span class='ocr_line' id='line_1_51' title="bbox 1293 1705 1299 2223; baseline 0 0"><span class='ocrx_word' id='word_1_302' title='bbox 1293 1705 1299 2223; x_wconf 95' lang='lat' dir='ltr'> </span> 
     </span>
    </p>
   </div>
   <div class='ocr_carea' id='block_1_17' title="bbox 2209 85 2284 120">
    <p class='ocr_par' dir='ltr' id='par_1_17' title="bbox 2209 85 2284 120">
     <span class='ocr_line' id='line_1_52' title="bbox 2209 85 2284 120; baseline 0.027 -2"><span class='ocrx_word' id='word_1_303' title='bbox 2209 85 2284 120; x_wconf 75' lang='lat'>924</span> 
     </span>
    </p>
   </div>
   <div class='ocr_carea' id='block_1_18' title="bbox 1303 164 2292 836">
    <p class='ocr_par' dir='ltr' id='par_1_18' title="bbox 1303 164 2284 256">
     <span class='ocr_line' id='line_1_53' title="bbox 1303 164 2284 214; baseline 0.001 -13"><span class='ocrx_word' id='word_1_304' title='bbox 1303 165 1382 201; x_wconf 83' lang='lat' dir='ltr'>Ubi</span> <span class='ocrx_word' id='word_1_305' title='bbox 1410 171 1530 199; x_wconf 78' lang='lat' dir='ltr'>aulem</span> <span class='ocrx_word' id='word_1_306' title='bbox 1561 164 1767 200; x_wconf 61' lang='lat' dir='ltr'>abundavit</span> <span class='ocrx_word' id='word_1_307' title='bbox 1795 173 1993 214; x_wconf 77' lang='lat' dir='ltr'>peccalum,</span> <span class='ocrx_word' id='word_1_308' title='bbox 2029 168 2083 203; x_wconf 83' lang='lat' dir='ltr'>ibi</span> <span class='ocrx_word' id='word_1_309' title='bbox 2114 167 2284 204; x_wconf 76' lang='lat' dir='ltr'>excelluit</span> 
     </span>
     <span class='ocr_line' id='line_1_54' title="bbox 1716 215 1868 256; baseline 0.007 -6"><span class='ocrx_word' id='word_1_310' title='bbox 1716 215 1868 256; x_wconf 79' lang='lat' dir='ltr'>Gratia.</span> 
     </span>
    </p>

    <p class='ocr_par' dir='ltr' id='par_1_19' title="bbox 1306 283 2292 836">
     <span class='ocr_line' id='line_1_55' title="bbox 1403 283 2287 330; baseline 0.002 -13"><span class='ocrx_word' id='word_1_311' title='bbox 1403 283 1471 318; x_wconf 88' lang='grc'>1119</span> <span class='ocrx_word' id='word_1_312' title='bbox 1500 285 1712 330; x_wconf 79' lang='lat' dir='ltr'>proponitur</span> <span class='ocrx_word' id='word_1_313' title='bbox 1739 286 1898 319; x_wconf 80' lang='lat' dir='ltr'>doctrina</span> <span class='ocrx_word' id='word_1_314' title='bbox 1933 287 2124 320; x_wconf 87' lang='lat' dir='ltr'>necessaria</span> <span class='ocrx_word' id='word_1_315' title='bbox 2158 287 2193 320; x_wconf 91' lang='lat' dir='ltr'>in</span> <span class='ocrx_word' id='word_1_316' title='bbox 2221 283 2287 319; x_wconf 89' lang='grc'>1139</span> 
     </span>
     <span class='ocr_line' id='line_1_56' title="bbox 1306 333 2287 378; baseline 0.003 -10"><span class='ocrx_word' id='word_1_317' title='bbox 1306 333 1492 377; x_wconf 80' lang='lat' dir='ltr'>antithesi,</span> <span class='ocrx_word' id='word_1_318' title='bbox 1533 344 1565 369; x_wconf 92' lang='lat' dir='ltr'>et</span> <span class='ocrx_word' id='word_1_319' title='bbox 1602 336 1806 369; x_wconf 87' lang='lat' dir='ltr'>dulcissima</span> <span class='ocrx_word' id='word_1_320' title='bbox 1840 337 2061 377; x_wconf 85' lang='lat' dir='ltr'>consolatio,</span> <span class='ocrx_word' id='word_1_321' title='bbox 2106 338 2287 378; x_wconf 87' lang='lat' dir='ltr'>videlicet,</span> 
     </span>
     <span class='ocr_line' id='line_1_57' title="bbox 1309 387 2286 432; baseline 0.001 -12"><span class='ocrx_word' id='word_1_322' title='bbox 1309 387 1469 420; x_wconf 82' lang='lat' dir='ltr'>Gratiam</span> <span class='ocrx_word' id='word_1_323' title='bbox 1490 387 1669 419; x_wconf 81' lang='lat' dir='ltr'>victricem</span> <span class='ocrx_word' id='word_1_324' title='bbox 1694 398 1765 419; x_wconf 83' lang='lat' dir='ltr'>esse</span> <span class='ocrx_word' id='word_1_325' title='bbox 1785 394 1817 420; x_wconf 91' lang='lat' dir='ltr'>et</span> <span class='ocrx_word' id='word_1_326' title='bbox 1838 387 1940 429; x_wconf 73' lang='lat' dir='ltr'>longe</span> <span class='ocrx_word' id='word_1_327' title='bbox 1958 387 2187 431; x_wconf 81' lang='lat' dir='ltr'>potentiorem</span> <span class='ocrx_word' id='word_1_328' title='bbox 2207 400 2286 432; x_wconf 85' lang='lat' dir='ltr'>pec-</span> 
     </span>
     <span class='ocr_line' id='line_1_58' title="bbox 1307 437 2287 482; baseline 0.001 -13"><span class='ocrx_word' id='word_1_329' title='bbox 1307 444 1400 478; x_wconf 83' lang='lat' dir='ltr'>cato,</span> <span class='ocrx_word' id='word_1_330' title='bbox 1436 438 1514 471; x_wconf 88' lang='lat' dir='ltr'>ideo</span> <span class='ocrx_word' id='word_1_331' title='bbox 1540 438 1674 482; x_wconf 84' lang='lat' dir='ltr'>inquit:</span> <span class='ocrx_word' id='word_1_332' title='bbox 1711 437 1985 481; x_wconf 77' lang='lat' dir='ltr'>Superexcelluit</span> <span class='ocrx_word' id='word_1_333' title='bbox 2011 437 2145 471; x_wconf 74' lang='lat' dir='ltr'>Gratia.</span> <span class='ocrx_word' id='word_1_334' title='bbox 2202 438 2287 470; x_wconf 81' lang='lat' dir='ltr'>Dixi</span> 
     </span>
     <span class='ocr_line' id='line_1_59' title="bbox 1308 487 2287 529; baseline 0 -9"><span class='ocrx_word' id='word_1_335' title='bbox 1308 495 1422 520; x_wconf 89' lang='lat' dir='ltr'>autem</span> <span class='ocrx_word' id='word_1_336' title='bbox 1447 496 1568 529; x_wconf 79' lang='grc'>311193,</span> <span class='ocrx_word' id='word_1_337' title='bbox 1613 488 1713 520; x_wconf 75' lang='lat' dir='ltr'>valde</span> <span class='ocrx_word' id='word_1_338' title='bbox 1738 489 1966 521; x_wconf 84' lang='lat' dir='ltr'>necessariam</span> <span class='ocrx_word' id='word_1_339' title='bbox 1992 500 2063 521; x_wconf 84' lang='lat' dir='ltr'>esse</span> <span class='ocrx_word' id='word_1_340' title='bbox 2087 487 2287 521; x_wconf 85' lang='lat' dir='ltr'>considera-</span> 
     </span>
     <span class='ocr_line' id='line_1_60' title="bbox 1309 535 2289 578; baseline 0 -6"><span class='ocrx_word' id='word_1_341' title='bbox 1309 539 1440 572; x_wconf 83' lang='lat' dir='ltr'>tionem</span> <span class='ocrx_word' id='word_1_342' title='bbox 1471 537 1576 571; x_wconf 91' lang='grc'>11111115</span> <span class='ocrx_word' id='word_1_343' title='bbox 1609 539 1902 578; x_wconf 73' lang='grc'>(11111101111111111115</span> <span class='ocrx_word' id='word_1_344' title='bbox 1936 540 1972 571; x_wconf 91' lang='grc'>111</span> <span class='ocrx_word' id='word_1_345' title='bbox 2006 537 2070 571; x_wconf 88' lang='grc'>1139</span> <span class='ocrx_word' id='word_1_346' title='bbox 2104 535 2289 572; x_wconf 74' lang='lat' dir='ltr'>antithesi:</span> 
     </span>
     <span class='ocr_line' id='line_1_61' title="bbox 1309 587 2291 634; baseline 0.001 -13"><span class='ocrx_word' id='word_1_347' title='bbox 1309 590 1390 634; x_wconf 88' lang='lat' dir='ltr'>quia</span> <span class='ocrx_word' id='word_1_348' title='bbox 1416 589 1442 621; x_wconf 85' lang='lat' dir='ltr'>si</span> <span class='ocrx_word' id='word_1_349' title='bbox 1470 602 1587 633; x_wconf 85' lang='lat' dir='ltr'>parem</span> <span class='ocrx_word' id='word_1_350' title='bbox 1613 590 1684 622; x_wconf 78' lang='lat' dir='ltr'>vim</span> <span class='ocrx_word' id='word_1_351' title='bbox 1704 587 1874 622; x_wconf 83' lang='grc'>1131191901</span> <span class='ocrx_word' id='word_1_352' title='bbox 1899 597 2075 632; x_wconf 79' lang='lat' dir='ltr'>peccatum</span> <span class='ocrx_word' id='word_1_353' title='bbox 2100 596 2133 622; x_wconf 85' lang='lat' dir='ltr'>et</span> <span class='ocrx_word' id='word_1_354' title='bbox 2155 588 2291 629; x_wconf 80' lang='lat' dir='ltr'>Gratia,</span> 
     </span>
     <span class='ocr_line' id='line_1_62' title="bbox 1312 639 2290 685; baseline -0.001 -13"><span class='ocrx_word' id='word_1_355' title='bbox 1312 652 1373 672; x_wconf 82' lang='lat' dir='ltr'>nee</span> <span class='ocrx_word' id='word_1_356' title='bbox 1398 640 1552 673; x_wconf 82' lang='lat' dir='ltr'>vinceret</span> <span class='ocrx_word' id='word_1_357' title='bbox 1577 641 1707 683; x_wconf 83' lang='lat' dir='ltr'>gratia,</span> <span class='ocrx_word' id='word_1_358' title='bbox 1735 641 1818 685; x_wconf 84' lang='lat' dir='ltr'>quid</span> <span class='ocrx_word' id='word_1_359' title='bbox 1848 641 1985 673; x_wconf 57' lang='lat' dir='ltr'>afferret</span> <span class='ocrx_word' id='word_1_360' title='bbox 2008 640 2153 672; x_wconf 73' lang='lat' dir='ltr'>auxilii?</span> <span class='ocrx_word' id='word_1_361' title='bbox 2208 639 2290 673; x_wconf 84' lang='lat' dir='ltr'>Ideo</span> 
     </span>
     <span class='ocr_line' id='line_1_63' title="bbox 1312 690 2291 734; baseline 0 -11"><span class='ocrx_word' id='word_1_362' title='bbox 1312 697 1427 723; x_wconf 88' lang='lat' dir='ltr'>antem</span> <span class='ocrx_word' id='word_1_363' title='bbox 1446 691 1595 724; x_wconf 87' lang='lat' dir='ltr'>donatus</span> <span class='ocrx_word' id='word_1_364' title='bbox 1613 698 1663 724; x_wconf 79' lang='lat' dir='ltr'>est</span> <span class='ocrx_word' id='word_1_365' title='bbox 1681 692 1781 724; x_wconf 82' lang='lat' dir='ltr'>uobis</span> <span class='ocrx_word' id='word_1_366' title='bbox 1803 693 1993 728; x_wconf 74' lang='lat' dir='ltr'>mediator,</span> <span class='ocrx_word' id='word_1_367' title='bbox 2023 697 2061 723; x_wconf 90' lang='lat' dir='ltr'>ut</span> <span class='ocrx_word' id='word_1_368' title='bbox 2078 690 2192 724; x_wconf 87' lang='lat' dir='ltr'>deleat</span> <span class='ocrx_word' id='word_1_369' title='bbox 2210 702 2291 734; x_wconf 89' lang='lat' dir='ltr'>pec-</span> 
     </span>
     <span class='ocr_line' id='line_1_64' title="bbox 1311 742 2291 782; baseline -0.001 -8"><span class='ocrx_word' id='word_1_370' title='bbox 1311 749 1423 774; x_wconf 84' lang='lat' dir='ltr'>catum</span> <span class='ocrx_word' id='word_1_371' title='bbox 1442 748 1474 774; x_wconf 87' lang='grc'>91</span> <span class='ocrx_word' id='word_1_372' title='bbox 1492 748 1658 782; x_wconf 84' lang='grc'>1110119111,</span> <span class='ocrx_word' id='word_1_373' title='bbox 1686 748 1718 774; x_wconf 82' lang='grc'>91</span> <span class='ocrx_word' id='word_1_374' title='bbox 1744 743 1901 774; x_wconf 71' lang='lat' dir='ltr'>restituat</span> <span class='ocrx_word' id='word_1_375' title='bbox 1928 742 2029 773; x_wconf 88' lang='grc'>1101115</span> <span class='ocrx_word' id='word_1_376' title='bbox 2058 742 2232 774; x_wconf 87' lang='lat' dir='ltr'>iusticiam</span> <span class='ocrx_word' id='word_1_377' title='bbox 2257 747 2291 773; x_wconf 84' lang='lat' dir='ltr'>et</span> 
     </span>
     <span class='ocr_line' id='line_1_65' title="bbox 1311 791 2292 836; baseline 0.001 -13"><span class='ocrx_word' id='word_1_378' title='bbox 1311 793 1436 830; x_wconf 84' lang='lat' dir='ltr'>vitam,</span> <span class='ocrx_word' id='word_1_379' title='bbox 1470 798 1503 824; x_wconf 87' lang='lat' dir='ltr'>et</span> <span class='ocrx_word' id='word_1_380' title='bbox 1527 793 1571 824; x_wconf 86' lang='lat' dir='ltr'>sit</span> <span class='ocrx_word' id='word_1_381' title='bbox 1594 793 1724 830; x_wconf 85' lang='lat' dir='ltr'>victor,</span> <span class='ocrx_word' id='word_1_382' title='bbox 1754 793 1839 825; x_wconf 81' lang='lat' dir='ltr'>sicut</span> <span class='ocrx_word' id='word_1_383' title='bbox 1867 792 2050 834; x_wconf 76' lang='lat' dir='ltr'>promissio</span> <span class='ocrx_word' id='word_1_384' title='bbox 2068 792 2201 836; x_wconf 86' lang='lat' dir='ltr'>inquit:</span> <span class='ocrx_word' id='word_1_385' title='bbox 2227 791 2292 825; x_wconf 87' lang='lat' dir='ltr'>Se-</span> 
     </span>
    </p>
   </div>
   <div class='ocr_carea' id='block_1_19' title="bbox 1284 842 2138 887">
    <p class='ocr_par' dir='ltr' id='par_1_20' title="bbox 1284 842 2138 887">
     <span class='ocr_line' id='line_1_66' title="bbox 1284 842 2138 887; baseline 0.001 -13"><span class='ocrx_word' id='word_1_386' title='bbox 1284 866 1285 871; x_wconf 46' lang='grc'>,</span> <span class='ocrx_word' id='word_1_387' title='bbox 1311 854 1390 874; x_wconf 86' lang='lat' dir='ltr'>men</span> <span class='ocrx_word' id='word_1_388' title='bbox 1411 842 1568 875; x_wconf 86' lang='lat' dir='ltr'>mulieris</span> <span class='ocrx_word' id='word_1_389' title='bbox 1591 843 1811 876; x_wconf 65' lang='lat' dir='ltr'>conculcabit</span> <span class='ocrx_word' id='word_1_390' title='bbox 1835 850 1935 887; x_wconf 81' lang='lat' dir='ltr'>caput</span> <span class='ocrx_word' id='word_1_391' title='bbox 1955 843 2138 887; x_wconf 83' lang='lat' dir='ltr'>serpentis,</span> 
     </span>
    </p>
   </div>
   <div class='ocr_carea' id='block_1_20' title="bbox 1312 899 2295 1047">
    <p class='ocr_par' dir='ltr' id='par_1_21' title="bbox 1312 899 2295 1047">
     <span class='ocr_line' id='line_1_67' title="bbox 1416 899 2295 946; baseline 0 -12"><span class='ocrx_word' id='word_1_392' title='bbox 1416 904 1446 935; x_wconf 92' lang='lat'>1.</span> <span class='ocrx_word' id='word_1_393' title='bbox 1465 900 1588 936; x_wconf 89' lang='grc'>1011311.</span> <span class='ocrx_word' id='word_1_394' title='bbox 1604 902 1655 936; x_wconf 86' lang='lat'>3.:</span> <span class='ocrx_word' id='word_1_395' title='bbox 1684 902 1738 935; x_wconf 88' lang='lat' dir='ltr'>Ad</span> <span class='ocrx_word' id='word_1_396' title='bbox 1761 899 1826 934; x_wconf 91' lang='grc'>1109</span> <span class='ocrx_word' id='word_1_397' title='bbox 1848 902 2009 946; x_wconf 75' lang='lat' dir='ltr'>apparuit</span> <span class='ocrx_word' id='word_1_398' title='bbox 2034 902 2126 935; x_wconf 79' lang='lat' dir='ltr'>filius</span> <span class='ocrx_word' id='word_1_399' title='bbox 2142 900 2230 942; x_wconf 88' lang='lat' dir='ltr'>Dei,</span> <span class='ocrx_word' id='word_1_400' title='bbox 2255 907 2295 934; x_wconf 83' lang='lat' dir='ltr'>ut</span> 
     </span>
     <span class='ocr_line' id='line_1_68' title="bbox 1312 951 2293 996; baseline -0.001 -11"><span class='ocrx_word' id='word_1_401' title='bbox 1312 953 1464 985; x_wconf 78' lang='lat' dir='ltr'>destruat</span> <span class='ocrx_word' id='word_1_402' title='bbox 1491 964 1595 995; x_wconf 87' lang='lat' dir='ltr'>opera</span> <span class='ocrx_word' id='word_1_403' title='bbox 1629 952 1773 986; x_wconf 77' lang='lat' dir='ltr'>diaboli.</span> <span class='ocrx_word' id='word_1_404' title='bbox 1836 951 1880 986; x_wconf 86' lang='lat' dir='ltr'>Et</span> <span class='ocrx_word' id='word_1_405' title='bbox 1903 959 2039 986; x_wconf 76' lang='lat' dir='ltr'>constat</span> <span class='ocrx_word' id='word_1_406' title='bbox 2071 951 2161 986; x_wconf 84' lang='lat' dir='ltr'>hant:</span> <span class='ocrx_word' id='word_1_407' title='bbox 2183 952 2293 996; x_wconf 85' lang='lat' dir='ltr'>ipsam</span> 
     </span>
     <span class='ocr_line' id='line_1_69' title="bbox 1313 1002 2040 1047; baseline 0 -11"><span class='ocrx_word' id='word_1_408' title='bbox 1313 1003 1520 1036; x_wconf 88' lang='lat' dir='ltr'>sententiam</span> <span class='ocrx_word' id='word_1_409' title='bbox 1540 1002 1741 1046; x_wconf 75' lang='lat' dir='ltr'>saepissime</span> <span class='ocrx_word' id='word_1_410' title='bbox 1760 1003 1941 1047; x_wconf 82' lang='lat' dir='ltr'>repetitam</span> <span class='ocrx_word' id='word_1_411' title='bbox 1958 1015 2040 1036; x_wconf 87' lang='lat' dir='ltr'>esse.</span> 
     </span>
    </p>
   </div>
   <div class='ocr_carea' id='block_1_21' title="bbox 1313 1061 2298 1204">
    <p class='ocr_par' dir='ltr' id='par_1_22' title="bbox 1313 1061 2298 1204">
     <span class='ocr_line' id='line_1_70' title="bbox 1417 1061 2296 1107; baseline 0 -13"><span class='ocrx_word' id='word_1_412' title='bbox 1417 1061 1617 1095; x_wconf 87' lang='lat' dir='ltr'>Teneamns</span> <span class='ocrx_word' id='word_1_413' title='bbox 1636 1073 1716 1104; x_wconf 80' lang='lat' dir='ltr'>ergo</span> <span class='ocrx_word' id='word_1_414' title='bbox 1735 1061 1835 1094; x_wconf 83' lang='lat' dir='ltr'>Pauli</span> <span class='ocrx_word' id='word_1_415' title='bbox 1853 1062 2006 1103; x_wconf 88' lang='lat' dir='ltr'>dictum,</span> <span class='ocrx_word' id='word_1_416' title='bbox 2041 1062 2134 1107; x_wconf 87' lang='lat' dir='ltr'>quod</span> <span class='ocrx_word' id='word_1_417' title='bbox 2153 1067 2296 1106; x_wconf 86' lang='lat' dir='ltr'>propter</span> 
     </span>
     <span class='ocr_line' id='line_1_71' title="bbox 1313 1113 2297 1156; baseline -0.002 -9"><span class='ocrx_word' id='word_1_418' title='bbox 1313 1113 1520 1147; x_wconf 86' lang='lat' dir='ltr'>brevitatem</span> <span class='ocrx_word' id='word_1_419' title='bbox 1554 1119 1586 1145; x_wconf 83' lang='lat' dir='ltr'>et</span> <span class='ocrx_word' id='word_1_420' title='bbox 1613 1115 1801 1145; x_wconf 83' lang='lat' dir='ltr'>verborum</span> <span class='ocrx_word' id='word_1_421' title='bbox 1830 1115 1984 1156; x_wconf 85' lang='lat' dir='ltr'>pondera</span> <span class='ocrx_word' id='word_1_422' title='bbox 2012 1113 2146 1155; x_wconf 86' lang='lat' dir='ltr'>insigne</span> <span class='ocrx_word' id='word_1_423' title='bbox 2170 1119 2236 1153; x_wconf 85' lang='lat' dir='ltr'>est,</span> <span class='ocrx_word' id='word_1_424' title='bbox 2263 1119 2297 1146; x_wconf 86' lang='lat' dir='ltr'>et</span> 
     </span>
     <span class='ocr_line' id='line_1_72' title="bbox 1314 1163 2298 1204; baseline -0.001 -8"><span class='ocrx_word' id='word_1_425' title='bbox 1314 1166 1354 1196; x_wconf 86' lang='lat' dir='ltr'>ad</span> <span class='ocrx_word' id='word_1_426' title='bbox 1382 1176 1483 1197; x_wconf 90' lang='lat' dir='ltr'>usum</span> <span class='ocrx_word' id='word_1_427' title='bbox 1507 1164 1791 1204; x_wconf 84' lang='lat' dir='ltr'>accomoclemns,</span> <span class='ocrx_word' id='word_1_428' title='bbox 1817 1164 1876 1196; x_wconf 89' lang='lat' dir='ltr'>ubi</span> <span class='ocrx_word' id='word_1_429' title='bbox 1899 1164 1934 1195; x_wconf 90' lang='lat' dir='ltr'>in</span> <span class='ocrx_word' id='word_1_430' title='bbox 1952 1175 2032 1196; x_wconf 87' lang='lat' dir='ltr'>vera</span> <span class='ocrx_word' id='word_1_431' title='bbox 2056 1163 2298 1197; x_wconf 84' lang='lat' dir='ltr'>consolatione</span> 
     </span>
    </p>
   </div>
   <div class='ocr_carea' id='block_1_22' title="bbox 1287 1213 2092 1248">
    <p class='ocr_par' dir='ltr' id='par_1_23' title="bbox 1287 1213 2092 1248">
     <span class='ocr_line' id='line_1_73' title="bbox 1287 1213 2092 1248; baseline -0.002 0"><span class='ocrx_word' id='word_1_432' title='bbox 1287 1225 1288 1241; x_wconf 63' lang='grc'>1</span> <span class='ocrx_word' id='word_1_433' title='bbox 1314 1213 1378 1248; x_wconf 81' lang='lat' dir='ltr'>liae</span> <span class='ocrx_word' id='word_1_434' title='bbox 1400 1215 1521 1247; x_wconf 86' lang='lat' dir='ltr'>concio</span> <span class='ocrx_word' id='word_1_435' title='bbox 1538 1214 1642 1246; x_wconf 88' lang='lat' dir='ltr'>nobis</span> <span class='ocrx_word' id='word_1_436' title='bbox 1667 1214 1703 1247; x_wconf 73' lang='lat' dir='ltr'>fit</span> <span class='ocrx_word' id='word_1_437' title='bbox 1721 1214 1875 1247; x_wconf 86' lang='lat' dir='ltr'>illustior</span> <span class='ocrx_word' id='word_1_438' title='bbox 1894 1222 1925 1247; x_wconf 87' lang='lat' dir='ltr'>et</span> <span class='ocrx_word' id='word_1_439' title='bbox 1944 1214 2092 1247; x_wconf 86' lang='lat' dir='ltr'>dulcior.</span> 
     </span>
    </p>
   </div>
   <div class='ocr_carea' id='block_1_23' title="bbox 278 1281 1592 1519">
    <p class='ocr_par' dir='ltr' id='par_1_24' title="bbox 278 1281 1592 1519">
     <span class='ocr_line' id='line_1_74' title="bbox 1124 1281 1288 1314; baseline -0.012 0"><span class='ocrx_word' id='word_1_440' title='bbox 1124 1281 1260 1314; x_wconf 69' lang='lat' dir='ltr'>Deinde</span> <span class='ocrx_word' id='word_1_441' title='bbox 1285 1306 1288 1312; x_wconf 91' lang='lat'><em>.</em></span> 
     </span>
     <span class='ocr_line' id='line_1_75' title="bbox 280 1333 1288 1378; baseline -0.008 -7"><span class='ocrx_word' id='word_1_442' title='bbox 280 1340 382 1372; x_wconf 84' lang='lat' dir='ltr'>etiam</span> <span class='ocrx_word' id='word_1_443' title='bbox 416 1337 539 1369; x_wconf 79' lang='lat' dir='ltr'>effectu</span> <span class='ocrx_word' id='word_1_444' title='bbox 573 1342 730 1378; x_wconf 78' lang='lat' dir='ltr'>superat,</span> <span class='ocrx_word' id='word_1_445' title='bbox 775 1333 855 1378; x_wconf 78' lang='lat' dir='ltr'>quia</span> <span class='ocrx_word' id='word_1_446' title='bbox 881 1334 916 1365; x_wconf 92' lang='lat' dir='ltr'>iu</span> <span class='ocrx_word' id='word_1_447' title='bbox 945 1333 1014 1364; x_wconf 89' lang='lat' dir='ltr'>illis</span> <span class='ocrx_word' id='word_1_448' title='bbox 1040 1333 1123 1375; x_wconf 82' lang='lat' dir='ltr'>ipsis</span> <span class='ocrx_word' id='word_1_449' title='bbox 1148 1344 1262 1376; x_wconf 84' lang='lat' dir='ltr'>quau-</span> <span class='ocrx_word' id='word_1_450' title='bbox 1286 1341 1288 1367; x_wconf 71' lang='grc' dir='ltr'>ξ</span> 
     </span>
     <span class='ocr_line' id='line_1_76' title="bbox 278 1382 1289 1434; baseline -0.008 -12"><span class='ocrx_word' id='word_1_451' title='bbox 278 1400 383 1434; x_wconf 86' lang='lat' dir='ltr'>quam</span> <span class='ocrx_word' id='word_1_452' title='bbox 411 1387 579 1426; x_wconf 82' lang='lat' dir='ltr'>infirmis,</span> <span class='ocrx_word' id='word_1_453' title='bbox 606 1394 720 1419; x_wconf 83' lang='grc'>1310911</span> <span class='ocrx_word' id='word_1_454' title='bbox 741 1383 873 1416; x_wconf 73' lang='lat' dir='ltr'>habitat</span> <span class='ocrx_word' id='word_1_455' title='bbox 893 1383 985 1416; x_wconf 88' lang='lat' dir='ltr'>Deus</span> <span class='ocrx_word' id='word_1_456' title='bbox 1003 1390 1034 1416; x_wconf 92' lang='lat' dir='ltr'>et</span> <span class='ocrx_word' id='word_1_457' title='bbox 1053 1383 1205 1415; x_wconf 81' lang='lat' dir='ltr'>existunt</span> <span class='ocrx_word' id='word_1_458' title='bbox 1224 1382 1261 1414; x_wconf 90' lang='lat' dir='ltr'>in</span> <span class='ocrx_word' id='word_1_459' title='bbox 1287 1410 1289 1414; x_wconf 79' lang='grc'>,</span> 
     </span>
     <span class='ocr_line' id='line_1_77' title="bbox 279 1433 1290 1480; baseline -0.01 -7"><span class='ocrx_word' id='word_1_460' title='bbox 279 1441 328 1473; x_wconf 90' lang='grc'>915</span> <span class='ocrx_word' id='word_1_461' title='bbox 343 1439 427 1471; x_wconf 85' lang='lat' dir='ltr'>novi</span> <span class='ocrx_word' id='word_1_462' title='bbox 446 1444 582 1477; x_wconf 87' lang='lat' dir='ltr'>motus,</span> <span class='ocrx_word' id='word_1_463' title='bbox 608 1436 666 1480; x_wconf 81' lang='lat' dir='ltr'>qui</span> <span class='ocrx_word' id='word_1_464' title='bbox 689 1436 849 1467; x_wconf 61' lang='grc'>1951511101</span> <span class='ocrx_word' id='word_1_465' title='bbox 873 1441 1029 1476; x_wconf 78' lang='lat' dir='ltr'>peccato,</span> <span class='ocrx_word' id='word_1_466' title='bbox 1049 1441 1078 1466; x_wconf 89' lang='grc'>91</span> <span class='ocrx_word' id='word_1_467' title='bbox 1100 1434 1165 1465; x_wconf 79' lang='lat' dir='ltr'>lide</span> <span class='ocrx_word' id='word_1_468' title='bbox 1183 1433 1261 1464; x_wconf 72' lang='lat' dir='ltr'>vin-</span> <span class='ocrx_word' id='word_1_469' title='bbox 1287 1448 1290 1459; x_wconf 70' lang='grc'>1</span> 
     </span>
     <span class='ocr_line' id='line_1_78' title="bbox 1288 1475 1592 1519; baseline -0.01 -10"><span class='ocrx_word' id='word_1_470' title='bbox 1288 1490 1289 1494; x_wconf 64' lang='grc'>’</span> <span class='ocrx_word' id='word_1_471' title='bbox 1316 1488 1422 1519; x_wconf 81' lang='lat' dir='ltr'>reguo</span> <span class='ocrx_word' id='word_1_472' title='bbox 1448 1475 1592 1507; x_wconf 82' lang='lat' dir='ltr'>diaboli,</span> 
     </span>
    </p>
   </div>
   <div class='ocr_carea' id='block_1_24' title="bbox 1314 1270 2296 1619">
    <p class='ocr_par' dir='ltr' id='par_1_25' title="bbox 1314 1270 2296 1619">
     <span class='ocr_line' id='line_1_79' title="bbox 1415 1270 2296 1316; baseline 0 -11"><span class='ocrx_word' id='word_1_473' title='bbox 1415 1273 1530 1306; x_wconf 77' lang='lat' dir='ltr'>David</span> <span class='ocrx_word' id='word_1_474' title='bbox 1567 1274 1794 1306; x_wconf 76' lang='lat' dir='ltr'>considerans</span> <span class='ocrx_word' id='word_1_475' title='bbox 1829 1273 2109 1316; x_wconf 83' lang='lat' dir='ltr'>magnitudinem</span> <span class='ocrx_word' id='word_1_476' title='bbox 2151 1270 2296 1307; x_wconf 88' lang='lat' dir='ltr'>suorum</span> 
     </span>
     <span class='ocr_line' id='line_1_80' title="bbox 1314 1322 2296 1368; baseline -0.001 -11"><span class='ocrx_word' id='word_1_477' title='bbox 1314 1326 1492 1368; x_wconf 87' lang='lat' dir='ltr'>lapsuum,</span> <span class='ocrx_word' id='word_1_478' title='bbox 1525 1324 1674 1367; x_wconf 89' lang='lat' dir='ltr'>opponit</span> <span class='ocrx_word' id='word_1_479' title='bbox 1693 1322 1783 1356; x_wconf 86' lang='lat' dir='ltr'>hanc</span> <span class='ocrx_word' id='word_1_480' title='bbox 1808 1324 2022 1357; x_wconf 85' lang='lat' dir='ltr'>doctrinam:</span> <span class='ocrx_word' id='word_1_481' title='bbox 2056 1323 2156 1357; x_wconf 86' lang='lat' dir='ltr'>Beati</span> <span class='ocrx_word' id='word_1_482' title='bbox 2173 1335 2296 1358; x_wconf 88' lang='lat' dir='ltr'>omnes</span> 
     </span>
     <span class='ocr_line' id='line_1_81' title="bbox 1315 1373 2295 1419; baseline -0.001 -12"><span class='ocrx_word' id='word_1_483' title='bbox 1315 1376 1375 1419; x_wconf 85' lang='lat' dir='ltr'>qni</span> <span class='ocrx_word' id='word_1_484' title='bbox 1401 1375 1575 1407; x_wconf 84' lang='lat' dir='ltr'>confident</span> <span class='ocrx_word' id='word_1_485' title='bbox 1600 1375 1636 1406; x_wconf 92' lang='lat' dir='ltr'>in</span> <span class='ocrx_word' id='word_1_486' title='bbox 1664 1386 1762 1415; x_wconf 88' lang='lat' dir='ltr'>eum,</span> <span class='ocrx_word' id='word_1_487' title='bbox 1790 1382 1822 1408; x_wconf 89' lang='lat' dir='ltr'>et</span> <span class='ocrx_word' id='word_1_488' title='bbox 1846 1374 1918 1406; x_wconf 87' lang='lat' dir='ltr'>filio</span> <span class='ocrx_word' id='word_1_489' title='bbox 1940 1373 2008 1407; x_wconf 86' lang='lat' dir='ltr'>Dei</span> <span class='ocrx_word' id='word_1_490' title='bbox 2033 1373 2124 1407; x_wconf 86' lang='lat' dir='ltr'>hanc</span> <span class='ocrx_word' id='word_1_491' title='bbox 2147 1375 2295 1418; x_wconf 82' lang='lat' dir='ltr'>gloriam</span> 
     </span>
     <span class='ocr_line' id='line_1_82' title="bbox 1314 1425 2295 1468; baseline -0.002 -10"><span class='ocrx_word' id='word_1_492' title='bbox 1314 1426 1465 1464; x_wconf 79' lang='lat' dir='ltr'>tribuit,</span> <span class='ocrx_word' id='word_1_493' title='bbox 1512 1432 1550 1457; x_wconf 88' lang='lat' dir='ltr'>ut</span> <span class='ocrx_word' id='word_1_494' title='bbox 1574 1425 1690 1458; x_wconf 81' lang='lat' dir='ltr'>credat</span> <span class='ocrx_word' id='word_1_495' title='bbox 1720 1425 1952 1468; x_wconf 87' lang='lat' dir='ltr'>potentiorem</span> <span class='ocrx_word' id='word_1_496' title='bbox 1988 1436 2060 1457; x_wconf 86' lang='lat' dir='ltr'>esse</span> <span class='ocrx_word' id='word_1_497' title='bbox 2093 1431 2232 1467; x_wconf 86' lang='lat' dir='ltr'>peccato</span> <span class='ocrx_word' id='word_1_498' title='bbox 2263 1431 2295 1456; x_wconf 91' lang='lat' dir='ltr'>et</span> 
     </span>
     <span class='ocr_line' id='line_1_83' title="bbox 1657 1475 2294 1508; baseline -0.002 -1"><span class='ocrx_word' id='word_1_499' title='bbox 1657 1475 1706 1508; x_wconf 85' lang='grc'>113</span> <span class='ocrx_word' id='word_1_500' title='bbox 1732 1476 1901 1508; x_wconf 84' lang='lat' dir='ltr'>eluctatus</span> <span class='ocrx_word' id='word_1_501' title='bbox 1926 1482 1973 1508; x_wconf 90' lang='lat' dir='ltr'>est</span> <span class='ocrx_word' id='word_1_502' title='bbox 1999 1487 2038 1506; x_wconf 82' lang='lat' dir='ltr'>ex</span> <span class='ocrx_word' id='word_1_503' title='bbox 2063 1482 2175 1507; x_wconf 89' lang='lat' dir='ltr'>morte</span> <span class='ocrx_word' id='word_1_504' title='bbox 2199 1481 2233 1508; x_wconf 86' lang='lat' dir='ltr'>et</span> <span class='ocrx_word' id='word_1_505' title='bbox 2254 1486 2294 1507; x_wconf 83' lang='lat' dir='ltr'>ex</span> 
     </span>
     <span class='ocr_line' id='line_1_84' title="bbox 1530 1524 2296 1567; baseline -0.001 -9"><span class='ocrx_word' id='word_1_506' title='bbox 1530 1525 1659 1558; x_wconf 86' lang='lat' dir='ltr'>lterum</span> <span class='ocrx_word' id='word_1_507' title='bbox 1683 1532 1797 1558; x_wconf 85' lang='lat' dir='ltr'>antem</span> <span class='ocrx_word' id='word_1_508' title='bbox 1825 1527 2018 1565; x_wconf 85' lang='lat' dir='ltr'>admoneo,</span> <span class='ocrx_word' id='word_1_509' title='bbox 2046 1524 2206 1558; x_wconf 85' lang='lat' dir='ltr'>Gratiam</span> <span class='ocrx_word' id='word_1_510' title='bbox 2232 1536 2296 1567; x_wconf 88' lang='lat' dir='ltr'>po-</span> 
     </span>
     <span class='ocr_line' id='line_1_85' title="bbox 1317 1574 2296 1619; baseline -0.002 -9"><span class='ocrx_word' id='word_1_511' title='bbox 1317 1577 1503 1611; x_wconf 83' lang='lat' dir='ltr'>tentiorem</span> <span class='ocrx_word' id='word_1_512' title='bbox 1528 1587 1599 1608; x_wconf 84' lang='lat' dir='ltr'>esse</span> <span class='ocrx_word' id='word_1_513' title='bbox 1617 1576 1821 1619; x_wconf 83' lang='lat' dir='ltr'>dupliciter:</span> <span class='ocrx_word' id='word_1_514' title='bbox 1856 1574 2094 1618; x_wconf 88' lang='lat' dir='ltr'>Imputatione</span> <span class='ocrx_word' id='word_1_515' title='bbox 2111 1583 2142 1608; x_wconf 90' lang='lat' dir='ltr'>et</span> <span class='ocrx_word' id='word_1_516' title='bbox 2159 1575 2296 1608; x_wconf 81' lang='lat' dir='ltr'>effectu.</span> 
     </span>
    </p>
   </div>
   <div class='ocr_carea' id='block_1_25' title="bbox 1316 1527 1476 1561">
    <p class='ocr_par' dir='ltr' id='par_1_26' title="bbox 1316 1527 1476 1561">
     <span class='ocr_line' id='line_1_86' title="bbox 1316 1527 1476 1561; baseline -0.006 -2"><span class='ocrx_word' id='word_1_517' title='bbox 1316 1527 1476 1561; x_wconf 79' lang='lat' dir='ltr'>inferuis.</span> 
     </span>
    </p>
   </div>
   <div class='ocr_carea' id='block_1_26' title="bbox 1318 1632 2304 2696">
    <p class='ocr_par' dir='ltr' id='par_1_27' title="bbox 1318 1632 2302 1984">
     <span class='ocr_line' id='line_1_87' title="bbox 1422 1632 2297 1678; baseline -0.001 -11"><span class='ocrx_word' id='word_1_518' title='bbox 1422 1635 1578 1667; x_wconf 84' lang='lat' dir='ltr'>Primum</span> <span class='ocrx_word' id='word_1_519' title='bbox 1599 1634 1846 1678; x_wconf 86' lang='lat' dir='ltr'>imputatione,</span> <span class='ocrx_word' id='word_1_520' title='bbox 1873 1634 1953 1678; x_wconf 87' lang='lat' dir='ltr'>quia</span> <span class='ocrx_word' id='word_1_521' title='bbox 1971 1632 2065 1666; x_wconf 90' lang='lat' dir='ltr'>Deus</span> <span class='ocrx_word' id='word_1_522' title='bbox 2090 1640 2225 1676; x_wconf 88' lang='lat' dir='ltr'>reputat</span> <span class='ocrx_word' id='word_1_523' title='bbox 2242 1633 2297 1666; x_wconf 92' lang='lat' dir='ltr'>iu-</span> 
     </span>
     <span class='ocr_line' id='line_1_88' title="bbox 1318 1681 2298 1727; baseline -0.003 -8"><span class='ocrx_word' id='word_1_524' title='bbox 1318 1694 1387 1720; x_wconf 87' lang='lat' dir='ltr'>stos</span> <span class='ocrx_word' id='word_1_525' title='bbox 1410 1687 1588 1718; x_wconf 68' lang='lat' dir='ltr'>credentes</span> <span class='ocrx_word' id='word_1_526' title='bbox 1613 1685 1650 1716; x_wconf 88' lang='grc'>10</span> <span class='ocrx_word' id='word_1_527' title='bbox 1673 1684 1804 1727; x_wconf 87' lang='lat' dir='ltr'>filium,</span> <span class='ocrx_word' id='word_1_528' title='bbox 1833 1685 1936 1717; x_wconf 86' lang='lat' dir='ltr'>etiam</span> <span class='ocrx_word' id='word_1_529' title='bbox 1960 1684 1987 1717; x_wconf 90' lang='lat' dir='ltr'>si</span> <span class='ocrx_word' id='word_1_530' title='bbox 2011 1682 2127 1717; x_wconf 84' lang='lat' dir='ltr'>adhuc</span> <span class='ocrx_word' id='word_1_531' title='bbox 2154 1681 2298 1716; x_wconf 82' lang='lat' dir='ltr'>haerent</span> 
     </span>
     <span class='ocr_line' id='line_1_89' title="bbox 1319 1733 2298 1780; baseline -0.003 -10"><span class='ocrx_word' id='word_1_532' title='bbox 1319 1739 1355 1770; x_wconf 88' lang='grc'>10</span> <span class='ocrx_word' id='word_1_533' title='bbox 1377 1737 1424 1768; x_wconf 76' lang='lat' dir='ltr'>eis</span> <span class='ocrx_word' id='word_1_534' title='bbox 1445 1736 1613 1780; x_wconf 85' lang='lat' dir='ltr'>reliquiae</span> <span class='ocrx_word' id='word_1_535' title='bbox 1634 1736 1780 1778; x_wconf 89' lang='lat' dir='ltr'>peccati,</span> <span class='ocrx_word' id='word_1_536' title='bbox 1807 1742 1845 1768; x_wconf 89' lang='lat' dir='ltr'>ut</span> <span class='ocrx_word' id='word_1_537' title='bbox 1861 1735 1952 1767; x_wconf 88' lang='lat' dir='ltr'>infra</span> <span class='ocrx_word' id='word_1_538' title='bbox 1972 1735 2104 1779; x_wconf 85' lang='lat' dir='ltr'>inquit:</span> <span class='ocrx_word' id='word_1_539' title='bbox 2133 1733 2207 1766; x_wconf 87' lang='lat' dir='ltr'>lam</span> <span class='ocrx_word' id='word_1_540' title='bbox 2226 1746 2298 1767; x_wconf 92' lang='lat' dir='ltr'>non</span> 
     </span>
     <span class='ocr_line' id='line_1_90' title="bbox 1320 1784 2300 1829; baseline -0.004 -8"><span class='ocrx_word' id='word_1_541' title='bbox 1320 1788 1400 1821; x_wconf 84' lang='lat' dir='ltr'>estis</span> <span class='ocrx_word' id='word_1_542' title='bbox 1418 1787 1482 1819; x_wconf 83' lang='lat' dir='ltr'>sub</span> <span class='ocrx_word' id='word_1_543' title='bbox 1499 1787 1583 1829; x_wconf 84' lang='lat' dir='ltr'>lege.</span> <span class='ocrx_word' id='word_1_544' title='bbox 1637 1784 1682 1819; x_wconf 86' lang='lat' dir='ltr'>Et</span> <span class='ocrx_word' id='word_1_545' title='bbox 1696 1785 1802 1821; x_wconf 84' lang='lat' dir='ltr'>Rom.</span> <span class='ocrx_word' id='word_1_546' title='bbox 1821 1786 1870 1820; x_wconf 86' lang='lat'>8.:</span> <span class='ocrx_word' id='word_1_547' title='bbox 1898 1785 2003 1818; x_wconf 79' lang='lat' dir='ltr'>Nulla</span> <span class='ocrx_word' id='word_1_548' title='bbox 2022 1797 2118 1818; x_wconf 88' lang='lat' dir='ltr'>nunc</span> <span class='ocrx_word' id='word_1_549' title='bbox 2133 1786 2300 1817; x_wconf 88' lang='lat' dir='ltr'>condem-</span> 
     </span>
     <span class='ocr_line' id='line_1_91' title="bbox 1322 1833 2301 1881; baseline -0.003 -9"><span class='ocrx_word' id='word_1_550' title='bbox 1322 1839 1416 1872; x_wconf 86' lang='lat' dir='ltr'>natio</span> <span class='ocrx_word' id='word_1_551' title='bbox 1434 1845 1483 1870; x_wconf 89' lang='lat' dir='ltr'>est</span> <span class='ocrx_word' id='word_1_552' title='bbox 1499 1835 1570 1876; x_wconf 87' lang='lat' dir='ltr'>his,</span> <span class='ocrx_word' id='word_1_553' title='bbox 1606 1837 1666 1881; x_wconf 88' lang='lat' dir='ltr'>qui</span> <span class='ocrx_word' id='word_1_554' title='bbox 1687 1837 1723 1868; x_wconf 91' lang='lat' dir='ltr'>in</span> <span class='ocrx_word' id='word_1_555' title='bbox 1742 1835 1882 1870; x_wconf 87' lang='lat' dir='ltr'>Christo</span> <span class='ocrx_word' id='word_1_556' title='bbox 1906 1835 1982 1869; x_wconf 84' lang='lat' dir='ltr'>lesu</span> <span class='ocrx_word' id='word_1_557' title='bbox 2007 1836 2200 1870; x_wconf 86' lang='lat' dir='ltr'>ambulant.</span> <span class='ocrx_word' id='word_1_558' title='bbox 2253 1833 2301 1869; x_wconf 88' lang='lat' dir='ltr'>Et</span> 
     </span>
     <span class='ocr_line' id='line_1_92' title="bbox 1322 1886 2302 1932; baseline -0.003 -9"><span class='ocrx_word' id='word_1_559' title='bbox 1322 1891 1358 1923; x_wconf 87' lang='lat' dir='ltr'>in</span> <span class='ocrx_word' id='word_1_560' title='bbox 1380 1889 1536 1922; x_wconf 55' lang='lat' dir='ltr'>Psalmo:</span> <span class='ocrx_word' id='word_1_561' title='bbox 1566 1887 1665 1920; x_wconf 84' lang='lat' dir='ltr'>Beati</span> <span class='ocrx_word' id='word_1_562' title='bbox 1683 1899 1833 1932; x_wconf 88' lang='lat' dir='ltr'>quorum</span> <span class='ocrx_word' id='word_1_563' title='bbox 1854 1887 2016 1920; x_wconf 84' lang='lat' dir='ltr'>remissae</span> <span class='ocrx_word' id='word_1_564' title='bbox 2033 1894 2115 1921; x_wconf 89' lang='lat' dir='ltr'>sunt</span> <span class='ocrx_word' id='word_1_565' title='bbox 2130 1886 2302 1932; x_wconf 84' lang='lat' dir='ltr'>iniquita-</span> 
     </span>
     <span class='ocr_line' id='line_1_93' title="bbox 1322 1944 2009 1984; baseline -0.007 -10"><span class='ocrx_word' id='word_1_566' title='bbox 1322 1948 1390 1979; x_wconf 83' lang='grc'>195,</span> <span class='ocrx_word' id='word_1_567' title='bbox 1419 1946 1451 1972; x_wconf 87' lang='lat' dir='ltr'>et</span> <span class='ocrx_word' id='word_1_568' title='bbox 1468 1951 1617 1984; x_wconf 88' lang='lat' dir='ltr'>quorum</span> <span class='ocrx_word' id='word_1_569' title='bbox 1643 1945 1728 1971; x_wconf 90' lang='lat' dir='ltr'>tecta</span> <span class='ocrx_word' id='word_1_570' title='bbox 1755 1946 1836 1971; x_wconf 85' lang='lat' dir='ltr'>sunt</span> <span class='ocrx_word' id='word_1_571' title='bbox 1861 1944 2009 1980; x_wconf 79' lang='lat' dir='ltr'>peccata.</span> 
     </span>
    </p>

    <p class='ocr_par' dir='ltr' id='par_1_28' title="bbox 1322 1986 2304 2329">
     <span class='ocr_line' id='line_1_94' title="bbox 1424 1986 2304 2032; baseline -0.003 -9"><span class='ocrx_word' id='word_1_572' title='bbox 1424 1989 1561 2023; x_wconf 87' lang='lat' dir='ltr'>Deinde</span> <span class='ocrx_word' id='word_1_573' title='bbox 1589 1996 1730 2032; x_wconf 83' lang='lat' dir='ltr'>superat</span> <span class='ocrx_word' id='word_1_574' title='bbox 1763 1988 1886 2021; x_wconf 84' lang='lat' dir='ltr'>Gratia</span> <span class='ocrx_word' id='word_1_575' title='bbox 1919 1989 2069 2026; x_wconf 75' lang='lat' dir='ltr'>effectu,</span> <span class='ocrx_word' id='word_1_576' title='bbox 2117 1987 2198 2031; x_wconf 83' lang='lat' dir='ltr'>qnia</span> <span class='ocrx_word' id='word_1_577' title='bbox 2230 1986 2304 2031; x_wconf 86' lang='lat' dir='ltr'>ipse</span> 
     </span>
     <span class='ocr_line' id='line_1_95' title="bbox 1322 2037 2302 2079; baseline -0.004 -4"><span class='ocrx_word' id='word_1_578' title='bbox 1322 2043 1414 2075; x_wconf 85' lang='lat' dir='ltr'>filius</span> <span class='ocrx_word' id='word_1_579' title='bbox 1442 2041 1504 2074; x_wconf 79' lang='lat' dir='ltr'>Dei</span> <span class='ocrx_word' id='word_1_580' title='bbox 1534 2039 1681 2072; x_wconf 64' lang='lat' dir='ltr'>xivificat</span> <span class='ocrx_word' id='word_1_581' title='bbox 1708 2041 1831 2076; x_wconf 87' lang='lat' dir='ltr'>corda,</span> <span class='ocrx_word' id='word_1_582' title='bbox 1860 2047 1893 2072; x_wconf 93' lang='lat' dir='ltr'>et</span> <span class='ocrx_word' id='word_1_583' title='bbox 1912 2040 2036 2072; x_wconf 81' lang='lat' dir='ltr'>liberat</span> <span class='ocrx_word' id='word_1_584' title='bbox 2051 2050 2091 2070; x_wconf 83' lang='lat' dir='ltr'>ea</span> <span class='ocrx_word' id='word_1_585' title='bbox 2111 2050 2149 2069; x_wconf 87' lang='lat' dir='ltr'>ex</span> <span class='ocrx_word' id='word_1_586' title='bbox 2168 2037 2302 2079; x_wconf 87' lang='lat' dir='ltr'>inferis,</span> 
     </span>
     <span class='ocr_line' id='line_1_96' title="bbox 1323 2088 2302 2135; baseline -0.005 -9"><span class='ocrx_word' id='word_1_587' title='bbox 1323 2106 1360 2126; x_wconf 85' lang='lat' dir='ltr'>ac</span> <span class='ocrx_word' id='word_1_588' title='bbox 1378 2092 1513 2135; x_wconf 84' lang='lat' dir='ltr'>Spiritu</span> <span class='ocrx_word' id='word_1_589' title='bbox 1529 2098 1647 2122; x_wconf 81' lang='lat' dir='ltr'>sancto</span> <span class='ocrx_word' id='word_1_590' title='bbox 1673 2090 1763 2122; x_wconf 87' lang='lat' dir='ltr'>tollit</span> <span class='ocrx_word' id='word_1_591' title='bbox 1792 2090 1929 2123; x_wconf 87' lang='lat' dir='ltr'>dolores</span> <span class='ocrx_word' id='word_1_592' title='bbox 1953 2098 1984 2122; x_wconf 89' lang='lat' dir='ltr'>et</span> <span class='ocrx_word' id='word_1_593' title='bbox 2000 2089 2114 2121; x_wconf 77' lang='lat' dir='ltr'>reddit</span> <span class='ocrx_word' id='word_1_594' title='bbox 2131 2088 2302 2121; x_wconf 74' lang='lat' dir='ltr'>laetitiam</span> 
     </span>
     <span class='ocr_line' id='line_1_97' title="bbox 1324 2139 2301 2182; baseline -0.004 -6"><span class='ocrx_word' id='word_1_595' title='bbox 1324 2151 1356 2177; x_wconf 87' lang='lat' dir='ltr'>et</span> <span class='ocrx_word' id='word_1_596' title='bbox 1372 2143 1477 2175; x_wconf 85' lang='lat' dir='ltr'>vitam</span> <span class='ocrx_word' id='word_1_597' title='bbox 1496 2142 1614 2181; x_wconf 90' lang='lat' dir='ltr'>cordi,</span> <span class='ocrx_word' id='word_1_598' title='bbox 1647 2141 1740 2173; x_wconf 86' lang='lat' dir='ltr'>iuxta</span> <span class='ocrx_word' id='word_1_599' title='bbox 1760 2141 1909 2173; x_wconf 89' lang='lat' dir='ltr'>dictum:</span> <span class='ocrx_word' id='word_1_600' title='bbox 1947 2139 2126 2173; x_wconf 85' lang='lat' dir='ltr'>lustificati</span> <span class='ocrx_word' id='word_1_601' title='bbox 2148 2139 2215 2171; x_wconf 87' lang='lat' dir='ltr'>fide</span> <span class='ocrx_word' id='word_1_602' title='bbox 2240 2150 2301 2182; x_wconf 83' lang='lat' dir='ltr'>pa-</span> 
     </span>
     <span class='ocr_line' id='line_1_98' title="bbox 1324 2191 2300 2236; baseline -0.004 -10"><span class='ocrx_word' id='word_1_603' title='bbox 1324 2207 1396 2227; x_wconf 90' lang='lat' dir='ltr'>cem</span> <span class='ocrx_word' id='word_1_604' title='bbox 1423 2191 1602 2225; x_wconf 78' lang='grc'>1131190105.</span> <span class='ocrx_word' id='word_1_605' title='bbox 1659 2191 1761 2231; x_wconf 85' lang='lat' dir='ltr'>ltem,</span> <span class='ocrx_word' id='word_1_606' title='bbox 1797 2192 1878 2236; x_wconf 86' lang='lat' dir='ltr'>quia</span> <span class='ocrx_word' id='word_1_607' title='bbox 1907 2191 2030 2224; x_wconf 82' lang='lat' dir='ltr'>excitat</span> <span class='ocrx_word' id='word_1_608' title='bbox 2050 2191 2162 2223; x_wconf 87' lang='lat' dir='ltr'>bonos</span> <span class='ocrx_word' id='word_1_609' title='bbox 2184 2196 2300 2222; x_wconf 75' lang='lat' dir='ltr'>motus</span> 
     </span>
     <span class='ocr_line' id='line_1_99' title="bbox 1325 2239 2300 2287; baseline -0.007 -9"><span class='ocrx_word' id='word_1_610' title='bbox 1325 2253 1355 2278; x_wconf 90' lang='grc'>91</span> <span class='ocrx_word' id='word_1_611' title='bbox 1374 2244 1531 2287; x_wconf 84' lang='lat' dir='ltr'>reprimit</span> <span class='ocrx_word' id='word_1_612' title='bbox 1554 2249 1743 2286; x_wconf 87' lang='lat' dir='ltr'>peccatum.</span> <span class='ocrx_word' id='word_1_613' title='bbox 1796 2241 1959 2287; x_wconf 85' lang='lat' dir='ltr'>Denique</span> <span class='ocrx_word' id='word_1_614' title='bbox 1976 2248 2008 2274; x_wconf 90' lang='lat' dir='ltr'>et</span> <span class='ocrx_word' id='word_1_615' title='bbox 2025 2239 2190 2274; x_wconf 81' lang='lat' dir='ltr'>resusciat</span> <span class='ocrx_word' id='word_1_616' title='bbox 2206 2251 2300 2272; x_wconf 89' lang='lat' dir='ltr'>mor-</span> 
     </span>
     <span class='ocr_line' id='line_1_100' title="bbox 1322 2294 1810 2329; baseline -0.01 0"><span class='ocrx_word' id='word_1_617' title='bbox 1322 2303 1401 2329; x_wconf 87' lang='lat' dir='ltr'>tuos</span> <span class='ocrx_word' id='word_1_618' title='bbox 1423 2295 1464 2327; x_wconf 85' lang='lat' dir='ltr'>ad</span> <span class='ocrx_word' id='word_1_619' title='bbox 1493 2294 1600 2326; x_wconf 88' lang='lat' dir='ltr'>vitam</span> <span class='ocrx_word' id='word_1_620' title='bbox 1624 2300 1810 2325; x_wconf 82' lang='lat' dir='ltr'>aeternam.</span> 
     </span>
    </p>

    <p class='ocr_par' dir='ltr' id='par_1_29' title="bbox 1322 2339 2302 2696">
     <span class='ocr_line' id='line_1_101' title="bbox 1425 2339 2302 2384; baseline -0.002 -7"><span class='ocrx_word' id='word_1_621' title='bbox 1425 2343 1699 2378; x_wconf 77' lang='lat' dir='ltr'>Observandum</span> <span class='ocrx_word' id='word_1_622' title='bbox 1724 2350 1773 2376; x_wconf 84' lang='lat' dir='ltr'>est</span> <span class='ocrx_word' id='word_1_623' title='bbox 1796 2350 1827 2376; x_wconf 82' lang='lat' dir='ltr'>et</span> <span class='ocrx_word' id='word_1_624' title='bbox 1850 2343 1994 2375; x_wconf 81' lang='lat' dir='ltr'>verbum</span> <span class='ocrx_word' id='word_1_625' title='bbox 2020 2340 2195 2384; x_wconf 84' lang='lat' dir='ltr'>Regnare.</span> <span class='ocrx_word' id='word_1_626' title='bbox 2230 2339 2302 2375; x_wconf 87' lang='lat' dir='ltr'>Ubi</span> 
     </span>
     <span class='ocr_line' id='line_1_102' title="bbox 1324 2391 2300 2439; baseline -0.006 -9"><span class='ocrx_word' id='word_1_627' title='bbox 1324 2410 1396 2430; x_wconf 85' lang='grc'>11011</span> <span class='ocrx_word' id='word_1_628' title='bbox 1415 2403 1464 2429; x_wconf 85' lang='grc'>951</span> <span class='ocrx_word' id='word_1_629' title='bbox 1481 2395 1589 2439; x_wconf 84' lang='lat' dir='ltr'>gratia</span> <span class='ocrx_word' id='word_1_630' title='bbox 1608 2402 1639 2427; x_wconf 90' lang='lat' dir='ltr'>et</span> <span class='ocrx_word' id='word_1_631' title='bbox 1656 2395 1760 2432; x_wconf 86' lang='lat' dir='ltr'>fides,</span> <span class='ocrx_word' id='word_1_632' title='bbox 1788 2401 1966 2437; x_wconf 81' lang='lat' dir='ltr'>peccatum</span> <span class='ocrx_word' id='word_1_633' title='bbox 1990 2398 2112 2434; x_wconf 80' lang='lat' dir='ltr'>regnat</span> <span class='ocrx_word' id='word_1_634' title='bbox 2135 2391 2179 2423; x_wconf 88' lang='lat' dir='ltr'>ad</span> <span class='ocrx_word' id='word_1_635' title='bbox 2204 2403 2300 2424; x_wconf 90' lang='lat' dir='ltr'>mor-</span> 
     </span>
     <span class='ocr_line' id='line_1_103' title="bbox 1324 2441 2300 2489; baseline -0.006 -7"><span class='ocrx_word' id='word_1_636' title='bbox 1324 2456 1391 2482; x_wconf 87' lang='lat' dir='ltr'>tem</span> <span class='ocrx_word' id='word_1_637' title='bbox 1405 2475 1413 2489; x_wconf 90' lang='lat'>,</span> <span class='ocrx_word' id='word_1_638' title='bbox 1441 2447 1475 2479; x_wconf 93' lang='lat' dir='ltr'>id</span> <span class='ocrx_word' id='word_1_639' title='bbox 1496 2452 1563 2484; x_wconf 86' lang='lat' dir='ltr'>est,</span> <span class='ocrx_word' id='word_1_640' title='bbox 1591 2457 1662 2477; x_wconf 85' lang='lat' dir='ltr'>non</span> <span class='ocrx_word' id='word_1_641' title='bbox 1689 2451 1737 2476; x_wconf 87' lang='lat' dir='ltr'>est</span> <span class='ocrx_word' id='word_1_642' title='bbox 1754 2451 1888 2477; x_wconf 86' lang='lat' dir='ltr'>tantum</span> <span class='ocrx_word' id='word_1_643' title='bbox 1914 2455 2015 2476; x_wconf 84' lang='lat' dir='ltr'>causa</span> <span class='ocrx_word' id='word_1_644' title='bbox 2035 2441 2157 2475; x_wconf 85' lang='lat' dir='ltr'>mortis</span> <span class='ocrx_word' id='word_1_645' title='bbox 2176 2454 2300 2486; x_wconf 90' lang='lat' dir='ltr'>corpo-</span> 
     </span>
     <span class='ocr_line' id='line_1_104' title="bbox 1324 2494 2301 2538; baseline -0.006 -6"><span class='ocrx_word' id='word_1_646' title='bbox 1324 2499 1426 2536; x_wconf 77' lang='lat' dir='ltr'>ralis,</span> <span class='ocrx_word' id='word_1_647' title='bbox 1455 2498 1512 2530; x_wconf 89' lang='lat' dir='ltr'>sed</span> <span class='ocrx_word' id='word_1_648' title='bbox 1543 2504 1592 2528; x_wconf 87' lang='lat' dir='ltr'>est</span> <span class='ocrx_word' id='word_1_649' title='bbox 1619 2506 1718 2528; x_wconf 76' lang='lat' dir='ltr'>causa</span> <span class='ocrx_word' id='word_1_650' title='bbox 1741 2494 1814 2526; x_wconf 87' lang='lat' dir='ltr'>eius</span> <span class='ocrx_word' id='word_1_651' title='bbox 1832 2494 1971 2534; x_wconf 88' lang='lat' dir='ltr'>mortis,</span> <span class='ocrx_word' id='word_1_652' title='bbox 2009 2505 2096 2538; x_wconf 89' lang='lat' dir='ltr'>quae</span> <span class='ocrx_word' id='word_1_653' title='bbox 2114 2498 2163 2525; x_wconf 87' lang='lat' dir='ltr'>est</span> <span class='ocrx_word' id='word_1_654' title='bbox 2179 2504 2301 2527; x_wconf 90' lang='lat' dir='ltr'>sensus</span> 
     </span>
     <span class='ocr_line' id='line_1_105' title="bbox 1323 2543 2300 2583; baseline -0.006 -1"><span class='ocrx_word' id='word_1_655' title='bbox 1323 2557 1482 2583; x_wconf 81' lang='lat' dir='ltr'>aeternae</span> <span class='ocrx_word' id='word_1_656' title='bbox 1496 2548 1577 2580; x_wconf 68' lang='lat' dir='ltr'>‘irae</span> <span class='ocrx_word' id='word_1_657' title='bbox 1596 2545 1680 2583; x_wconf 85' lang='lat' dir='ltr'>Dei,</span> <span class='ocrx_word' id='word_1_658' title='bbox 1710 2552 1894 2578; x_wconf 83' lang='grc'>9139191113</span> <span class='ocrx_word' id='word_1_659' title='bbox 1914 2543 2180 2581; x_wconf 83' lang='lat' dir='ltr'>condemnatio,</span> <span class='ocrx_word' id='word_1_660' title='bbox 2209 2544 2300 2577; x_wconf 83' lang='lat' dir='ltr'>utin</span> 
     </span>
     <span class='ocr_line' id='line_1_106' title="bbox 1323 2594 2299 2639; baseline -0.007 -5"><span class='ocrx_word' id='word_1_661' title='bbox 1323 2600 1408 2634; x_wconf 88' lang='lat' dir='ltr'>Saul</span> <span class='ocrx_word' id='word_1_662' title='bbox 1426 2607 1459 2633; x_wconf 88' lang='lat' dir='ltr'>et</span> <span class='ocrx_word' id='word_1_663' title='bbox 1474 2599 1570 2632; x_wconf 85' lang='lat' dir='ltr'>Iuda.</span> <span class='ocrx_word' id='word_1_664' title='bbox 1627 2596 1694 2630; x_wconf 89' lang='lat' dir='ltr'>Sed</span> <span class='ocrx_word' id='word_1_665' title='bbox 1712 2595 1773 2627; x_wconf 89' lang='lat' dir='ltr'>ubi</span> <span class='ocrx_word' id='word_1_666' title='bbox 1790 2602 1839 2628; x_wconf 85' lang='lat' dir='ltr'>est</span> <span class='ocrx_word' id='word_1_667' title='bbox 1859 2594 1981 2629; x_wconf 81' lang='lat' dir='ltr'>Gratia</span> <span class='ocrx_word' id='word_1_668' title='bbox 2001 2603 2032 2629; x_wconf 86' lang='lat' dir='ltr'>et</span> <span class='ocrx_word' id='word_1_669' title='bbox 2049 2596 2148 2635; x_wconf 83' lang='lat' dir='ltr'>fides,</span> <span class='ocrx_word' id='word_1_670' title='bbox 2184 2607 2299 2639; x_wconf 84' lang='lat' dir='ltr'>qnan-</span> 
     </span>
     <span class='ocr_line' id='line_1_107' title="bbox 1322 2645 2300 2696; baseline -0.003 -14"><span class='ocrx_word' id='word_1_671' title='bbox 1322 2663 1426 2696; x_wconf 86' lang='lat' dir='ltr'>quam</span> <span class='ocrx_word' id='word_1_672' title='bbox 1455 2656 1535 2683; x_wconf 87' lang='lat' dir='ltr'>sunt</span> <span class='ocrx_word' id='word_1_673' title='bbox 1562 2647 1598 2680; x_wconf 90' lang='lat' dir='ltr'>in</span> <span class='ocrx_word' id='word_1_674' title='bbox 1627 2645 1770 2679; x_wconf 86' lang='lat' dir='ltr'>homine</span> <span class='ocrx_word' id='word_1_675' title='bbox 1797 2646 1970 2691; x_wconf 86' lang='lat' dir='ltr'>reliquiae</span> <span class='ocrx_word' id='word_1_676' title='bbox 1997 2646 2127 2691; x_wconf 81' lang='lat' dir='ltr'>peccati</span> <span class='ocrx_word' id='word_1_677' title='bbox 2151 2652 2182 2678; x_wconf 88' lang='lat' dir='ltr'>et</span> <span class='ocrx_word' id='word_1_678' title='bbox 2206 2658 2300 2681; x_wconf 89' lang='lat' dir='ltr'>mors</span> 
     </span>
    </p>
   </div>
   <div class='ocr_carea' id='block_1_27' title="bbox 2380 0 2412 632">
    <p class='ocr_par' dir='ltr' id='par_1_30' title="bbox 2380 0 2412 632">
     <span class='ocr_line' id='line_1_108' title="bbox 2380 0 2412 632; baseline 0 2310"><span class='ocrx_word' id='word_1_679' title='bbox 2380 0 2412 632; x_wconf 95' lang='lat' dir='ltr'> </span> 
     </span>
    </p>
   </div>
  </div>
 </body>
</html>
