2415 2942
10 2434 24 2454 s,

124 79 197 113 785

118 176 224 210 quam
250 175 340 211 opus
366 169 437 204 est,
479 174 587 208 quam
609 162 645 195 in
665 161 834 202 alteram,
874 160 912 193 in
936 172 1004 205 qua
1030 160 1107 204 plus

113 222 167 249 est
191 215 369 248 audaciae.
424 214 531 257 Quod
554 214 690 247 utinam
715 214 752 246 in
770 210 837 246 hoc
857 211 1000 254 negotio
1019 223 1106 244 con—

115 267 350 306 sideraretur,
384 267 480 310 quod
516 265 662 309 periculi
694 264 839 308 plenum
868 269 930 296 est.
988 260 1104 295 Verba

116 317 190 350 eius
222 317 442 358 adscribam,
487 316 517 349 si
550 317 629 361 quis
658 315 748 349 forte
777 319 1001 358 praeceptum
1038 310 1104 346 hoc

114 369 224 410 magis
266 368 399 401 amabit
443 374 586 411 propter
621 366 710 400 tanti
743 365 813 398 viri
860 364 1103 398 autoritatem:

110 416 311 464 κράτιστον
327 417 397 463 μὲν
413 421 475 464 τῆς
491 417 611 464 ἀκμῆς
633 419 711 451 τῶν
726 417 869 461 καιρῶν
886 411 1102 462 τυγχάνειν,

113 468 235 515 ἐπειδὴ
265 466 304 504 δὲ
334 465 686 514 δυσκαταμαθήτως
714 466 881 511 ἔχουσιν,
929 465 1102 501 ἐλλείπειν

111 520 239 565 αἱροῦ,
273 519 335 555 καὶ
358 519 410 566 μὴ
434 517 670 562 πλεονάζειν,
704 517 745 552 αἱ
769 515 845 566 γὰρ
869 515 1102 563 μετριότητες

111 574 254 616 μᾶλλον
296 572 335 606 ἐν
382 573 463 610 ταῖς
505 569 660 609 ἐνδείαις
698 567 723 615 ἢ
756 571 838 608 ταῖς
877 567 1103 615 ὑπερβολαῖς

108 623 315 667 ἶσχνοῦσιν.

211 681 317 725 Quod
337 681 366 714 si
383 682 495 715 virtus
510 692 592 714 vere
609 687 658 714 est
674 679 900 714 mediocritas
916 680 1100 725 quaedam,

109 734 202 767 iuxta
226 732 490 777 proportionem
518 731 789 775 geometricam,
818 738 857 765 ut
883 732 992 765 sentit
1015 731 1099 764 Ari-

108 785 267 824 stoteles‚
296 790 419 817 natura
435 794 500 816 nos
517 783 591 827 ipsa
609 779 676 816 hoc
696 783 817 823 docet,
832 782 1006 816 defectum
1023 794 1099 814 ma-

106 835 158 877 gis
184 846 376 877 congruere
399 833 654 874 mediocritati,
689 846 794 879 quam
819 834 1097 878 exuperantiam.

105 885 195 918 Nam
220 885 257 917 in
286 886 514 929 proportione
540 885 750 929 geometrica
769 885 907 918 medius
927 896 1098 917 numerus

106 936 252 980 propior
272 942 322 968 est
347 936 496 969 minimo
515 948 620 981 quam
647 937 821 973 maximo,
850 936 947 980 quod
971 935 1096 968 attinet

104 987 149 1020 ad
168 986 452 1028 multitudinem,
479 995 518 1021 ut
535 989 568 1021 2.
586 987 620 1020 4.
640 987 674 1022 8.
728 986 818 1030 Quis
835 987 929 1019 enim
950 998 1023 1019 non
1043 986 1096 1018 vi-

105 1038 166 1072 det
197 1038 462 1083 quaternarium
495 1039 638 1082 longius
674 1038 795 1072 abesse
827 1039 872 1071 ab
902 1037 1097 1078 octonario,

103 1099 207 1134 quam
235 1101 253 1123 a
281 1089 434 1123 binario.

158 1187 311 1223 Etenim
345 1185 522 1224 Christus
556 1200 630 1222 non
661 1186 807 1235 placuit
839 1187 915 1222 sibi
948 1187 1030 1236 ipsi.

203 1265 317 1299 Addit
340 1271 525 1309 praecepto
550 1264 724 1297 rationem
748 1265 792 1298 ab
810 1265 970 1309 exemplo
989 1263 1095 1299 Chri-

102 1317 145 1351 sti
169 1323 320 1350 sumtam
341 1340 350 1355 ,
391 1327 480 1360 quae
510 1322 560 1349 est
589 1315 672 1348 satis
704 1316 900 1360 perspicua.
971 1315 1094 1350 Postea

101 1368 325 1402 commendat
352 1366 456 1400 nobis
480 1366 620 1399 divinas
649 1366 841 1411 scripturas
858 1394 866 1407 ,
918 1374 951 1401 et
986 1369 1094 1402 tradit

99 1426 323 1464 praeceptum
342 1417 444 1450 valde
460 1417 546 1450 utile
564 1418 607 1450 de
623 1429 690 1451 usu
708 1417 985 1462 scripturarum,
1014 1431 1093 1452 cum

101 1472 216 1511 iubet,
230 1475 269 1503 ut
291 1481 353 1513 per
369 1468 576 1514 patientiam
595 1475 628 1501 et
646 1468 927 1502 consolationem
944 1470 1094 1515 scriptu-

102 1533 220 1555 rarum
261 1532 358 1563 spem
403 1526 595 1555 teneamus.
676 1519 846 1563 Magnam
879 1521 951 1553 vim
987 1518 1094 1555 habet

102 1570 431 1616 hoc'praeceptum,
455 1571 483 1603 si
503 1571 728 1618 experiamur
745 1571 781 1603 in
800 1572 1067 1606 tentationibus-

204 1628 268 1664 Est
291 1630 386 1662 enim
413 1630 606 1669 sententia,
642 1641 715 1662 non
740 1630 825 1663 alias
850 1631 1094 1673 revelationes,

105 1694 177 1715 non
213 1681 298 1714 alias
329 1680 611 1713 illuminationes
644 1681 864 1723 quaerendas
899 1687 958 1714 aut
990 1693 1092 1724 expe-

103 1733 247 1766 ctandas
264 1743 335 1764 esse
357 1731 400 1764 de
423 1730 534 1765 coelo.
587 1729 656 1763 Sed
682 1742 762 1763 cum
783 1731 949 1774 angimur
964 1733 1004 1764 ad
1027 1729 1093 1765 hoc

103 1784 250 1816 verbum
271 1783 365 1827 quod
385 1781 563 1823 audimus,
581 1788 639 1814 aut
658 1781 817 1824 legimus,
836 1783 1090 1826 praescriptum

101 1835 141 1868 in
166 1834 273 1867 sacris
304 1833 425 1872 libris,
453 1832 714 1875 respiciendum
746 1844 837 1873 esse,
876 1840 908 1866 et
932 1834 1092 1867 sentien-

102 1887 210 1926 dum,
245 1885 339 1929 quod
370 1883 621 1927 promissiones
648 1883 685 1915 in
712 1894 840 1926 genere
865 1885 1092 1919 credentibus

102 1935 320 1981 propositae,
353 1946 432 1967 vere
449 1934 492 1967 ad
511 1945 575 1966 nos
595 1946 735 1979 quoque
752 1935 962 1978 pertineant.
1015 1935 1093 1969 Hoc

102 1989 209 2021 verbo
228 1987 312 2019 fides
330 1998 368 2018 ac
387 1997 463 2029 spes
483 1985 569 2028 erigi
590 1986 741 2025 debent,
769 1993 801 2019 et
824 1986 1006 2020 sciendum
1031 1995 1092 2028 est,

102 2039 207 2071 nobis
230 2049 369 2082 quoque
396 2034 453 2069 hic
479 2036 687 2080 promissam
707 2048 779 2070 esse
801 2038 1094 2079 consolationem,

103 2101 141 2123 ac
157 2089 271 2123 Deum
294 2099 357 2132 per
380 2084 448 2120 hoe
467 2087 614 2120 verbum
640 2088 814 2121 efficacem
835 2100 918 2123 esse.

209 2146 367 2190 Quidam
392 2145 538 2179 fanatici
569 2146 810 2181 vociferantur
842 2160 907 2182 nos
938 2149 1094 2183 tribuere

103 2198 222 2232 verbis
238 2198 434 2241 scripturae
459 2196 530 2229 vim
556 2198 734 2241 quandam
759 2199 948 2241 magicam,
977 2208 1010 2235 et
1033 2202 1093 2234 ab·

105 2250 229 2293 legatis
253 2248 436 2292 scripturis
461 2248 586 2281 iubent
609 2260 777 2291 quaerere
793 2251 1011 2285 voluntatem
1030 2251 1096 2285 Dei

106 2302 143 2334 in
161 2301 241 2334 aliis
260 2300 474 2345 quibusdam
492 2299 779 2342 cogitationibus.
821 2301 891 2335 Sed
909 2315 963 2336 res
979 2310 1096 2336 osten-

106 2353 158 2385 dit
174 2351 255 2385 illos
273 2352 456 2394 ignorare,
484 2350 571 2395 quid
591 2351 635 2384 sit
651 2350 748 2387 fides.
795 2350 891 2386 Deus
910 2355 1004 2387 enim
1023 2355 1097 2387 vult

110 2403 147 2435 in
164 2403 273 2436 verbo
291 2414 355 2436 suo
373 2402 514 2447 quaeri,
541 2413 614 2435 non
635 2410 729 2436 extra
746 2403 894 2437 verbum
919 2405 957 2438 in
971 2403 1099 2439 huma-

109 2454 166 2486 nis
191 2453 518 2496 imaginationibus.
571 2452 643 2486 Nec
673 2454 866 2488 tribuimus
891 2456 1010 2490 verbis
1035 2457 1100 2489 ali-

111 2516 216 2549 quam
246 2504 318 2537 vim
351 2505 542 2547 magicam,
584 2504 644 2538 sed
670 2505 888 2539 voluntatem
925 2506 992 2540 Dei
1027 2520 1099 2541 non

111 2567 211 2599 posse
233 2555 414 2598 cognosci,
448 2555 518 2588 nisi
538 2566 602 2598 per
620 2557 768 2590 verbum
795 2557 977 2592 sentimus.
1030 2558 1102 2592 Ita-

112 2619 180 2650 que
199 2607 235 2638 in
253 2605 420 2639 omnibus
436 2606 692 2641 afflictionibus
709 2608 972 2643 decurrendum
988 2616 1038 2643 est
1057 2611 1100 2643 ad

113 2657 259 2690 verbum
277 2654 361 2697 Dei,
388 2657 477 2690 sicut
500 2664 534 2690 et
549 2657 681 2691 Paulus
705 2660 749 2692 ad
771 2657 944 2705 Ephesios
968 2661 1102 2706 praeci-

168 2708 347 2740 Matura.
366 2709 470 2741 Ormi.
499 2706 585 2742 V01..
604 2711 684 2746 XV.

243 63 254 72 ⁶
305 76 406 112 xttt.
436 78 471 113 2.
501 73 869 111 COMMENTARH
898 73 949 109 IN
986 71 1142 109 EPIST.
1180 68 1326 106 PAULI
1355 68 1422 105 AD
1447 67 1710 107 ROMANOS.
1762 69 1865 108 CAP.
1893 71 1972 107 XV.

2079 74 2154 110 786

1164 158 1225 203 pit.
1279 158 1371 191 Nam
1399 158 1484 191 fides
1508 164 1558 191 est
1575 157 1730 201 cognitio
1748 158 1940 193 voluntatis
1957 157 2043 199 Dei,
2071 173 2151 195 cum

1163 211 1206 243 sit
1225 209 1352 242 fiducia
1371 209 1636 242 misericordiae
1657 221 1695 242 ac
1712 209 1980 245 benevolentiae
1996 210 2075 246 Dei.

1263 260 1447 294 Praeterea
1467 257 1559 293 nihil
1578 260 1737 293 fallacius
1759 267 1810 294 est
1835 262 2150 306 imaginationibus

1159 308 1324 344 humanis
1353 318 1448 345 extra
1475 311 1641 351 verbum,
1683 312 1776 356 quod
1809 324 1888 346 cum
1913 326 1931 346 e
1958 322 2148 359 conspectu

1157 369 1374 395 summotum
1397 369 1466 402 est,
1493 373 1593 394 mens
1616 362 1782 395 obruitur
1804 364 2023 405 rationibus,
2060 377 2148 410 quae

1157 412 1281 446 iubent
1305 411 1467 446 homines
1488 413 1684 455 desperare.
1745 412 1888 447 Habent
1910 423 1942 449 et
1966 416 2088 450 Iudaei
2112 423 2146 450 et

1156 461 1302 497 Ethnici
1331 463 1560 507 cogitationes
1581 464 1624 496 de
1650 462 1743 504 Deo,
1778 470 1810 497 et
1836 466 1979 509 quidem
2005 467 2145 510 praedi-

1156 521 1237 548 cant
1255 527 1335 548 eum
1361 526 1434 548 esse
1457 515 1592 548 bonum
1617 525 1655 547 ac
1684 515 1959 549 misericordem.
2013 517 2081 551 Sed
2107 519 2144 550 in

1154 577 1265 609 agone
1291 566 1527 599 conscientiae
1549 566 1753 599 obruuntur
1777 568 2011 608 argumentis,
2056 581 2145 613 quae

1155 617 1277 652 iubent
1297 628 1355 650 eos
1370 616 1574 661 desperare,
1603 617 1685 660 quia
1704 628 1777 649 non
1795 615 2068 660 apprehendunt
2085 620 2143 652 fir-

1153 680 1247 702 mam
1265 675 1298 702 et
1315 675 1444 702 certam
1468 667 1758 711 promissionem,
1794 667 1831 700 in
1857 681 1925 712 qua
1947 668 2042 702 Deus
2065 671 2143 713 pol-

1153 719 1279 754 licetur
1310 731 1382 752 sese
1406 719 1514 763 gratis
1539 718 1630 751 velle
1655 719 1848 761 ignoscere.

1253 770 1413 804 Fanatici
1441 771 1570 804 iactant
1593 769 1756 813 spiritum
1783 781 1906 810 suum,
1940 777 1972 802 et
1996 782 2144 814 magnos

1152 828 1268 856 motus
1285 823 1321 855 in
1342 822 1469 855 animis
1487 821 1575 855 effici
1594 833 1611 854 a
1629 821 1755 863 spiritu
1774 821 1910 864 fingunt
1935 821 2011 854 sine
2033 823 2141 855 verbo

1152 872 1228 905 Dei.
1268 872 1312 906 At
1330 872 1462 906 Paulus
1478 880 1599 905 contra
1618 879 1737 914 aperte
1754 871 1819 905 ait:
1838 871 1944 905 Fides
1960 884 1999 905 ex
2018 873 2143 906 auditu

1152 931 1219 960 est,
1262 924 1406 957 auditus
1432 936 1494 967 per
1518 924 1666 957 verbum
1695 922 1772 955 Dei.
1833 923 1952 965 Quare
1985 923 2140 968 Spiritus

1151 981 1290 1007 sanctus
1312 986 1372 1018 per
1387 976 1534 1007 verbum
1552 974 1673 1008 afficax
1691 982 1754 1008 est:
1784 975 1843 1006 scd
1861 975 1921 1018 qui
1942 986 2041 1008 secus
2058 987 2141 1008 sen—

1152 1025 1262 1065 tiunt,
1291 1026 1413 1058 otiosis
1437 1025 1564 1058 animis
1586 1022 1903 1067 philosophantur,
1931 1037 1996 1058 nec
2023 1026 2140 1058 consi-

1150 1077 1293 1116 derant,
1321 1077 1501 1121 quomodo
1518 1075 1753 1109 conscientiae
1772 1075 1808 1107 in
1827 1076 1919 1108 veris
1938 1077 2140 1109 certamini-

1151 1128 1215 1161 bus
1241 1129 1428 1170 erigendae
1451 1135 1556 1172 atque
1589 1127 1825 1159 consolandae
1849 1127 1932 1160 sint.

1253 1178 1384 1212 Paulus
1406 1178 1589 1221 coniungit
1614 1177 1817 1221 patientiam
1837 1184 1868 1210 et
1885 1189 2002 1221 spem,
2029 1184 2068 1211 ut
2092 1178 2141 1210 si-

1149 1230 1289 1272 gnificet
1308 1230 1394 1274 quid
1418 1230 1558 1263 intersit
1580 1229 1673 1262 inter
1698 1226 1982 1272 philosophicam
2003 1229 2139 1272 patien-

1149 1281 1234 1314 tiam
1263 1287 1296 1314 et
1321 1279 1574 1314 Christianam.
1640 1278 1730 1312 Nam
1750 1285 1786 1312 ut
1811 1280 2008 1312 discernam
2033 1280 2139 1323 plane

1149 1339 1182 1365 et
1215 1332 1434 1375 simpliciter.
1494 1328 1747 1373 Philosophica
1780 1331 1949 1374 patientia
1983 1337 2033 1364 est
2064 1331 2139 1364 sine

1149 1383 1216 1416 fide
1235 1390 1268 1416 et
1284 1395 1343 1427 spe
1355 1382 1478 1416 auxilii
1494 1382 1621 1417 divini.
1650 1380 1731 1414 Etsi
1745 1393 1811 1426 qua
1825 1388 1872 1414 est
1892 1379 2139 1426 philosophica

1149 1434 1338 1478 patientia,
1376 1441 1494 1468 tamen
1519 1434 1557 1466 in
1582 1433 1714 1466 iudicio
1734 1432 1800 1468 Dei
1826 1433 2000 1475 frangitur
2024 1440 2057 1466 et
2079 1444 2140 1466 su·

1149 1492 1308 1529 perator,
1342 1498 1421 1518 cum
1450 1485 1557 1518 sentit
1589 1491 1766 1517 aeternam
1799 1484 1887 1516 iram
1914 1483 1995 1518 Dei.
2049 1483 2140 1517 For-

1149 1537 1248 1569 tassis
1264 1537 1301 1569 in
1326 1536 1404 1568 aliis
1424 1536 1683 1569 calamitatibus
1702 1536 1871 1567 adversus
1889 1533 2053 1568 homines
2073 1535 2140 1567 ali-

1149 1588 1359 1632 quantulum
1377 1587 1481 1622 valet.
1524 1584 1587 1619 Est
1606 1586 1699 1619 enim
1718 1585 1938 1625 obedientia,
1967 1597 2034 1630 qua
2054 1597 2140 1619 con-

1147 1645 1282 1671 stanter
1303 1649 1466 1682 paremus
1491 1644 1604 1670 rectae
1630 1636 1782 1675 rationi,
1810 1648 1854 1668 ne
1878 1636 2001 1669 dolore
2027 1636 2141 1675 fracti,

1147 1688 1282 1732 aliquid
1314 1696 1435 1721 contra
1460 1687 1678 1722 honestatem
1712 1686 1893 1721 faciamus.
1955 1687 2003 1721 At
2034 1685 2140 1721 Chri-

1147 1739 1259 1772 stiana
1288 1739 1456 1781 patientia
1486 1740 1573 1772 duas
1595 1751 1649 1773 res
1676 1738 1851 1778 continet,
1885 1737 2141 1772 Obedientiam

1148 1801 1226 1832 erga
1261 1788 1396 1830 Deum,
1437 1797 1470 1823 et
1501 1789 1624 1830 fidem,
1672 1800 1762 1834 quae
1788 1795 1945 1834 expectat
1969 1796 2002 1824 et
2025 1796 2142 1834 sperat

1147 1841 1319 1875 auxilium
1346 1841 1521 1875 divinum.

1463 1923 1570 1959 Deus
1593 1924 1810 1972 patientiae.

1249 1992 1381 2027 Votum
1401 2006 1459 2027 seu
1480 1993 1634 2037 precatio
1654 2000 1721 2033 est,
1749 2004 1839 2038 quae
1858 1999 1908 2027 est
1926 1989 2141 2038 napaoxem‘*

1149 2047 1191 2079 ad
1211 2046 1474 2079 conclusionem
1494 2042 1599 2078 huius
1616 2044 1683 2077 loci
1703 2045 1745 2078 de
1763 2056 1830 2077 usu
1846 2043 2142 2086 ceremoniarum,

1150 2109 1333 2141 precamur
1364 2097 1459 2129 enim
1489 2096 1650 2140 utrisque
1675 2096 1753 2129 dari
1789 2095 1948 2129 studium
1981 2093 2076 2138 pacis
2109 2100 2143 2127 et

1150 2148 1370 2183 concordiae.
1422 2146 1536 2180 Vocat
1554 2146 1670 2180 Deum
1689 2147 1893 2191 patientiae,
1911 2145 2011 2191 quasi
2030 2144 2141 2178 dicat:

1152 2198 1519 2244 Deumgpatientinm,
1545 2196 1611 2232 hoc
1629 2204 1698 2239 est,
1733 2198 1979 2242 respicientem
2003 2196 2142 2240 patien-

1151 2259 1201 2285 tes
1229 2258 1263 2284 et
1286 2250 1549 2287 consolantem,
1592 2250 1681 2282 sicut
1714 2260 1816 2293 saepe
1851 2248 1937 2281 alias
1968 2247 2144 2291 scriptura

1152 2302 1249 2343 dicit,
1267 2302 1407 2335 Psalmo
1425 2301 1500 2334 34:
1530 2300 1645 2343 Prope
1664 2306 1714 2333 est
1733 2299 1911 2332 Dominus
1929 2297 1983 2332 his
2001 2299 2063 2342 qui
2080 2298 2144 2331 tri-

1153 2354 1274 2387 bulato
1301 2360 1383 2386 sunt
1415 2353 1540 2391 corde,
1577 2359 1609 2384 et
1634 2348 1787 2385 humiles
1821 2350 1950 2394 spiritu
1981 2349 2143 2382 salvabit.

1154 2405 1295 2438 Psalmo
1316 2404 1387 2439 10.:
1416 2403 1504 2437 Tibi
1523 2403 1710 2435 derelictus
1730 2409 1779 2435 est
1803 2413 1956 2444 pauper,
1982 2397 2144 2444 orphano

1154 2464 1192 2490 tn
1217 2456 1285 2489 eris
1308 2457 1458 2489 adiutor.
1510 2453 1651 2486 Psalmo
1678 2453 1751 2487 12:
1788 2452 1940 2496 Propter
1966 2451 2145 2484 miseriam

1155 2508 1323 2551 inopum,
1359 2513 1391 2540 et
1410 2505 1580 2549 gemitum
1604 2515 1822 2547 pauperum,
1849 2516 1946 2537 nunc
1979 2513 2145 2545 exurgam

1155 2559 1242 2592 dicit
1265 2557 1455 2592 Dominus.
1506 2554 1647 2588 Psalmo
1667 2553 1766 2589 145.:
1804 2553 1946 2588 Allevat
1969 2551 2148 2587 Dominus

1156 2621 1279 2642 omnes
1296 2609 1356 2654 qui
1376 2612 1567 2646 corruunt,
1586 2612 1619 2639 et
1638 2606 1740 2648 erigit
1757 2617 1879 2639 omnes
1899 2606 2014 2640 elisos.
2050 2603 2148 2637 Psal-

1158 2673 1215 2695 mo
1225 2659 1303 2696 49.:
1333 2658 1465 2693 lnvoca
1480 2669 1537 2692 me
1553 2658 1591 2691 in
1607 2658 1665 2692 die
1683 2657 1939 2699 tribulationis,
1955 2663 1987 2691 et
2004 2654 2151 2699 eripiam

1676 2707 1725 2744 50
