2415 2942
91 87 166 126 425
506 88 586 126 XII.

94 177 183 216 sint,
210 186 360 220 quorum
387 174 552 217 cogitatio
578 176 622 208 ad
648 175 809 208 alendam
826 174 949 214 fidem,
977 180 1009 207 et
1034 175 1077 207 ad

93 226 253 260 exercitia
277 226 357 259 fidei
381 226 477 259 utilis
499 232 563 259 est.
634 224 714 258 Non
743 225 897 258 recitabo
923 225 1078 267 singulas

93 277 311 311 ostensiones
332 303 341 316 ,
384 277 519 319 singula
550 276 743 321 colloquia,
786 275 844 307 sed
873 275 1076 308 obscuriora

90 329 182 362 dicta
212 339 251 360 ex
281 327 476 371 praecipuis
504 338 696 370 excerpam.
772 324 890 358 Prima
923 325 1075 358 ostensio

92 379 181 412 facta
208 385 259 411 est
284 378 509 417 mulieribus,
542 377 623 422 quia
645 384 683 410 ut
710 388 770 419 per
801 387 857 408 eas
882 387 977 408 mors
999 376 1073 418 pri-

91 441 188 462 mum
220 428 372 472 pervasit
396 428 431 461 in
456 438 565 471 genus
590 425 802 466 humanum,
836 427 882 459 ita
912 424 1073 460 Christus

90 479 201 512 voluit
229 480 277 511 eis
305 479 457 522 primum
487 478 670 511 ostendere
692 476 950 511 restitutionem
981 477 1072 510 vitae

91 537 267 570 aeternae,
295 535 328 562 et
351 528 632 572 languidioribus
651 528 746 571 prius
764 539 865 571 opem
886 528 952 561 sert
965 525 1072 561 Chri-

90 587 183 620 stus,
217 587 256 613 ut
279 580 427 613 sciamus
445 591 523 612 eum
548 576 695 611 humilia
718 585 751 612 et
771 578 960 611 imbecillia
988 590 1070 611 vere

89 631 254 673 diligere,
296 630 390 663 iuxta
422 629 526 663 illud:
566 627 748 662 Calamum
776 635 975 673 quassatum
1000 641 1072 662 non

88 681 292 724 confringet.
354 679 472 722 Quare
498 686 614 713 autem
638 679 749 712 dicit?
783 679 835 713 Ne
859 692 915 713 me
941 686 1071 723 tangas,

88 733 169 777 quia
188 732 346 765 nondum
365 730 504 764 ascendi
522 731 565 763 ad
582 736 714 774 patrem
733 742 870 768 meum,
897 742 979 763 sane
1004 731 1071 763 mi-

91 783 198 816 randa
217 782 328 816 oratio
345 788 406 817 est.
459 780 528 815 Sed
545 779 629 815 haec
645 781 784 815 videtur
799 792 872 814 esse
897 782 1069 815 sententia

87 833 276 877 praecepti:
304 829 592 875 Reprehenditur
605 831 752 871 mulier,
781 833 875 876 quod
894 832 1069 866 desiderio

88 882 244 916 humano
271 882 398 926 expetit
427 882 647 926 complexum
675 880 826 923 Christi,
862 889 895 916 et
919 883 1072 917 somniat

88 945 165 967 eum
193 933 375 974 revixisse,
415 939 455 967 ut
476 944 597 966 rursus
621 933 714 967 inter
735 933 865 966 amicos
884 933 999 974 vivat,
1032 941 1071 968 ut

84 991 204 1025 antea,
237 990 270 1017 et
296 983 490 1027 praesentia
522 984 654 1017 visibili
684 995 719 1016 se
752 983 943 1025 exhilaret,
977 997 1068 1017 non—

84 1036 168 1068 dum
183 1034 247 1068 scit
262 1034 328 1067 fide
344 1034 577 1078 praesentiam
593 1034 785 1068 invisibilis
804 1032 935 1069 Christi
961 1036 1066 1069 dein-

84 1097 163 1129 ceps
186 1086 443 1132 agnoscendam
464 1096 546 1118 esse.

159 1166 339 1204 [Vmidum
360 1168 453 1202 enim
472 1166 624 1202 ascendi
638 1166 845 1217 adpalrem
862 1180 990 1206 meum.

183 1237 282 1272 Duae
306 1244 388 1271 sunt
412 1238 736 1281 interpretationes,
770 1250 859 1283 quae
885 1245 1066 1282 utcunque

84 1289 263 1323 declarant
290 1286 380 1321 hanc
407 1288 676 1322 connexionem.
731 1288 866 1322 Usitata
889 1286 974 1322 haec
1000 1295 1065 1321 est:

83 1337 261 1373 Prohibeo
276 1338 584 1372 contrectationem
597 1339 826 1382 corporalem,
845 1340 926 1383 quia
945 1350 1066 1372 ascen-

83 1391 163 1423 dam
185 1390 228 1422 ad
250 1396 404 1432 patrem,
432 1400 495 1421 nec
512 1388 679 1422 fruemini
703 1389 867 1433 deinceps
891 1388 954 1422 hac
979 1389 1065 1422 visi—

83 1440 147 1474 bili
174 1439 444 1477 consuetudine‚
486 1439 541 1472 cui
569 1450 630 1472 vos
654 1440 803 1472 multum
828 1438 1064 1473 humanorum

80 1491 269 1524 affectuum
286 1489 484 1523 miscuistis.
534 1489 778 1523 Laetabamini
804 1503 878 1524 mea
902 1503 1064 1535 praesen-

81 1542 149 1582 tia,
182 1548 222 1574 ut
245 1541 344 1584 pueri
367 1540 523 1573 dulcium
550 1548 734 1584 parentum
759 1549 971 1585 conspectu,
1004 1541 1065 1586 qui

83 1591 245 1625 sciebatis
280 1603 341 1624 vos
373 1603 449 1623 meo
481 1591 678 1634 patrocinio
708 1592 855 1625 tutiores
881 1604 972 1633 esse,
1005 1593 1064 1625 sed

82 1654 178 1674 nunc
203 1642 294 1674 dabo
319 1641 418 1674 vobis
436 1640 609 1684 Spiritum
635 1649 813 1682 sanctum,
840 1655 919 1675 cnm
945 1654 1065 1676 ascen-

83 1693 167 1725 dero
187 1692 229 1724 ad
249 1698 399 1734 patrem,
420 1697 459 1724 ut
475 1703 530 1724 me
552 1691 621 1724 alio
639 1692 746 1725 modo
773 1693 1065 1736 complectamini,

83 1755 142 1776 ero
162 1753 323 1786 praesens
346 1741 438 1774 inter
463 1753 544 1782 vos,
578 1742 638 1774 sed
663 1742 731 1775 fide
756 1755 812 1775 me
834 1744 997 1783 cernetis,
1033 1750 1065 1776 et

84 1794 151 1826 fide
176 1791 475 1835 complectemini‚
508 1804 580 1825 non
603 1792 784 1826 affectibus
812 1794 1005 1836 puerilibus
1028 1801 1066 1827 ut

82 1850 194 1878 antea.
248 1842 343 1875 Haec
361 1842 486 1876 usitata
504 1842 745 1886 interpretatio
768 1844 848 1877 facit
873 1843 1065 1878 antithesin

82 1893 367 1928 contrectationis
382 1893 592 1936 corporalis,
619 1906 708 1938 quae
728 1894 831 1928 fiebat
855 1895 892 1927 in
917 1908 1065 1928 consue-

83 1945 205 1979 tudine
223 1944 382 1986 ‚visibili‚
421 1950 454 1977 et
475 1943 557 1977 fidei
580 1945 846 1988 complectentis
871 1943 1064 1985 Christum,

81 1996 162 2040 quia
179 1995 247 2028 iam
263 2007 335 2028 non
351 1994 507 2028 cernitur
522 1995 633 2028 oculis
649 1996 814 2040 corporis.

185 2045 307 2078 Altera
335 2057 416 2078 vcro
441 2045 701 2089 interpretatio,
737 2054 777 2081 ut
800 2045 886 2080 mihi
912 2047 1063 2089 videtur,

82 2095 276 2139 simplicior
316 2101 383 2136 est,
424 2107 512 2140 quae
554 2096 636 2130 facit
677 2095 869 2132 antithesin
913 2100 1063 2132 duarum

81 2146 418 2186 contrectationum,
445 2157 504 2180 seu
529 2146 721 2181 visibilium
745 2149 1064 2183 conversationum.

80 2197 184 2232 Nunc
213 2197 345 2241 inquit:
396 2194 573 2230 Prohibeo
601 2200 939 2241 contrectationem,
980 2201 1063 2245 quia

82 2249 184 2282 stulta
205 2248 360 2281 somnias
386 2248 695 2289 consuetudinem,
723 2251 834 2295 qualis
859 2258 960 2285 antea
985 2252 1064 2292 fuit,

83 2310 171 2343 quae
190 2300 348 2332 nondum
367 2305 440 2332 erat
459 2299 528 2332 vita
548 2305 705 2340 aeterna,
731 2302 791 2334 sed
809 2301 877 2335 alia
894 2303 962 2337 erit
979 2314 1063 2335 con—

85 2351 252 2388 suetudo,
281 2356 423 2393 propter
440 2362 546 2394 quam
568 2350 693 2383 missus
710 2362 806 2393 sum,
833 2359 868 2386 et
891 2365 986 2387 nunc
1007 2365 1063 2386 re-

84 2400 171 2440 vixi,
197 2400 326 2434 scilicet
343 2401 411 2434 vita
428 2407 568 2434 aeterna
584 2403 677 2444 apud
695 2409 846 2446 patrem,
874 2403 924 2437 ibi
950 2416 1006 2437 me
1030 2411 1063 2437 et

84 2457 218 2494 patrem
253 2462 372 2484 cernes
405 2452 516 2485 oculis
550 2464 693 2491 coram,
742 2460 775 2487 et
811 2455 1062 2498 complecteris.

84 2499 180 2534 Illud
204 2500 310 2544 igitur
334 2509 469 2545 tempus
494 2515 604 2536 novae
627 2505 914 2538 contrectationis
938 2506 1062 2549 cogita,

80 2562 176 2584 nunc
206 2563 268 2584 nos
299 2552 446 2595 pueriles
470 2554 671 2598 complexus
698 2562 732 2588 et
755 2555 899 2589 affectus
927 2557 1061 2598 omitte,

80 2602 129 2635 sic
145 2602 282 2635 videtur
299 2614 369 2636 esse
384 2603 557 2637 concinna
574 2605 761 2639 connexio:
789 2605 842 2639 Ne
860 2613 980 2651 tangas
995 2620 1060 2649 me,

80 2651 162 2697 quia
188 2654 349 2687 nondum
377 2655 517 2689 ascendi
546 2657 591 2690 ad
621 2663 781 2702 patrem,
823 2658 923 2705 quasi
953 2659 1058 2694 dicat:

638 87 937 125 ENARRATIO
965 89 1015 124 lN
1041 88 1222 127 EVANG.
1253 88 1463 127 IOANNIS.
1518 90 1619 128 CAP.
1648 91 1726 126 XX.

2049 96 2120 128 426

1132 174 1235 208 Tunc
1253 177 1483 210 contrectabis
1500 189 1572 218 me,
1605 189 1682 210 cum
1702 179 1890 211 ascendero
1907 179 1948 211 ad
1968 186 2114 223 patrem,

1131 225 1302 266 videlicet,
1320 240 1397 260 cum
1417 235 1467 268 te,
1487 235 1518 261 et
1537 229 1706 272 reliquam
1725 227 1917 262 Ecclesiam
1935 232 2113 263 adduxero

1128 277 1168 307 ad
1191 284 1338 318 patrem.
1391 279 1499 310 Aliud
1521 291 1685 321 regnum,
1714 280 1780 312 alia
1798 281 1865 313 vita
1886 288 1991 314 restat
2013 282 2112 314 vobis

1127 326 1263 366 danda,
1303 328 1339 360 in
1376 341 1441 372 qua
1469 329 1635 362 fruemini
1664 331 1771 372 patris
1794 332 2046 365 consuetudine
2081 339 2114 365 et

1126 388 1218 414 mea,
1262 384 1294 410 et
1318 379 1361 411 ad
1388 377 1478 412 hanc
1501 380 1709 413 sententiam
1737 383 1911 425 quadrant
1939 395 2029 427 quae
2058 394 2112 416 se-

1124 433 1294 470 quuntur.

1146 504 1313 541 Ascendo
1330 506 1384 541 ad
1394 514 1536 555 patrem
1555 521 1671 543 meum
1684 539 1692 552 ,
1711 515 1740 544 el
1757 516 1898 558 patrem
1918 518 2083 547 restrum.

1223 574 1334 617 Quasi
1359 577 1471 617 dicat,
1506 577 1601 610 aliud
1629 589 1796 621 regnum,
1831 580 1934 613 aliam
1960 593 2109 613 consue-

1122 625 1280 658 tudinem
1301 653 1309 667 ,
1358 628 1660 661 conversationem
1715 635 1748 662 et
1799 632 2108 664 contrectationem

1123 682 1310 718 expectato,
1366 677 1491 719 Qualis
1517 686 1632 712 autem
1657 677 1722 712 hae
1745 680 1815 713 sint
1838 681 2108 720 consolationes,

1122 727 1328 760 discendum
1357 729 1463 761 estin
1489 729 1637 762 assiduis
1664 731 1836 764 exercitiis
1861 732 1942 764 fidei
1966 738 1997 764 et
2021 732 2109 775 spei,

1123 778 1298 821 promittit
1316 786 1491 812 aeternam
1509 781 1800 814 consuetudinem
1820 794 1897 815 cnm
1917 781 2003 823 Deo,
2018 780 2107 816 hanc

1121 829 1316 867 intuentes,
1351 842 1390 862 ac
1414 838 1609 874 sperantes,
1635 831 1777 865 interim
1802 833 2032 866 sustineamus
2056 834 2108 866 la-

1120 880 1222 912 bores
1249 887 1281 913 et
1307 892 1514 922 aerumnas,
1555 889 1588 915 et
1613 882 1718 916 simul
1742 882 1891 917 sciamus
1919 896 2012 917 nunc
2037 896 2106 917 no-

1121 930 1256 963 biscum
1280 942 1351 964 esse
1370 930 1536 965 Messiam
1556 939 1714 966 nostrum
1727 960 1735 973 ,
1763 940 1794 966 et
1811 935 1877 967 fide
1895 935 2107 978 amplecten-

1122 982 1225 1021 dum,
1252 982 1388 1014 etiamsi
1414 995 1478 1016 nec
1501 983 1597 1016 cerni
1622 985 1780 1027 corporis
1806 986 1935 1026 oculis,
1965 992 2107 1018 contre-

1121 1033 1205 1065 ctari
1223 1033 1388 1066 manibus
1404 1040 1535 1078 potest,
1563 1034 1661 1068 adest
1679 1042 1813 1077 tamen,
1840 1043 1879 1071 ut
1895 1048 1958 1070 nos
1979 1037 2106 1079 guber-

1120 1089 1179 1117 net
1206 1089 1239 1116 et
1261 1083 1367 1120 iuvet.

1385 1166 1487 1202 Sicut
1512 1167 1616 1203 misit
1646 1179 1700 1202 me
1721 1175 1840 1216 pater.

1220 1236 1336 1270 Multa
1357 1237 1557 1271 testimonia
1581 1238 1848 1272 resurrectionis
1870 1246 2061 1273 narrantur
2086 1251 2107 1274 a

1120 1287 1352 1331 scriptoribus
1379 1285 1546 1320 historiae
1583 1289 1820 1330 evangelicae,
1863 1302 1952 1334 quae
1980 1291 2105 1323 tuemi-

1117 1337 1209 1370 nisse
1227 1337 1312 1370 utile
1330 1344 1391 1378 est,
1405 1339 1464 1370 sed
1478 1350 1571 1371 nunc
1586 1339 1739 1372 breviter
1757 1337 1840 1373 haec
1857 1353 1946 1385 quae
1963 1348 2045 1375 sunt
2062 1342 2100 1374 in

1119 1388 1322 1421 narratione
1348 1387 1509 1429 Ioannis,
1545 1401 1759 1432 percurram.
1811 1390 1931 1425 Primo
1961 1404 2104 1436 vespere

1119 1440 1192 1472 eius
1208 1439 1298 1477 diei,
1325 1452 1396 1484 quo
1411 1447 1649 1475 resurrexerat
1664 1438 1846 1482 Christus,
1873 1443 1970 1476 venit
1988 1445 2030 1476 ad
2050 1450 2104 1477 to-

1118 1497 1192 1523 tum
1212 1496 1347 1523 coetum
1367 1489 1638 1534 Apostolorum,
1665 1492 1725 1536 qui
1749 1504 1818 1525 una
1843 1501 1942 1527 erant
1967 1493 2103 1528 leroso—

1119 1541 1251 1585 lymae,
1278 1547 1310 1573 et
1336 1553 1414 1573 cuin
1439 1542 1621 1574 salutasset
1646 1554 1724 1582 eos,
1754 1550 1786 1576 et
1811 1555 1936 1577 manus
1954 1552 1985 1577 et
2011 1545 2103 1578 latus

1118 1591 1337 1631 ostendisset,
1358 1591 1392 1622 in
1413 1593 1534 1623 eodem
1554 1592 1733 1637 colloquio
1750 1593 1874 1637 incipit
1893 1595 1940 1627 eis
1960 1596 2102 1629 concio-

1118 1641 1193 1674 nari
1213 1642 1255 1674 de
1273 1641 1429 1685 ipsorum
1446 1642 1661 1683 ministerio,
1689 1644 1748 1677 dat
1765 1644 1812 1676 eis
1829 1644 2000 1688 Spiritum
2019 1658 2102 1679 san-

1118 1699 1229 1733 ctum,
1256 1698 1290 1725 et
1314 1693 1414 1726 addit.
1431 1694 1634 1726 mandatum
1654 1695 1697 1726 de
1714 1695 1918 1728 remissione
1941 1704 2102 1740 peccato-

1118 1755 1215 1783 rum,
1243 1742 1278 1775 id
1294 1749 1362 1783 est,
1386 1754 1558 1777 summam
1575 1742 1754 1787 Evangilii
1773 1746 1821 1778 eis
1839 1748 1992 1790 exponit.
2049 1747 2100 1781 De

1118 1791 1172 1826 his
1195 1793 1308 1826 tribus
1325 1793 1492 1827 membris
1509 1794 1633 1828 ordine
1652 1807 1763 1843 pauca
1780 1796 1927 1830 dicenda
1947 1805 2038 1832 sunt.

1218 1843 1378 1877 Primum
1396 1845 1545 1878 sciamus
1563 1843 1619 1879 hic
1638 1847 1838 1880 confirmari
1861 1849 2100 1883 ministerium

1115 1893 1316 1937 Evangelii,
1353 1902 1385 1928 et
1410 1896 1567 1939 promitti
1592 1897 1779 1930 efficaciam
1804 1897 1870 1931 Dei
1894 1912 1955 1943 per
1979 1913 2098 1934 vocem

1115 1946 1274 1979 omnium
1316 1946 1518 1980 docentium
1558 1945 1792 1991 Evangelium
1834 1950 2097 1995 incorruptum:

1116 1996 1216 2030 Sicut
1233 1996 1328 2030 misit
1344 2009 1400 2029 me
1419 2004 1535 2040 pater,
1563 2005 1596 2032 et
1618 1999 1683 2032 suit
1709 2011 1771 2046 per
1792 2012 1847 2034 me
1871 2002 2009 2042 efficax,
2036 2015 2100 2035 vo-

1115 2047 1205 2080 cavit
1243 2054 1276 2081 et
1313 2048 1454 2091 collegit
1485 2057 1663 2084 aeternam
1697 2048 1907 2085 Ecclesiam:
1957 2053 2004 2086 ita
2034 2065 2096 2096 ego

1116 2099 1215 2131 mitto
1232 2110 1311 2139 vos,
1337 2110 1396 2131 ero
1414 2111 1475 2142 per
1493 2112 1553 2133 vos
1571 2100 1707 2139 efficax,
1737 2103 1867 2135 vocabo
1887 2110 1918 2137 et
1934 2104 2098 2147 colligam

1115 2156 1292 2182 aeternam
1332 2148 1534 2185 Ecclesiam.
1587 2149 1684 2184 Haec
1725 2154 1896 2186 sententia
1938 2155 2100 2197 congruit

1114 2212 1191 2233 cum
1211 2199 1273 2234 illo
1290 2200 1399 2234 dicto:
1417 2200 1489 2243 Qui
1507 2213 1568 2234 vos
1585 2203 1695 2240 audit,
1712 2215 1766 2235 me
1779 2205 1887 2239 audit.
1913 2204 2014 2239 Hanc
2031 2207 2096 2239 do-

1114 2250 1262 2285 ctrinam
1287 2258 1320 2285 et
1342 2252 1619 2285 consolationem
1646 2260 1843 2294 teneamus,
1871 2268 1910 2288 ac
1933 2269 2012 2290 vere
2029 2264 2100 2291 sta-

1114 2308 1253 2336 tuamus
1270 2300 1384 2335 Deum
1410 2303 1581 2336 efficacem
1607 2314 1678 2336 esse
1703 2316 1763 2347 per
1779 2316 1898 2339 vocem
1913 2305 2100 2351 Evangelii

1113 2359 1146 2386 et
1168 2353 1256 2386 velle
1272 2359 1311 2387 ut
1334 2353 1630 2395 promissionibus
1646 2352 1832 2398 Evangelii
1851 2368 1915 2390 nos
1939 2366 2097 2392 susente-

1111 2415 1198 2445 τηυξ,
1215 2404 1314 2448 quasi
1332 2404 1406 2448 ipse
1422 2416 1485 2436 nos
1501 2417 1560 2437 sua
1577 2417 1661 2437 voce
1676 2406 1718 2438 (le
1736 2407 1833 2440 coelo
1850 2408 2098 2453 alloqueretur.

1112 2453 1207 2488 Haec
1222 2455 1417 2488 consolatio
1434 2466 1534 2499 saepe
1551 2455 1758 2490 inculcanda
1776 2465 1808 2492 et
1826 2459 2010 2502 cogitanda
2030 2468 2091 2496 est.

1210 2505 1353 2539 Deinde
1372 2505 1463 2538 idem
1482 2506 1613 2539 dictum
1632 2507 1799 2546 affirmat,
1816 2506 2005 2553 Apostolos
2023 2524 2095 2544 non

1112 2556 1222 2597 mitti,
1256 2564 1295 2590 ut
1319 2556 1464 2599 imperia
1496 2557 1603 2590 armis
1627 2566 1807 2602 occupent.
1860 2559 1906 2594 Et
1929 2562 2096 2596 discernit

1111 2607 1346 2640 ministerium
1379 2604 1563 2651 Evangelii
1605 2609 1648 2641 ab
1690 2609 1858 2653 imperiis.
1923 2611 2095 2656 Expresse

1111 2658 1205 2692 euim
1218 2658 1363 2692 dicitur:
1391 2657 1491 2693 Sicut
1506 2658 1600 2694 misit
1617 2671 1672 2693 me
1688 2667 1806 2706 pater,
1824 2668 1960 2698 constat
1976 2670 2093 2698 autem
