2415 2942
94 145 168 182 405
459 143 541 179 ΧΠ.

93 232 254 267 articulo.
307 230 452 264 Fatetur
471 242 505 263 se
522 229 633 263 filium
651 228 715 263 Dei
735 240 825 266 esse,
853 235 885 261 et
904 229 1031 262 fatetur
1048 240 1082 261 se

94 283 226 326 Regem
252 294 341 320 esse,
369 288 401 315 et
427 281 578 314 declarat
604 292 770 323 regnum,
797 279 978 323 inquiens:
1012 278 1084 312 Re-

93 345 201 375 gnum
226 345 341 366 meum
374 345 446 365 non
473 338 522 365 est
550 333 593 364 de
618 329 684 364 hoc
710 331 863 369 mund0,
900 336 1003 373 atque
1035 330 1080 362 ita

93 384 283 417 discrimen
310 383 407 426 regni
433 382 604 421 Blessiae,
632 382 725 426 quod
752 387 801 413 est
820 387 1020 418 aeternnm,
1049 387 1080 412 ct

95 435 191 478 regni
212 435 356 476 politici,
377 435 470 479 quod
491 439 704 466 cessaturum
722 439 783 471 est,
803 431 922 465 tradit.
962 430 1079 472 Quin-

95 493 172 526 tus,
201 486 320 528 Quare
337 485 456 518 ludaei
474 484 609 520 dicant:
637 482 747 515 Nobis
773 493 844 514 non
868 482 947 514 licet
972 482 1082 513 inter-

95 537 198 569 ficere
213 548 429 581 quenquam,
438 535 498 568 ubi
514 533 728 578 deploranda
745 539 793 565 est
813 530 995 564 horribilis
1014 533 1078 564 mi-

95 588 184 620 seria
201 588 338 630 generis
356 584 516 626 humani,
536 585 628 629 quod
649 595 719 615 non
738 583 850 615 solum
876 582 1002 621 ludaei,
1021 584 1078 615 sed

96 638 199 670 etiam
215 635 359 671 Ethnici
376 632 791 670 interficiuntChristum,
812 641 847 666 ut
866 634 1082 677 significetur

95 700 216 721 omnes
242 686 401 721 homines
426 699 503 719 reos
526 697 597 719 esse
614 685 737 717 mortis
755 682 906 724 Christi,
936 682 1001 717 hoc
1021 692 1081 725 est,

97 747 241 782 propter
257 739 417 772 omnium
437 735 622 769 hominum
648 743 783 779 peccata
809 736 933 769 intuto
954 747 1080 778 genere

96 787 441 823 humanoChristum
462 799 598 830 passum
616 798 699 820 esse.
753 786 894 823 Sextus,
922 785 1081 819 Ilerotles

96 839 276 874 Christum
302 838 524 872 contumeliis
548 838 654 870 afficit
682 837 806 869 ludens
833 850 927 869 inore
949 836 1079 879 Epicu-

96 903 258 931 reorum,
282 902 360 923 cum
379 896 494 923 tamen
512 888 582 921 dici
600 888 704 920 vellet
724 900 781 920 rex
801 889 834 919 in
856 888 984 931 populo
1004 887 1081 922 Dei.

93 940 291 985 Septimus,
317 939 498 974 Confessio
517 938 642 978 Pilati,
670 939 764 982 quod
788 937 844 971 hic
862 939 1019 982 captivus
1038 940 1080 971 sit

93 991 318 1031 innocens,et
333 1002 453 1024 rursus
465 990 567 1023 Pilati
587 989 762 1022 iniusticia
785 987 841 1022 hie
859 990 1082 1029 describitur,

95 1043 155 1087 qui
175 1048 214 1075 ut
233 1042 351 1086 aliquo
368 1043 474 1074 modo
492 1041 647 1074 dimittat
671 1039 816 1073 ludaeos
834 1041 1006 1084 placatos,
1027 1041 1081 1073 in-

95 1099 279 1126 not-entem
297 1091 477 1126 Christum
496 1092 591 1124 iubet
613 1091 757 1133 flagellis
774 1092 888 1130 caedi,
917 1099 950 1124 et
972 1092 1081 1135 spinis

96 1144 268 1177 coronari.
319 1141 497 1181 Octavus,
528 1141 692 1175 Vincitur
710 1141 843 1175 Pilatus
859 1150 973 1181 metu,
1002 1155 1079 1175 cum

95 1194 307 1227 minitantur
335 1193 452 1226 ludaei
470 1220 478 1233 ,
521 1204 556 1225 se
585 1200 804 1225 accusatores
839 1193 953 1236 ipsum
988 1194 1079 1240 apud

94 1243 297 1284 Caesarem,
324 1245 417 1288 quod
445 1241 577 1276 hostem
606 1242 762 1277 Caesaris
790 1244 954 1277 dimittat.
1010 1244 1080 1277 No-

95 1307 179 1332 nus„
195 1294 453 1328 Condemnatio
472 1292 604 1327 Christi
621 1295 710 1327 facta
729 1307 746 1326 a
766 1293 891 1334 Pilato,
909 1302 939 1327 et
958 1295 1081 1326 ‹limis-

95 1347 146 1379 sio
167 1345 352 1379 Barrabae.
407 1344 501 1377 Ilaec
520 1351 599 1377 sunt
621 1345 824 1388 praecipuae
849 1352 962 1388 partes
985 1346 1080 1378 tertii

95 1404 208 1437 actus,
236 1396 271 1428 iu
291 1408 360 1440 quo
387 1402 644 1428 consumuntur
661 1393 767 1428 horae
789 1407 855 1430 sex.

447 1511 503 1535 De
550 1509 721 1541 primo.

196 1597 285 1631 Cum
307 1596 410 1632 Iudas
433 1603 665 1641 repraesentet
695 1596 854 1629 omnium
880 1602 1078 1639 temporum

96 1646 309 1688 haereticos,
338 1649 419 1681 item
445 1651 638 1680 desertores
660 1647 864 1689 Evangelii,
892 1650 975 1680 item
996 1661 1079 1680 con-

97 1699 246 1732 siliarios
264 1706 466 1743 potentum,
496 1698 555 1742 qui
576 1698 760 1731 artificiosa
785 1698 896 1740 specie
922 1698 1080 1731 alienant

98 1750 236 1782 animos
271 1750 469 1792 principum
499 1749 542 1780 ab
569 1746 784 1791 Evangelio,
823 1755 882 1781 ant
909 1750 1080 1782 alienatos

98 1800 324 1837 confirmant,
353 1807 384 1832 et
410 1800 447 1832 in
471 1799 520 1831 eis
544 1799 624 1831 odia
645 1800 884 1837 inflammant,
913 1800 948 1831 in
970 1812 1078 1842 poena

99 1849 206 1884 Iudae
227 1851 313 1883 iram
334 1849 398 1883 Dei
415 1861 537 1883 omnes
555 1847 715 1882 homines
733 1857 900 1889 metuant,
919 1858 948 1883 et
970 1851 1078 1883 vitent

98 1913 216 1934 causas
234 1899 337 1934 huius
355 1909 422 1934 tam
442 1898 639 1933 horrendae
657 1912 799 1944 poenae.
848 1899 953 1934 Periit
971 1902 1080 1934 Arius

97 1952 215 1985 effusis
237 1952 430 1990 intestinis,
457 1958 494 1984 ut
517 1950 639 1992 ludim,
666 1952 768 1996 periit
794 1950 921 1984 Iuliani
946 1952 1079 1995 praese-
1102 1966 1105 2006 ᾗ

97 2010 190 2044 ctus,
214 2015 275 2047 per
291 2015 329 2035 os
349 2003 458 2035 vffuso
476 2010 645 2042 stercore,
664 2010 697 2036 et
713 2002 800 2035 alii
793 2014 958 2035 innumer
962 2004 1079 2040 ..biles
1103 2019 1105 2059 Ι

98 2066 161 2086 nec
187 2055 314 2087 desunt
341 2054 496 2111 exe-mpla
527 2060 665 2086 nostrae
693 2053 806 2086 aetati.
860 2053 948 2086 Nun
978 2054 1105 2086 multi

98 2104 361 2137 concionatores
397 2104 497 2146 impii
525 2104 641 2137 subito
670 2104 707 2137 in
737 2104 821 2151 ipsis
850 2086 1106 2258 concionibus!

99 2155 240 2188 extincti
267 2161 359 2187 sunt.
411 2154 616 2187 Timeamus
638 2167 718 2198 ergo
741 2155 912 2188 iudicium
931 2155 1019 2195 Dei,
1047 2086 1106 2258 et'

99 2206 135 2237 in
157 2218 236 2238 vera
253 2205 422 2238 sententia
441 2203 628 2247 Evangelii
644 2207 754 2239 simus
771 2213 988 2246 constantes,
1017 2219 1079 2238 nec

97 2256 273 2299 corrumpi
301 2268 364 2289 nos
393 2255 547 2288 sinamus
577 2257 742 2298 pecunia,
769 2264 828 2290 aut
855 2258 1079 2290 simulatione
1103 2259 1106 2279 ⁴

96 2307 362 2339 benevolentiae
388 2306 608 2350 principum,
635 2314 695 2341 aut
716 2319 775 2351 spe
795 2308 991 2344 bonorum,
1019 2315 1078 2341 aut

97 2358 294 2401 potentiae,
313 2364 349 2391 ut
368 2357 574 2391 adiuvemus
591 2357 726 2392 furores
743 2370 863 2391 eorum
881 2359 941 2404 qni
959 2357 1079 2392 Evan-

97 2408 225 2450 gelium
255 2411 417 2442 oderunt.

195 2457 247 2492 De
270 2468 394 2504 quarto
418 2459 587 2500 articulo,
615 2459 777 2493 videlicet
799 2461 842 2493 de
862 2460 1081 2493 confessione
1103 2471 1106 2510 ᾗ

100 2505 228 2542 Christi
245 2511 335 2554 apud
355 2511 595 2554 magistratum
615 2509 816 2552 ethnicum,
841 2512 992 2554 primum
1013 2511 1080 2544 cri-

102 2571 182 2592 men
210 2567 276 2599 est,
315 2563 408 2606 quod
438 2561 601 2594 seditiose
630 2570 730 2595 vocet
757 2574 793 2595 se
820 2574 947 2605 regem.
1010 2562 1081 2596 Hic

102 2607 262 2644 Christus
286 2623 441 2656 expresse
464 2613 592 2646 fatetur
613 2625 647 2646 se
664 2624 736 2646 esse
754 2625 889 2656 regem,
916 2620 948 2647 et
966 2620 1081 2647 tamen

100 2661 199 2695 addit
226 2658 569 2706 interpretationem:
598 2662 762 2707 Regnum
792 2676 908 2697 meum
933 2676 1004 2697 non
1033 2671 1106 2699 est

101 2712 145 2745 de
167 2710 231 2746 hoc
254 2716 398 2747 mundo.
449 2713 518 2748 Hic
541 2715 715 2749 discamus
740 2715 919 2749 refutare'
909 2715 1107 2759 imagina-

593 141 891 179 ENARRATIO
921 142 973 177 IN
999 141 1181 178 EVANG.
1216 140 1432 178 IOANNIS.
1483 141 1590 178 CAP.
1618 142 1754 179 XVIII.

2046 145 2119 180 406

1137 228 1269 262 tionem
1288 228 1522 272 pontificiam,
1549 236 1578 262 et
1598 229 1790 262 multorum
1811 229 2035 274 politicorum
2053 229 2120 264 ho-

1136 279 1293 319 minum,
1319 280 1379 324 qui
1404 280 1556 320 cogitant
1576 279 1766 313 Ecclesiam
1792 293 1863 314 esse
1889 282 2046 325 politiam
2073 283 2120 315 si·-

1136 330 1255 361 milem
1273 341 1393 372 regno,
1421 330 1457 362 in
1477 343 1547 376 quo
1566 338 1724 373 oporteat
1744 344 1853 364 unum
1873 333 2015 378 aliquod
2037 333 2120 365 visi-

1138 380 1206 411 bile
1234 387 1336 424 caput
1363 392 1454 418 esse,
1490 389 1661 414 armatum
1690 383 1861 424 potentia,
1895 391 1927 417 et
1953 391 2120 428 potestate

1135 430 1310 462 condendi
1331 431 1421 473 leges
1440 438 1470 463 et
1490 431 1766 475 interpretandi,
1785 435 1924 467 laxandi
1943 441 1975 468 et
1993 435 2121 468 astrin-

1135 481 1239 523 gendi
1269 481 1358 522 leges
1384 481 1522 513 divinas
1550 488 1581 514 et
1618 481 1798 518 humanos.
1852 483 1898 518 Et
1924 483 1990 518 hoc
2019 493 2122 529 caput

1136 531 1258 563 volunt
1276 532 1455 572 alligatum
1477 544 1547 564 esse
1565 539 1658 565 certo
1677 533 1773 574 loco,
1802 541 1833 567 et
1853 535 2015 568 electioni
2034 536 2120 569 certi

1135 582 1292 624 collegii,
1319 583 1407 615 utin
1426 583 1504 614 aliis
1521 583 1649 622 regnis,
1702 582 1791 616 Cum
1816 592 1941 618 natura
1960 584 2121 619 homines

1135 633 1332 675 intelligant
1362 633 1522 676 politica,
1549 634 1700 666 libenter
1726 635 1979 669 transformant
2000 635 2122 669 Eccle-

1134 684 1220 716 siam
1240 684 1277 716 in
1295 683 1397 716 talem
1418 682 1608 716 humanam
1630 685 1800 728 politiam.
1843 685 1910 719 Sed
1933 683 2017 719 haec
2032 686 2121 720 ima-

1136 735 1271 777 ginatio
1303 735 1486 767 refutanda
1517 742 1564 768 est
1593 743 1736 778 propter
1762 736 1871 769 multa
1897 737 2122 771 incommoda

1134 797 1222 830 quae
1241 793 1449 830 sequuntur,
1467 785 1548 830 quia
1567 786 1748 830 tyrannica
1767 794 1917 830 potestas
1936 785 2001 821 hoc
2020 800 2122 831 prae-

1135 844 1229 869 textu
1265 837 1514 875 constituitur,
1550 837 1664 881 qualis
1706 837 1771 870 fuit
1799 838 1999 881 pontificia,
2033 850 2122 883 quae

1135 888 1263 919 [nultos
1286 887 1412 929 impios
1440 887 1554 920 cultus
1581 894 1614 920 et
1643 888 1737 921 idola
1766 889 1964 922 constituit:
1995 889 2122 922 deinde

1134 938 1292 970 doctrina
1311 939 1353 970 de
1370 950 1472 971 cruce
1495 944 1526 970 et
1550 939 1799 981 promissiones
1827 939 2027 983 spirituales
2054 940 2121 973 ob·

1134 997 1332 1023 scurantur.
1386 988 1474 1022 Nam
1501 989 1594 1021 oculi
1624 989 1750 1022 intenti
1780 990 1815 1022 in
1844 991 1987 1034 politica
2017 991 2121 1031 hona,

1135 1038 1189 1072 his
1207 1040 1343 1072 amissis
1365 1046 1487 1082 putant
1503 1037 1694 1072 Ecclesiam
1715 1054 1730 1073 a
1751 1039 1826 1074 Deo
1845 1041 2013 1074 abiectam
2038 1053 2121 1077 esse.

1237 1090 1320 1123 Ideo
1345 1097 1524 1123 teneamus
1547 1103 1664 1123 veram
1690 1098 1721 1124 ct
1744 1092 1915 1124 eruditam
1942 1092 2121 1126 definitio-

1134 1154 1213 1174 nem
1232 1142 1329 1183 regni
1349 1141 1411 1173 filii
1430 1141 1506 1176 Dei.
1560 1140 1723 1183 Regnum
1737 1140 1854 1174 Chrisi
1875 1150 1923 1175 est
1945 1143 2120 1185 guberna-

1135 1193 1183 1225 tio
1201 1190 1334 1226 Christi
1359 1191 1554 1234 colligentis
1578 1192 1644 1223 sibi
1660 1190 1852 1224 Ecclesiam
1878 1205 1939 1236 per
1961 1193 2122 1227 ministe-

1134 1244 1226 1275 rium
1244 1242 1448 1285 Evangelii,
1477 1243 1643 1274 omnibus
1670 1244 1889 1286 temporibus
1916 1243 2060 1284 munifi,
2088 1250 2121 1278 et

1134 1294 1317 1326 liberantis
1336 1305 1410 1325 eam
1429 1305 1447 1325 a
1468 1300 1606 1336 peccato
1625 1300 1657 1326 et
1675 1300 1814 1326 aeterna
1833 1301 1964 1332 morte,
1990 1302 2021 1328 et
2040 1306 2122 1327 san-

1134 1344 1316 1376 ctificantis
1334 1355 1408 1375 eam
1428 1344 1510 1376 dato
1528 1343 1664 1386 Spiritu
1689 1352 1830 1383 sancto,
1860 1352 1896 1377 ut
1918 1346 1961 1378 sit
1981 1352 2121 1378 aeterna

1133 1395 1242 1438 ipsius
1272 1392 1484 1431 haereditas,
1520 1402 1553 1427 et
1588 1394 1799 1428 mirabiliter
1829 1396 2052 1430 defendentis
2087 1403 2120 1430 et

1133 1445 1284 1488 regentis
1312 1457 1386 1477 eam
1416 1445 1453 1476 in
1483 1442 1548 1477 hac
1576 1445 1667 1486 vita,
1711 1453 1748 1479 ut
1777 1458 1858 1479 vere
1886 1447 2042 1485 invocet,
2088 1454 2122 1481 et

1133 1503 1295 1539 agnoscat
1323 1495 1482 1528 exaudiri
1511 1507 1651 1538 preces,
1685 1508 1723 1529 ac
1750 1497 1900 1531 celebret
1927 1496 2060 1538 Deum,
2089 1504 2123 1531 et

1133 1547 1372 1580 resuscitantis
1397 1558 1471 1579 eam
1496 1558 1537 1580 ex
1569 1554 1682 1581 morte
1705 1548 1749 1581 ad
1774 1548 1881 1581 vitam
1911 1556 1944 1583 et
1970 1548 2120 1592 gloriam

1132 1605 1320 1631 aeternam.

1235 1648 1274 1680 ln
1304 1646 1369 1680 hac
1398 1647 1635 1691 descriptione
1670 1647 1802 1681 dicitur
1837 1645 2016 1682 Christum
2046 1661 2120 1683 non

1132 1699 1284 1732 otiosum
1312 1710 1407 1740 csse,
1434 1705 1472 1730 ut
1501 1698 1646 1741 fingitur
1672 1698 1710 1731 in
1740 1699 1879 1741 politica
1907 1697 2120 1746 κακοζηλίᾳ,

1133 1751 1192 1782 sed
1215 1761 1294 1782 iere
1319 1749 1491 1782 efficacem
1516 1760 1605 1787 esse,
1645 1755 1677 1782 et
1700 1749 1748 1782 sic
1769 1761 1870 1793 saepe
1900 1751 2023 1784 definit
2054 1749 2120 1784 hoc

1133 1812 1278 1843 regnum
1298 1799 1445 1837 Paulus,
1473 1807 1511 1832 ut
1528 1800 1569 1831 ad
1581 1797 1712 1843 Ephes.
1732 1800 1781 1833 1.:
1811 1799 1928 1843 Ipsum
1949 1801 2044 1835 dedit
2063 1814 2120 1835 ca-

1135 1859 1195 1894 put
1211 1863 1315 1894 snper
1331 1851 1449 1883 omnia
1471 1848 1668 1888 Ecclesiae,
1706 1862 1795 1894 quae
1817 1858 1864 1884 est
1891 1864 2019 1896 corpus
2045 1852 2119 1886 eius

1132 1914 1170 1935 ac
1194 1902 1398 1945 plenitudo,
1435 1902 1470 1933 id
1495 1907 1562 1944 est,
1605 1901 1780 1944 integrum
1814 1914 1940 1946 corpus
1973 1900 2118 1943 Christi,

1132 1953 1249 1985 omnia
1275 1953 1312 1984 in
1337 1952 1503 1985 omnibus
1533 1952 1755 1996 perficientis,
1808 1950 1939 1997 Aperte
1969 1954 2120 1988 affirmat

1131 2002 1312 2036 Christum
1341 2004 1513 2035 efficacem
1548 2014 1620 2035 esse
1652 2003 1690 2035 in
1727 2004 1896 2037 membris
1929 2002 2119 2046 Ecclesiae,

1132 2055 1224 2086 idem
1242 2061 1358 2097 postea
1376 2054 1476 2087 dicit:
1505 2052 1610 2087 Sedet
1627 2054 1670 2087 ad
1689 2056 1847 2088 dextram
1874 2056 2001 2099 patris,
2031 2057 2118 2090 dans

1132 2105 1225 2138 dona
1251 2102 1467 2137 hominibus.

1233 2154 1308 2188 Hac
1321 2155 1427 2198 igitur
1443 2166 1506 2187 nos
1517 2154 1756 2188 consolatione
1770 2162 2011 2197 sustentemus,
2021 2158 2116 2202 quod

1133 2217 1212 2238 vere
1230 2206 1322 2239 filius
1342 2205 1406 2239 Dei
1424 2206 1526 2239 nobis
1541 2207 1648 2246 adest,
1667 2206 1763 2239 iuvat
1782 2213 1814 2239 et
1832 2214 2029 2251 propugnat
2042 2220 2117 2249 n08‚

1132 2257 1204 2289 sive
1228 2254 1421 2290 habeamus
1445 2265 1585 2290 externa
1612 2257 1804 2300 praesidia,
1831 2258 1903 2290 sive
1921 2259 2029 2292 simus
2052 2272 2117 2303 op-

1132 2308 1240 2351 pressi
1259 2320 1372 2341 cruce.
1414 2306 1494 2340 Non
1513 2314 1695 2351 propterea
1712 2307 1838 2341 abiecit
1855 2320 1919 2342 nos
1935 2309 2027 2343 filius
2037 2308 2116 2353 Dei,

1131 2360 1310 2391 credontes
1327 2359 1364 2390 in
1382 2359 1515 2403 ipsum,
1543 2358 1677 2391 etiamsi
1699 2369 1819 2391 snmus
1836 2359 1872 2391 in
1890 2360 2014 2393 mediis
2031 2371 2115 2405 sup-

1133 2410 1257 2453 pliciis,
1310 2408 1404 2442 Haec
1423 2409 1614 2442 consolatio
1636 2415 1668 2442 et
1684 2409 1861 2443 invocatio
1877 2410 1942 2443 filii
1960 2410 2044 2455 Dei,
2080 2419 2114 2446 et

1132 2472 1212 2493 vera
1242 2460 1405 2493 exercitia
1439 2459 1518 2493 fidei
1557 2459 1659 2492 valde
1693 2460 1929 2495 obscurantur
1962 2462 2116 2506 politicis

1132 2511 1457 2554 imaginationibus.

1233 2561 1389 2595 Ecclesia
1420 2561 1528 2604 igitur
1552 2559 1589 2592 in
1612 2557 1678 2593 hac
1708 2559 1779 2595 vita
1811 2574 1885 2595 non
1909 2570 1959 2597 est
1988 2564 2114 2598 similis

1131 2624 1240 2656 regno
1267 2612 1412 2652 mundi,
1440 2618 1472 2644 et
1499 2621 1615 2644 tamen
1632 2617 1682 2646 est
1699 2619 1819 2646 coetus
1836 2613 2005 2655 visibilis,
2032 2616 2114 2659 quia

1131 2661 1238 2697 habet
1255 2670 1394 2696 externa
1415 2662 1535 2705 signa,
1572 2673 1634 2706 per
1652 2673 1740 2707 quae
1757 2672 1989 2707 agnoscentur
2005 2678 2115 2699 mem-

1132 2715 1216 2756 bra,
1249 2714 1452 2759 ubicunque
1472 2719 1645 2748 terrarum
1670 2721 1769 2756 sunt,
1805 2715 1968 2750 videlicet
1993 2715 2115 2750 Evan-

1438 2762 1519 2798 26*
