2415 2942
271 105 339 139 151

269 197 337 226 set,
364 195 395 221 et
415 189 480 220 iam
499 188 690 221 Galilaeam
716 187 840 229 passim
870 186 1003 226 obiret,
1046 191 1077 217 et
1111 186 1254 229 quidem

273 251 336 271 nec
353 241 416 270 sub
436 237 499 271 huc
520 236 650 270 Pascha
675 237 873 268 ascenderet
896 235 1164 280 lerosolymam,
1193 247 1257 267 nec

272 289 375 321 etiam
398 296 513 331 postea
534 299 640 330 usque
662 288 701 316 ad
722 287 844 317 festum
864 286 1170 319 tabernaculorum
1185 313 1194 327 ‚
1220 292 1259 319 ut

273 337 503 382 insequentis
522 337 644 378 capitis
661 333 805 368 historia
825 336 967 371 dicitur.

379 394 429 428 Ε(
461 394 606 438 reliquis
630 394 890 426 narrationibus
920 392 1086 427 historiae
1110 406 1257 436 evange-

275 447 360 477 licae
393 452 534 487 apparet
562 445 665 488 paulo
696 451 777 476 ante
806 442 871 476 hoc
898 442 1048 484 Pascha,
1090 443 1257 476 loannem

275 494 467 538 13÷ptistam
488 495 706 527 intersertum
725 506 814 533 esse,
842 502 872 526 et
891 494 1065 527 llerodem
1092 505 1169 525 cum
1195 506 1258 525 au-

275 546 364 577 diret
388 545 554 577 miracula
575 542 723 583 (bristi,
750 550 1009 576 consternatum
1035 544 1136 576 etiam
1154 541 1259 576 Chri-

273 602 327 628 sto
344 595 486 627 insidias
503 595 721 631 instruxisse,
749 595 835 626 sieut
854 594 1049 635 significant
1066 594 1169 625 verba
1185 593 1257 626 Lu-

275 657 333 677 cae
355 647 410 679 11.
453 645 591 678 Dictum
619 653 665 676 est
689 651 801 676 autem
828 654 949 687 supra,
978 643 1170 687 Baptistam
1195 655 1257 686 po-

275 703 404 728 stremo
429 703 585 738 tempore
608 701 790 736 antequam
817 693 853 725 in
877 706 1046 726 carcerem
1079 702 1259 736 raperetur

275 753 450 779 versatum
469 757 539 777 esse
561 756 667 787 prope
685 744 812 783 Salim,
839 756 926 788 quae
945 756 1022 776 cum
1039 744 1134 777 sitin
1156 743 1258 776 Gali-

275 796 368 834 laea,
410 796 524 839 paruit
552 795 697 826 loannes
722 792 873 832 Ilerodi,
907 795 1115 838 videturque
1139 805 1179 826 eo
1204 805 1257 826 se-

276 846 415 878 cessisse
440 852 533 877 metu
559 844 767 877 Pontificum
793 851 823 876 et
844 842 1120 878 Pharisaeorum.
1175 843 1257 877 Ideo

274 897 318 929 ab
333 895 473 928 Herode
488 901 608 938 captus
621 921 629 933 ,
659 901 690 926 et
709 894 908 926 interfectus
926 902 988 927 est.
1031 894 1178 927 Secessit
1195 906 1258 926 au-

274 953 341 979 tem
368 943 528 979 CbrIstus
554 957 593 977 ex
619 943 774 976 Galilaea
801 944 977 976 traiiciens
1001 944 1112 976 lacum
1139 943 1258 977 Gene-

273 994 391 1028 zaretb
409 996 444 1027 in
463 997 655 1034 desertum,
685 1005 804 1026 versus
827 992 1118 1026 ‘l'rachonitidem
1143 994 1258 1036 regio-

272 1058 364 1080 nem.
417 1045 505 1078 Nam
533 1046 568 1076 in
595 1045 734 1087 oppidis
756 1044 935 1077 Galilaeae
955 1044 1063 1086 magis
1082 1045 1258 1087 vagaban-

273 1104 331 1130 tur
355 1096 483 1129 milites
509 1095 680 1134 Herodis,
723 1094 781 1139 qui
808 1095 952 1127 obvium
976 1094 1078 1127 citius
1101 1094 1257 1127 invasuri

273 1155 389 1179 erant:
425 1158 531 1191 quare
557 1158 595 1177 ex
618 1152 805 1187 conspectu
828 1145 971 1177 illorum
995 1144 1162 1185 discedit,
1199 1145 1257 1176 sed

273 1198 376 1228 venio
395 1198 435 1228 ad
456 1196 613 1228 miraculi
631 1195 880 1234 renitationem,
908 1206 996 1239 quae
1013 1195 1170 1228 continet
1188 1195 1258 1227 uti-

272 1247 339 1280 lem
358 1247 575 1286 doctrinam,
602 1258 705 1290 quaxn
724 1246 931 1277 distribuam
952 1245 986 1276 in
1006 1245 1110 1277 locos.

376 1305 516 1338 Primus
542 1305 658 1343 locus,
687 1303 878 1335 consolatio
903 1303 1115 1347 proponitur
1137 1309 1256 1335 contra

273 1357 502 1390 tentationem
528 1356 570 1386 de
595 1355 688 1387 victu
717 1361 747 1385 et
775 1354 995 1391 defensione,
1040 1361 1072 1386 et
1096 1353 1257 1396 congruit

271 1407 400 1439 sactum
436 1418 514 1438 cnm
547 1404 682 1447 regula:
727 1403 885 1435 Primum
923 1404 1080 1448 quaerite
1110 1415 1254 1446 regnum

273 1456 361 1495 Dei,
390 1463 419 1489 et
437 1463 568 1489 caetera
587 1455 797 1487 adiicientur
814 1454 924 1487 vobis.

374 1514 619 1548 Admonemur
651 1512 744 1544 enim
767 1510 959 1545 Ecclesiam
986 1512 1104 1553 vagari
1138 1512 1173 1543 in
1197 1513 1257 1544 de-

274 1572 383 1606 serto,
418 1565 545 1608 passim
571 1576 588 1596 a
615 1563 772 1607 tyrannis
803 1563 934 1603 excuti,
978 1563 1115 1595 duriter
1139 1563 1256 1604 affligi,

275 1617 330 1649 sed
352 1617 388 1648 in
404 1613 458 1648 liis
477 1614 651 1647 aerumnis
674 1612 785 1645 Deum
809 1619 925 1645 tamen
944 1624 1080 1645 servare
1105 1612 1255 1656 aliquem

273 1673 432 1704 coetum,
459 1665 610 1698 mirabili
638 1664 763 1703 modo,
791 1663 925 1696 etiamsi
947 1663 1103 1696 membra
1127 1663 1256 1707 aliqua,

272 1724 310 1750 ut
330 1717 365 1749 in
384 1716 455 1749 acie
474 1715 743 1748 inu-rficiuntur.

379 1775 563 1808 Secundus
589 1773 703 1811 locus,
738 1772 829 1815 quod
849 1769 1008 1814 Apostoli
1028 1771 1256 1811 distribuunt,

273 1827 510 1859 admonentur
535 1822 568 1856 lii
597 1822 801 1865 praecipue,
829 1822 889 1865 qui
912 1829 1091 1865 praesunt,
1118 1829 1155 1855 ut
1174 1822 1255 1853 suu-

274 1884 400 1918 gantur
424 1874 618 1908 ministerio
639 1884 701 1904 suo
715 1899 723 1911 ,
750 1879 891 1915 pascant
910 1872 1077 1915 populum
1097 1870 1255 1913 Evange-

274 1927 343 1965 lio,
383 1926 454 1958 imo
483 1925 584 1956 etiam
610 1923 755 1966 reliquis
777 1922 898 1954 officiis
931 1923 1051 1954 iuvent
1077 1934 1257 1964 pauperes,

274 1983 445 2020 quantum
471 1981 633 2019 possunt,
666 1981 699 2005 et
724 1973 759 2004 in
786 1971 849 2005 hac
875 1973 946 2015 ipsa
975 1984 1009 2004 re
1034 1973 1255 2015 praeluceant

277 2029 325 2059 eis
341 2028 426 2066 fide,
453 2037 530 2058 cum
550 2024 710 2057 incidunt
732 2023 881 2065 pericula
897 2023 1027 2061 vietus,
1055 2029 1113 2055 ant
1131 2035 1255 2064 corpo-

274 2078 340 2118 ris,
367 2076 575 2109 confirment
603 2074 797 2112 auditores,
824 2080 861 2105 ut
884 2079 1063 2115 expectent
1082 2073 1254 2104 defensio-

274 2140 366 2162 nem.
426 2127 524 2159 Sicnt
550 2123 667 2157 Moses
692 2123 918 2156 confirmabat
943 2124 1112 2166 populum
1140 2123 1175 2154 in
1199 2123 1255 2154 lit-

276 2184 350 2210 tore
369 2177 474 2209 maris
490 2175 607 2208 rubri:
636 2180 668 2206 et
686 2172 803 2206 Esaias
822 2185 900 2205 cum
925 2174 1008 2205 urbs
1033 2173 1143 2206 cincta
1170 2179 1256 2205 esset

275 2227 460 2261 obsidione
475 2239 492 2259 a
508 2222 734 2259 Seuacherib.

377 2283 537 2323 'l'ertius,
565 2283 657 2326 quod
676 2287 862 2324 supersunt
880 2281 1092 2322 fragmenta,
1120 2281 1255 2323 insigne

275 2334 516 2368 testimonium
542 2340 612 2372 est,
644 2333 761 2374 augeri
789 2333 898 2371 bona,
931 2344 1000 2363 nnn
1027 2331 1159 2371 minui,
1188 2333 1256 2364 lar-

275 2385 411 2427 giendis
429 2382 670 2427 eleemosynis,
698 2389 735 2416 ut
753 2388 897 2415 testatur
915 2394 979 2414 vox
991 2379 1139 2414 Christi:
1167 2382 1255 2415 Date

277 2443 310 2469 et
328 2435 469 2467 dabitur
485 2434 595 2466 vobis.

379 2492 554 2535 Quartus,
588 2492 680 2536 quod
714 2491 807 2524 iubet
831 2490 947 2533 colligi
972 2490 1184 2532 fragmenta,
1223 2497 1256 2523 et

275 2543 444 2577 asservari
478 2543 659 2586 reliquias:
700 2541 925 2585 Praeceptum
950 2547 999 2574 est
1022 2541 1167 2580 dignum
1191 2541 1254 2572 ob-

276 2594 472 2626 servatione
496 2595 538 2625 de
562 2592 790 2625 Parsimonia.
850 2591 936 2624 Vult
958 2591 1051 2623 enim
1068 2590 1163 2623 Dens
1191 2602 1254 2623 nos

275 2651 476 2678 reverenter
491 2644 541 2678 uti
558 2643 661 2676 donis
681 2642 762 2681 suis,
791 2640 855 2675 hoc
871 2648 939 2681 est,
967 2641 1062 2686 vult,
1089 2648 1127 2675 ut
1144 2653 1254 2684 agno-

843 102 967 136 eliu..
1001 101 1115 136 MEL.
1146 99 1354 136 SCRIPTA
1383 98 1677 135 EXEGETICA.

2215 98 2290 135 132

1308 196 1444 219 scamus
1461 185 1535 217 dari
1557 185 1685 218 victum
1703 183 1894 225 divinitus,
1918 186 1993 219 vult
2010 184 2159 218 exerceri
2176 184 2291 226 fidem,

1310 243 1343 269 et
1368 235 1626 267 invocationem
1658 234 1832 278 petendis,
1872 241 1905 268 et
1928 235 2148 280 expectandis
2171 247 2189 267 a
2216 234 2289 268 Deo

1310 286 1412 318 rebus
1429 285 1629 317 necessariis
1653 285 1694 317 ad
1713 285 1876 317 tuendam
1895 285 2017 327 vitam,
2043 294 2075 320 et
2092 285 2167 318 vult
2181 284 2290 317 collo-

1312 336 1381 368 cari
1399 346 1452 367 eas
1471 336 1510 366 ad
1530 346 1611 368 usus
1626 336 1669 368 ab
1687 335 1762 378 ipso
1780 335 1977 376 ordinatos,
2003 337 2079 369 vult
2095 342 2126 367 et
2143 334 2290 376 gratitu-

1311 387 1427 417 dinem
1455 392 1608 417 nostram
1635 385 1806 428 conspici,
1839 385 2080 428 praedicandis
2095 383 2161 417 Dei
2185 385 2292 418 bene-

1311 436 1415 474 ficiis,
1438 435 1526 468 sieut
1546 434 1703 467 Psalmus
1722 436 1835 468 docet:
1871 433 1998 468 Invoca
2017 447 2071 468 me
2093 434 2130 466 in
2154 435 2210 467 die
2225 436 2291 468 tri—

1311 485 1521 523 bulationis,
1551 492 1582 518 et
1604 485 1749 527 eripiam
1773 491 1825 522 te,
1854 491 1885 517 et
1901 485 2109 526 glorificabis
2127 496 2193 518 me.
2244 483 2292 518 Et

1310 535 1445 568 discant
1461 533 1518 567 bic
1535 536 1670 578 prodigi
1689 547 1722 567 se
1742 535 1872 567 violare
1890 533 1956 568 hoc
1975 531 2292 569 mandatumeri-

1309 586 1370 623 sti,
1407 586 1467 629 qui
1494 586 1621 618 diserte
1644 585 1710 620 ait:
1757 584 1920 627 Colligite
1943 585 2110 630 reliquias
2134 599 2178 619 ne
2206 584 2292 628 quid

1309 642 1438 679 pereat.
1497 635 1585 667 Nam
1613 634 1792 667 immodici
1817 642 1966 675 sumtus,
2004 643 2036 668 et
2061 637 2293 679 profusiones,

1310 687 1394 729 quid
1413 692 1504 722 sunt,
1529 685 1597 717 nisi
1614 685 1730 716 inanis
1748 685 1897 727 perditio
1914 685 2130 724 facultatum,
2157 698 2195 719 ac
2212 699 2292 720 mu-

1312 748 1436 768 nerum
1457 735 1686 768 divinorum?
1721 732 1767 767 Et
1784 734 1863 777 quia
1883 735 2102 777 profusiones
2118 747 2220 769 nemo
2238 744 2292 770 to-

1310 786 1422 818 lerare
1439 786 1501 818 diu
1527 792 1661 829 potest,
1688 791 1885 828 sequuntur
1901 791 2017 828 postea
2036 786 2126 818 mala
2144 787 2291 830 aucupia

1309 835 1478 883 pecuniae
1503 843 1535 868 et
1559 835 1774 877 rapacitates.
1836 833 1885 867 Ita
1912 835 1995 868 vitia
2020 847 2059 868 ex
2085 835 2196 878 vitiis,
2231 849 2290 871 seu

1309 893 1447 929 peccata
1464 897 1503 917 ex
1522 886 1668 928 peccatis
1684 885 1856 919 oriuntur.

1413 935 1568 977 Quintus
1584 936 1691 970 locus.
1744 934 1922 968 Hactenus
1946 932 2129 968 historiam
2148 935 2223 970 sine
2239 937 2291 970 al-

1308 985 1438 1027 legoria
1458 985 1716 1018 accommodavi
1742 986 1784 1017 ad
1802 985 1896 1017 locos
1917 987 2085 1030 quosdam
2111 987 2290 1020 doctrinae

1308 1033 1504 1077 Evangelii.
1556 1035 1644 1068 Nam
1662 1035 1743 1068 talia
1767 1035 1853 1067 sacta
1878 1041 1958 1068 sunt
1983 1036 2136 1079 exempla
2163 1048 2289 1080 propo-

1309 1085 1392 1125 sita,
1418 1092 1458 1118 nt
1481 1096 1545 1117 nos
1569 1087 1610 1117 de
1627 1083 1695 1117 fide
1713 1086 1802 1117 etde
1821 1086 2011 1128 praeceptis
2028 1087 2290 1122 admoneamur.

1309 1134 1522 1178 Praecipuus
1540 1141 1588 1167 est
1611 1135 1716 1176 igitur
1739 1135 1854 1174 locus,
1887 1141 1925 1167 ut
1948 1136 2120 1168 discamus
2141 1137 2207 1169 fide
2231 1149 2291 1180 pe-

1309 1187 1453 1218 tendum
1474 1191 1505 1218 et
1524 1185 1774 1228 expectandum
1798 1196 1870 1217 esse
1887 1185 2034 1222 victum,
2063 1192 2095 1218 et
2112 1186 2289 1220 defensio-

1309 1248 1388 1267 nem
1406 1247 1423 1267 a
1441 1236 1529 1268 Deo.
1583 1234 1764 1269 Caeterum
1789 1235 1889 1278 panis
1906 1241 1938 1267 et
1955 1235 2147 1278 corporalis
2170 1236 2289 1269 distri-

1310 1286 1409 1318 butio
1438 1294 1518 1318 sunt
1543 1284 1712 1325 imagines
1745 1285 1847 1317 etiam
1877 1285 2063 1317 ministerii
2091 1287 2291 1329 evangelici,

1310 1343 1427 1380 estque
1453 1336 1564 1368 dulcis
1586 1336 1760 1376 allegoria.
1813 1335 1992 1377 Apostolis
2016 1336 2202 1368 mandatur
2218 1337 2290 1368 dis-

1308 1386 1472 1424 tributio,
1502 1385 1685 1428 praecipue
1706 1384 1904 1426 Evangelii,
1932 1391 1971 1417 ¹et
1995 1396 2072 1416 cum
2100 1392 2181 1418 sunt
2204 1386 2290 1419 fide-

1308 1437 1356 1468 les
1378 1437 1414 1468 in
1439 1448 1581 1467 munere
1610 1447 1672 1468 suo
1702 1447 1739 1467 ac
1771 1435 1908 1474 studio,
1948 1441 2107 1468 crescunt
2136 1435 2172 1468 in
2206 1436 2291 1479 ipsis

1308 1488 1399 1519 dona
1420 1486 1634 1529 spiritualia,
1661 1485 1718 1517 lux
1737 1485 1935 1524 doctrinae,
1963 1485 2065 1525 fides,
2093 1486 2290 1528 prudentia,

1307 1537 1496 1579 fortitudo,
1524 1536 1679 1573 castitas,
1707 1547 1881 1567 successus
1897 1535 1932 1566 in
1953 1535 2216 1577 gubernatione.
2243 1536 2290 1571 Et

1307 1584 1363 1618 hic
1386 1588 1579 1629 fragmenta
1605 1586 1773 1617 asservari
1805 1597 1927 1628 magna
1954 1597 2034 1617 cura
2066 1585 2211 1625 dehent,
2252 1587 2288 1620 id

1307 1644 1374 1675 cst,
1410 1637 1569 1669 doctrina
1595 1637 1679 1679 ipsis
1703 1636 1888 1678 patefacta,
1928 1642 1966 1668 ut
1994 1634 2181 1677 Augustini
2207 1637 2288 1669 reli-

1307 1687 1405 1731 quias
1425 1698 1657 1724 asservamus,
1688 1684 1753 1717 hoc
1779 1692 1847 1724 est,
1874 1685 1983 1717 libros
2008 1686 2136 1729 quihus
2159 1686 2289 1720 refuta-

1307 1737 1355 1769 vit
1379 1736 1577 1779 Pelagium,
1612 1733 1858 1775 Manichaeos,
1890 1735 2109 1774 Donatista,
2143 1735 2287 1770 Arium:

1307 1794 1339 1819 et
1361 1799 1454 1819 nnnc
1479 1787 1706 1818 asservandae
1731 1792 1813 1817 sunt
1844 1785 2031 1829 reliquiae,
2076 1785 2110 1817 id
2133 1793 2200 1826 est,
2231 1787 2288 1831 pia

1306 1838 1432 1880 scripta
1464 1848 1612 1874 rorum,
1656 1836 1715 1879 qui
1750 1847 1870 1867 rursus
1909 1837 2143 1868 accenderunt
2174 1836 2287 1870 lucem

1307 1885 1508 1929 Evangelii,
1543 1888 1585 1918 de
1611 1886 1843 1929 poenitentia,
1876 1885 1918 1916 de
1941 1885 2145 1917 remissione
2169 1898 2287 1928 pecca·

1306 1944 1420 1969 torum
1444 1937 1612 1977 gratuita,
1648 1948 1736 1980 quae
1762 1936 1914 1967 donatur
1946 1942 2086 1978 propter
2108 1933 2286 1970 Christum

1307 1988 1390 2026 fide,
1427 1988 1470 2018 de
1493 1987 1695 2018 discrimine
1719 1997 1863 2028 operum
1887 1996 1904 2017 a
1929 1984 2002 2018 Deo
2028 1986 2286 2028 mandatorum,

1306 2045 1337 2070 et
1364 2037 1593 2070 traditionum
1625 2034 1875 2075 humanarum,
1914 2036 1956 2067 de
1988 2035 2162 2077 fugiendis
2184 2037 2288 2070 idolis

1308 2086 1515 2125 Μίδεω-ΠΜ,
1544 2095 1575 2120 et
1593 2086 1825 2118 invocationis
1851 2092 2081 2121 mortuorum.

1408 2137 1588 2170 Postremo
1610 2144 1642 2170 et
1666 2134 1808 2179 cophini
1825 2136 2019 2178 significant
2035 2136 2148 2170 studia
2167 2137 2286 2172 litera-

1306 2200 1404 2229 rum,
1440 2195 1470 2220 et
1498 2188 1740 2231 disciplinam,
1773 2198 1833 2218 seu
1861 2187 2148 2228 gubernationem
2174 2195 2286 2221 exter-

1307 2250 1398 2271 nam.
1449 2237 1537 2270 Nam
1558 2236 1612 2270 his
1636 2239 1738 2269 rebus
1761 2238 1986 2269 continentur
2010 2237 2221 2279 fragmenta,
2250 2239 2286 2272 id

1307 2296 1373 2327 est,
1407 2289 1576 2322 retinetur
1603 2288 1790 2325 memoria,
1822 2294 1854 2320 et
1878 2293 2103 2330 propagatur,
2143 2294 2177 2321 et
2201 2301 2287 2322 con-

1308 2340 1402 2380 iungi
1429 2340 1561 2377 literas,
1605 2339 1847 2385 disciplinam,
1876 2348 1935 2369 seu
1959 2343 2133 2370 externam
2158 2340 2285 2380 guber-

1307 2391 1482 2421 nationem
1509 2395 1662 2433 oportet,
1698 2388 1777 2432 quia
1803 2387 1877 2419 sine
1902 2387 2087 2430 disciplina
2108 2388 2212 2421 etiam
2235 2402 2286 2430 ea,

1307 2452 1394 2484 quae
1416 2447 1497 2473 sunt
1521 2441 1684 2471 mandata
1700 2438 1830 2477 literis,
1862 2437 1929 2479 legi
1955 2449 2027 2470 non
2053 2445 2219 2482 possunt,
2246 2447 2286 2474 ut

1307 2491 1467 2534 quamvis
1484 2491 1586 2523 multi
1611 2495 1692 2521 sunt
1714 2489 1806 2521 docti
1833 2488 1869 2520 in
1891 2488 1967 2520 aliis
1990 2488 2141 2529 artibus,
2168 2496 2284 2523 tamen

1305 2540 1385 2584 quia
1411 2538 1573 2583 Episcopi
1598 2551 1671 2572 non
1701 2538 1957 2571 assuefecerunt
1989 2538 2207 2572 iuventutem
2239 2542 2283 2574 ad

1304 2590 1418 2622 studia
1437 2591 1614 2624 doctrinae
1624 2588 1807 2631 Evangelii
1825 2589 1975 2632 quadam
1994 2588 2073 2621 utili
2090 2589 2285 2633 disciplina,

1305 2641 1403 2675 venit
1419 2641 1456 2673 in
1473 2641 1688 2675 oblivionem
1705 2651 1792 2684 pura
1817 2639 1986 2672 doctrina.
2041 2637 2087 2673 Et
2102 2651 2197 2674 nunc
2210 2652 2284 2675 me-
