2415 2942
0 76 14 110 35
32 63 48 117 ἐξ
75 77 150 112 437

34 0 49 49 {t

44 248 45 251 ,
78 224 312 258 repugnemus
329 213 495 246 omnibus
514 210 569 245 his
586 212 730 247 morbis.

474 74 552 111 ΧΠ.

79 175 166 209 quae
191 162 261 196 sint
278 161 486 195 coniunctae
504 168 632 205 pestes,
660 167 699 195 ut
722 160 852 193 maiore
878 159 1064 203 prudentia

790 210 916 244 Semen
941 217 991 243 est
1006 223 1064 243 su-

78 266 217 310 perbia,
246 271 284 297 ut
307 265 344 296 in
367 264 492 305 Saule,
520 262 705 307 Pompeio,
733 269 765 296 et
782 261 976 301 similibus,
1004 261 1062 305 qui

78 317 202 349 volunt
219 315 425 348 antecellere
449 314 625 348 omnibus.
676 312 812 346 Deinde
833 312 992 356 sequitur
1008 312 1063 343 in-

79 367 255 406 videntia,
285 378 375 411 quae
399 377 578 399 removere
599 376 737 408 parem,
764 369 824 396 aut
851 369 1061 395 crescentem

79 424 246 452 conatur:
288 417 417 449 deinde
445 423 484 450 ut
511 415 728 458 antagonista
760 414 836 447 loco
868 420 1062 452 moveatur,

78 469 260 514 quaeritur
278 468 412 501 occasio
432 467 505 500 eius
521 465 725 510 premendi,
752 476 812 498 seu
829 464 987 497 confictis
1005 477 1061 496 ca-

78 520 248 557 lumniis,
290 525 329 552 ut
365 518 463 561 fingit
490 516 576 551 Saul
599 515 770 549 Davidem
807 516 974 548 invadere
1006 527 1061 547 re-

79 582 205 613 gnum,
245 581 280 603 se
307 570 418 613 palam
451 580 548 601 arma
578 567 776 611 capiuntur.
850 564 946 598 Haec
978 566 1060 599 vitia

79 622 196 655 omnia
223 621 384 653 damnata
413 626 494 652 sunt
518 631 536 651 a
560 618 656 659 Deo,
683 617 867 662 superbia,
895 617 1061 650 inviden-

80 673 146 710 tia,
165 671 306 705 iniuria.
345 669 495 703 Difficile
513 676 564 703 est
580 675 696 702 autem
713 668 820 704 acrib.
841 668 976 701 naturis
990 668 1060 700 fre-

79 735 163 756 nare
182 720 246 755 lios
263 723 431 764 impetus,
458 722 516 753 sed
538 720 735 763 exemplum
753 719 882 752 illustri
909 719 1016 752 alieni
1041 731 1059 751 a

80 774 241 818 superbia
267 780 299 806 et
323 772 516 805 invidentia
541 777 590 804 est
615 768 809 810 Ionathan,
838 768 932 803 hunc
956 770 1059 803 nobis

77 835 336 871 proponamus,
367 820 459 855 hunc
485 822 676 857 imitemur.
743 821 812 854 Hic
834 822 988 865 primum
1010 828 1060 854 est

77 875 243 914 humilis,
271 874 352 919 quia
375 873 500 906 timore
516 871 583 906 Dei
607 873 763 916 agnoscit
790 884 887 905 suam
910 872 1059 905 infirmi-

76 932 201 963 tatem,
237 937 300 957 nec
322 925 451 967 appetit
478 936 644 967 regnum,
679 924 751 957 imo
776 924 840 956 scit
866 921 959 956 nihil
988 935 1059 956 esse

79 976 192 1010 maius
220 976 256 1008 in
282 973 468 1008 hominum
495 976 588 1015 vita,
631 987 735 1020 quam
767 975 1057 1018 gubernationem

79 1027 280 1072 praesertim
301 1027 421 1070 populi
439 1025 515 1059 Dei.
568 1025 643 1060 Scit
659 1026 762 1059 etiam
782 1023 848 1059 hoc
863 1026 977 1069 ipsum
1004 1037 1059 1058 re-

77 1090 184 1122 gnum
202 1077 269 1110 Dei
293 1078 426 1110 donum
455 1088 545 1115 esse,
573 1088 637 1110 nec
662 1076 900 1110 invadendum
920 1087 992 1109 esse
1016 1077 1059 1109 ab

76 1130 151 1163 ullo
168 1126 329 1168 homine,
357 1129 415 1160 sed
442 1125 536 1161 hunc
554 1125 758 1161 habiturum
775 1139 865 1167 esse,
893 1128 947 1161 cui
964 1126 1060 1160 Deus

76 1192 140 1213 suo
157 1179 305 1212 consilio
329 1178 522 1211 traditurus
539 1185 643 1218 esset,
669 1179 756 1212 sicut
772 1179 862 1222 patri
885 1178 970 1212 Saul
989 1185 1059 1211 tra-

77 1231 228 1263 diderat:
257 1229 386 1262 deinde
401 1241 473 1261 non
492 1235 541 1261 est
564 1229 725 1270 invidus,
753 1235 937 1274 postquam
964 1229 1060 1262 videt

77 1280 250 1314 Davidem
273 1292 291 1312 a
309 1279 383 1312 Deo
402 1281 442 1312 ad
466 1277 554 1312 hanc
579 1280 870 1322 gubernationem
895 1286 1056 1312 vocatum

75 1343 164 1370 esse,
193 1343 263 1363 non
290 1331 403 1363 studet
427 1341 505 1362 eum
532 1330 609 1362 loco
633 1342 792 1370 movere,
815 1331 874 1362 sed
899 1329 990 1362 cedit
1016 1330 1059 1370 ei,

77 1389 109 1415 et
125 1392 197 1414 sese
214 1381 244 1413 ei
262 1381 418 1420 subiicit,
444 1387 475 1413 et
494 1381 621 1423 gaudet
637 1381 745 1413 alium
770 1381 1058 1424 praestantiorem

75 1433 221 1466 electum
245 1443 332 1471 esse,
360 1431 459 1464 cuius
483 1431 774 1473 gubernationem
799 1432 939 1465 videbat
962 1431 1058 1464 futu-

76 1495 148 1516 ram
177 1483 367 1515 feliciorem
404 1482 659 1524 gubernatione
694 1482 846 1526 proximi
878 1482 1057 1526 temporis,

76 1546 180 1578 quam
198 1533 281 1567 Saul
307 1540 339 1566 et
362 1533 434 1576 ipse
459 1539 654 1567 tenuerant.
709 1533 890 1566 Postremo
917 1545 980 1566 nec
1004 1533 1059 1565 in-

76 1585 176 1618 iuriis
200 1584 305 1617 afficit
330 1582 521 1622 Davidem,
553 1585 611 1616 sed
636 1596 715 1616 eum
740 1596 820 1616 vere
839 1584 972 1627 diligit,
1002 1596 1059 1616 ve·

79 1642 240 1674 neratur,
280 1641 313 1666 et
347 1635 504 1667 defendit
534 1635 700 1667 adversus
729 1641 874 1681 patrem,
952 1634 1060 1679 quue

79 1692 222 1729 propter
238 1685 365 1717 multas
383 1696 500 1718 causas
519 1684 617 1724 facit,
645 1685 708 1717 scit
730 1697 765 1717 se
785 1686 912 1718 debere
931 1684 1059 1717 Davidi

79 1736 319 1775 dilectionem,
356 1735 418 1768 scit
442 1747 477 1768 se
501 1735 533 1767 ei
557 1746 651 1767 nunc
675 1736 870 1768 subiectum
896 1747 989 1778 esse,
1022 1743 1059 1768 ut

77 1787 169 1829 regi,
198 1786 260 1819 scit
286 1786 388 1818 etiam
414 1792 555 1829 propter
577 1786 754 1829 publicam
772 1787 958 1819 utilitatem
977 1799 1058 1819 con-

79 1838 233 1870 cordiam
257 1837 422 1869 tuendam
447 1848 536 1877 esse,
573 1842 605 1870 et
629 1848 707 1869 eum
733 1848 846 1879 regem
870 1837 931 1882 qui
949 1850 966 1869 a
986 1836 1060 1870 Deo

78 1894 219 1921 vocatus
235 1895 303 1928 est,
331 1887 571 1920 adiuvandum
589 1898 671 1922 esse.
713 1886 785 1920 Has
805 1886 971 1921 Ionathae
989 1889 1061 1920 vir-

78 1945 167 1973 tutes
184 1938 372 1981 diligenter
388 1938 668 1976 consideremus,
700 1944 732 1971 et
748 1945 886 1971 nostros
902 1940 1061 1982 impetus,

78 1990 106 2023 si
131 1990 273 2034 quando
301 1989 577 2022 aemulationum
606 1988 738 2022 semina
773 1990 860 2022 oriri
890 1990 1061 2029 videmus,

79 2040 205 2073 timore
224 2046 256 2072 et
273 2040 494 2073 invocatione
509 2038 576 2073 Dei
593 2040 836 2084 reprimamus.
890 2039 939 2074 lta
956 2038 1060 2074 Chri-

80 2097 152 2123 stus
168 2098 307 2124 revocat
325 2089 467 2124 Petrum
492 2091 534 2123 ad
558 2091 874 2125 considerationem
898 2091 1062 2136 propriae

80 2141 288 2174 vocationis:
319 2140 376 2174 Tu
394 2154 446 2174 me
463 2153 606 2186 sequere
624 2149 803 2175 vocantem
815 2169 824 2183 ‚
851 2155 915 2175 nec
929 2149 1061 2175 certato

79 2191 314 2225 aemulatione
343 2199 402 2225 aut
435 2192 546 2225 livore
582 2204 660 2226 cum
692 2193 780 2237 alio,
813 2194 843 2227 si
868 2205 970 2239 quem
997 2193 1062 2227 tibi

80 2254 302 2286 praecurrere
331 2243 524 2284 existimas,
551 2250 613 2277 etc.
676 2243 839 2277 Tertium
865 2245 1061 2278 membrum

81 2300 131 2327 est
150 2294 192 2326 de
211 2306 316 2338 prava
340 2294 554 2334 imitatione,
581 2292 780 2340 κακοζηλίᾳ
802 2303 833 2328 et
856 2296 1063 2329 confusione

82 2344 343 2385 ministrorum,
370 2345 537 2379 viderunt
558 2346 661 2379 multi
687 2346 840 2390 exempla
865 2344 1062 2390 Propheta—

84 2406 183 2433 rum,
210 2396 270 2440 qui
292 2396 437 2429 diversis
462 2397 547 2430 locis
572 2397 867 2431 sacrificaverunt.
921 2396 958 2430 ld
984 2398 1061 2430 imi-

85 2445 147 2477 tati
169 2454 249 2479 sunt
272 2454 390 2480 contra
417 2448 595 2494 regulam,
625 2455 658 2481 et
683 2448 853 2491 putabant
876 2459 912 2481 se
929 2449 1062 2482 cultum

84 2494 159 2529 Deo
178 2497 384 2540 singularem
403 2505 593 2543 praestare,
621 2499 701 2544 quia
721 2497 917 2543 Prophetae
941 2499 987 2533 ita
1012 2511 1063 2532 sa-

85 2546 339 2589 crificaverant,
371 2551 429 2582 sed
455 2550 606 2583 imitatio
629 2556 700 2583 erat
723 2551 869 2583 umbrae
893 2557 1066 2592 externae,

84 2603 116 2630 et
134 2609 205 2631 non
223 2597 415 2642 prophetici
432 2601 584 2645 spiritus.
639 2600 689 2635 lta
706 2601 874 2636 omnibus
898 2602 1065 2646 tempori-

85 2648 151 2681 bus
185 2650 285 2683 multi
317 2659 503 2694 peccarunt
534 2652 571 2685 in
594 2651 769 2692 Ecclesia,
813 2664 920 2698 prava
950 2652 1066 2688 imita-

605 71 903 110 ENARRATIO
931 72 981 108 IN
1008 72 1190 108 EVANG.
1219 70 1430 107 lOANNIS.
1489 69 1593 106 CAP.
1620 69 1718 103 XXI.

2038 75 2112 110 438

1120 160 1227 194 tione.
1298 157 1419 192 Iudaei
1453 162 1650 190 mactarunt
1682 156 1772 189 filios
1809 156 1907 191 abusi
1947 161 2106 203 exemplo

1120 209 1300 249 Abrahae,
1325 209 1427 242 multi
1447 209 1676 241 deseruerunt
1695 207 1860 250 coniuges
1876 216 1909 241 et
1926 211 2105 252 magistram

1118 269 1190 302 tus,
1219 268 1251 295 et
1271 266 1515 294 concesserunt
1541 259 1578 291 in
1604 270 1740 291 eremos
1766 271 1869 302 prava
1896 260 2105 297 imitatione,

1118 311 1175 345 Sic
1194 323 1299 354 prava
1317 311 1513 343 imitatione
1531 316 1716 342 creverunt
1734 310 1862 343 abusus
1888 323 2015 344 coenae
2031 311 2104 346 Do-

1117 363 1226 405 mini,
1255 362 1450 395 cumulatae
1474 368 1556 393 sunt
1583 360 1732 398 Missae,
1762 368 1792 394 et
1816 368 1952 394 secutae
1979 364 2103 395 vendi-

1117 413 1229 445 tiones
1255 424 1388 447 earum.
1463 411 1625 455 Denique
1657 418 1693 444 ut
1730 411 1764 443 in
1800 412 1963 446 omnibus
1996 414 2102 447 rebus

1117 476 1221 507 prava
1247 463 1397 496 imitatio
1414 462 1608 506 periculosa
1622 488 1630 501 ‚
1659 468 1689 493 et
1709 473 1809 505 saepe
1828 464 2022 504 perniciosa
2042 473 2102 504 est,

1116 515 1162 548 ita
1187 514 1336 547 maxime
1364 514 1401 545 in
1432 513 1584 546 cultibus
1607 513 1801 544 cavendum
1826 520 1893 553 est,
1929 526 1972 546 ne
1997 516 2102 549 stulta

1115 565 1266 599 imitatio
1284 565 1420 608 gignat,
1448 571 1506 597 aut
1526 563 1869 598 c011f11·mete1·r01·es.

1216 615 1328 659 Saepe
1352 615 1455 648 etiam
1476 614 1710 647 aemulatione
1734 614 1928 646 ministeria
1951 617 2100 649 confuu-

1115 668 1269 707 duntur,
1310 665 1476 709 Episcopi
1508 665 1635 697 omisso
1675 676 1818 697 munere
1859 665 2100 707 ecclesiastico,

1115 719 1304 751 voluerunt
1328 729 1426 761 pares
1452 728 1523 749 esse
1549 715 1789 758 principibus,
1832 723 1863 747 et
1891 728 1992 759 saepe
2017 730 2103 749 con-

1114 770 1310 803 cionatores
1329 768 1453 801 volunt
1472 779 1588 809 regere
1607 766 1746 809 politica
1769 766 1906 808 negotia
1930 768 2101 808 auianum,

1114 828 1172 854 aut
1191 821 1390 860 civitatum,
1416 826 1448 851 et
1469 820 1628 851 doctores
1652 817 1851 857 literarum,
1878 829 1956 850 cum
1981 819 2102 852 vident

1113 871 1369 916 disputationes
1412 871 1454 903 de
1497 869 1666 912 religione
1708 868 1969 914 plausibiliores
2014 882 2103 910 esse,

1114 935 1218 967 quam
1244 922 1440 955 doctrinam
1467 921 1674 953 inferiorum
1701 919 1846 956 artium,
1876 920 1963 953 fiunt
1982 921 2099 954 subito

1114 972 1298 1017 Theologi.
1350 971 1444 1005 Ilaec
1462 971 1608 1005 ambitio
1625 970 1725 1003 valde
1745 971 1938 1014 perniciosa
1963 978 2013 1004 est
2031 969 2100 1004 Ec·

1113 1025 1236 1058 clesiae
1273 1031 1306 1057 et
1337 1024 1521 1057 universae
1551 1022 1640 1054 vitae
1674 1019 1866 1062 humanae,
1912 1022 1990 1054 ideo
2027 1022 2096 1055 fre-

1114 1077 1230 1109 nanda
1254 1082 1322 1114 est,
1356 1081 1388 1107 et
1412 1086 1547 1118 semper
1581 1073 1729 1106 tenenda
1758 1073 1891 1113 regula:
1935 1072 1973 1105 Si
1997 1073 2097 1106 illum

1113 1127 1193 1160 volo
1218 1127 1388 1159 maiorem
1411 1137 1508 1164 esse,
1542 1124 1627 1168 quid
1658 1135 1676 1155 a
1703 1130 1753 1160 te,
1784 1131 1821 1156 tu
1857 1135 1911 1154 me
1943 1135 2098 1167 sequere.

1113 1178 1220 1212 Suam
1244 1178 1392 1223 quisque
1416 1174 1634 1208 vocationem
1658 1174 1829 1216 intelligat
1847 1182 1879 1207 et
1905 1174 1940 1206 in
1965 1186 2002 1207 ea
2028 1187 2099 1207 ser-

1114 1229 1203 1270 viat,
1238 1239 1384 1268 eamque
1419 1233 1539 1266 ornet,
1580 1225 1652 1258 sive
1676 1225 1719 1258 sit
1745 1223 1910 1264 humilis,
1946 1225 2018 1257 sive
2043 1238 2098 1258 ar-

1113 1281 1201 1320 dua,
1228 1279 1315 1312 sicut
1330 1278 1455 1311 usitate
1474 1277 1689 1309 dictumest:
1719 1275 1880 1319 Spartani
1908 1285 2029 1309 nactus
2055 1289 2100 1316 cs,

1113 1327 1204 1362 lianc
1228 1342 1325 1362 orna.
1403 1327 1504 1360 Hanc
1535 1334 1662 1360 metam
1687 1339 1758 1358 uon
1785 1334 1920 1359 tantuin
1947 1325 2099 1360 humana

1115 1381 1304 1424 sapientia,
1349 1380 1407 1413 sed
1440 1378 1552 1411 multo
1593 1377 1702 1421 magis
1742 1377 1873 1410 divinis
1910 1379 2100 1422 praeceptis

1113 1432 1364 1464 circumdatam
1391 1430 1492 1462 nobis
1517 1441 1587 1462 esse
1604 1429 1772 1467 sciamus,
1801 1429 1880 1473 quia
1899 1428 2023 1461 Petrus
2043 1442 2099 1461 vx-

1113 1494 1227 1527 presse
1248 1482 1435 1526 praecipit,
1472 1492 1514 1512 ne
1530 1481 1639 1512 simus
1656 1477 2035 1523 cmorpzoem'oxonoz,
2065 1487 2097 1513 et

1113 1533 1244 1566 Paulus
1269 1532 1505 1565 eruditissime
1523 1530 1658 1575 inquit,
1689 1531 1720 1563 1.
1740 1529 1862 1563 Thess.
1883 1530 1932 1564 4,;
1968 1530 2099 1564 Horta—

1115 1596 1193 1617 mur
1212 1595 1272 1616 vos
1288 1584 1409 1616 fratres
1426 1582 1631 1614 antecellere
1644 1581 1750 1623 magis
1774 1588 1804 1613 et
1832 1581 2001 1623 singulari
2028 1589 2101 1614 stu-

1113 1635 1172 1667 dio
1196 1646 1317 1667 curare
1343 1641 1379 1666 ut
1408 1632 1593 1677 quiescatis
1618 1639 1650 1664 et
1674 1632 1781 1675 agatis
1800 1632 1951 1675 propria.
1989 1631 2100 1665 Valde

1113 1685 1392 1728 significantibus
1416 1684 1531 1716 verbis
1553 1694 1635 1715 usus
1661 1690 1721 1716 est.
1788 1682 1960 1715 profanos
1986 1680 2102 1715 homi-

1114 1748 1174 1769 nes
1189 1736 1335 1769 ambitio
1354 1735 1490 1772 invitat,
1518 1741 1557 1767 ut
1572 1742 1664 1767 extra
1691 1733 1889 1766 vocationes
1906 1742 2102 1777 erumpant,

1115 1795 1152 1820 ut
1176 1787 1358 1819 Antonius
1383 1798 1455 1818 non
1482 1792 1666 1818 contentus
1683 1792 1732 1818 est
1763 1786 1925 1818 socii-tate
1959 1785 2098 1828 imperii

1115 1850 1194 1870 cuin
1213 1836 1380 1877 Octavio,
1407 1839 1463 1869 sed
1484 1837 1578 1869 solus
1595 1837 1667 1869 vult
1685 1847 1830 1878 regnare
1855 1847 2021 1878 oppresso
2045 1848 2101 1868 so-

1116 1889 1185 1921 cio:
1212 1896 1272 1922 aut
1298 1895 1461 1921 moveant
1485 1899 1556 1919 non
1589 1887 1802 1926 necessaria,
1836 1887 1970 1919 etiamsi
1995 1899 2100 1930 supe-

1116 1940 1224 1972 riores
1267 1941 1468 1972 vocationes
1503 1950 1576 1971 non
1619 1938 1786 1970 videntur
1829 1945 1992 1980 appetere
2014 1964 2021 1977 ,
2063 1946 2102 1970 ut

1115 1989 1153 2024 C.
1181 1988 1362 2023 Gracchus
1386 1989 1507 2023 multis
1543 1989 1643 2021 novis
1666 1989 1800 2031 legibus
1828 1989 1906 2021 latis
1932 1989 2096 2021 turbabat

1116 2041 1304 2085 Rempubl.
1328 2040 1491 2083 Agraria,
1518 2040 1694 2078 iudiciali,
1723 2047 1756 2073 et
1778 2040 1866 2072 aliis.
1918 2039 1976 2071 Est
2005 2039 2099 2071 enim

1117 2092 1239 2125 vitiosa
1264 2092 1428 2132 ambitio,
1461 2091 1633 2134 cupiditas
1659 2091 1809 2134 gloriae,
1836 2102 1924 2134 quae
1949 2102 2020 2122 non
2040 2102 2099 2133 ap-

1116 2144 1246 2188 petitur
1268 2143 1412 2183 ordine,
1448 2155 1527 2175 cum
1557 2142 1720 2175 videlicet
1750 2141 1931 2185 quaeritur
1955 2141 2101 2184 applau-

1116 2206 1173 2227 sus
1197 2195 1519 2238 qualiumcunque,
1547 2193 1689 2226 tentatis
1706 2193 1902 2225 actionibus
1920 2204 2023 2235 supra
2049 2192 2101 2223 vi-

1116 2258 1168 2279 res
1186 2252 1245 2279 aut
1261 2253 1354 2278 extra
1372 2245 1590 2278 vocationem
1604 2271 1613 2284 ,
1638 2244 1760 2276 fiducia
1785 2242 1946 2287 propriae
1965 2243 2104 2286 sapien-

1118 2297 1184 2329 tiae
1202 2323 1211 2337 ,
1239 2303 1298 2330 aut
1321 2308 1463 2329 suarum
1490 2295 1629 2327 virium.
1685 2293 1786 2327 Hanc
1804 2294 1963 2327 vitiosam
1987 2293 2101 2326 ambi—

1117 2347 1249 2380 tionem
1281 2359 1382 2391 saepe
1424 2348 1568 2379 damnat
1598 2344 1750 2389 Spiritus
1789 2351 1945 2385 sanctus,
1987 2352 2025 2378 ut
2058 2345 2100 2377 ad

1117 2397 1222 2433 Rom.
1243 2400 1316 2432 12:
1360 2398 1448 2433 Dico
1473 2404 1588 2430 autem
1612 2408 1673 2440 per
1698 2396 1865 2439 gratiam,
1901 2407 1989 2441 quae
2013 2393 2100 2428 mihi

1117 2450 1196 2483 data
1225 2456 1294 2488 est,
1322 2450 1508 2488 omnibus,
1536 2447 1597 2491 qui
1623 2453 1704 2480 sunt
1727 2447 1819 2480 inter
1842 2458 1922 2487 vos,
1957 2458 2001 2479 ne
2023 2458 2102 2478 sen-

1118 2501 1206 2535 tiant
1227 2501 1270 2533 de
1292 2512 1326 2534 se
1350 2512 1454 2543 supra
1481 2510 1584 2543 quam
1613 2505 1770 2542 oportet,
1801 2499 1860 2531 sed
1888 2498 2038 2532 sentiant
2059 2498 2103 2530 de

1118 2563 1153 2585 se
1172 2552 1349 2592 modeste,
1376 2558 1412 2583 ut
1436 2550 1562 2594 cuique
1583 2549 1764 2583 distribuit
1780 2548 1875 2583 Deus
1901 2559 2100 2581 mensuram

1118 2603 1210 2636 fidei.
1263 2600 1309 2635 Et
1325 2603 1367 2635 ad
1388 2600 1503 2635 Galat.
1522 2600 1572 2634 6.:
1610 2599 1646 2634 Si
1673 2601 1751 2645 quis
1767 2607 1883 2644 putat,
1909 2611 1943 2633 se
1969 2598 2102 2643 aliquid

1121 2666 1211 2693 esse,
1241 2665 1320 2686 cum
1338 2651 1429 2686 nibil
1448 2652 1511 2692 sit,
1539 2652 1692 2695 seipsum
1712 2651 1849 2695 decipit.

1511 2701 1594 2738 28*
