2415 2942
88 95 188 132 1193

2011 90 2108 126 1194

252 332 683 376 SECUNDAE
735 327 1208 373 EPtSTOLAE·
1250 329 1348 370 AD
1407 326 1926 382 CORINTHIOS,

753 419 1428 458 ARGUMENTUM.

76 502 243 568 Semper
259 525 296 558 in
309 532 498 570 conspectu
514 524 560 559 sit
575 524 764 558 discrimen
776 523 878 567 Legis
895 531 928 558 et
943 523 1064 558 Evan-
1113 524 1195 548 Anno

80 576 181 620 getii,
209 583 242 609 et
261 576 411 610 sciamus
428 588 500 609 non
524 582 659 609 tantum
677 573 839 608 historias
863 576 1064 618 peregrina-

78 628 216 661 tionum
234 626 336 660 Pauli
363 633 396 660 et
420 633 601 671 praecepta
618 626 766 659 moralia
783 626 819 658 in
837 627 911 659 eius
927 627 1064 670 scriptis

77 678 278 722 quaerenda
304 689 394 716 esse,
436 679 493 710 sed
520 678 623 719 longe
653 677 757 709 aliam
790 677 995 720 sapientiam
1020 678 1063 709 de

76 729 150 761 filio
168 727 252 766 Dei,
281 735 313 761 et
329 730 370 761 de
385 729 459 761 eius
477 727 672 767 beneficiis,
695 729 738 760 de
754 728 961 761 remissione
980 739 1061 771 pec-

75 786 253 819 catorum,
297 780 339 811 de
370 779 530 811 miranda
561 778 768 811 collectione
800 776 994 817 Ecclesiae,
1030 785 1063 812 et

78 832 122 863 (le
143 830 215 863 vita
242 836 392 864 aeterna.
452 828 521 862 Sed
546 835 661 862 tamen
686 829 746 870 iis,
780 829 840 873 qui
866 829 1060 862 doctrinam

76 878 253 914 Ecclesiae
278 887 369 912 recte
393 879 613 920 didicerunt,
655 880 743 912 utile
769 886 819 912 est
845 880 948 913 etiam
971 887 1060 913 tem-

75 942 158 974 pora
185 937 218 963 et
244 930 366 963 seriem
393 927 559 962 historiae
582 942 696 964 nosse.
749 930 797 965 Ut
823 930 930 972 igitur
947 931 1061 963 consi-

75 982 255 1017 deremuS,
293 992 362 1025 quo
388 987 545 1024 ternpore
580 981 732 1023 primum
768 981 902 1014 venerit
931 980 1062 1013 Paulus

73 1028 308 1071 Corinthum,
336 1038 368 1064 et
393 1032 534 1075 quando
558 1041 675 1074 postea
694 1031 869 1076 scripserit
886 1030 1061 1074 Epistolas

72 1083 114 1115 ad
131 1080 303 1115 Ecclesias
319 1081 393 1114 eius
409 1082 488 1123 loci,
515 1082 639 1115 ordine
656 1089 836 1128 utcunque
852 1082 1060 1116 distribuam

71 1144 195 1168 annos.

238 1230 357 1261 Anni
385 1241 406 1260 a
437 1234 656 1271 conversio
667 1243 712 1262 ne
740 1232 883 1264 Pauli.

71 1297 154 1322 Anno
244 1298 296 1322 An.
310 1299 374 1328 post
387 1305 457 1323 cou-

72 1332 193 1357 Chr-asti.
242 1334 413 1358 versionem.

96 1383 157 1418 35.
265 1387 296 1420 1.

350 1385 477 1418 Annus
502 1385 605 1418 Pauli
632 1385 891 1427 conversionis,
931 1384 1060 1418 Annus

400 1449 418 1469 a
440 1436 548 1468 natali
566 1435 697 1469 Christi
727 1435 787 1471 35.

96 1486 156 1521 36.
257 1488 294 1522 2.
347 1485 416 1520 Ivit
436 1486 568 1520 Paulus
588 1487 624 1520 in
644 1486 826 1521 Arabiam.

95 1537 155 1572 37.
259 1537 282 1569 3

97 1587 158 1621 38.
261 1586 295 1622 4.

97 1637 159 1672 39.
263 1635 298 1671 5.
353 1637 422 1671 Ivit
436 1637 474 1669 in
491 1636 663 1679 Tarsum,
689 1637 790 1672 Aeto.
808 1638 843 1674 9.

95 1687 157 1722 40.
261 1688 283 1721 6

98 1738 160 1774 41.
263 1738 300 1774 7.

97 1790 159 1825 42.
265 1790 300 1825 8.
353 1788 535 1823 Barnabas
566 1800 605 1821 ex
637 1789 750 1823 Tarso
775 1789 875 1823 duxit
908 1789 1058 1824 Paulum

407 1836 655 1880 Antiochiam,
679 1842 781 1876 Aeto.
802 1841 860 1876 13.

99 1941 159 1976 44.
239 1942 298 1976 10.
350 1939 420 1975 Ivit
454 1941 491 1974 in
525 1940 702 1987 Cyprum,
743 1940 822 1975 Act.
852 1941 911 1976 13.
989 1937 1060 1973 Ubi

219 2010 221 2012 v
401 1993 543 2025 auditor
579 1993 645 2026 fuit
680 1992 823 2034 Sergius
857 1992 1060 2036 proconsul.

96 2041 157 2079 45.
235 2043 292 2077 11.
344 2041 524 2076 Profectus
565 2045 603 2077 in
646 2041 781 2086 Pergen
824 2050 858 2077 et
898 2041 1058 2076 Iconium

402 2093 480 2128 Act.
500 2093 558 2128 14.
584 2103 617 2130 et
631 2095 765 2128 vicinas
780 2095 895 2131 urbes,

97 2143 157 2179 46.
237 2145 296 2179 12.

95 2194 156 2230 47.
239 2196 295 2230 13.

95 2245 155 2282 48.
239 2245 298 2281 14.

95 2297 156 2333 49.
237 2296 296 2332 15.

94 2347 156 2384 50.
235 2348 293 2382 16.

94 2396 155 2433 51.
236 2398 293 2434 17.
346 2397 512 2444 Synodus
548 2396 802 2446 lerosolymae‚
835 2398 892 2433 cui
925 2397 1057 2433 Paulus

404 2449 576 2482 interfuit.

95 2498 155 2535 52.
236 2499 294 2534 18.
347 2499 471 2535 Rediit
491 2500 527 2532 in
556 2500 713 2534 Iconium
735 2508 767 2535 et
783 2500 964 2547 Lystram,
994 2498 1056 2532 ubi

407 2549 638 2584 Timotheum
681 2551 747 2585 sibi
793 2552 980 2591 adiunxit,
1023 2556 1056 2583 et
1083 2566 1085 2577 ι

405 2602 540 2636 traiecit
561 2601 600 2634 in
624 2601 895 2645 Macedoniam,
933 2609 966 2636 et
989 2601 1056 2634 fuit
1082 2604 1086 2635 ἑ

398 2650 578 2689 Corinthi.

1139 608 1198 643 53.

1140 658 1199 695 54.

1140 709 1200 747 55.

1139 813 1200 847 56.

1138 863 1198 898 57.

1138 916 1199 948 58.

1140 1431 1198 1467 59.

1139 1484 1199 1518 60.

1140 1535 1203 1568 61.

1139 1585 1199 1618 62.

1139 1635 1199 1669 63.

1139 1685 1198 1719 64.

1137 1836 1199 1873 65.

1138 1889 1198 1924 66.

1134 2396 1194 2432 67.

1135 2449 1196 2484 68.

1134 2500 1194 2536 69.

1135 2601 1195 2637 70.

1278 523 1330 547 An.
1340 522 1408 553 post
1422 527 1490 545 eon-

1115 557 1234 584 Christi.
1273 558 1439 582 versionem.

1280 609 1338 644 19.

1278 659 1340 695 20.

1277 711 1337 746 21.

1277 815 1339 848 22.

1279 864 1339 896 23.

1280 913 1339 949 24.

1277 1483 1338 1516 26.

1280 1532 1341 1565 27.

1277 1583 1338 1618 28.

1278 1634 1339 1669 29.

1277 1685 1339 1719 30.

1277 1838 1336 1871 31.

1275 1889 1335 1925 32.

1274 2398 1335 2431 33.

1272 2448 1334 2483 34.

1274 2499 1332 2535 35.

1271 2600 1332 2636 36.

1393 708 1514 743 Rediit
1532 708 1569 741 in
1588 706 1728 749 Asiam,
1756 713 1790 741 et
1807 706 1875 741 suit
1890 707 2034 741 biennio
2063 707 2100 739 in

1450 757 1604 805 Epheso.

1394 911 1659 947 RediitPanlus
1672 911 1708 943 in
1719 909 1983 947 Macedoniam,
2002 909 2100 952 prius

1444 970 1626 1010 peragrata
1644 960 1796 1006 Phrygia
1822 966 1854 993 et
1876 960 2006 993 finibus
2027 959 2100 993 Ga.-

1443 1016 1606 1049 latarum.
1682 1011 1842 1056 Cumque
1879 1011 2028 1043 venisset
2063 1010 2101 1043 in

1445 1064 1718 1103 Macedoniam,
1766 1064 1855 1095 sicut
1887 1059 1944 1094 hic
1983 1061 2099 1106 inquit

1447 1128 1481 1149 se
1506 1129 1545 1150 ex
1567 1115 1707 1148 Troade
1731 1113 1923 1151 traiecisse,
1964 1112 2101 1154 scripsit

1445 1168 1483 1200 in
1507 1166 1682 1209 Philippis
1710 1171 1884 1208 utranque
1905 1161 2100 1205 Epistolam

1445 1221 1486 1251 ad
1516 1214 1723 1251 Corinthios
1751 1226 1822 1247 non
1853 1214 1958 1256 longo
1991 1214 2101 1246 inter-

1445 1270 1550 1303 vallo.
1608 1268 1731 1300 Postea
1759 1264 1863 1298 rediit
1899 1265 1936 1296 in
1965 1263 2098 1303 Asiani,

1447 1332 1485 1352 ac
1511 1319 1605 1351 venit
1631 1316 1848 1361 Mytilenen,
1870 1315 1952 1350 item
1979 1315 2016 1346 in
2036 1317 2099 1348 Sa-

1449 1382 1547 1403 mum
1567 1376 1598 1402 et
1616 1367 1797 1401 Miletum·

1391 1682 1491 1717 Circa
1519 1679 1586 1714 hoc
1614 1686 1752 1723 tempus
1777 1678 1858 1711 fecit
1881 1678 2010 1712 Paulus
2033 1679 2100 1712 iter

1449 1739 1663 1778 postremum
1706 1729 1976 1775 lerosolymam,
2016 1730 2100 1763 inde

1450 1785 1576 1817 missus
1593 1789 1643 1815 est
1659 1780 1811 1815 Romam
1829 1781 1998 1824 captivus,

1387 1886 1520 1921 Paulus
1544 1883 1697 1919 Romam
1723 1882 1869 1921 missm,
1902 1882 1970 1916 fuit
1996 1881 2099 1915 bien-

1445 1938 1545 1971 nium
1562 1937 1598 1968 in
1617 1935 1721 1967 domo
1741 1933 1910 1967 conducta
1924 1931 2022 1966 Acto.
2036 1932 2100 1966 ult.

1447 1989 1500 2023 De
1523 1987 1660 2031 reliquo
1689 1992 1846 2028 tempore
1871 1996 1943 2016 non
1976 1982 2099 2016 scribi-

1451 2046 1530 2079 tur,
1573 2038 1633 2071 sed
1674 2042 1790 2069 tamen
1826 2042 2098 2067 consentaneum

1445 2097 1514 2130 est,
1544 2100 1621 2121 eum
1642 2086 1777 2121 Romae
1798 2086 1965 2118 mansisse
1989 2096 2099 2129 usqne

1444 2142 1486 2174 ad
1514 2151 1646 2172 anunm
1677 2136 1913 2181 penultimum
1936 2135 2098 2175 Neronis,

1445 2204 1514 2237 quo
1533 2190 1735 2223 interfectus
1754 2194 1820 2226 est,
1848 2187 1929 2231 qnia
1954 2198 2025 2219 non
2047 2186 2098 2219 le-

1447 2249 1579 2285 guntur
1602 2240 1668 2272 alia
1692 2238 1793 2271 Pauli
1819 2238 1963 2275 itinera,
2006 2243 2099 2281 post-

1440 2305 1544 2338 quam
1573 2290 1724 2324 Romam
1761 2288 1865 2321 venit.
1929 2285 1974 2321 Et
2009 2288 2099 2321 illud

1443 2344 1619 2389 reliquum
1637 2348 1773 2384 tempus
1793 2339 1900 2373 breve
1916 2345 1978 2372 est.

1387 2497 1593 2531 Interfectus
1604 2492 1735 2527 Paulus
1751 2504 1768 2526 a
1780 2490 1920 2526 Nerone
1932 2502 2025 2525 anno
2043 2490 2098 2525 13.

1444 2546 1607 2581 Neronis.

1384 2598 1549 2634 Decimus
1565 2601 1710 2641 quartus
1724 2593 1893 2633 Neronis,
1919 2605 1989 2638 quo
2006 2590 2099 2625 Nero

1461 2648 1514 2684 ibi
1531 2646 1699 2681 conscivit
1720 2652 1882 2679 mortem.
