2415 2942
100 151 176 188 385
490 147 571 185 XII,
625 145 926 182 ENARRATIO
956 146 1005 180 IN
1032 145 1216 181 EVANG.
1246 144 1459 181 lOANNtS.
1519 145 1623 181 CAP.
1650 145 1768 180 xvtl.
2074 146 2149 183 386

100 237 194 282 Ergo
219 234 351 279 singuli
376 235 421 268 ad
444 246 509 268 nos
526 235 620 279 ipsos
638 233 943 268 accommodemus
961 230 1027 266 hoc
1044 233 1101 266 di·
1151 239 1366 277 repetantur,
1389 240 1428 267 ut
1443 239 1574 266 statuas
1589 245 1670 266 vere
1680 245 1744 277 pro
1758 239 1791 267 te
1803 245 1944 278 quoque
1958 233 2068 266 filium
2078 232 2148 267 Dei

102 296 214 323 ctum:
250 286 331 321 Erit
355 286 476 320 efficax
501 285 737 329 Evangelium
764 284 802 317 in
826 290 861 318 te
885 283 983 327 ipso,
1018 295 1097 316 cum
1149 284 1280 317 factum
1313 295 1386 317 esse
1417 283 1616 325 victimam,
1650 290 1683 318 et
1712 285 1828 328 ipsum
1855 285 1998 330 quidem
2024 296 2088 331 pro
2113 291 2147 318 te

102 340 215 374 disces
237 345 271 372 et
294 337 535 382 amplecteris,
562 338 627 371 erit
652 337 772 370 efficax
794 335 831 368 in
857 335 974 379 aliqua
1001 341 1099 377 parte
1150 334 1406 375 intercessisse,
1433 342 1467 368 et
1482 343 1592 379 prote
1605 335 1815 369 sacrificium
1827 348 1929 369 suum
1942 336 2146 380 applicasse.

102 389 292 425 hominum
309 389 544 430 audientium,
566 388 703 423 etiamsi
717 386 821 420 multi
837 386 997 419 furenter
1013 397 1098 418 con·
1148 384 1222 417 Nec
1247 397 1328 417 vero
1355 386 1471 417 inanis
1499 393 1545 418 est
1572 387 1636 418 filii
1658 385 1724 419 Dei
1748 387 1970 428 intercessio,
1995 399 2070 420 non
2094 394 2145 422 est

101 447 282 482 temnent,
318 448 379 474 aut
408 441 571 473 ardentes
605 439 694 472 odiis
720 438 835 470 delere
860 437 1098 479 conabuntur,
1123 440 1125 479 ξ
1150 435 1277 468 inutile
1309 436 1534 468 sacrificium:
1572 434 1636 469 hac
1660 437 1820 470 doctrina
1849 438 2073 472 exuscitanda
2094 445 2146 472 est

101 500 137 527 et
170 503 319 536 magnae
350 499 384 526 et
410 491 623 535 multiplices
649 490 732 522 fient
757 486 945 521 hominurn
970 488 1098 520 distra-
1148 486 1233 519 fides
1250 487 1287 519 in
1304 487 1401 519 omni
1421 487 1647 520 invocatione
1667 495 1699 520 et
1718 488 1754 520 in
1772 495 1841 522 tota
1859 490 1941 523 vita.

101 544 255 584 diones,
301 549 334 577 Εἴ
363 542 592 584 imperiorum
624 539 919 585 perturbationes·
1000 537 1098 571 Inter
1122 558 1124 567 '
1250 553 1410 587 Verbum
1434 554 1636 598 sanctifico,
1664 551 1732 588 hoc
1752 555 1831 588 loco
1853 556 1927 588 sine
1947 557 2019 590 ulla
2038 558 2145 592 dubi-

100 592 189 629 haec
213 594 328 628 tristia
350 592 568 637 Si'ecmm‘lfl'
595 588 822 649 mmeP-hanf
839 601 960 623 vocem
977 596 1096 623 tenea*
1148 606 1280 639 tatione
1317 618 1335 638 a
1374 606 1615 639 sacerdotibus
1646 612 1679 638 et
1712 605 1864 638 victimis
1896 615 2050 641 sumtum
2084 616 2145 643 est.

100 657 199 679 mus:
224 644 325 679 Sicut
347 652 509 678 aeternus
536 649 634 687 Pater
655 649 751 700 [ΥΠ-Ἦ
767 642 879 674 finum
899 652 1002 699 ⁵¹J¹¹m
1022 639 1098 698 po·-
1148 656 1237 690 Nam
1264 658 1306 689 de
1334 657 1492 702 utrisque
1516 657 1716 697 dicebatur,
1752 669 1791 690 ac
1814 663 1885 691 tota
1910 660 2145 703 praeparatio,

100 696 241 730 minum
264 703 425 730 nostrum
447 693 563 728 lesum
588 691 791 733 (Ihm-‘’¹⁰¹¹‘’
825 698 859 725 et
882 692 977 750 sih-¹¹⁵
1001 698 1098 749 ‘⁰¹5¹‘
1148 708 1330 748 mactatio,
1355 715 1387 741 et
1411 708 1544 742 oblatio
1563 707 1725 741 victimae
1741 708 1933 742 vocabatur
1948 710 2144 744 sanctifica—

101 746 314 792 Ap0510105‚
340 753 379 780 ut
404 757 484 779 vere
507 751 595 779 esset
619 744 738 778 efficax
758 742 1021 786 -Evangehum⁵
1049 749 1096 775 ¹¹³
1147 759 1210 792 tio.
1265 758 1323 792 Sic
1339 756 1503 792 Christus
1528 756 1585 791 hic
1609 759 1745 804 inquit:
1775 757 1851 802 Ego
1874 772 1930 792 me
1952 761 2145 803 sanctifico,

101 810 198 832 nunc
233 809 373 843 quoque
395 795 491 831 Deus
526 796 634 830 mittit
667 802 822 840 9²³⁵¹0res
857 801 890 828 et
920 795 1096 853 fl⁰⁰²⁰¹⁸e⁵²
1147 811 1183 843 id
1202 817 1262 850 est,
1290 822 1431 853 segrego
1448 822 1503 843 me
1521 822 1561 843 ex
1580 816 1654 844 toto
1671 821 1797 854 genere
1813 808 1982 852 humano,
2006 819 2046 846 ut
2062 812 2144 846 fiam

100 850 179 883 vult
204 861 299 882 nunc
315 860 457 894 quoque
475 847 648 881 efficacem
668 858 741 880 esse
759 844 945 889 Evangelu
964 857 1096 886 vocem,
1147 859 1262 895 hostia
1280 860 1356 894 Deo
1380 861 1515 900 dicata,
1543 868 1577 895 et
1595 873 1649 894 me
1666 862 1817 906 praebeo
1836 863 2082 904 mactandum,
2110 871 2146 898 et

100 900 237 933 etiamsi
269 899 464 933 accidentia
495 898 674 932 missionis
707 898 899 938 differunt,
931 903 971 930 ut
995 897 1096 930 aliter
1146 913 1213 946 tibi
1240 924 1295 945 me
1318 913 1448 953 offero,
1475 912 1511 945 id
1536 919 1604 956 est,
1634 919 1778 957 propter
1802 920 1898 946 tuam
1922 914 2144 949 voluntatem

98 957 243 985 vocatus
259 957 308 984 est
325 950 476 991 Paulus,
504 950 607 984 aliter
618 946 849 989 Timotheus,
875 955 994 1006 tamf‘p
1010 948 1095 981 ⁵⁰1³·
1146 964 1302 998 sustineo
1343 961 1436 997 hanc
1475 964 1743 1004 mactationem,
1795 964 1863 998 tibi
1903 965 2144 999 obedientiam

99 1001 264 1035 Stanliflle
287 1013 424 1046 Semper
449 1008 517 1041 ‘³⁵¹2
552 1008 586 1035 et
609 1007 727 1034 manet
753 1001 866 1040 idem³
901 1000 1032 1058 ⁵f¹l¹⁰et
1056 1005 1095 1032 Ut
1145 1027 1259 1049 meam
1284 1015 1442 1056 declaro,
1468 1027 1541 1048 non
1565 1015 1683 1060 aliqua
1707 1015 1838 1049 iniusta
1857 1027 1933 1049 mea
1951 1017 2144 1061 cupiditate

98 1051 331 1096 Evangelium
362 1053 407 1086 Sit
433 1052 564 1086 efficax·
635 1051 764 1110 lnge-⁰⁵
790 1051 950 1109 ⁰⁰¹Jf¹1⁵¹⁰
976 1063 1093 1108 {erum
1145 1078 1309 1106 moveor,
1343 1079 1382 1099 ac
1406 1066 1549 1111 proprie
1574 1066 1782 1100 santificatio
1807 1073 1857 1100 est
1882 1067 1956 1110 ipsa
1978 1069 2144 1103 voluntas

97 1100 337 1137 humanarum
376 1115 477 1148 saepe
505 1103 689 1148 Perturbat
721 1102 914 1135 ¹mhe⁰¹¹le⁵
947 1112 1095 1159 amulo&
1146 1118 1333 1157 obediens,
1367 1125 1406 1151 ut
1430 1117 1562 1151 dicitur
1584 1118 1628 1150 ad
1651 1116 1832 1151 Hebraeos
1856 1119 1908 1153 6.:
1945 1117 2143 1154 Exauditus

96 1160 137 1187 ut
157 1155 311 1198 cogitent
330 1155 450 1187 omnia
470 1165 552 1187 casu
569 1154 667 1187 volui
685 1160 718 1187 et
737 1154 878 1197 agitari,
904 1154 963 1186 sed
982 1160 1020 1186 tu
1038 1164 1094 1185 1n-
1146 1176 1196 1203 est
1234 1175 1379 1213 propter
1416 1168 1669 1212 reverentiam,
1714 1169 1750 1201 id
1790 1176 1861 1209 est,
1902 1170 2142 1205 obedientiam

95 1211 201 1238 tuens
241 1203 457 1243 ΕΟΕῙΕΞῙΘΜ,
499 1212 533 1238 et
571 1202 727 1245 ⁵0h01³⁵a
769 1211 935 1238 ⁵0n3¹¹te⁵
972 1215 1092 1237 vocem
1146 1220 1348 1263 praestitam
1373 1219 1469 1260 Deo,
1505 1226 1543 1253 ut
1568 1219 1641 1262 ipse
1666 1217 1802 1253 honore
1827 1220 2034 1257 afficeretur.
2096 1221 2144 1257 Et

95 1254 301 1299 Evangelii,
335 1256 467 1299 cogita,
501 1256 574 1290 imo
600 1254 695 1289 Deus
728 1263 821 1313 effic]
849 1256 949 1312 ‘'dess-
969 1253 1093 1312 Ecde*
1144 1270 1274 1306 Psalm.
1292 1270 1371 1306 40.:
1400 1270 1441 1303 In
1458 1271 1570 1314 capite
1586 1270 1670 1303 libri
1686 1271 1857 1314 scriptum
1873 1278 1923 1305 est
1940 1273 1983 1305 de
2000 1285 2074 1312 me,
2103 1280 2143 1308 ut

96 1306 167 1339 ⁵3³8
190 1318 289 1345 ⁵⁰³0,
316 1308 489 1349 gnbernat
507 1314 541 1341 el
558 1313 672 1340 servat
688 1307 875 1351 rellqfflas’
902 1312 1011 1339 “mm
1030 1317 1093 1349 pa‘
1144 1323 1293 1355 facerem
1327 1322 1547 1355 voluntatem
1581 1328 1691 1356 tuam.
1749 1321 1845 1356 Deus
1880 1335 1995 1364 meus,
2032 1325 2142 1366 volui,

94 1364 204 1390 stores
229 1364 262 1390 et
279 1358 459 1399 doctores,
494 1358 583 1392 sicut
600 1357 696 1391 misit
713 1357 845 1391 Filium
858 1382 867 1396 ‚
895 1354 1090 1401 Prophetas
1143 1380 1177 1407 et
1194 1373 1247 1405 lex
1265 1379 1324 1406 tua
1342 1372 1381 1406 in
1400 1373 1517 1406 medio
1535 1373 1650 1406 cordis
1671 1373 1758 1412 mei,
1787 1374 1823 1406 id
1842 1381 1908 1414 est,
1936 1375 2022 1408 alias
2040 1376 2141 1411 victi-

93 1414 128 1441 sst
147 1408 350 1452 APOStOIOS·
1144 1435 1218 1457 mas
1243 1423 1365 1457 offerri
1389 1424 1536 1458 noluisti
1549 1451 1557 1465 ,
1587 1425 1646 1457 sed
1668 1437 1723 1457 me
1739 1425 1883 1460 voluisti
1901 1426 1966 1459 tibi
1985 1427 2142 1470 obedire,

1143 1473 1226 1509 huic
1244 1482 1306 1509 tuo
1324 1487 1453 1509 arcano
1472 1476 1612 1509 decreto
1629 1476 1751 1509 volens
1768 1477 1986 1522 obtempero.

312 1514 365 1549 Et
388 1527 457 1563 pro
481 1527 570 1563 ¹p⁸¹³
596 1529 650 1550 me
673 1513 874 1560 sanetlfico'
1246 1542 1468 1576 Fidelissime
1498 1551 1614 1577 autem
1645 1542 1730 1577 haec
1756 1545 1862 1577 verba
1891 1546 2141 1593 applicationis

195 1593 341 1638 Semper
358 1594 396 1626 in
411 1594 510 1627 omni
528 1595 600 1628 vita
617 1594 843 1637 cogitandum
858 1594 1089 1638 estdeappli-
1142 1594 1428 1627 meminerimus:
1454 1594 1523 1627 Pro
1550 1595 1610 1628 eis.
1665 1594 1776 1630 Item:
1808 1593 1885 1629 Oro
1908 1609 1981 1629 non
2006 1610 2071 1642 pro
2091 1599 2139 1632 eis

93 1646 230 1679 catione
253 1645 413 1678 sacrificii
429 1642 583 1684 Christi,
612 1653 645 1679 et
667 1645 918 1678 intercessione
940 1657 1002 1688 pro
1022 1658 1088 1679 no-
1142 1652 1300 1683 tantum,
1334 1646 1393 1678 sed
1426 1657 1490 1689 pro
1524 1646 1710 1679 credituris
1744 1659 1806 1689 per
1833 1647 1981 1680 verbum
2005 1661 2139 1682 eorum.

92 1697 161 1731 his.
223 1695 281 1729 Sic
312 1696 407 1728 enim
441 1702 532 1729 recte
563 1698 607 1728 de
634 1697 829 1729 mediatore
853 1702 885 1729 et
911 1697 1089 1730 sacerdote
1141 1695 1210 1729 Hic
1236 1696 1352 1740 palam
1377 1696 1526 1729 affirmat
1550 1694 1712 1731 Christus
1735 1698 1853 1730 valere
1878 1709 1980 1732 suum
2006 1700 2139 1733 sacrifi-

93 1744 227 1781 Christi
261 1747 509 1789 cogitabimus,
544 1759 623 1780 cum
650 1747 813 1780 videlicet
839 1747 943 1780 etiam
972 1747 1088 1781 intue-
1141 1748 1254 1786 cium,
1284 1760 1357 1780 non
1382 1754 1520 1781 tantum
1544 1761 1607 1792 pro
1626 1746 1826 1792 Apostolis,
1853 1750 1910 1782 sed
1936 1762 2000 1794 pro
2020 1751 2139 1784 omni-

91 1798 214 1832 bimur
239 1809 318 1831 eum
344 1809 407 1840 pro
432 1797 536 1830 nobis
560 1809 701 1843 quoque
724 1797 1021 1838 intercedentem,
1056 1805 1089 1832 et
1114 1827 1116 1846 ζ
1141 1799 1226 1839 bus,
1254 1799 1316 1843 qui
1335 1797 1570 1841 Evangelium
1596 1800 1873 1843 amplectentur,
1902 1812 1974 1834 non
1994 1803 2139 1837 deducit

92 1861 159 1894 pro
184 1848 288 1881 nobis
314 1848 547 1891 applicantem
567 1848 787 1881 sacrificium.
842 1847 931 1881 Nam
950 1849 994 1881 ad
1011 1849 1089 1881 osfi-
1113 1854 1116 1886 ᾗ
1141 1862 1205 1882 nos
1246 1850 1290 1883 ad
1331 1850 1587 1894 speculationes
1621 1851 1823 1889 electionis,
1871 1853 1931 1884 sed
1964 1861 2138 1888 monstrat

91 1900 185 1933 cium
201 1899 391 1932 sacerdotis
407 1899 556 1942 pertinet
576 1911 648 1932 non
667 1900 780 1932 solum
797 1899 925 1932 offerre
943 1900 1088 1945 aliquid,
1139 1900 1350 1941 Ecclesiam,
1377 1913 1441 1945 pro
1464 1914 1531 1946 qua
1559 1901 1709 1935 affirmat
1733 1913 1768 1934 se
1786 1902 1859 1935 fieri
1880 1903 2077 1945 victimam,
2103 1912 2137 1938 et

90 1952 150 1984 sed
175 1962 272 1983 mens
297 1951 437 1983 accedat
460 1961 566 1983 orans
584 1962 646 1994 pro
668 1962 726 1990 eo,
755 1963 818 1994 pro
836 1963 905 1995 quo
925 1951 962 1983 fit
980 1952 1088 1984 sacri-
1113 1942 1115 1965 ἶ
1140 1964 1299 1995 expresse
1329 1953 1473 1996 inquitJ
1501 1953 1585 1991 tibi,
1619 1960 1653 1987 et
1677 1953 1844 1986 omnibus
1868 1954 1946 1986 aliis
1971 1957 2137 1998 prodesse

89 2001 209 2035 ficium
232 2008 266 2035 et
288 2001 474 2034 testificans
499 2013 534 2034 se
554 2014 618 2046 pro
644 2001 706 2034 illo
731 1999 822 2034 hanc
848 2002 1086 2035 obedientiam
1139 2015 1241 2036 suum
1261 2003 1491 2044 sacrificium,
1520 2004 1582 2049 qui
1598 2016 1662 2037 suo
1678 2003 1874 2047 Evangelio
1892 2006 2058 2046 credunt,
2088 2007 2136 2040 sic

89 2059 277 2097 praestare.
332 2051 416 2085 Ideo
442 2050 499 2085 hic
515 2051 584 2086 Dei
608 2053 701 2085 filius
726 2054 828 2096 ponit
845 2053 950 2085 verba
970 2053 1086 2097 appli-
1140 2054 1176 2086 in
1201 2053 1331 2089 Psalm.
1350 2054 1406 2088 16.
1431 2055 1583 2099 applicat
1606 2068 1709 2089 suum
1728 2056 1956 2091 sacrificium:
1987 2056 2136 2099 Sanctis,

91 2103 260 2141 cationis,
288 2115 377 2148 quae
400 2110 482 2136 sunt
505 2104 692 2148 praecipua
716 2105 822 2137 verba
844 2104 951 2138 totius
965 2103 1086 2137 Evan-
1139 2106 1199 2150 qui
1225 2112 1307 2139 sunt
1335 2106 1371 2138 in
1396 2113 1506 2147 terra,
1533 2107 1649 2140 omnis
1674 2107 1838 2141 voluntas
1855 2119 1929 2140 mea
1947 2109 1984 2141 in
2002 2109 2070 2149 eis,
2098 2110 2135 2143 id

91 2154 192 2198 getii,
225 2155 384 2188 sonantis
418 2154 503 2187 inde
530 2167 640 2199 usque
665 2167 683 2188 a
711 2156 825 2199 prima
851 2155 1086 2199 promissione
1139 2163 1206 2197 est,
1233 2154 1319 2190 haec
1343 2157 1459 2201 patior
1483 2165 1627 2202 propter
1649 2165 1785 2192 sanctos
1811 2158 1846 2190 in
1874 2165 1985 2198 terra,
2013 2167 2046 2194 et
2071 2159 2135 2195 hos

90 2206 134 2238 ad
161 2217 303 2238 omnem
328 2205 588 2249 aeternitatem,
618 2206 689 2239 imo
707 2213 788 2240 sunt
805 2206 973 2239 revelatio
988 2207 1086 2240 illius
1139 2219 1218 2241 vere
1237 2208 1360 2251 diligo,

89 2268 238 2290 arcanae
265 2256 534 2290 deliberationis
562 2257 695 2289 aeterni
717 2258 843 2301 patris,
878 2264 911 2291 et
934 2258 1018 2297 filii,
1054 2265 1087 2291 et

88 2305 244 2350 Spiritus
266 2308 396 2347 sancti,
425 2308 462 2340 in
486 2319 555 2352 qua
583 2308 699 2341 statim
728 2315 804 2352 post
827 2309 964 2352 lapsum
987 2307 1086 2342 Adae

89 2364 123 2391 et
139 2356 251 2398 Evae,
276 2358 370 2392 filius
394 2359 461 2393 fuit
483 2359 690 2402 deprecator
706 2371 769 2403 pro
785 2371 911 2402 genere
928 2357 1086 2394 humano

91 2415 120 2442 et
140 2409 296 2453 placator
311 2409 422 2443 iustae
440 2416 472 2443 et
491 2410 644 2453 ingentis
663 2410 735 2443 irae
751 2409 830 2444 Dei.

1242 2275 1314 2310 Sed
1344 2274 1403 2309 hic
1431 2276 1582 2310 sciamus
1610 2278 1653 2310 de
1682 2278 1936 2322 applicatione,
1971 2285 2135 2323 oportere

1138 2341 1213 2361 eam
1247 2328 1358 2372 accipi
1382 2328 1469 2369 fide,
1504 2326 1666 2362 Christus
1690 2341 1753 2373 pro
1778 2329 1946 2362 omnibus
1971 2330 2136 2374 applicat,

1138 2380 1198 2413 sed
1222 2379 1434 2413 nominatim
1461 2379 1561 2413 dicit:
1587 2378 1803 2421 Credituris,
1830 2380 1866 2413 id
1892 2387 1958 2422 cst,
1984 2381 2032 2414 ita
2058 2382 2136 2417 vult

1139 2431 1204 2465 tibi
1237 2432 1403 2474 prodesse
1437 2442 1539 2465 suum
1571 2431 1804 2474 sacrificium,
1838 2431 1869 2464 si
1900 2432 1969 2465 fide
1993 2439 2135 2475 statuas,

195 2475 302 2511 Hune
321 2490 520 2512 sermonem
547 2479 584 2512 in
609 2476 677 2512 hoc
701 2491 830 2523 magno
853 2486 886 2513 et
911 2480 1086 2514 ineffabili
1138 2480 1245 2516 huius
1272 2482 1432 2516 sacrificii
1457 2483 1611 2515 fructum
1635 2483 1678 2515 ad
1702 2489 1734 2516 te
1758 2482 1948 2526 pertinere.
2000 2482 2040 2518 Si
2064 2491 2134 2518 sta-

91 2539 203 2570 agone
233 2529 377 2573 repetit,
410 2530 594 2575 inquiens:
631 2529 707 2574 Ego
739 2531 917 2565 sanctifico
941 2543 997 2565 me
1021 2544 1085 2577 pro
1138 2541 1215 2568 tuas
1239 2540 1383 2578 propter
1406 2530 1474 2566 hoc
1499 2533 1614 2576 ipsum
1638 2533 1847 2567 sacrificium
1873 2546 1954 2568 vere
1973 2535 2040 2568 tibi
2058 2536 2134 2579 pla-

91 2579 153 2612 eis.
207 2577 355 2621 Quoties
380 2581 506 2626 incipis
528 2593 647 2626 preces
671 2583 808 2623 dicere,
835 2583 972 2628 quoties
997 2584 1086 2628 petis
1138 2592 1250 2619 catam
1274 2597 1347 2618 esse
1372 2585 1459 2617 iram
1478 2583 1562 2623 Dei,
1590 2591 1623 2618 te
1640 2597 1720 2618 vere
1737 2585 1866 2633 recipi,
1894 2586 2073 2627 exaudiri,
2099 2594 2133 2621 et

89 2630 332 2664 remissionem
358 2640 598 2676 peccatorum,
625 2640 685 2667 aut
703 2634 771 2668 alia
788 2635 902 2675 bona,
930 2635 1084 2679 primum
1137 2637 1277 2671 salvari.
1335 2635 1417 2669 Ideo
1439 2634 1572 2669 Paulus
1595 2636 1732 2682 inquit,
1756 2635 1863 2671 Rom.
1878 2637 1929 2671 3.:
1960 2637 2132 2671 [ustifica—

89 2680 195 2713 illum
227 2683 442 2717 sacerdotem
467 2697 567 2719 mens
589 2685 789 2726 intueatur,
823 2692 856 2719 et
879 2686 917 2719 in
940 2687 1085 2721 auribus
1137 2700 1218 2721 mur
1249 2687 1357 2731 gratis
1383 2686 1494 2730 ipsius
1516 2687 1626 2731 gratia
1650 2700 1713 2733 per
1734 2689 2009 2729 redemtionem,
2042 2701 2133 2734 quae

90 2732 180 2773 tuis,
213 2732 332 2776 lingua
363 2741 397 2768 et
427 2743 566 2780 pectore
596 2734 681 2771 haec
706 2738 814 2772 verba
838 2737 1084 2783 applicationis
1137 2746 1188 2774 est
1213 2739 1251 2773 in
1274 2736 1417 2773 Christo
1437 2736 1532 2780 lesu,
1560 2751 1664 2784 quem
1691 2739 1876 2785 proposuit
1893 2739 1988 2774 Deus
2011 2740 2133 2786 propi-

143 2784 318 2817 Mnmvrn.
350 2787 452 2819 Ona.
483 2789 564 2821 Vox„
587 2790 663 2822 XV.
1380 2787 1431 2824 25
