2415 2942
266 119 313 152 2³5
856 114 979 151 l'IllL.
1008 114 1122 150 MEL.
1149 114 1355 150 SCRIPTA
1383 115 1685 154 EXEGETlCA.

275 202 407 233 nariam
426 200 698 238 successionem,
737 200 794 231 sed
824 211 928 242 penes
951 200 1039 233 alios
1068 201 1253 243 ignobiles,

277 253 309 282 iu
330 252 558 295 quibuslucct
582 250 833 290 Evangelimn,
868 257 898 282 et
924 251 984 294 qui
1011 259 1092 286 sunt
1117 252 1187 284 nati
1215 264 1253 285 ex

275 302 368 341 Dm,
412 310 444 334 ut
483 301 627 333 loannes
659 299 714 332 bic
746 300 875 343 inquit:
920 299 1013 334 llaec
1046 309 1095 335 est
1120 314 1254 335 summa

276 351 380 383 luzius
401 353 476 387 lori,
502 362 695 391 mngruens
713 362 790 382 cum
809 351 928 383 multis
945 352 1118 385 similibus
1133 354 1253 396 dispu—

277 404 466 434 t.2:i‹·uil›us
493 402 525 432 iu
548 398 730 443 Prophetis
756 408 784 433 ct
805 400 914 434 Paulo
940 403 980 434 ad
1002 401 1105 438 Rom.
1127 403 1161 438 9.
1210 402 1254 437 Et

281 453 424 483 hmines
448 452 649 483 discernens
672 452 735 483 tria
756 453 927 485 membra:
958 452 1035 485 Non
1057 466 1093 486 ex
1113 455 1254 496 sangui-

278 504 390 538 nibus.
419 514 479 534 nec
496 514 534 533 ex
550 501 728 535 voluntate
744 502 868 541 carnis,
897 515 1009 547 neque
1024 516 1062 536 ex
1077 505 1256 537 voluntate

276 553 339 584 xii-i
365 560 447 592 etc„
483 553 679 585 considerat
706 554 828 584 modos
851 565 990 593 omnes,
1027 556 1155 598 quibus
1174 567 1255 598 pro-

276 611 445 646 {agantur
470 615 572 644 regna
590 610 649 636 aut
674 603 805 645 politici
832 611 966 642 coctus,
998 605 1078 648 quia
1104 606 1256 638 mundus

275 662 369 697 putat
398 654 579 697 propagari
605 653 812 694 Ecclesiam,
855 655 941 688 sicut
981 666 1084 696 regna
1120 656 1255 693 mundi,

276 705 327 737 xel
353 712 488 742 coetus,
523 711 579 736 aut
613 705 755 747 collegia
782 702 945 740 humana.
1000 705 1127 739 Tradit
1150 706 1257 749 igitur

276 756 396 787 utilem
416 755 611 788 doctrinam
629 753 996 788 discernitEcclesiam
1017 768 1033 788 a
1053 757 1196 800 politus,
1224 763 1256 789 et

275 807 417 838 modum
450 805 710 849 propagationis
735 806 897 838 ostendit.
961 805 1099 839 Primus
1131 808 1255 840 modus

275 864 340 895 est,
377 857 557 900 propagari
591 856 719 888 carnali
747 857 988 897 generatione,
1022 857 1110 890 sicut
1135 855 1256 890 haeres

275 914 321 940 est
340 908 524 952 (Tambyses
547 906 629 951 Cyri
645 933 652 945 ,
682 907 761 950 quia
781 918 821 938 cx
849 918 889 938 eo
914 913 1015 939 natus
1043 914 1103 942 est.
1158 908 1256 942 Sicut

274 958 394 999 politia
416 957 567 989 Mosaica
592 957 654 989 suit
680 957 929 999 propagatione
946 958 1097 998 carnali,
1123 959 1179 992 sed
1199 959 1256 999 ita,

274 1016 309 1041 ut
333 1009 505 1040 accederet
532 1007 759 1039 circumcisio„
829 1006 887 1040 Sic
913 1005 1075 1041 haerebat
1102 1010 1254 1053 primum

274 1060 306 1089 in
326 1059 436 1090 Adam
455 1057 592 1100 opinio,
622 1057 732 1089 filium
745 1056 831 1089 Cain
850 1058 924 1090 sore
942 1055 1126 1092 haeredem
1140 1085 1148 1099 ‚
1175 1060 1255 1104 quia

275 1122 313 1140 vx
340 1109 413 1152 ipso
438 1114 540 1139 natus
571 1114 668 1140 esset.
729 1106 785 1139 Sic
808 1108 1068 1153 imaginabatur
1094 1109 1187 1143 Isaac
1214 1112 1258 1143 de

273 1157 385 1197 Esau,
411 1158 458 1190 sic
477 1157 587 1190 David
610 1158 652 1189 de
670 1154 846 1196 Absalon,
868 1165 899 1191 et
921 1171 984 1191 nos
1008 1161 1137 1202 singuli
1162 1162 1257 1203 cogi-

274 1217 387 1243 tamus
404 1208 556 1253 aliquam
575 1207 849 1250 praerogativam
875 1219 945 1240 esse
967 1211 1201 1251 generationis
1226 1218 1257 1243 et

276 1260 438 1292 familiae.
497 1257 768 1292 Contendebant
797 1258 904 1299 igitur
928 1257 1105 1293 Israelitae
1129 1273 1163 1293 se
1187 1273 1257 1293 esse

276 1311 446 1354 populum
466 1307 530 1342 Dei
557 1321 616 1341 seu
641 1309 748 1349 filios,
784 1316 965 1352 propterea
992 1312 1084 1353 quod
1110 1312 1180 1344 nati
1206 1324 1256 1344 es—

274 1368 351 1394 sent
369 1373 407 1393 ex
425 1360 556 1393 semine
574 1357 766 1399 Abrabam,
792 1367 824 1393 et
841 1360 1140 1394 circumcisionem
1161 1374 1178 1395 a
1199 1374 1257 1406 pa-

274 1412 386 1444 tribus
419 1417 592 1454 acceptam
629 1410 838 1443 retinebant.
906 1409 951 1443 Et
983 1418 1054 1444 erat
1082 1414 1258 1454 persuasio

275 1462 480 1505 pontificum
499 1461 754 1501 Leviticornm,
788 1461 962 1503 alligatam
978 1474 1050 1495 esse
1066 1461 1257 1496 Ecclesiam

273 1514 315 1546 ad
333 1513 458 1546 seriem
484 1512 745 1545 ordinariorum
774 1524 1022 1547 successorum.
1076 1513 1181 1547 Hunc
1205 1527 1259 1547 er-

274 1576 387 1596 rorem
412 1571 443 1596 et
462 1562 618 1606 Baptista
647 1569 757 1602 taxat,
793 1574 870 1595 cuni
894 1563 1024 1608 inquit:
1060 1563 1112 1597 Ne
1136 1565 1258 1599 dicatis

275 1615 363 1648 intra
385 1613 624 1656 vosmetipsos,
652 1620 784 1656 patrem
804 1611 1176 1657 habemusAbraham,
1194 1624 1258 1651 etc.

375 1665 558 1697 Secundus
591 1665 716 1697 modus
741 1665 1004 1707 propagationis
1030 1673 1079 1698 est
1111 1679 1172 1709 per
1196 1668 1257 1700 ad-

274 1716 474 1759 optionem,
514 1715 567 1747 vel
594 1714 819 1753 electionem,
860 1722 896 1747 ut
921 1716 1080 1754 Augusto
1105 1718 1257 1750 succedit

273 1767 449 1799 Tiberius.
512 1765 569 1798 Sic
595 1772 777 1809 postquam
804 1772 937 1798 constat
962 1764 1154 1799 Ecclesiam
1180 1775 1257 1811 post

273 1819 481 1850 destructam
502 1816 660 1859 politiam
679 1815 870 1848 Mosaicam
890 1828 961 1848 non
986 1828 1058 1849 esse
1080 1818 1254 1861 alligatam

273 1870 314 1900 ad
337 1868 506 1900 familiam
524 1873 672 1907 certam,
698 1866 853 1910 obrepsit
880 1867 945 1899 alia
965 1869 1161 1910 persuasio,
1189 1867 1255 1902 Ec-

272 1919 411 1952 clesiam
451 1918 626 1960 alligatam
661 1928 732 1949 csse
763 1918 804 1949 ad
838 1918 1091 1951 successionem
1125 1932 1257 1961 eornm,

272 1970 330 2015 qui
351 1967 502 2001 humana
531 1967 698 2001 electione
721 1968 936 2001 ordinariam
965 1970 1255 2011 gubernationem

272 2026 401 2054 tenent.
455 2018 522 2052 Hic
541 2031 668 2052 nervus
688 2026 735 2052 cst
753 2020 927 2061 potentiae
945 2021 1163 2064 pontificiae,
1194 2020 1256 2055 hac

273 2070 496 2114 persuasione
521 2076 643 2103 tenent
671 2070 880 2103 fascinatum
898 2077 1009 2103 totum
1036 2073 1157 2104 orbem
1184 2079 1255 2106 ter-

274 2134 406 2161 rarum,
434 2121 528 2166 quod
552 2119 706 2153 Ecclesia
733 2121 776 2153 sit
801 2127 987 2164 propagata
1012 2122 1182 2155 electione
1200 2135 1255 2156 ca-

274 2173 396 2205 nonica
435 2183 492 2204 seu
525 2171 741 2204 successione
774 2172 953 2204 ordinaria
986 2171 1254 2217 Episcoporum.

272 2225 326 2255 .th
362 2220 450 2255 hanc
475 2223 520 2254 ita
552 2222 699 2265 alligant
725 2221 939 2262 Ecclesiam,
981 2229 1019 2256 ut
1041 2226 1256 2259 contendant

272 2277 454 2306 damnatos
471 2284 541 2305 csse
569 2285 708 2312 omnes,
744 2273 804 2318 qui
829 2285 902 2306 non
929 2281 1010 2306 sunt
1035 2275 1099 2308 sub
1126 2276 1255 2309 talibus

276 2324 478 2368 lipiscopis,
513 2330 570 2357 aut
596 2336 666 2355 non
692 2325 932 2368 obtemperant
961 2336 1082 2358 eorum
1108 2326 1254 2369 legibus.

272 2376 338 2407 Sed
367 2374 515 2408 Ioannes
546 2374 657 2417 palam
692 2375 872 2407 reclamat:
907 2374 986 2408 Non
1011 2387 1050 2408 ex
1074 2378 1255 2411 voluntate

273 2426 394 2459 varnis.
449 2425 549 2458 Alius
570 2431 686 2457 coctus
711 2434 760 2459 est
779 2424 953 2467 Ecclesia,
988 2438 1059 2459 non
1085 2440 1254 2471 propaga—

272 2486 325 2510 tus
343 2474 508 2509 humanis
526 2476 772 2517 electionibus,
799 2484 836 2510 ut
862 2477 1028 2521 imperia,
1056 2485 1115 2512 aut
1137 2479 1253 2522 digni-

270 2536 354 2561 ⁷ates
372 2527 587 2571 pontificum.

371 2578 512 2611 Tertius
530 2578 657 2620 gradus
675 2583 742 2613 est,
770 2579 973 2621 propagatio
999 2591 1060 2623 per
1085 2580 1253 2614 imitatio-

417 2628 509 2661 Hanc
527 2635 573 2661 est
592 2628 702 2661 multo
724 2629 947 2663 excellentior
964 2632 1116 2664 secundo
1131 2633 1252 2675 gradu,

274 2682 347 2712 nlo«,
373 2680 472 2712 duit:
503 2679 579 2713 Non
605 2692 642 2711 cx
672 2679 849 2712 voluntate
874 2681 958 2719 viri,
986 2682 1152 2724 consilio,
1179 2691 1252 2717 stu-

272 2643 359 2661 [letti.

2239 122 2288 157 24

1309 202 1386 240 dio,
1414 203 1585 237 industria
1602 203 1845 237 excellentium
1863 204 2030 239 virorum.
2086 203 2199 249 Magis
2218 215 2290 240 erat

1308 264 1484 286 successor
1508 253 1657 297 Augusti
1686 254 1936 294 Germanicus,
1977 267 2080 299 quarn
2110 256 2287 290 Tiberius.

1309 303 1396 336 Nam
1426 304 1555 338 virtute
1587 312 1619 337 et
1650 305 1828 337 laboribus
1862 301 2064 338 Germanici
2106 309 2292 350 regebatur

1310 355 1508 397 imperium.
1560 354 1761 397 Antigonus
1786 354 2015 387 antecellebat
2031 355 2163 390 Arideo
2190 358 2291 391 fratri

1309 404 1501 437 Alexandri
1519 406 1636 438 electo.
1672 405 1731 438 Sic
1746 404 1960 438 antecellunt
1976 403 2157 450 Episcopis
2175 409 2293 441 electis

1310 455 1375 487 viri
1409 455 1501 487 docti
1527 462 1560 488 et
1586 455 1777 498 sapientes,
1822 455 1881 500 qui
1910 455 2105 489 imitatione
2138 459 2293 500 patribus

1309 506 1517 545 succedunt,
1556 512 1589 538 et
1614 503 1961 549 comprehenduntur
1990 503 2047 539 hic
2079 519 2200 541 omnes
2233 509 2294 553 qui

1309 555 1383 587 sine
1400 555 1536 599 Spiritu
1552 563 1672 589 sancto
1688 556 1873 590 imitantur
1889 563 2048 590 externos
2066 557 2165 599 ritus,
2193 570 2292 592 exer-

1310 606 1407 644 citia,
1442 606 1667 649 disciplinam
1692 613 1901 642 sanctorum.
1962 607 2061 642 Sicut
2084 605 2220 643 honesti
2240 621 2293 642 sa-

1311 657 1467 689 cerdotes
1482 657 1667 691 imitantur
1682 659 1896 691 ceremonias
1906 655 2164 702 Episcoporum
2175 686 2183 699 ‚
2212 659 2294 692 Mo-

1310 704 1413 739 nacbi
1433 707 1618 742 imitantur
1634 709 1721 742 dura
1742 709 1903 742 exercitia
1919 709 2119 753 aliquorum
2139 716 2293 753 patrum,

1309 756 1503 799 Baptistae,
1543 766 1602 792 aut
1631 759 1797 800 Antonii,
1832 766 1896 794 etc.
1957 758 2129 792 Homines
2165 759 2293 793 eruditi

1312 808 1495 842 imitantur
1515 809 1713 843 doctrinam
1736 810 1810 843 sine
1831 810 1978 854 spiritu,
2014 816 2046 843 et
2063 809 2211 843 miscent
2226 807 2294 843 hu-

1311 870 1449 891 manam
1470 860 1688 903 sapientiam.

1410 908 1457 942 Hi
1478 917 1546 943 tres
1563 911 1690 953 gradus
1707 917 1787 943 sunt
1805 911 1918 950 modi,
1945 909 2074 953 quibus
2098 920 2295 953 propagan-

1311 965 1367 991 tur
1383 971 1486 1002 regna
1505 969 1537 994 et
1555 961 1688 1004 politici
1713 968 1829 994 coetus
1843 988 1851 1002 ,
1881 971 1943 994 nee
1961 966 2042 993 sunt
2057 960 2117 992 alii
2134 971 2198 994 nec
2215 962 2294 1005 plu-

1311 1021 1363 1043 res
1383 1011 1491 1044 modi.

1411 1060 1479 1093 Sed
1504 1067 1650 1105 quartus
1673 1061 1798 1104 gradus
1822 1059 2018 1101 Ecclesiae,
2048 1057 2116 1093 hoc
2138 1067 2205 1102 est,
2233 1073 2296 1105 po-

1312 1110 1385 1153 puli
1411 1111 1624 1144 renascentis
1644 1113 1685 1143 ad
1704 1118 1906 1155 perpetuam
1928 1111 2033 1144 vitam
2054 1112 2219 1155 proprius
2235 1118 2296 1152 est,

1311 1172 1349 1193 ex
1375 1160 1449 1194 Deo
1475 1162 1570 1194 nasci
1597 1174 1659 1205 per
1683 1160 1936 1204 Evangelium‚
1972 1161 2062 1195 sicut.
2089 1161 2153 1195 ait:
2189 1161 2296 1196 Dedit

1312 1211 1381 1243 illis
1398 1217 1601 1254 potestatem
1618 1212 1709 1244 filios
1725 1212 1794 1244 Dei
1812 1212 1905 1249 fieri,
1933 1211 2173 1253 credentibus,
2194 1220 2256 1247 etc.

1414 1262 1601 1295 Discamus
1621 1274 1700 1304 ergo
1726 1274 1798 1294 non
1825 1263 1939 1295 solum
1959 1261 2194 1295 Israelitarum
2217 1275 2297 1306 per-

1313 1312 1491 1345 suasiones
1510 1314 1680 1353 rcsutare,
1707 1314 1763 1345 sed
1783 1313 1885 1345 etiam
1905 1311 2047 1345 similes.
2108 1310 2241 1346 Errant
2263 1321 2297 1348 et

1313 1361 1378 1395 boc
1401 1370 1556 1406 tempore
1575 1362 1844 1407 Anabalitistae,
1873 1363 1933 1408 qui
1953 1363 2174 1397 contendunt
2196 1369 2297 1397 natos

1313 1426 1351 1446 cx
1368 1412 1579 1447 Christianis
1597 1426 1667 1446 non
1688 1414 1813 1447 afferre
1830 1421 2009 1457 peccatum
2028 1413 2189 1456 originis.
2228 1412 2296 1447 Er-

1312 1471 1391 1497 rant
1415 1465 1474 1509 qni
1497 1465 1717 1498 contendunt
1741 1465 1789 1497 ibi
1815 1476 1886 1497 esse
1908 1463 2122 1502 Ecclesiam,
2156 1464 2219 1497 uhi
2247 1471 2297 1498 est

1312 1515 1490 1548 ordinaria
1520 1515 1691 1549 successio
1725 1514 1980 1559 Episcoporum
2013 1515 2298 1557 gubernantium,

1313 1578 1400 1611 quae
1417 1567 1586 1599 successio
1604 1578 1683 1598 vere
1701 1573 1732 1599 et
1751 1567 1910 1609 proprie,
1938 1572 1976 1599 ut
1990 1564 2139 1598 Ioannes
2161 1562 2218 1599 hic
2242 1566 2297 1599 lo-

1313 1617 1450 1661 quitur:
1480 1616 1537 1650 Fit
1555 1617 1736 1650 voluntate
1754 1617 1880 1657 carnis,
1902 1617 1936 1649 id
1956 1621 2016 1656 est,
2038 1613 2194 1649 humano
2212 1628 2297 1650 con-

1312 1668 1408 1707 silio,
1435 1674 1474 1700 ut
1492 1665 1643 1710 Caiphas
1669 1679 1740 1701 non
1763 1675 1811 1701 est
1830 1668 1922 1700 filius
1938 1665 2023 1705 Dei,
2047 1665 2181 1699 etiamsi
2197 1666 2296 1699 ordi—

1313 1718 1409 1750 naria
1426 1718 1643 1751 successione
1667 1725 1715 1751 est
1736 1718 1910 1762 pontifex,
1936 1717 2019 1761 quia
2040 1727 2113 1749 non
2130 1722 2179 1750 est
2195 1723 2297 1751 natus

1311 1780 1351 1800 ex
1376 1766 1461 1801 Deo.
1522 1767 1568 1801 At
1593 1766 1779 1801 Zacharias
1805 1775 1856 1801 est
1878 1767 1970 1801 filius
1998 1764 2085 1807 Dei,
2132 1767 2214 1812 quia
2237 1779 2298 1811 per

1313 1818 1456 1850 verbum
1475 1825 1507 1851 et
1524 1817 1695 1861 Spiritum
1713 1825 1873 1851 sanctum
1890 1825 1940 1850 est
1958 1823 2110 1850 renatus.
2164 1815 2297 1850 Errant

1311 1869 1412 1902 etiam
1440 1868 1501 1913 qui
1527 1875 1652 1912 putant
1676 1868 1751 1900 fieri
1775 1867 1867 1900 filios
1891 1872 2034 1910 propter
2061 1864 2296 1899 imitationem

1311 1919 1588 1952 ceremoniarum
1605 1925 1664 1951 aut
1686 1929 1831 1961 operum
1855 1916 2044 1949 moralium
2068 1915 2143 1948 sine
2159 1916 2296 1960 Spiritu

1310 1977 1450 2009 sancto,
1478 1976 1511 2002 et
1535 1969 1610 2001 sine
1634 1969 1720 2009 fide,
1745 1966 1809 2001 hoc
1826 1975 1893 2008 est,
1920 1967 1995 2000 sine
2011 1965 2137 1999 fiducia
2159 1967 2297 2001 miseri-

1311 2020 1469 2063 cordiae,
1497 2019 1586 2052 sicut
1608 2017 1811 2065 hypocritae
1833 2019 2009 2067 finxerunff
2028 2016 2194 2050 meritum
2211 2030 2295 2051 con-

1310 2071 1397 2114 grui.
1450 2070 1538 2104 Nam
1558 2068 1643 2103 haec
1666 2069 1871 2113 imaginatio
1890 2069 1993 2102 etiam
2010 2073 2109 2111 putat
2123 2067 2213 2101 filios
2229 2068 2295 2102 Dei

1310 2122 1407 2164 fieri,
1436 2121 1544 2155 deleri
1571 2127 1771 2168 peccatum,
1800 2127 1929 2154 conatu
1953 2126 1986 2153 et
2007 2118 2123 2151 studio
2148 2119 2296 2154 rationis

1309 2173 1384 2205 sine
1419 2172 1543 2206 fiducia
1567 2169 1700 2205 Christi
1730 2171 1950 2208 mediatoris,
1993 2176 2027 2203 et
2060 2169 2136 2201 sine
2159 2168 2293 2213 Spiritu

1309 2231 1440 2258 sancto.
1492 2222 1565 2256 Has
1583 2223 1771 2256 sententias
1789 2223 1825 2255 in
1845 2222 1916 2255 illis
1939 2219 2123 2255 exclusivis
2140 2221 2295 2262 particu-

1309 2275 1352 2307 lis
1369 2274 1553 2319 complecti
1571 2272 1739 2307 Ioannem
1757 2285 1829 2307 non
1848 2273 1985 2306 dubito.
2039 2270 2212 2305 Absoluta
2229 2272 2296 2316 igi-

1308 2323 1446 2359 turbae
1464 2325 1679 2370 praefatione
1694 2326 1736 2358 de
1754 2323 1930 2358 beneficiis
1947 2319 2100 2362 Christi,
2128 2322 2170 2354 de,
2189 2324 2293 2356 modo

1309 2389 1377 2422 quo
1396 2389 1433 2410 ea
1452 2376 1719 2421 consequimur,
1757 2376 1847 2409 redit
1864 2373 2088 2417 Evangelista
2108 2373 2149 2405 ad
2175 2385 2294 2417 perso-

1308 2440 1373 2460 nae
1392 2427 1675 2471 descriptionem.

1492 2510 1544 2546 Et
1577 2510 1737 2546 Verbum
1767 2522 1852 2545 caro
1872 2508 2019 2557 sactum
2048 2511 2109 2542 est.

1409 2579 1486 2613 Hoc
1511 2581 1605 2614 dicto
1628 2580 1802 2613 refutatur
1822 2577 2088 2615 samosatenus,
2116 2574 2292 2616 servans,

1308 2638 1339 2663 et
1359 2632 1506 2674 similes,
1535 2631 1593 2676 qui
1619 2630 1839 2664 contendunt
1862 2624 1975 2674 λόγον
1999 2637 2071 2659 non
2090 2627 2216 2661 debere
2233 2627 2290 2660 in-

1307 2682 1415 2726 telligi
1436 2694 1638 2727 personam,
1668 2682 1725 2714 sed
1749 2678 1810 2714 has
1827 2677 2028 2724 praestigias
2047 2683 2078 2710 et
2098 2677 2292 2712 calumnias
