2415 2942
105 89 202 126 1233
341 87 443 122 XIII.
495 86 531 124 5.
559 83 857 122 ENARRATIO
886 84 1042 122 EPIST.
1070 84 1218 121 PAULI
1245 84 1313 119 AD
1342 83 1698 124 COLOSSENSES.
1753 89 1857 127 CAP.
1888 91 1914 128 Ι.
2048 91 2142 131 1234

99 185 212 218 detur.
266 182 371 216 ltem:
405 180 514 217 Dives
532 183 626 217 Deus
647 182 684 215 in
705 193 826 215 omnes
846 187 880 214 et
902 193 1007 225 super
1024 193 1102 214 om-
1153 180 1245 222 apud
1277 178 1390 211 Deum
1407 206 1415 219 ‚
1457 187 1488 213 et
1530 182 1760 216 confirmetur
1795 184 1879 217 fides
1922 185 1957 218 in
1996 187 2140 222 invoca-

98 246 170 267 nes.
231 233 336 268 Item:
376 232 508 267 Omnis
535 235 594 279 qui
623 233 840 267 invocaverit
867 244 997 265 nomen
1022 231 1097 265 Do-
1152 231 1248 263 tione
1278 231 1575 274 promissionibus
1602 241 1634 266 et
1663 236 1834 270 mandatis
1863 236 2012 277 divinis,
2048 251 2138 284 quae

98 284 187 318 mini
221 285 340 318 salvus
367 286 443 320 erit.
506 285 563 318 Ad
600 284 690 318 hanc
722 283 1002 316 consolationem
1032 284 1095 315 ad-
1149 282 1372 325 praecipiunt
1401 283 1495 314 credi
1524 284 1596 317 filio
1625 283 1702 320 Dei.

97 334 288 370 hibeantur
321 334 405 370 haec
443 336 553 370 dicta:
598 336 680 370 Non
716 342 766 368 est
793 331 1091 380 προσωποληψία

319 654 794 698 EPISTOLAE
851 653 1097 696 PAULI
1151 652 1248 693 AD
1304 650 1892 699 COLOSSENSES

930 746 1066 800 Caput
1095 744 1279 797 primum.

250 863 396 899 Paulus
422 863 627 912 Apostolus
656 862 743 899 Iesu
772 861 929 901 Christi.

94 930 149 985 ln
169 950 271 984 titulo
294 951 330 985 fit
355 950 461 984 officii
488 950 634 985 mentio.
690 949 783 993 Quia
808 963 948 984 necesse
973 957 1023 984 est
1053 952 1088 984 in

94 1003 250 1037 Ecclesia
277 1003 377 1043 sciri,
403 1003 499 1035 unde
528 1000 690 1034 doctrina
715 1009 853 1045 accepta
876 1003 932 1036 sit.
996 1002 1087 1045 Quia

95 1053 329 1095 Evangelium
362 1065 434 1086 non
467 1060 516 1086 est
539 1053 711 1095 sapientia
738 1053 866 1086 rationi
892 1059 993 1092 nota,
1027 1055 1085 1086 sed

95 1113 146 1139 est
174 1104 347 1138 divinitus
374 1104 564 1137 revelatum
593 1103 696 1136 initio
733 1116 794 1147 per
826 1105 939 1148 ipsum
975 1105 1086 1137 filium

94 1155 178 1195 Dei,
214 1156 344 1189 additis
375 1155 574 1188 illustribus
608 1155 819 1188 testimoniis
845 1162 878 1189 et
906 1156 1088 1189 miraculis

94 1207 237 1241 divinis.

184 1264 306 1298 Postea
324 1263 512 1307 repetitum
532 1269 579 1296 est
601 1263 637 1295 in
657 1264 776 1297 multis
794 1265 1086 1307 patefactionibus

95 1316 246 1356 divinis,
273 1322 305 1348 et
327 1315 445 1348 addita
470 1322 552 1348 sunt
578 1315 756 1348 miracula.
815 1315 967 1361 ideoque
990 1317 1084 1350 missi

96 1375 179 1402 sunt
203 1367 295 1400 filius
318 1366 408 1409 ipse,
438 1364 632 1409 Prophetae
655 1372 686 1397 et
706 1364 888 1408 Apostoli,
915 1374 946 1400 et
963 1365 1085 1401 Eccle-

95 1419 166 1453 siae
191 1419 354 1451 mandata
380 1423 429 1449 est
454 1417 657 1460 propagatio
683 1414 889 1459 Evangelii,
923 1425 956 1452 et
981 1430 1084 1452 voca-

93 1470 232 1504 tionum
249 1467 468 1501 differentiae
485 1467 762 1500 considerandae
779 1476 871 1504 sunt.

196 1527 258 1561 Est
282 1527 374 1561 enim
399 1524 576 1570 Propheta
609 1538 755 1570 persona
789 1527 991 1562 immediate
1021 1542 1084 1563 vo-

96 1587 170 1614 cata
188 1592 205 1612 a
221 1577 295 1611 Deo
313 1580 354 1610 ad
373 1578 618 1610 illustrandam
639 1578 906 1620 promissionem
924 1581 966 1611 de
980 1578 1084 1613 Chri-

96 1637 169 1671 sto,
197 1635 230 1662 et
250 1626 356 1661 habet
374 1628 572 1661 testimonia
599 1628 738 1667 divina,
766 1631 860 1671 quod
887 1641 959 1662 non
983 1639 1084 1671 erret,

97 1688 130 1715 et
151 1681 278 1713 missus
302 1686 351 1711 est
376 1679 418 1710 ad
449 1678 601 1721 aliquam
626 1687 759 1721 partem
780 1680 942 1723 politicae
958 1682 1084 1724 guber-

96 1731 269 1768 nationis,
299 1730 334 1762 in
352 1741 419 1774 qua
439 1731 674 1762 ostenduntur
693 1729 871 1766 miracula.

200 1790 392 1834 Apostolus
426 1796 474 1821 est
513 1799 660 1831 persona
693 1788 894 1823 immediate
923 1799 1042 1825 vocata
1067 1805 1083 1825 a

97 1842 172 1877 Deo
190 1843 232 1875 ad
251 1841 448 1874 docendum
465 1837 718 1881 Evangelium,
747 1847 779 1872 et
805 1839 908 1874 hahet
927 1843 1082 1876 testimo-

96 1894 153 1927 nia
179 1893 297 1926 divina
317 1916 325 1929 ‚
368 1891 460 1936 quod
488 1902 559 1922 nou
583 1897 695 1931 erret,
728 1902 791 1924 nec
818 1893 943 1926 missus
966 1900 1015 1928 est
1039 1896 1080 1928 ad

96 1945 274 1990 politicam
293 1942 603 1986 gubernationem.

198 2004 412 2048 Episcopus,
440 2014 500 2034 seu
519 2000 659 2041 Pastor,
684 2013 744 2035 seu
769 2001 902 2037 Doctor
928 2012 978 2039 est
1006 2019 1082 2050 per—

97 2069 181 2091 sona
201 2062 320 2088 vocata
335 2067 352 2087 a
374 2053 447 2087 Deo
464 2053 615 2085 mediate
637 2065 698 2097 per
715 2051 927 2095 Ecclesiam,
949 2065 1007 2091 aut
1026 2070 1084 2092 eos

96 2109 226 2154 quibus
262 2104 326 2139 hoc
348 2104 500 2137 Ecclesia
532 2106 773 2145 commendat,
811 2107 852 2139 ad
884 2108 1082 2142 docendum

97 2158 332 2201 Evangelium
352 2156 520 2199 scriptum
539 2167 599 2198 per
619 2153 812 2198 Prophetas
830 2164 861 2190 et
880 2156 1083 2201 Apostolos,

96 2223 160 2244 nec
186 2208 289 2242 habet
321 2207 417 2240 aliud
453 2205 715 2247 testimonium,
754 2209 847 2252 quod
883 2221 954 2242 non
983 2218 1083 2251 erret,

96 2262 163 2295 nisi
182 2261 255 2304 ipsa
279 2259 406 2302 scripta
432 2254 637 2300 prophetica
660 2264 693 2290 et
718 2259 928 2300 apostolica,
961 2263 1005 2294 ab
1031 2260 1084 2296 his

97 2326 176 2347 cum
201 2311 382 2350 dissentit,
409 2314 519 2348 errat,
547 2307 635 2341 sicut
660 2308 853 2343 multorum
882 2311 999 2355 lapsus
1025 2314 1085 2346 alii

98 2364 267 2401 maiores,
290 2362 349 2394 alii
369 2361 522 2394 minores
539 2359 759 2401 acciderunt,
787 2362 952 2396 accidunt
976 2371 1010 2397 et
1030 2377 1085 2398 ac—

98 2415 228 2450 cident.

200 2463 275 2498 Has
307 2461 551 2495 distinctiones
594 2461 818 2495 vocationum
862 2475 1000 2499 necesse
1037 2475 1088 2501 est

99 2516 322 2552 considerare
343 2520 486 2556 propter
506 2510 667 2545 homines
685 2513 866 2556 politicos,
895 2516 955 2560 qui
975 2517 1087 2551 inter-

99 2574 252 2611 rogant,
288 2576 350 2598 cur
376 2565 486 2606 magis
517 2564 732 2597 credendum
763 2564 807 2598 sit
838 2564 949 2600 Paulo
982 2581 1087 2613 quam

99 2616 284 2662 Episcopis
301 2642 310 2655 ,
349 2615 408 2659 qui
445 2613 574 2648 habent
613 2614 831 2649 ordinariam
872 2624 1089 2662 potestatem,

98 2669 232 2703 Paulus
248 2672 363 2700 autem
380 2665 522 2699 videtur
542 2665 660 2708 vagari
681 2673 719 2700 ut
737 2677 828 2703 erro.
889 2666 959 2703 Hic
976 2671 1090 2705 scien-

152 2721 328 2753 Μηᾼπτιι.
360 2718 463 2750 Ortn.
494 2718 575 2749 Vm„
597 2718 674 2750 XV.

1138 860 1221 893 dum
1239 866 1301 900 est,
1330 857 1519 904 Apostolos
1537 861 1706 905 singulari
1725 864 1906 898 vocatione
1926 865 2128 903 immediate

1138 924 1154 943 a
1182 909 1255 944 Deo
1282 911 1406 944 missos
1435 924 1525 952 esse,
1559 920 1590 946 et
1618 911 1746 947 habere
1775 915 1894 949 divina
1927 919 2128 954 testimonia

1137 962 1232 1006 quod
1254 973 1327 994 non
1346 970 1482 1002 errent,
1510 971 1542 998 et
1567 977 1687 997 eorum
1715 966 1792 998 voci
1811 968 2024 1002 credendum
2044 982 2128 1011 esse,

1137 1013 1227 1046 sicut
1244 1013 1325 1046 voci
1344 1013 1412 1046 Dei
1430 1014 1632 1049 immediate
1652 1017 1694 1048 de
1711 1018 1808 1050 coelo
1830 1020 1989 1053 sonanti:
2016 1028 2047 1055 et
2065 1034 2128 1056 ne-

1137 1075 1228 1096 cesse
1257 1071 1309 1097 est
1334 1062 1511 1098 Ecclesiae
1531 1064 1596 1098 hoc
1615 1070 1901 1110 commemorari,
1935 1073 2028 1115 quod
2058 1073 2128 1107 sint

1137 1114 1337 1149 immediate
1356 1117 1467 1149 vocati
1489 1129 1505 1149 a
1524 1116 1619 1157 Deo,
1644 1124 1677 1151 et
1697 1120 1872 1161 perferant
1892 1134 1964 1154 non
1982 1135 2000 1155 a
2018 1135 2053 1156 se
2071 1124 2127 1157 in-

1137 1172 1277 1198 ventam
1301 1167 1520 1206 doctrinam,
1558 1170 1617 1201 sed
1642 1170 1804 1203 traditam
1831 1183 1893 1214 per
1914 1173 2025 1206 filium
2051 1173 2127 1216 Dei,

1136 1216 1196 1261 qui
1223 1223 1272 1250 est
1297 1217 1334 1249 in
1359 1217 1440 1250 sinu
1463 1219 1595 1251 aeterni
1623 1220 1749 1263 patris,
1776 1229 1808 1254 et
1828 1223 1961 1262 primus
1979 1226 2127 1268 protulit

1135 1266 1381 1310 Evangelium.
1454 1268 1537 1302 Ideo
1571 1272 1672 1303 toties
1710 1278 1874 1315 repetunt
1909 1273 2125 1319 Prophetae:

1135 1316 1230 1350 Haec
1263 1318 1348 1351 dicit
1372 1318 1558 1355 Dominus,
1625 1320 1671 1354 Et
1699 1321 1829 1355 Paulus
1864 1325 1984 1359 multis
2012 1328 2128 1361 verbis

1135 1369 1177 1400 ad
1207 1366 1352 1401 Galatas
1384 1370 1499 1413 primo
1541 1371 1757 1405 mentionem
1792 1374 1875 1409 facit
1906 1387 1987 1410 suae
2025 1391 2129 1412 voca-

1136 1419 1252 1452 tionis.

1235 1476 1435 1510 Necessaria
1453 1485 1552 1512 estet
1578 1477 1663 1513 haec
1690 1482 1905 1527 consolatio,
1938 1487 2031 1530 quod
2060 1487 2127 1520 sci-

1135 1539 1211 1560 mus
1227 1526 1339 1561 Deum
1367 1540 1446 1561 vere
1472 1530 1561 1562 velle
1588 1531 1758 1564 efficacem
1785 1545 1857 1566 esse
1882 1547 1942 1578 per
1960 1535 2125 1582 Evange-

1136 1579 1221 1611 lium
1248 1579 1351 1611 etiam
1379 1591 1459 1611 cum
1489 1578 1523 1612 hi
1551 1582 1695 1622 docent,
1723 1583 1882 1627 quisunt
1907 1587 1952 1619 ab
1970 1585 2127 1622 Ecclesia

1137 1629 1265 1662 vocati:
1294 1629 1382 1662 sicut
1405 1629 1538 1663 Paulus
1566 1634 1733 1676 praecipit
1753 1634 1856 1677 Tito,
1890 1636 1972 1670 item
2000 1638 2126 1673 Timo-

1135 1677 1237 1722 theo,
1279 1686 1317 1713 ut
1343 1682 1558 1715 constituant
1588 1682 1835 1729 presbyteros,
1877 1695 1914 1721 ut
1939 1700 2124 1723 commen-

1135 1731 1217 1764 dent
1246 1729 1480 1774 Evangelium
1516 1733 1655 1768 idoneis
1689 1737 1733 1768 ad
1764 1738 1975 1774 docendum.
2030 1740 2125 1783 Quia

1135 1781 1226 1814 filius
1251 1782 1454 1817 immediate
1487 1784 1608 1817 efficax
1636 1793 1706 1825 est,
1740 1787 1813 1820 sive
1846 1801 1906 1833 per
1931 1789 2125 1835 Prophetas

1134 1833 1206 1865 sive
1222 1844 1284 1877 per
1301 1834 1511 1877 Apostolos,
1540 1835 1613 1869 sive
1630 1849 1692 1881 per
1715 1837 1873 1874 Pastores
1887 1843 2125 1878 annuncietur

1135 1881 1379 1927 Evangelium.

1409 1991 1548 2030 Gratia
1567 1999 1598 2030 et
1611 2009 1693 2044 pax
1712 2010 1735 2031 a
1752 1997 1849 2036 Deo.

1236 2062 1380 2102 Gratia,
1401 2064 1572 2108 significat
1589 2068 1778 2110 gratuitam
1796 2070 2122 2106 reconciliationem

1136 2120 1168 2148 et
1193 2115 1465 2159 acceptationem
1497 2125 1640 2162 propter
1665 2120 1915 2161 mediatorem,
1950 2134 2028 2156 cum
2054 2137 2123 2169 qua

1136 2172 1253 2199 tamen
1268 2173 1318 2200 est
1335 2167 1521 2201 coniuncta
1540 2169 1747 2209 vivificatio,
1775 2183 1863 2216 quae
1880 2173 1916 2206 fit
1934 2185 1995 2216 per
2010 2174 2123 2208 filium

1137 2228 1278 2250 accensa
1312 2230 1391 2250 vera
1422 2220 1602 2262 agnitione
1631 2221 1701 2253 Dei
1734 2234 1796 2266 per
1817 2221 2051 2267 Evangelium
2084 2226 2122 2259 in

1138 2274 1274 2309 mente,
1308 2275 1340 2301 et
1365 2268 1475 2303 effuso
1501 2270 1639 2315 Spiritu
1663 2279 1782 2305 sancto
1809 2273 1844 2305 in
1869 2277 1993 2314 corda,
2033 2276 2124 2311 sicut

1139 2317 1291 2355 Roman.
1320 2319 1354 2355 8.
1391 2320 1542 2355 dicitur:
1579 2320 1651 2364 Qui
1685 2323 1846 2366 spiritum
1882 2323 2017 2360 Christi
2049 2339 2124 2361 non

1140 2368 1263 2411 habet,
1291 2382 1364 2403 non
1382 2378 1431 2404 est
1447 2373 1532 2405 eius.
1586 2371 1668 2406 ldeo
1685 2373 1815 2408 Paulus
1835 2372 1919 2409 haec
1942 2378 2014 2410 duo
2037 2390 2123 2412 con-

1140 2421 1272 2464 iungit,
1299 2419 1458 2456 Gratiam
1477 2430 1507 2456 et
1525 2424 1657 2457 donum
1677 2436 1738 2468 per
1760 2426 1927 2468 gratiam,
1954 2429 2016 2461 ubi
2039 2440 2123 2473 gra-

1139 2472 1224 2505 tiam
1249 2472 1413 2516 intelligit
1435 2474 1578 2507 relative
1598 2475 1641 2508 de
1662 2476 1949 2511 reconciliatione
1973 2485 2005 2512 et
2024 2492 2121 2513 acce-

1140 2522 1295 2567 ptatione
1319 2531 1464 2568 propter
1488 2525 1620 2566 filium,
1652 2526 1742 2560 sicut
1766 2527 1853 2561 alibi
1875 2529 2022 2563 dicitur:
2055 2529 2121 2563 Di-

1140 2574 1220 2607 lecti
1236 2575 1272 2606 in
1299 2575 1438 2608 dilecto.
1490 2575 1634 2609 Donum
1657 2589 1740 2611 vero
1761 2577 1928 2622 intelligit
1949 2581 2025 2613 sine
2048 2581 2121 2614 ulla

1141 2624 1361 2659 dubitatione
1376 2626 1504 2659 donata
1525 2627 1713 2669 beneficia,
1740 2641 1830 2674 quae
1844 2637 1926 2664 sunt
1944 2630 1981 2663 in
2005 2632 2121 2673 nobis,

1141 2675 1291 2717 scilicet,
1318 2677 1415 2722 quod
1432 2677 1604 2712 efficimur
1625 2679 1756 2724 templa
1773 2678 1859 2720 Dei,
1892 2687 1926 2714 et
1948 2682 2123 2717 donamur

1355 2726 1403 2762 78
