2415 2942
80 118 149 156 941
337 114 438 152 XIII.

82 203 248 249 imperiis.
295 199 525 247 Nequaquam
550 201 749 235 existiment
767 198 929 233 homines
949 212 983 233 se
1001 200 1068 241 legi

81 256 145 291 Dei
164 254 377 294 satisfacere,
407 253 543 287 etiamsi
562 250 692 286 babent
711 259 887 285 externam
910 252 1067 295 discipli-

81 318 160 339 nam
178 305 406 349 inculpatam.
461 303 528 338 Sed
552 304 606 337 lex
632 303 753 336 divina
771 309 822 335 est
840 302 1009 345 sapientia
1028 303 1064 334 in

79 358 176 397 Deo,
202 363 233 389 et
251 367 375 389 norma
393 355 551 389 iusticiae
569 355 671 388 nobis
690 353 857 397 patefacta
871 380 880 392 ‚
905 365 971 397 qua
992 353 1066 386 vult

78 407 174 441 Deus
193 414 233 440 ut
249 408 354 440 corda
379 413 498 440 nostra
523 406 642 439 vivant
661 404 808 448 spiritu,
846 403 881 436 id
905 412 973 444 est,
1003 401 1064 436 ha-

79 459 184 491 beant
219 458 333 491 lucem
370 464 403 491 et
438 464 554 490 motus
597 455 798 499 spirituales
833 461 1065 498 congruentes

81 521 159 542 cum
179 508 273 549 Deo,
301 507 437 542 firmam
458 507 693 541 assensionem
710 512 743 539 et
759 506 940 538 ardentem
967 518 1064 539 amo-

81 572 153 592 rem
179 571 257 602 erga
276 558 389 592 Deum
414 566 476 594 etc.
528 556 574 591 Et
598 569 735 597 rursus,
760 555 832 589 Lex
854 557 923 589 Dei
944 564 993 590 est
1010 557 1063 589 in-

81 610 213 643 dicium
230 610 433 654 spirituale,
460 610 494 642 id
512 616 580 648 est,
608 620 680 641 non
708 614 890 640 externum
915 614 1064 646 tantum,

78 662 139 694 sed
164 661 249 701 tale,
284 662 320 693 in
346 672 415 704 quo
443 659 535 693 Deus
561 660 652 703 ipse,
696 659 756 703 qui
783 665 832 692 est
858 659 1001 702 spiritus
1033 666 1064 691 et

79 712 169 755 ignis
186 723 413 751 consumma,
440 711 520 744 facit
540 722 623 743 voce
641 710 743 752 legis,
772 716 809 742 ut
828 710 981 743 sentiant
1000 707 1064 742 lio-

79 763 190 795 mines
215 763 302 795 iram
329 762 486 795 divinam
511 762 678 794 adversus
702 767 898 804 peccatum,
927 762 969 793 de
995 773 1063 805 quo

79 825 182 847 sensu
210 814 281 846 irae
307 812 425 857 inquit
452 811 544 845 tob.:
583 809 905 854 SagittaeDomini
936 813 973 844 in
998 824 1063 852 me,

79 871 112 898 et
133 871 283 898 terrores
306 863 373 896 Dei
401 863 556 896 militant
580 870 702 895 contra
729 874 794 895 me.

178 914 304 947 Psalm.
321 913 400 949 50.:
430 913 557 947 Veniet
576 912 670 947 Deus
687 920 817 953 noster,
839 919 870 946 et
892 924 964 945 non
982 913 1063 946 sile-

77 965 147 1003 bit,
183 965 219 998 iu
237 972 424 1008 conspectu
446 965 519 998 eius
538 966 736 997 exardescet
763 965 865 1007 ignis.
922 964 962 996 In
984 965 1063 997 tali-

78 1016 142 1048 bus
163 1016 350 1058 pavoribus
376 1016 544 1048 discimus
567 1016 677 1058 legem
695 1014 762 1048 Dei
789 1027 861 1049 esse
882 1015 1062 1058 spirituale

77 1066 267 1105 iudicium,
295 1078 368 1099 non
393 1073 529 1100 tantum
557 1067 740 1110 politicum
766 1066 918 1100 frenum.

127 1148 213 1196 Ego
230 1155 350 1184 autem
367 1149 533 1184 carnalis
557 1163 660 1195 sum,
691 1148 920 1184 venundatus·
943 1149 1009 1183 sub

461 1207 659 1249 peccalum,

179 1267 436 1313 Interpretatur
467 1270 540 1313 ipse
571 1270 656 1314 quid
694 1270 853 1303 nominet
887 1270 1060 1302 carnalem

78 1325 258 1360 naturam,
292 1320 440 1363 scilicet,
476 1327 587 1354 totum
616 1319 795 1353 hominem
822 1322 1062 1354 venundatum

78 1370 144 1402 sub
169 1376 365 1413 peecatum,
394 1371 429 1403 id
452 1378 521 1409 est,
550 1383 687 1404 servum
717 1372 847 1415 peccati
870 1378 903 1404 et
929 1371 1063 1411 mortis,

77 1420 166 1453 sicut
192 1427 224 1454 et
248 1421 338 1454 infra
365 1419 451 1455 haec
477 1419 661 1454 antithesis
688 1423 903 1456 illustratur:
933 1421 1063 1455 Sensus

77 1471 192 1503 carnis
215 1482 309 1505 mors
336 1478 397 1507 est.
460 1471 563 1505 Item:
601 1471 790 1506 Inimicitia
819 1480 868 1506 est
897 1474 1062 1505 adversus

76 1520 191 1555 Deum
215 1529 278 1555 etc.
332 1522 380 1556 Ut
398 1529 512 1556 autem
531 1524 767 1567 appellatione
791 1524 933 1566 spiritus
958 1524 1061 1556 intel-

77 1571 200 1614 ligitur
224 1573 297 1616 ipse
323 1572 478 1617 Spiritus
506 1581 663 1612 sanctus,
691 1582 724 1608 et
747 1587 764 1607 a
784 1575 919 1618 Spiritu
943 1582 1061 1608 sancto

78 1623 212 1655 accensi
238 1631 469 1665 congruentes
496 1631 612 1657 motus
638 1625 674 1656 in
699 1626 845 1665 sanctis,
874 1625 962 1665 vita,
993 1626 1062 1665 lux,

80 1679 113 1705 et
138 1673 269 1707 laetitia
294 1675 517 1718 acquiescens
540 1675 578 1707 in
601 1675 673 1708 Deo
693 1700 700 1713 ,
736 1676 875 1708 flamma
901 1676 1060 1707 dilectio-

80 1723 134 1755 nis
159 1734 237 1766 erga
267 1723 400 1763 Deum,
435 1725 483 1757 sic
502 1726 676 1768 eregione
701 1738 780 1759 caro
803 1738 923 1759 sensus
947 1726 1062 1758 carnis

80 1774 342 1817 intelligantur,
368 1777 409 1808 de
434 1782 507 1808 toto
536 1774 679 1809 homine
705 1788 776 1809 non
804 1783 936 1811 renato.
992 1776 1062 1809 Nec

79 1825 193 1857 solum
212 1825 246 1857 in
266 1827 422 1869 appetitu
446 1838 609 1860 sensnum
628 1834 660 1861 et
683 1828 719 1860 in
742 1829 846 1860 corde
870 1835 917 1860 est
938 1835 1063 1860 contu-

80 1875 190 1908 macia
215 1883 336 1909 contra
368 1876 501 1918 Deum,
532 1878 713 1919 videlicet,
747 1879 876 1912 iniusta
899 1878 1060 1912 incendia

79 1937 259 1967 amorum,
287 1928 469 1968 odiorum,
498 1928 691 1970 vindictae,
729 1932 786 1962 sed
812 1930 914 1963 etiarn
941 1930 976 1961 in
1003 1941 1061 1962 su-

79 1976 216 2020 periore
242 1985 359 2021 parte,
401 1979 584 2021 videlicet,
624 1981 660 2012 in
695 1981 875 2014 intellectu
907 1978 1063 2013 hominis

81 2038 153 2060 non
179 2029 291 2061 renati
320 2037 399 2063 sunt
426 2031 591 2064 tenebrae
616 2038 648 2064 et
673 2043 838 2075 magnum
864 2029 969 2064 chaos
995 2033 1062 2064 du-

80 2077 292 2111 bitationum
318 2081 360 2112 de
387 2080 478 2121 Deo,
506 2089 537 2115 et
562 2082 725 2115 voluntas
749 2089 798 2116 est
824 2083 899 2115 sine
925 2083 1061 2121 timore,

80 2128 155 2161 sine
183 2129 370 2163 dilectione
386 2130 470 2171 Dei,
498 2133 572 2165 sine
600 2133 732 2166 laetitia
759 2134 1000 2178 acquiescente
1026 2134 1062 2166 in

80 2177 154 2211 Deo
172 2187 232 2213 aut
247 2188 475 2215 contemnens
491 2183 627 2224 Deum,
660 2190 718 2218 aut
737 2181 901 2218 horribili
920 2184 1060 2217 fremitu

81 2229 218 2272 fugiens
243 2243 340 2273 eum,
368 2239 400 2266 et
424 2240 473 2266 est
498 2234 572 2267 sine
595 2232 670 2267 Deo
693 2235 908 2276 vivificante,
937 2236 1061 2268 laetifi-

81 2287 181 2314 cante
231 2288 264 2315 et
312 2285 541 2326 gubernante.
608 2284 707 2319 Talis
740 2284 845 2320 homo
878 2287 953 2320 sine
986 2285 1061 2319 Deo

80 2330 208 2365 dicitur
230 2332 319 2367 Caro
346 2337 538 2368 secundum
566 2348 689 2369 omnes
711 2337 849 2371 animae
873 2338 1060 2380 potentias:

81 2387 115 2413 et
136 2382 173 2414 in
189 2391 355 2427 conspetu
375 2386 419 2420 sit
435 2387 597 2421 doctrina
621 2388 664 2420 de
692 2388 919 2422 distinctione
937 2394 1063 2432 poten-

81 2438 208 2466 tiarum
234 2436 381 2472 animae,

182 2483 339 2518 Primum
363 2494 478 2521 autern
508 2495 628 2523 narrat
653 2488 785 2522 Paulus
805 2490 918 2534 qualis
937 2490 981 2524 sit
999 2502 1063 2523 na-

85 2539 161 2566 tura
184 2536 334 2569 carnalis
359 2541 551 2572 secundum
583 2552 672 2580 sese,
709 2540 789 2584 quia
814 2541 946 2586 inquit:
991 2540 1062 2573 Ve-

86 2585 263 2618 nundatus
290 2598 365 2620 sum
393 2590 458 2623 sub
481 2597 682 2634 peccatum,
724 2591 759 2623 id
785 2597 853 2632 est,
887 2598 1005 2635 raptus
1026 2593 1062 2624 in

83 2636 304 2670 servitutem:
354 2638 495 2674 Phrasis
526 2642 618 2675 enim
645 2649 756 2675 sumta
782 2649 830 2675 est
856 2655 873 2675 a
898 2643 1062 2686 captivis,

81 2686 140 2730 qui
159 2689 401 2724 vendebantur
424 2698 457 2725 et
479 2700 577 2727 erant
599 2694 702 2729 servi.
758 2692 807 2728 Ita
828 2694 965 2739 inquit,
993 2706 1056 2728 na-

493 116 526 149 3.
556 112 856 151 ENARRATtO
885 112 1040 152 EPIST.
1069 112 1217 149 PAULI
1245 112 1312 148 AD
1341 111 1603 151 ROMANOS.
1658 114 1763 150 CAP.
1798 114 1879 150 vu.

2036 118 2110 153 942

1122 207 1236 233 turam
1259 200 1434 233 carnalem
1456 202 1648 235 secundum
1674 213 1746 235 sese
1766 213 1901 235 servam
1928 205 2057 246 peccati
2074 210 2105 237 et

1122 251 1244 283 mortis
1277 263 1368 290 esse,
1412 264 1475 284 nec
1506 264 1605 295 posse
1634 255 1809 297 deponere
1843 254 2049 296 pravitatem
2074 261 2109 288 et

1122 308 1281 342 mortem,
1300 314 1361 334 nec
1379 300 1556 336 retrabere
1573 316 1633 347 per
1651 316 1723 337 sese
1741 304 1914 337 iusticiam
1934 311 1966 338 et
1983 305 2104 343 vitam,

1120 352 1178 383 sed
1197 352 1288 384 filius
1305 353 1373 385 Dei
1392 365 1474 386 voce
1493 352 1678 397 Evangelii
1697 361 1729 388 et
1750 355 1887 397 Spiritu
1911 362 2031 389 sancto
2050 368 2106 388 re-

1119 410 1261 445 generat
1287 400 1479 437 hominem.
1535 404 1748 450 Quanquam
1771 412 1887 438 autem
1912 407 2014 440 initia
2039 419 2104 440 no-

1120 465 1180 485 vae
1205 453 1292 486 lucis
1317 460 1349 487 et
1377 461 1536 487 motuum
1565 456 1802 500 spiritualium
1830 457 1866 489 in
1893 458 2023 491 renatis
2045 469 2103 491 ac-

1120 505 1340 543 cenduntur,
1383 512 1500 538 tamen
1527 506 1564 538 in
1595 505 1659 540 hac
1685 507 1825 540 mortali
1854 508 1922 541 vita
1957 505 2104 543 haerent

1119 553 1233 588 adhuc
1257 556 1292 587 in
1322 562 1446 589 natura
1469 558 1600 590 carnali
1624 558 1792 603 reliquiae
1817 559 1945 601 prioris
1971 559 2102 594 morbi.

1119 605 1287 650 Sequitur
1315 618 1395 649 ergo
1423 608 1535 647 lucta,
1564 608 1601 640 in
1626 621 1692 653 qua
1719 610 1865 641 verbum
1893 616 1925 642 et
1949 608 2104 652 Spiritus

1118 664 1258 690 sanctus
1287 658 1500 691 mortificant
1529 659 1695 704 reliquias
1720 659 1814 692 illas:
1858 657 1947 692 hanc
1976 660 2106 693 luctam

1119 721 1199 741 mox
1223 709 1396 742 describet
1419 709 1560 743 Paulus.
1613 709 1702 743 Cum
1729 716 1844 742 antem
1866 709 1979 743 utitur
2003 723 2105 743 voca-

1120 760 1202 792 bulo
1232 758 1467 793 Venundatus
1485 786 1493 801 ,
1534 761 1692 795 intuetur
1719 761 1851 794 dictum
1880 758 2005 794 Esaiae
2027 762 2103 796 52:

1120 809 1240 843 Gratis
1263 811 1455 844 venundati
1475 811 1574 849 estis,
1603 813 1679 844 sine
1705 819 1848 855 argento
1868 812 2105 848 redimemini.

1119 860 1188 894 Ubi
1207 861 1302 894 Deus
1318 862 1440 895 obiicit
1457 862 1598 896 diabolo
1615 863 1829 897 iniusticiam
1841 890 1848 904 ‚
1876 863 1974 908 quasi
1991 863 2104 896 dicat:

1118 911 1229 955 Agam
1261 912 1351 946 iusto
1377 913 1516 948 ordine.

1219 970 1393 1005 Diabolus
1416 984 1477 1005 vos
1501 972 1625 1006 fraude
1650 970 1740 1006 mihi
1766 974 1914 1017 eripuit,
1942 981 1973 1008 et
1991 986 2105 1020 neque

1119 1019 1207 1054 mihi
1239 1023 1345 1057 solvit
1374 1024 1554 1068 pretium,
1600 1036 1716 1069 neque
1751 1025 1851 1059 vobis
1883 1025 1980 1059 dedit
2020 1038 2104 1070 pro-

1118 1084 1232 1108 missa.

1222 1131 1353 1166 Iustum
1379 1141 1428 1167 est
1452 1134 1560 1177 igitur
1585 1133 1760 1172 vicissim,
1797 1146 1853 1167 me
1882 1147 1954 1168 rem
1988 1147 2103 1168 meam

1119 1195 1340 1227 recuperare,
1385 1197 1458 1217 non
1490 1186 1572 1218 dato
1605 1185 1717 1228 pretio
1755 1186 1936 1228 praedoni.
2005 1186 2105 1220 Sicut

1119 1234 1212 1265 enim
1231 1247 1248 1266 a
1266 1235 1342 1267 sure
1361 1242 1420 1268 ant
1439 1236 1614 1278 praedone
1640 1247 1692 1268 res
1711 1248 1783 1268 non
1811 1248 1932 1270 rursus
1956 1238 2104 1271 emenda

1118 1291 1185 1322 est,
1215 1286 1272 1317 sed
1292 1286 1366 1318 sine
1384 1287 1497 1329 pretio
1516 1299 1577 1330 per
1594 1287 1744 1319 iudicem
1763 1287 1892 1320 iustum
1907 1288 2105 1321 restituitur

1117 1333 1292 1368 Domino:
1337 1336 1383 1369 ita
1413 1336 1509 1370 Deus
1542 1343 1723 1380 recuperat
1755 1348 1864 1380 genus
1896 1336 2105 1379 humanum,

1118 1384 1209 1418 nihil
1236 1387 1376 1419 solvens
1402 1387 1533 1421 iniusto
1568 1394 1601 1421 et
1618 1388 1785 1421 scelerato
1821 1389 1991 1433 praedoni
2026 1390 2104 1422 dia-

1117 1437 1209 1470 bolo.
1262 1436 1361 1472 Dixit
1378 1438 1501 1481 igitur:
1528 1438 1648 1472 Gratis
1667 1440 1860 1473 venundati
1879 1441 1972 1481 estis,
1990 1440 2024 1473 id
2044 1448 2105 1482 est,

1116 1488 1245 1522 iniuste
1273 1489 1308 1520 in
1332 1490 1536 1523 servitutem
1570 1491 1734 1532 pertracti
1765 1491 1845 1524 estis
1880 1492 2003 1524 frande
2027 1492 2103 1524 dia-

1116 1539 1207 1579 boli,
1251 1551 1314 1572 nec
1341 1540 1412 1572 Deo
1436 1541 1589 1573 solutum
1617 1548 1666 1575 est
1688 1541 1858 1584 pretium,
1899 1554 2012 1587 neque
2036 1540 2103 1575 ho·-

1116 1590 1270 1623 minibus
1294 1591 1373 1623 data
1398 1591 1578 1633 promissa.

1217 1647 1355 1682 Rursus
1381 1649 1489 1691 igitur
1508 1650 1615 1692 gratis
1641 1650 1884 1690 redimemini,
1913 1663 1984 1684 non
2009 1652 2101 1685 dabo

1117 1699 1267 1742 pretium
1294 1699 1465 1740 Diabolo,
1493 1708 1525 1734 et
1545 1713 1605 1734 vos
1624 1702 1791 1745 recipiam
1811 1713 1884 1734 mea
1902 1702 2102 1736 misericor-

1116 1750 1193 1790 dia,
1223 1762 1300 1783 cum
1319 1749 1407 1783 mihi
1427 1752 1576 1795 pretium
1595 1764 1667 1784 non
1688 1752 1795 1795 possit
1817 1753 1911 1787 dare.

1218 1807 1387 1844 Ostendit
1405 1817 1519 1844 autem
1543 1822 1691 1857 sequens
1710 1812 1866 1845 narratio
1885 1810 1990 1845 huius
2007 1814 2102 1857 capi-

1115 1861 1179 1903 tis,
1205 1872 1282 1894 cum
1301 1862 1417 1906 inquit
1436 1861 1585 1902 Paulus,
1618 1862 1820 1896 Venundati
1837 1863 1917 1896 estis
1935 1864 2000 1897 sub
2019 1876 2099 1908 pec-

1115 1918 1251 1952 catum,
1279 1912 1445 1956 intelligit
1469 1921 1648 1957 peecatum
1667 1914 1851 1957 originale,
1868 1926 1941 1947 non
1964 1921 2102 1948 tantum

1116 1962 1403 2005 imputationem,
1430 1964 1519 1998 sicut
1535 1965 1638 1998 multi
1656 1963 1819 1998 monachi
1837 1965 2101 2006 intellexerunt,

1115 2014 1172 2046 sed
1198 2014 1307 2057 ipsam
1333 2021 1479 2050 naturae
1512 2013 1685 2048 hnmanae
1717 2016 2024 2060 depravationem,
2064 2016 2102 2049 id

1116 2071 1183 2104 est,
1227 2066 1388 2098 tenebras
1417 2072 1449 2099 et
1484 2067 1723 2100 dubitationes
1758 2068 1794 2100 in
1828 2067 2027 2107 intellectu,
2069 2075 2103 2102 et

1115 2115 1336 2148 aversionem
1362 2117 1556 2150 voluntatis
1574 2130 1592 2151 a
1611 2118 1710 2158 Deo,
1738 2125 1952 2152 contemtum
1975 2125 2008 2152 et
2032 2117 2103 2151 fre-

1115 2166 1240 2200 mitum
1267 2168 1432 2200 adversus
1459 2166 1594 2209 Deum,
1629 2176 1660 2202 et
1687 2170 1803 2202 cordis
1827 2169 2103 2210 contumaciam,

1115 2215 1161 2250 Et
1185 2219 1278 2261 quod
1308 2219 1398 2251 vires
1421 2231 1543 2253 omnes
1566 2226 1649 2253 sunt
1680 2221 1755 2253 sine
1778 2219 1852 2253 Deo
1884 2219 2105 2261 vivificante,

1114 2268 1322 2302 laetificante
1357 2276 1389 2303 et
1423 2270 1658 2313 gubernante:
1695 2271 1784 2304 sicut
1815 2277 1935 2314 postea
1965 2270 2102 2315 inquit:

1117 2318 1230 2358 Video
1253 2320 1358 2353 aliam
1383 2321 1494 2364 legem
1518 2322 1556 2354 in
1582 2322 1749 2354 membris
1777 2321 1876 2356 meis.

1165 2408 1402 2447 Condeleclor
1425 2411 1501 2458 lege
1525 2411 1602 2446 Dei
1619 2411 1816 2447 secundum
1843 2412 2050 2447 interiorem

1472 2462 1655 2498 hominem
1680 2469 1741 2498 etc.

1218 2539 1259 2573 ln
1277 2538 1342 2574 hac
1358 2541 1561 2574 narratione
1578 2541 1790 2574 describitur
1805 2546 1991 2580 certamen,
2006 2543 2101 2587 quod

1117 2598 1168 2625 est
1183 2592 1220 2624 in
1237 2592 1407 2633 Renatis,
1442 2592 1478 2625 in
1495 2591 1624 2636 quibus
1643 2591 1735 2625 filius
1751 2590 1817 2625 Dei
1837 2603 1921 2625 voce
1937 2591 2101 2635 Evange-

1117 2643 1156 2675 lii
1191 2643 1349 2676 accendit
1380 2644 1491 2676 lucem
1524 2648 1556 2675 et
1585 2642 1686 2676 initia
1720 2643 1825 2684 fidei,
1878 2648 1911 2675 et
1943 2641 2100 2686 Spiritus

1117 2701 1257 2729 sanctus
1274 2694 1476 2728 consolatur
1493 2700 1636 2733 cor‚‘nt
1652 2694 1800 2739 incipiat
1817 2693 1938 2727 laetari
1956 2693 1992 2726 in
2010 2692 2102 2736 Deo,
