2415 2942
294 123 368 159 407

301 208 450 252 gelium,
486 205 790 239 San-ramentorum
813 199 1171 239 administrationem,
1198 211 1283 232 con-

303 260 485 293 sessionem
522 253 722 295 Exangelii,
765 251 875 283 multa
903 250 1100 283 testimonia
1130 249 1282 294 Spiritus

303 309 409 342 sancti
439 307 473 338 in
500 303 722 336 invocatione
750 308 782 334 et
809 302 844 333 in
875 300 1141 333 afflictionibus.
1194 299 1281 335 Cum

304 358 395 392 enim
427 356 509 388 velit
544 354 638 388 Deus
671 365 705 386 se
731 359 763 385 et
791 352 901 384 silium
934 362 1036 384 suum
1067 351 1283 384 innotescere

304 408 467 441 omnibus
487 403 713 443 hominibus,
741 409 771 435 et
790 401 944 434 invocari
963 402 998 433 in
1016 413 1140 443 genere
1160 399 1283 435 huma-

305 472 370 497 no,
420 457 490 489 vult
518 453 708 488 Ecclesiam
745 464 842 485 suam
872 452 1026 495 conspici
1061 459 1092 485 et
1117 453 1284 488 exaudiri.

306 511 423 551 Quare
448 519 519 539 non
547 511 706 549 putemus
725 502 914 536 Ecclesiam
939 514 1010 535 esse
1029 502 1142 535 ideam
1165 502 1283 537 Plato—

306 561 440 597 nicam,
471 568 558 601 quae
582 566 754 600 nusquam
779 553 932 596 conspici
957 553 1085 597 possit,
1121 553 1179 585 sed
1205 554 1284 586 ubi-

307 620 444 653 cunque
460 614 506 640 est
526 613 660 644 coetus,
687 616 804 637 revera
828 604 1097 637 fundamentum
1118 604 1286 644 retinens,

307 661 341 693 id
361 668 427 697 est,
455 657 621 690 articulos
642 656 738 695 fidei,
765 661 797 687 et
824 666 895 686 non
919 655 1109 687 defendens
1133 655 1286 698 pertina-

308 711 393 744 citer
409 709 520 747 idola,
548 708 595 739 ibi
613 713 662 739 est
681 717 758 738 vere
779 703 972 738 haereditas
990 702 1138 743 Christi,
1167 711 1199 737 et
1220 705 1285 737 ali-

310 774 376 805 qua
406 759 562 793 membra
592 758 697 790 electa
726 763 806 789 sunt
842 756 885 788 ad
919 761 1095 787 aeternam
1129 755 1288 796 gloriam,

310 811 442 845 etiamsi
464 816 543 842 sunt
561 807 759 844 dissimilia,
787 805 853 838 alia
874 805 1103 837 imbecilliora
1122 805 1211 839 aliis.

412 863 593 902 Quantum
621 864 736 890 autem
762 856 844 888 mali
868 856 932 892 sit,
960 855 1209 887 transformare
1232 868 1288 888 re·-

310 924 417 955 gnnm
428 908 558 944 (bristi
575 910 610 940 in
629 907 821 951 politicum,
840 904 904 937 hac
922 905 995 948 ipsa
1013 905 1164 947 imagine
1180 906 1287 948 signi-

311 965 448 996 ficatum
467 967 534 999 est,
560 959 653 1003 quod
678 954 837 991 Christus
857 955 1063 999 producitur
1080 956 1114 987 in
1134 968 1288 999 purpura

310 1021 342 1047 et
359 1012 469 1056 spinis
486 1015 682 1043 coronatus-
737 1006 807 1039 Nec
825 1007 975 1039 dubium
993 1013 1042 1039 est
1067 1003 1156 1039 hanc
1178 1007 1287 1049 ipsam

311 1062 543 1097 tristissimam
571 1059 739 1103 speciem,
768 1064 942 1090 ostensam
968 1068 1040 1089 esse
1063 1054 1153 1089 hanc
1179 1058 1287 1100 ipsam

312 1115 358 1147 ob
375 1123 530 1150 causam,
559 1110 639 1155 quia
659 1107 714 1141 hic
732 1119 829 1140 error
848 1107 884 1139 in
903 1105 1056 1140 Ecclesia
1075 1107 1141 1140 late
1157 1119 1289 1148 grassa-

313 1173 411 1198 turus
437 1169 532 1195 esset.
587 1159 770 1193 Iiomanus
788 1157 949 1191 Pontifex
972 1158 1212 1200 multiplieiter
1235 1159 1290 1190 in-

313 1215 386 1258 jicit
403 1223 590 1257 purpuram
607 1208 767 1247 Christo,
796 1216 828 1242 et
845 1216 988 1242 coronat
1008 1220 1085 1240 eum
1105 1209 1230 1251 spinis,
1254 1216 1292 1242 ut

313 1278 390 1298 cum
413 1264 562 1296 affirmat
585 1260 729 1304 imperia
754 1259 876 1292 mundi
904 1259 1050 1302 petenda
1076 1271 1146 1292 esse
1171 1272 1188 1291 a
1212 1260 1291 1292 sede

312 1315 494 1352 Romana,
537 1319 575 1345 ut
601 1312 635 1343 in
663 1322 792 1343 corona
820 1307 1003 1352 Rodolphi
1028 1309 1114 1352 Imp.
1139 1310 1292 1352 scripsit:

312 1366 413 1399 Petra
425 1364 518 1397 dedit
530 1362 645 1401 Petro,
662 1360 784 1393 Petrus
801 1360 959 1392 diadema
970 1358 1172 1402 Rodolpho.
1202 1360 1293 1393 Sunt

315 1417 417 1450 etiam
442 1414 582 1462 spinae,
609 1422 760 1444 canones
783 1412 824 1442 de
848 1411 995 1452 primatu
1015 1418 1045 1442 et
1063 1411 1182 1442 multis
1198 1422 1291 1442 cere-

315 1466 464 1504 moniis,
493 1474 578 1508 quas
595 1463 691 1504 lingit
710 1473 780 1494 esse
800 1461 931 1499 cultus,
959 1467 990 1492 et
1008 1461 1149 1504 quidem
1176 1473 1292 1492 neces-

316 1517 423 1550 sarios
444 1517 485 1548 ad
504 1522 679 1546 aeternam
698 1513 856 1545 salutem.
907 1510 964 1544 Sic
984 1519 1127 1554 peccant
1145 1519 1178 1544 et
1196 1510 1289 1543 Ana-

315 1567 503 1610 baptistae,
527 1564 585 1602 qui
607 1564 695 1605 leges
713 1564 754 1594 ‹le
772 1561 951 1594 Platonica
977 1562 1293 1594 communicatione

316 1629 452 1655 rerum,
490 1621 523 1648 et
547 1616 588 1647 de
610 1626 700 1645 nova
719 1613 829 1645 forma
847 1612 1112 1653 magistratuum
1141 1619 1173 1644 et
1200 1612 1293 1643 iudi-

316 1668 450 1701 ciorum
470 1666 598 1699 ferunt.
652 1662 698 1696 Et
723 1663 847 1706 passim
871 1662 931 1694 alii
959 1662 1091 1694 indocti
1115 1674 1215 1704 saepe
1239 1669 1293 1695 tu-

316 1718 538 1751 multuantur
564 1716 601 1747 in
630 1714 829 1747 civitatibus
857 1713 901 1745 de
937 1713 1086 1754 negotiis
1119 1713 1294 1751 civilibus,

316 1768 441 1801 alienis
456 1778 474 1799 a
492 1765 686 1798 ministerio
705 1764 922 1805 evangelico,
949 1764 1040 1796 inter
1058 1761 1120 1795 hos
1137 1764 1295 1807 quisunt

317 1818 506 1857 sanabiles,
541 1817 744 1849 intueantur
761 1813 941 1848 Christum
959 1814 1123 1846 amictum
1142 1825 1294 1860 purpura

319 1878 351 1903 et
372 1874 579 1902 coronatum
603 1866 733 1910 spinis,
769 1872 801 1898 et
826 1865 986 1896 desinant
1014 1865 1221 1898 tumultuari
1253 1865 1295 1897 de

318 1920 468 1962 negotiis
483 1917 607 1951 alienis
624 1918 666 1949 ab
686 1915 885 1958 evangelico
907 1915 1103 1948 ministerio
1131 1927 1176 1947 ne
1191 1915 1295 1958 capiti

319 1969 452 2003 Christi
477 1968 623 2009 infigant
644 1974 674 2000 et
693 1967 757 2008 ipsi
776 1966 910 2009 spinas,
937 1972 969 1998 et
987 1978 1065 1998 eum
1084 1965 1295 1999 contumelia

319 2020 490 2059 afficiant,
524 2018 611 2051 sicut
636 2018 762 2049 milites
787 2017 974 2049 illudentes
1001 2016 1185 2059 inquiunt:
1221 2014 1296 2048 Ave

319 2083 378 2103 rex
402 2071 621 2103 ludaeorum.
675 2068 771 2100 Haec
789 2068 831 2099 de
853 2067 950 2109 regni
965 2065 1094 2100 Christi
1112 2074 1143 2099 et
1163 2066 1295 2110 politici

320 2120 544 2159 discrimine,
573 2118 634 2151 etsi
661 2118 812 2150 breviter
830 2114 895 2149 hoc
914 2117 988 2149 loco
1007 2117 1095 2148 dicta
1116 2123 1195 2149 sunt
1209 2143 1216 2156 ‚
1244 2123 1295 2148 ta—

320 2184 401 2204 men
417 2182 517 2213 saepe
532 2176 612 2202 sunt
635 2169 819 2211 repetenda
831 2194 840 2206 ,
857 2167 937 2211 quia
954 2167 1107 2199 mundus
1124 2167 1294 2210 multipli-

322 2222 406 2256 citer
422 2222 458 2254 iu
476 2219 681 2254 confusione
699 2216 803 2252 huius
821 2217 1033 2250 discriminis
1052 2223 1178 2260 peccat.

670 2343 726 2367 De
776 2340 962 2372 quinto.

423 2428 495 2463 Cur
508 2428 626 2463 Iudaei
643 2428 776 2462 dicant:
793 2426 904 2461 Nobis
921 2438 992 2459 non
1010 2426 1088 2459 licet
1107 2425 1299 2459 interficere

324 2492 543 2525 quenquam,
571 2492 642 2512 non
668 2480 793 2512 frustra
820 2479 855 2511 fit
881 2478 1013 2510 mentio
1038 2477 1216 2510 servitutis
1241 2475 1299 2509 Iu-

323 2532 440 2564 daicae
459 2530 494 2562 in
513 2528 579 2562 hoc
600 2530 687 2564 loco.
742 2529 829 2562 'Nam
854 2526 939 2561 haec
963 2528 1066 2560 verba
1092 2527 1297 2569 significant,

323 2582 436 2626 qualis
453 2586 537 2613 tunc
553 2580 759 2622 gubernatio
778 2576 882 2612 huius
907 2579 1027 2622 populi
1052 2579 1167 2612 fuerit.
1221 2576 1297 2612 Ro-

319 2632 414 2664 mani
433 2637 671 2664 concesserant
691 2628 827 2662 Iudaeis
847 2627 1078 2673 αὕῖοιόμιάν
1097 2629 1133 2660 in
1152 2628 1245 2662 cultu
1263 2635 1294 2661 et

318 2682 560 2716 iurisdictione
591 2680 769 2719 inferiori,
811 2681 870 2713 sed
901 2681 1081 2714 demerant
1112 2679 1162 2713 eis
1188 2679 1293 2713 iuris-
1317 2701 1323 2723 1
1346 2680 1537 2724 sepultura.

877 113 1000 148 PHIL.
1029 111 1144 149 MEL.
1172 112 1380 150 SCRIPTA
1407 111 1706 151 EXEGETICA.

2234 92 2316 152 ‘408

1332 199 1522 233 dictionem
1540 201 1773 245 superiorem,
1807 201 1843 234 id
1864 207 1934 243 est,
1959 200 2090 236 iudicia
2114 213 2231 235 rerum
2257 213 2315 236 ca-

1334 250 1514 294 pitalium,
1541 257 1579 284 ut
1602 258 1735 285 norunt
1758 252 1980 285 mediocriter
2002 252 2118 293 docti,
2151 263 2252 297 saepe
2275 253 2313 286 in

1333 301 1587 343 gubernatione
1605 299 1666 335 has
1683 308 1796 345 partes
1813 314 1830 335 a
1847 303 1993 336 diversis
2011 303 2193 346 possideri.
2229 301 2313 336 Ideo

1335 359 1448 385 autem
1468 349 1552 385 hacc
1568 352 1768 393 recitantur,
1779 359 1817 385 ut
1833 353 2006 386 discamus
2016 353 2204 386 convenire
2221 350 2314 387 hanc

1335 400 1516 435 historiam
1540 403 1583 435 ad
1610 409 1746 445 tempus
1768 402 1918 435 Messiae
1935 404 2150 446 praedictum
2167 404 2205 436 in
2224 402 2314 437 Pro-

1335 450 1467 496 phetis,
1501 453 1561 499 qui
1588 453 1793 495 praedicunt
1817 451 1995 486 Christum
2021 461 2209 487 venturum
2239 464 2315 487 ees-

1335 510 1432 536 sante
1456 515 1561 545 reguo
1581 502 1666 535 luda
1689 504 1794 547 paulo
1812 510 1892 537 ante
1908 504 2171 547 dissipationem
2189 515 2316 537 secun·

1337 555 1415 586 dam
1435 555 1546 597 gentis
1569 552 1751 593 iudaicae,
1774 561 1813 588 ut
1833 555 1868 587 in
1887 554 2037 588 Daniele
2060 555 2152 587 clare
2173 553 2316 590 dicitur.

1337 603 1404 636 llic
1423 616 1504 637 vero
1521 605 1623 637 etiam
1642 605 1898 643 consideretur,
1933 605 2111 649 quomodo
2130 604 2222 639 Deus
2241 616 2316 638 ser-

1337 662 1393 687 vet
1410 666 1506 687 suam
1523 654 1713 688 Ecclesiam
1737 656 1773 688 in
1793 656 1906 689 media
1928 655 2114 696 servitute,
2140 661 2180 689 ut
2203 655 2317 689 disea-

1339 716 1434 745 mus,
1476 717 1547 737 non
1573 712 1715 749 propter
1738 704 1891 739 humana
1923 705 2094 749 praesidia
2124 703 2317 739 Ecclesiam

1339 767 1480 788 manere
1510 763 1686 800 perpetuO.
1745 754 1831 790 Erat
1863 756 2100 789 testimonium
2135 756 2207 790 irae
2234 756 2317 798 Dei,

1340 806 1432 849 quod
1455 807 1646 839 subiecerat
1672 808 1840 850 populum
1856 806 2047 847 Romanis,
2075 818 2225 851 quorum
2250 806 2318 838 im-

1341 856 1435 899 peria
1460 857 1542 890 satis
1564 858 1650 889 dura
1671 865 1701 891 et
1719 865 1861 890 cruenta
1885 864 2002 896 erant,
2030 857 2133 890 multi
2152 854 2319 890 haeredes

1340 906 1430 938 vitae
1447 914 1606 940 aeternae
1622 908 1809 941 crudeliter
1827 908 2146 951 interficiebantur,
2173 914 2207 941 et
2223 907 2320 940 mili-

1341 963 1414 990 tum
1443 958 1634 1000 petulantia
1664 958 1899 1001 dissipabatur
1921 958 2118 1002 disciplina.
2172 956 2317 991 Interim

1342 1013 1474 1048 tamen,
1492 1016 1528 1040 ut
1547 1015 1686 1051 possent
1702 1020 1842 1041 manere
1860 1009 2018 1042 doctrina
2037 1016 2069 1042 et
2084 1008 2208 1046 cultus,
2224 1006 2319 1041 Deus

1343 1057 1379 1089 in
1404 1059 1569 1090 inferiore
1593 1059 1835 1092 iurisdictione
1865 1059 1975 1092 voluit
2001 1058 2138 1092 Iudaeis
2162 1056 2320 1092 αὐτονο-

1341 1107 1434 1152 μίαν
1458 1109 1620 1148 concedi,
1647 1109 1737 1142 sicut
1753 1120 1848 1142 nunc
1869 1110 1933 1143 sub
1953 1109 2080 1143 Turcis
2099 1115 2180 1142 sunt
2195 1107 2319 1142 Eccle-

1342 1160 1410 1193 siae
1431 1160 1468 1192 in
1485 1159 1604 1192 multis
1624 1159 1719 1192 locis.

1442 1209 1520 1243 Hoc
1542 1211 1649 1253 igitur
1672 1209 1828 1253 exemplo
1845 1209 2036 1248 discamus,
2064 1221 2138 1243 non
2155 1207 2321 1243 humanis

1343 1261 1499 1294 consiliis
1516 1268 1575 1294 aut
1593 1260 1727 1293 viribus
1744 1261 1874 1293 servari
1893 1259 2085 1301 Ecclesias,
2104 1267 2137 1294 et
2154 1272 2232 1293 cum
2249 1271 2321 1293 ser-

1344 1312 1452 1345 vitute
1465 1311 1719 1359 opprimimur,
1745 1311 1894 1344 sciamus
1913 1318 2078 1354 tanquam
2097 1322 2244 1353 poenam
2267 1317 2323 1344 to-

1345 1363 1522 1394 lerandam
1546 1374 1636 1402 esse,
1664 1374 1727 1394 nee
1749 1368 1864 1394 tamen
1887 1368 2070 1408 propterea
2093 1360 2283 1394 Ecclesiam
2302 1372 2322 1394 a

1344 1411 1418 1444 Deo
1437 1413 1603 1445 abiectam
1624 1423 1713 1450 esse,
1749 1419 1806 1444 aut
1824 1412 1899 1444 sine
1915 1412 2055 1444 custode
2071 1423 2153 1446 esse.
2205 1410 2322 1453 Vaga-

1344 1464 1473 1495 bantur
1489 1469 1522 1495 et
1539 1463 1599 1494 illo
1617 1469 1789 1505 tempore,
1817 1468 1850 1494 et
1872 1469 1970 1494 antea
1992 1462 2027 1493 in
2049 1461 2172 1494 Iudaea
2191 1461 2322 1494 exerci-

1345 1520 1398 1546 tus
1416 1510 1587 1551 Parthici,
1614 1511 1786 1551 Romani,
1814 1510 2027 1552 Ilerodiani,
2054 1524 2091 1544 ac
2110 1512 2237 1544 mirum
2262 1518 2324 1553 est,

1345 1565 1381 1596 in
1401 1564 1505 1596 tantis
1523 1563 1713 1596 latrociniis
1732 1569 1846 1595 tamen
1864 1563 2021 1594 defensas
2038 1573 2129 1602 esse,
2156 1570 2189 1596 et
2205 1573 2323 1595 serva-

1345 1621 1397 1647 tas
1415 1614 1584 1655 virgines,
1611 1620 1643 1645 et
1661 1620 1837 1646 matronas
1856 1612 1968 1645 Deum
1988 1625 2067 1645 vere
2090 1613 2259 1653 colentes,
2283 1619 2324 1646 ut

1346 1662 1546 1703 Elizaheth,
1573 1661 1734 1700 Annam,
1763 1662 1931 1703 Mariam,
1957 1668 1990 1695 et
2012 1662 2096 1695 alias
2120 1663 2326 1696 innumera-

1347 1716 1444 1749 biles.
1487 1713 1533 1747 Ut
1550 1714 1656 1754 igitur
1671 1714 1718 1757 pii
1734 1721 1817 1746 tunc
1833 1713 1959 1746 servati
1976 1720 2076 1753 sunt,
2095 1719 2127 1746 et
2143 1714 2324 1746 defensum

1347 1773 1395 1798 est
1414 1765 1647 1797 ministerium
1661 1791 1668 1804 ,
1712 1763 1762 1797 Ita
1778 1763 1926 1802 sciamus
1943 1775 2037 1796 nunc
2055 1773 2194 1808 quoque
2211 1762 2326 1797 Deum

1348 1815 1520 1849 Ecclesias
1535 1821 1753 1848 servaturum
1771 1825 1843 1847 esse
1854 1841 1863 1854 ,
1879 1814 2015 1847 etiarnsi
2031 1814 2161 1847 fuerint
2181 1825 2326 1858 oppres-

1347 1879 1403 1900 sae
1421 1867 1597 1900 servitute.
1641 1863 1686 1898 Et
1703 1865 1846 1910 quidem
1863 1864 2057 1907 exemplum
2075 1864 2188 1907 gentis
2208 1863 2326 1898 Iudai-

1348 1930 1406 1950 cae
1423 1917 1610 1959 significat,
1649 1915 1751 1948 etiam
1778 1927 1873 1948 nunc
1897 1915 2080 1959 postremis
2110 1916 2326 1958 temporibus

1349 1969 1472 2001 duram
1496 1975 1528 2001 et
1550 1967 1682 2000 tristem
1704 1965 1907 1999 servitutem
1927 1966 2080 1999 futuram
2101 1976 2192 2007 esse,
2219 1977 2327 2011 quam

1348 2025 1385 2051 ut
1404 2017 1498 2051 Deus
1515 2017 1669 2061 mitiget,
1695 2027 1846 2049 oremus.

1684 2165 1818 2219 Caput
1892 2165 2013 2206 XIX.

1452 2273 1560 2309 Actus
1577 2281 1722 2320 quartus
1743 2274 1816 2306 fere
1840 2273 1882 2306 ab
1901 2270 2007 2305 horae
2022 2277 2136 2305 sextae
2153 2271 2254 2306 initio
2270 2284 2328 2306 ex-

1352 2325 1510 2364 ordiens,
1529 2326 1684 2359 continet
1702 2322 1806 2357 horas
1821 2330 1906 2363 tres,
1923 2330 1955 2356 et
1970 2322 2150 2367 aliquanto
2166 2323 2329 2366 amplius.

1353 2375 1439 2409 Nam
1466 2375 1628 2410 Christus
1660 2374 1746 2409 hora
1770 2386 1862 2407 nona
1887 2380 2045 2406 mortuus
2069 2379 2139 2413 est,
2179 2385 2329 2418 cumque

1350 2427 1482 2460 fuerint
1500 2425 1606 2460 horae
1619 2422 1782 2470 καιρικαὶ
1797 2425 1943 2458 usitatae
1961 2435 2002 2456 eo
2023 2430 2180 2466 tempore
2198 2431 2329 2458 sextam

1350 2478 1499 2510 sciamus
1515 2489 1587 2511 esse
1605 2477 1832 2510 meridianam
1851 2472 1990 2513 horam,
2018 2473 2147 2506 deinde
2164 2486 2248 2508 vero
2264 2487 2331 2508 no-

1351 2540 1430 2561 nam
1443 2555 1452 2569 ,
1477 2540 1565 2573 quae
1581 2528 1684 2561 nobis
1699 2534 1748 2560 est
1764 2538 1782 2559 a
1800 2525 1948 2558 meridie
1966 2524 2078 2558 tertia.
2131 2523 2331 2559 Continen-

1349 2585 1406 2611 tur
1427 2586 1542 2612 autem
1559 2579 1595 2611 in
1618 2576 1683 2611 hoc
1698 2584 1774 2611 actu
1791 2575 2037 2609 condemnatio
2062 2575 2149 2609 sacta
2166 2586 2185 2609 a
2203 2574 2332 2617 Pilato,

1347 2630 1557 2672 supplicium
1573 2627 1724 2666 Christi,
1752 2627 1843 2660 dicta
1868 2626 1943 2659 eius
1969 2626 2004 2658 in
2028 2637 2150 2665 cruce,
2176 2637 2272 2659 mors
2296 2634 2330 2661 et

1590 2679 1699 2725 Saepe
1716 2684 1832 2712 autem
1854 2677 1923 2710 iam
1941 2676 2074 2711 dictum
2096 2682 2164 2718 est,
2191 2677 2331 2720 magni-
