2415 2942
306 98 378 132 815

309 185 453 216 xerbnin
486 180 673 215 iustificare
705 177 922 222 interpretati
956 183 1057 217 sunt,
1104 176 1290 209 infundere

311 236 473 272 inanes,
503 238 541 264 ut
565 231 592 263 si
619 229 791 269 dicerent,
827 227 1021 262 Calesacere
1040 227 1210 270 significat
1235 226 1290 259 in-

310 285 455 317 fundere
482 281 644 314 calorem.

409 331 485 365 Etsi
505 338 621 365 autem
641 341 779 363 necesse
798 336 848 362 est
866 339 973 360 novas
994 328 1139 362 virtutes
1166 327 1201 360 in
1225 339 1289 360 no-

311 384 363 416 bis
381 383 539 422 accendi,
556 390 592 415 ut
610 393 709 425 saepe
728 381 794 412 iam
814 380 945 412 dictum
967 386 1032 419 est,
1049 387 1162 413 tamen
1184 376 1289 422 phra-

311 435 355 466 sis
372 434 406 465 in
425 431 478 465 liis
496 432 790 476 appellationibus
815 430 882 462 alia
908 436 966 462 est.
1021 429 1108 462 Nam
1132 428 1290 471 Evange-

313 485 397 516 lium
430 484 530 516 aliter
555 485 598 515 de
638 482 772 515 iusticia
799 480 972 524 loquitur,
1015 493 1118 525 quam
1138 479 1207 512 Lex
1232 486 1290 512 aut

315 532 555 576 Philosophia.
605 531 693 566 Cum
719 539 776 566 tua
795 543 893 564 mens
915 531 1072 573 angitur,
1101 543 1143 563 an
1167 530 1212 562 sis
1237 530 1290 562 in-

316 592 404 624 stus,
438 596 510 617 non
535 581 600 616 hoc
626 582 867 629 principaliter
892 582 1090 626 quaeritur,
1115 593 1202 624 quae
1220 580 1291 612 sint

316 638 351 668 in
385 637 488 667 corde
522 634 717 679 qualitates-

868 90 996 125 PHIL.
1025 90 1139 127 MEL.
1167 88 1375 125 SCRIPTA
1405 88 1699 143 EXEGETICA.

789 631 862 665 lino
902 643 982 665 vero
1022 631 1133 663 cernis
1171 630 1318 676 etiamst

2240 96 2313 131 816

1340 176 1436 209 culos
1455 176 1497 209 ad
1517 173 1600 209 haec
1616 176 1780 210 beneficia
1798 178 1937 214 referre.
1963 179 2007 214 Et
2023 179 2154 219 Paulus
2163 179 2268 216 Rom.
2281 181 2317 216 4.

1340 227 1521 260 manifeste
1536 227 1704 267 affirmat,
1737 239 1771 260 se
1789 229 1831 261 de
1847 240 1884 260 ea
1905 229 1970 262 fide
1987 230 2102 275 loqui,
2128 243 2216 276 quae
2233 244 2314 276 pro-

1341 277 1543 310 missionem
1567 278 1798 321 amplectitur.
1855 277 1949 311 Haec
1972 287 2086 314 autem
2108 289 2157 316 est
2177 282 2315 324 fiducia,

1341 340 1407 372 qua
1434 328 1622 373 acquiescit
1654 340 1752 361 mens
1784 329 1820 361 in
1846 328 1918 361 filio
1942 327 2025 368 Dei,
2065 338 2218 366 statuens
2241 345 2315 367 non

1341 385 1476 412 tantum
1509 379 1586 412 aliis
1616 379 1844 423 quibusdam,
1887 381 1944 412 sed
1973 379 2056 413 Tibi
2089 381 2154 425 ipsi
2183 384 2316 418 remitti

1342 436 1488 473 peccata.

1443 479 1623 513 'l‘eneatur
1648 491 1728 523 ergo
1748 479 1895 512 docendi
1915 492 2014 513 causa
2037 478 2120 514 haec
2141 482 2316 520 definitio:

1344 529 1445 562 Fides
1463 537 1512 563 est
1530 542 1705 569 assensus,
1739 543 1807 576 qno
1832 531 1937 563 verbo
1956 530 2019 564 Dei
2038 532 2140 565 nobis
2174 534 2317 576 tradito,

1342 587 1443 625 atque
1464 581 1510 614 ita
1529 581 1753 623 promissioni
1770 581 2063 614 reconciliationis
2082 583 2185 615 etiam
2202 595 2319 618 assen-

1343 631 1466 663 timur:
1514 639 1548 664 et
1572 638 1617 663 est
1646 632 1791 672 fiducia,
1834 634 2055 676 acquiescens
2079 633 2114 666 in
2144 633 2216 668 filio
2241 633 2320 675 Dei,

314 697 472 728 magnam
491 697 562 718 esse
579 683 839 716 immunditiem
860 682 994 722 cordiS,
1022 684 1078 713 sed
1099 679 1162 713 hoc
1187 692 1292 725 quae-
1316 685 1319 707 t
1346 682 1437 714 iuxta
1466 682 1743 725 promissionem.

316 737 422 772 ritur,
456 748 499 768 an
517 736 562 768 sis
581 742 738 778 acceptus
757 732 849 770 Deo,
877 744 920 763 an
938 730 1032 764 Deus
1057 739 1088 764 te
1113 731 1290 774 receperit,

315 800 358 819 an
382 786 552 819 remiserit
578 786 640 818 tibi
665 790 813 827 peccata.

317 894 433 930 ceptus
450 885 523 919 Deo
543 887 584 918 ad
611 886 716 918 vitam
740 892 925 918 aeternam.

318 938 502 970 iustificare
519 936 687 978 significat
705 935 884 967 absolvere
900 946 916 965 a
935 935 1091 977 peccatis,
1104 941 1133 966 et
1153 934 1295 972 iustum,

317 990 352 1022 id
374 995 440 1024 est,
469 994 645 1029 acceptum
665 992 825 1028 reputare
843 996 901 1017 sen
926 985 1179 1027 pronunciare,
1207 984 1294 1016 sicut

319 1040 514 1083 plerunque
554 1038 590 1069 in
628 1036 758 1069 sorensi
789 1046 950 1067 sermone
989 1035 1122 1067 etiamsi
1158 1033 1295 1079 loquuti

320 1096 398 1121 sunt
428 1087 574 1127 Ebraei,
610 1096 647 1120 ut
671 1087 698 1119 si
725 1086 900 1123 dicerent,
936 1084 1090 1129 Populus
1114 1084 1297 1119 Romanus

319 1139 516 1171 instificavit
541 1138 741 1184 Scipionem
769 1142 964 1169 accusatum
991 1149 1009 1169 a
1035 1136 1220 1175 Tribuno,
1262 1136 1296 1168 id

319 1199 388 1229 est,
425 1189 669 1232 pronunciaxit
696 1188 835 1222 iustum.

421 1239 511 1272 Cum
538 1239 643 1281 igitur
665 1238 860 1284 quaeritur,
897 1248 940 1268 an
966 1236 1033 1269 fide
1060 1236 1298 1276 iustificemur,

322 1304 393 1324 non
410 1288 475 1323 boc
494 1290 691 1334 quaeritur,
719 1302 762 1321 an
779 1289 850 1321 sola
867 1288 950 1320 fides
967 1287 1003 1319 in
1021 1289 1126 1321 corde
1144 1288 1208 1328 sit,
1237 1287 1297 1320 sed

323 1355 366 1375 an
392 1341 559 1388 receperit
583 1352 646 1372 nos
666 1340 775 1379 Deus,
807 1351 850 1370 an
875 1337 1046 1370 remiserit
1066 1345 1219 1381 peccata,
1253 1349 1298 1370 an

323 1394 431 1426 simus
459 1391 587 1433 accepti
620 1398 760 1433 propter
790 1389 900 1421 filium
929 1386 1013 1427 Dei,
1053 1400 1124 1421 non
1156 1395 1299 1431 propter

323 1443 505 1488 qualitates
538 1448 682 1473 nostras.
745 1439 788 1472 Et
818 1447 933 1472 tamen
967 1451 1045 1471 cum
1075 1450 1216 1471 accensa
1249 1445 1298 1472 est

322 1495 406 1526 fides
421 1518 428 1531 ‚
466 1504 533 1536 qna
553 1492 771 1532 agnoscimus
790 1490 899 1522 filium
927 1489 1012 1529 Dei,
1047 1497 1079 1522 et
1099 1490 1299 1532 promissio-

325 1555 403 1576 nem
423 1542 683 1586 amplectimur,
711 1552 847 1573 necesse
873 1545 924 1572 est
949 1540 1072 1572 multas
1091 1540 1235 1573 virtutes
1251 1540 1299 1572 si-

325 1594 398 1627 mul
422 1604 503 1627 esse.
555 1592 642 1625 Nam
670 1591 795 1624 fiducia
827 1590 1048 1634 acquiescens
1073 1590 1108 1622 in
1135 1589 1226 1630 Deo,
1268 1596 1300 1623 et

326 1645 461 1687 erigens
479 1643 583 1675 corda
602 1643 638 1674 in
656 1643 746 1675 veris
771 1641 977 1685 pavoribus,
1005 1652 1224 1685 nequaquam
1251 1646 1301 1673 est

325 1696 398 1728 sine
424 1693 631 1732 dilectione,
671 1693 746 1726 sine
779 1692 1019 1731 invocatione,
1062 1692 1137 1724 sine
1159 1691 1301 1730 timore,

324 1753 357 1778 et
381 1752 429 1778 est
455 1751 569 1778 motus
596 1743 768 1784 clamans,
802 1749 840 1776 ut
863 1741 993 1775 Paulus
1024 1742 1157 1786 inquit:
1198 1742 1301 1775 Abba

322 1796 435 1830 Pater.

426 1845 566 1884 Postea,
600 1855 677 1877 cum
705 1843 748 1876 de
771 1840 951 1886 Operibus
981 1843 1129 1881 dicitur,
1158 1843 1235 1887 quis
1259 1843 1303 1875 sit

324 1909 406 1931 usus
430 1897 635 1933 verborum,

325 1947 567 1989 grammaticae
603 1944 703 1977 facile
735 1944 923 1984 iudicabit,
962 1951 1000 1977 ut
1043 1956 1121 1976 cnm
1158 1944 1301 1976 dicitur:

325 1998 403 2031 Non
421 1997 597 2030 auditores
615 1995 717 2037 legis,
745 1996 801 2026 sed
823 1995 967 2027 factores
987 1995 1238 2033 iustificantur,
1267 1994 1301 2026 id

325 2057 393 2086 est,
422 2046 703 2093 pronunciantur
722 2043 886 2077 babentes
903 2045 997 2076 illam
1017 2045 1100 2087 legis
1120 2045 1301 2077 iusticiam.

580 2127 640 2158 De
672 2127 873 2156 vocabulo
904 2126 1035 2156 Fidei.

424 2198 495 2232 Etsi
522 2197 798 2241 pertinacissime
823 2203 855 2229 et
877 2196 951 2228 sine
974 2196 1046 2228 ullo
1064 2195 1130 2228 fine
1155 2203 1300 2228 conten-

325 2253 410 2284 dunt
429 2248 634 2285 adversarii,
666 2248 731 2279 fide
755 2253 891 2279 tantum
912 2247 1097 2289 significari
1124 2247 1299 2287 noticiam,

325 2309 440 2334 tamen
466 2306 554 2332 certa
579 2305 610 2330 et
633 2299 774 2330 immota
798 2297 924 2329 veritas
951 2304 1015 2335 est,
1044 2298 1079 2329 in
1105 2295 1169 2329 boc
1189 2297 1297 2330 dicto:

325 2452 482 2486 omnium
508 2449 735 2482 articulorum
763 2449 863 2489 fidei,
914 2456 946 2482 et
970 2449 1131 2481 fiduciam
1156 2449 1295 2493 acquie-

324 2508 473 2536 scentem
492 2500 526 2531 in
547 2500 795 2542 promissione,
824 2511 911 2544 quae
926 2506 958 2532 et
976 2499 1047 2542 ipsa
1065 2498 1295 2543 comprehen-

323 2555 417 2586 ditur
439 2551 474 2583 in
495 2549 650 2582 articulis
666 2549 845 2594 Symboli,
872 2550 1015 2583 scilicet:
1043 2548 1156 2583 Credo
1174 2551 1295 2584 remis-

319 2605 451 2637 sionem
484 2606 726 2645 peccatorum‚
766 2601 879 2632 carnis
911 2601 1226 2642 resurrectionem,
1264 2608 1296 2635 et

322 2655 426 2687 vitam
451 2658 634 2685 aeternam.
695 2649 838 2683 Necesse
864 2658 912 2684 est
938 2652 1029 2683 enim
1056 2652 1186 2695 priores
1209 2652 1292 2686 arti-

871 780 934 814 Est
960 782 1065 825 igitur
1090 781 1292 826 principalis
1318 821 1320 831 A

315 837 520 879 significatio
538 835 697 867 vocabuli
713 832 826 866 Iustus
844 832 881 864 in
901 829 965 865 hac
987 833 1189 877 quaestione
1202 859 1210 872 ,
1236 843 1292 864 ac·
1318 834 1321 868 l

981 883 1065 916 inde
1091 890 1122 915 et
1147 883 1292 915 verbum
1319 873 1322 907 l
1812 914 1817 921 .
1863 914 1867 920 ,

1319 912 1322 957 l
1397 910 1542 946 Paulus
1567 924 1689 946 servus
1721 909 1865 947 Christe
1891 920 2036 948 vocatus
2061 913 2270 963 Apostolus.

676 1894 787 1926 iustus
811 1901 842 1927 et
867 1894 1064 1931 iustificari,
1108 1905 1178 1926 non
1205 1893 1303 1926 rudis
1328 1907 1329 1911 ¹

1323 2234 1326 2262 l

325 2351 437 2385 Iustus
456 2351 521 2382 fide
545 2360 604 2382 sua
623 2348 726 2383 vivet.
770 2346 871 2380 item:
900 2347 985 2380 Fide
1003 2347 1240 2387 iustificamnr,
1264 2355 1297 2382 et
1321 2344 1324 2406 l

323 2401 519 2439 similibus,
562 2399 704 2431 nomine
737 2397 836 2431 Fidei
868 2398 1051 2442 complecti
1075 2405 1105 2431 et
1132 2399 1296 2432 noticiam
1321 2410 1322 2424 1
1349 2398 1356 2405 '

1727 839 1862 892 Caput
1901 842 1932 881 Ι.

1447 979 1667 1025 Epigrapha,
1707 988 1746 1015 ut
1769 981 1806 1015 fit
1833 981 1868 1014 in
1897 980 2085 1025 Epistolis‚
2126 985 2323 1028 praeposita

1322 1052 1323 1071 3
1349 1040 1406 1067 est.
1459 1032 1504 1065 Et
1530 1038 1671 1075 propter
1693 1043 1836 1074 magnas
1857 1044 1976 1065 causas
2000 1034 2126 1067 inserta
2153 1041 2202 1067 est
2225 1047 2325 1068 men-

1322 1073 1325 1129 l
1351 1085 1398 1117 tio
1426 1083 1529 1115 officii
1553 1089 1586 1115 et
1610 1082 1801 1116 doctrinae,
1862 1081 2006 1116 Necesse
2031 1091 2080 1118 est
2106 1085 2142 1117 in
2170 1083 2323 1120 Ecclesia

1324 1135 1325 1138 ’
1350 1134 1500 1167 discerni
1524 1133 1723 1166 vocationes
1749 1144 1807 1165 seu
1833 1134 2003 1167 doctores.
2064 1133 2114 1168 Ac
2137 1135 2226 1169 sicut
2252 1136 2323 1170 Deo

1322 1177 1326 1224 l
1351 1186 1434 1228 ipsi,
1475 1196 1535 1217 sua
1559 1195 1642 1216 voce
1665 1184 1886 1216 concionanti
1915 1184 1948 1216 in
1975 1183 2158 1226 Paradiso,
2201 1186 2256 1219 vel
2281 1187 2324 1220 ad

1323 1249 1326 1284 ἶ
1351 1233 1529 1268 Abraham
1543 1261 1552 1275 ,
1577 1241 1636 1266 aut
1653 1232 1810 1272 Moisen‚
1838 1241 1872 1267 et
1890 1234 1978 1268 sicut
1997 1235 2061 1278 ipsi
2085 1236 2157 1269 filio
2176 1235 2240 1270 Dei
2263 1248 2324 1270 sua

1323 1288 1325 1315 ἑ
1350 1298 1433 1319 voce
1456 1284 1700 1325 concionanti,
1728 1285 1820 1317 credi
1846 1297 1981 1318 necesse
2006 1292 2073 1327 est,
2109 1293 2141 1320 et
2165 1287 2225 1320 illa
2252 1287 2326 1332 ipsa

1323 1318 1326 1379 l
1350 1349 1414 1369 vox
1440 1336 1558 1368 divina
1580 1341 1673 1375 rata,
1716 1336 1815 1368 firma
1842 1342 1873 1368 et
1904 1336 2132 1370 immutabilis
2165 1344 2237 1371 est:
2277 1338 2327 1370 sic

1325 1383 1326 1386 ¹
1350 1384 1534 1430 Prophetis
1550 1392 1583 1418 et
1600 1385 1778 1428 Apostolis
1794 1385 1887 1418 credi
1906 1398 2040 1419 necesse
2059 1393 2128 1428 est,
2150 1387 2230 1432 quia
2252 1399 2324 1420 non

1324 1478 1325 1484 ἵ
1349 1438 1496 1480 gignunt
1520 1436 1585 1480 ipsi
1610 1447 1741 1469 novum
1766 1447 1873 1479 genus
1905 1437 2101 1475 doctrinae,
2144 1438 2202 1469 sed
2234 1438 2324 1471 acci-

1324 1488 1326 1514 ῐ
1351 1489 1453 1531 ρὶυηι
1478 1494 1568 1520 certa
1594 1488 1756 1525 mandata
1774 1499 1792 1519 a
1810 1485 1902 1527 Deo,
1938 1484 2020 1519 haec
2040 1495 2184 1527 sonant,
2212 1495 2244 1521 et
2261 1489 2323 1520 ad-

1324 1529 1327 1551 l
1350 1540 1400 1571 dit
1417 1538 1614 1571 testimonia
1633 1536 1746 1576 Deus,
1766 1538 1859 1580 quod
1879 1549 1949 1568 non
1968 1544 2102 1575 errent,
2123 1538 2210 1571 sicut
2228 1537 2324 1571 Moi-

1325 1575 1328 1597 l
1350 1601 1402 1621 ses
1428 1589 1576 1621 subinde
1605 1587 1728 1630 repetit
1756 1585 1822 1619 hoc
1845 1587 2051 1619 exordium:
2097 1588 2251 1622 Locutus
2275 1596 2325 1622 est

1326 1638 1526 1686 {Dominus
1552 1637 1646 1670 Deus
1678 1643 1740 1670 etc.
1808 1636 1865 1670 Sic
1896 1637 2003 1680 igitur
2026 1638 2192 1671 audiendi
2224 1645 2324 1678 sunt,

1326 1687 1328 1705 l
1351 1690 1438 1722 sicut
1456 1701 1521 1721 vox
1538 1687 1603 1721 Dei
1622 1699 1751 1720 sonans
1768 1689 1810 1720 de
1827 1687 1941 1727 coelo,
1969 1695 2001 1722 et
2019 1689 2219 1722 confirmata
2242 1689 2325 1723 illu-

1352 1741 1481 1772 stribus
1512 1738 1731 1771 testimoniis.
1783 1737 1827 1771 Et
1852 1750 1988 1771 necesse
2020 1746 2086 1777 est,
2131 1739 2180 1772 eis
2202 1752 2324 1773 omnes

1351 1789 1512 1823 homines
1535 1789 1712 1829 assentiri,
1739 1795 1771 1822 et
1792 1789 1881 1822 nulli
1899 1796 2076 1822 creaturae
2099 1789 2179 1823 licet
2202 1802 2324 1824 eorum

1351 1841 1547 1874 doctrinam
1569 1847 1716 1874 mutare.

1327 1925 1329 1928 r
1454 1891 1590 1924 Deinde
1607 1902 1688 1923 vero
1705 1902 1722 1923 a
1739 1886 1923 1932 Prophetis
1938 1895 1969 1922 et
1987 1887 2168 1933 Apostolis
2183 1890 2244 1922 alii
2261 1891 2324 1923 do—

1326 1929 1329 1972 l
1351 1949 1462 1976 ctores
1486 1942 1638 1984 accipere
1665 1952 1784 1973 vocem
1807 1941 1951 1982 debent,
1977 1946 2009 1973 et
2033 1937 2121 1972 hanc
2137 1951 2243 1973 unam
2267 1952 2324 1974 so-

1326 2022 1328 2043 Ι
1352 2005 1454 2030 nare,
1497 2000 1528 2025 et
1554 1990 1644 2024 hanc
1672 2003 1749 2023 cnm
1776 1997 1918 2031 sonant,
1949 1997 2040 2023 recte
2066 1991 2203 2026 docent.
2254 1990 2325 2025 Sed

1326 2069 1328 2085 ;
1352 2044 1452 2076 multi
1469 2044 1512 2076 ab
1532 2040 1594 2074 hac
1611 2054 1693 2074 voce
1712 2041 1917 2081 discedunt,
1946 2047 1978 2073 et
1999 2040 2062 2073 alia
2082 2043 2125 2073 de
2140 2052 2203 2074 sno
2222 2041 2324 2074 affin-

1326 2087 1470 2137 *gentes
1497 2099 1626 2127 errant.
1681 2091 1870 2126 Sciendum
1901 2097 1949 2124 est
1982 2091 2104 2134 igitur,
2138 2090 2322 2136 Episcopis

1351 2145 1403 2177 vel
1422 2144 1624 2177 doctoribus
1646 2143 1739 2183 aliis,
1766 2148 1902 2185 praeter
1919 2140 2053 2183 Deum,
2080 2140 2271 2186 Prophetas
2289 2149 2321 2175 et

1349 2194 1555 2239 Apostolos,
1583 2206 1655 2227 non
1682 2193 1873 2226 necessario
1898 2193 2110 2226 credendum
2134 2204 2223 2233 esse,
2250 2191 2318 2224 nisi

1349 2253 1519 2290 qnatenus
1540 2246 1636 2277 illam
1662 2244 1771 2288 ipsam
1798 2255 1916 2276 vocem
1942 2242 2025 2284 Dei,
2064 2240 2317 2286 Prophetarum

1347 2304 1380 2330 et
1404 2295 1656 2341 Apostolorum
1682 2295 1839 2328 recitant.

1447 2348 1499 2381 Ac
1515 2347 1650 2380 erudite
1668 2352 1853 2379 teneantur
1876 2343 2088 2377 discrimina.
2141 2339 2320 2387 Propheta

1348 2410 1383 2430 in
1409 2398 1541 2442 populo
1564 2397 1692 2437 Israe'l,
1736 2404 1784 2429 est
1810 2406 1954 2439 persona
1977 2393 2174 2426 immediate
2196 2404 2214 2426 a
2239 2393 2317 2427 Deo

1347 2455 1466 2482 vocata
1484 2450 1525 2482 ad
1546 2449 1741 2481 docendum
1761 2453 1791 2479 et
1815 2445 2059 2478 illustrandum
2076 2441 2320 2487 Evangelium,

1347 2498 1479 2533 habens
1505 2498 1760 2537 testimonium,
1801 2495 1895 2540 qnod
1917 2507 1987 2527 non
2013 2501 2123 2538 erret,
2163 2502 2195 2528 et
2213 2495 2316 2528 missa

1346 2551 1389 2584 ad
1409 2550 1635 2593 gubernanda
1658 2548 1773 2592 aliqua
1798 2546 1939 2591 politica
1964 2545 2128 2584 consilia,
2159 2552 2197 2579 ut
2219 2544 2315 2578 Moi-

1346 2613 1418 2642 ses,
1458 2600 1617 2644 Samuel,
1659 2598 1772 2639 Elias,
1815 2595 1991 2637 Elisaeus,
2031 2594 2151 2630 Esaias
2170 2623 2178 2637 ,
2223 2594 2315 2629 lere-

1319 2682 1323 2691 ,
1346 2652 1432 2685 inias
1455 2660 1518 2685 etc.
