2415 2942
302 101 398 139 1039

305 201 345 223 ex
361 188 440 221 sinu
458 182 588 218 aeterni
609 179 714 226 patris
727 207 735 217 .
763 185 794 213 et
815 178 1016 212 immediate
1032 179 1067 211 in
1084 177 1282 211 ministerio

306 247 355 273 est
372 238 509 274 efficax,
534 234 620 266 sicut
642 231 774 275 inquit:
805 229 913 263 Nemo
940 230 1036 262 novit
1063 238 1193 272 patrem
1218 229 1282 260 nisi

307 290 419 326 filius,
445 292 477 318 et
501 284 557 316 cui
576 282 669 317 filius
696 282 788 315 volet
813 280 978 314 revelare.
1034 277 1279 323 Appreliendi-

308 347 365 372 tur
384 349 463 378 ergo
483 333 576 368 Deus
593 334 719 372 verbo,
756 339 786 364 et
807 332 966 364 nondum
987 331 1203 375 conspicitur
1226 343 1286 373 pa-

309 390 377 422 lam
404 385 550 419 essentia
575 382 782 416 divinitatis.

410 437 478 471 Sed
505 442 583 479 post
611 432 701 466 lianc
735 433 842 465 vitam
875 431 1110 475 conspicietur
1138 431 1286 463 essentia

310 486 506 522 divinitatis
522 485 732 521 immediate,
750 494 820 515 non
841 494 900 525 per
916 483 1149 514 ministerium
1171 480 1286 514 Evan-

312 539 404 583 gelii.
460 536 497 569 ld
524 534 682 568 nominat
703 533 833 566 Paulus
859 544 1004 574 reguum
1025 532 1089 565 Dei
1115 539 1146 565 et
1172 532 1291 575 patris·

313 589 406 633 Quia
437 594 521 621 tnnc
552 585 698 618 essentia
732 583 927 616 divinitatis
962 583 1217 627 conspicietur,
1260 589 1289 614 et

312 647 387 683 aget
405 636 623 675 immediate,
651 646 721 667 non
747 646 808 677 per
834 633 1067 666 ministerium
1096 631 1293 675 Evangelii,

314 697 345 724 et
365 689 429 722 erit
445 686 539 721 Deus
555 686 672 718 omnia
693 685 727 717 in
746 684 922 717 munibus.

416 738 614 780 Diligent··r
630 743 742 768 autem
762 734 916 775 singulw
942 731 1131 774 particulae
1148 732 1184 764 in
1202 731 1294 764 dicto

316 790 441 826 Esaiae
468 788 750 821 considerentur:
787 784 824 816 ln
845 784 918 828 ipso
937 781 1070 815 Gentes
1094 783 1297 826 sperabunt.

317 841 448 875 Paulus
479 845 579 879 urget
609 835 880 880 adpellationem
914 832 1105 872 Gentium,
1147 845 1185 865 ac
1216 833 1295 865 citat

318 892 410 925 inter
426 888 646 930 testimonia,
666 898 752 931 quae
771 885 957 917 adfirmant
976 882 1207 925 Evaiig‹·liurn
1227 895 1297 915 non

318 948 454 975 tantum
481 939 524 970 ad
545 949 603 970 eos
623 937 817 981 pertinere,
845 935 905 980 qui
925 934 997 967 nati
1016 943 1095 967 sunt
1115 947 1153 967 ex
1169 934 1300 966 semine

319 992 432 1026 lacot).
486 987 623 1022 Deinde
642 988 785 1019 verbum
805 985 966 1029 sperandi
984 992 1183 1028 opponatur
1201 985 1299 1017 dam-

319 1040 475 1080 nationi,
519 1047 551 1073 et
583 1035 902 1082 comprehendatur
933 1047 1066 1068 summa
1096 1035 1299 1080 promissio-

319 1104 424 1132 num,
452 1090 630 1127 videlicet,
665 1089 757 1121 mitti
784 1087 894 1120 filium
921 1085 1008 1127 Dei,
1037 1093 1074 1119 ut
1100 1093 1204 1129 caput
1230 1097 1300 1118 ser-

320 1143 434 1188 pentis
452 1147 623 1174 conterat.
679 1138 783 1177 ltem,
811 1145 849 1171 ut
867 1139 1021 1170 destruat
1046 1148 1192 1179 regnum
1226 1137 1300 1169 dia-

319 1194 410 1233 boli,
437 1192 549 1224 deleat
573 1197 750 1234 peccatum
768 1196 799 1222 et
816 1196 983 1225 mortem,
1012 1195 1043 1221 et
1066 1187 1224 1220 restituat
1248 1187 1301 1219 iu-

319 1245 453 1279 sticiam
481 1249 514 1275 et
540 1242 645 1274 vitam
673 1248 863 1274 aeternam.
928 1237 1023 1271 Haec
1050 1239 1141 1270 dona
1174 1239 1304 1270 dantur

322 1301 465 1339 propter
492 1292 603 1324 filium
630 1291 712 1329 Dei,
752 1297 784 1322 et
817 1301 878 1332 per
903 1301 982 1321 eum
1015 1289 1237 1321 credentibus
1267 1288 1303 1320 in

324 1346 451 1389 ipsum.
504 1341 588 1375 ldeo
614 1341 746 1385 inquit:
777 1339 977 1383 Sperabunt
996 1339 1032 1370 in
1052 1351 1152 1378 eum,
1178 1339 1304 1371 videli-

327 1402 400 1434 cet,
429 1400 468 1427 ut
493 1390 578 1425 baec
602 1392 694 1424 bona
720 1390 910 1432 accipiant,
939 1389 1026 1421 sicut
1051 1396 1085 1421 et
1110 1389 1144 1419 in
1162 1388 1302 1421 Psalmo

327 1446 471 1480 dicitur:
514 1442 612 1475 Beati
637 1452 758 1474 omnes
784 1439 844 1484 qui
867 1439 1048 1471 confidunt
1071 1439 1106 1471 in
1131 1450 1182 1471 eo.
1244 1437 1306 1470 Est

324 1507 405 1539 ergo
442 1505 587 1537 regnum
624 1489 903 1529 consolationis,
951 1500 1024 1520 non
1058 1488 1305 1522 damnationis.

325 1546 370 1580 Et
398 1545 513 1578 cultus
538 1542 671 1587 proprii
695 1540 799 1574 huius
823 1540 920 1582 regui
947 1546 1047 1578 sunt,
1082 1539 1185 1577 fides,
1219 1549 1306 1581 spes,

326 1595 516 1635 consessio,
551 1593 740 1636 gratiarum
765 1590 872 1628 actio,
906 1589 1101 1627 invocatio,
1137 1599 1305 1632 propaga-

325 1648 375 1681 tio
408 1643 604 1687 Evangelii.
664 1642 752 1675 Nam
784 1640 957 1674 vocabulo
988 1640 1153 1683 sperandi
1187 1638 1304 1671 omnia

325 1697 411 1732 haec
433 1692 799 1739 comprehenduntur,
828 1692 930 1731 fides,
957 1702 1051 1735 spe5‚
1079 1689 1256 1723 invocatio
1275 1696 1305 1722 et

330 1747 438 1781 vicini
460 1752 586 1779 motus.
640 1742 687 1777 Et
710 1744 746 1776 in
764 1741 986 1775 invocatione
1011 1741 1247 1774 accendantur
1273 1746 1307 1772 et

329 1798 582 1832 confirmentur
601 1797 644 1829 de
666 1792 732 1828 hoc
757 1805 883 1837 regno,
912 1793 1014 1833 fides,
1042 1803 1137 1836 spes,
1166 1792 1309 1824 invoca-

328 1850 377 1884 tio
400 1855 434 1882 et
457 1847 647 1891 gratiarum
673 1845 774 1878 actio.

432 1896 589 1931 Additur
606 1903 740 1929 autem:
771 1893 870 1927 Mors
887 1893 961 1926 eius
979 1893 1044 1926 erit
1064 1893 1185 1935 gloria.
1240 1891 1308 1926 Ubi

330 1948 518 1993 significat,
548 1947 712 1980 Messiam
727 1945 941 1978 revicturum
959 1955 1030 1977 esse
1048 1955 1087 1976 ex
1102 1950 1230 1983 morte,
1259 1950 1311 1975 at-

331 2012 398 2045 que
416 1999 462 2032 ita
480 1998 695 2031 aboliturum
720 2008 791 2029 esse
816 2002 984 2035 mortem,
1012 2006 1084 2027 non
1109 2001 1245 2027 tantum
1274 1994 1308 2025 in

331 2050 475 2095 proprio
501 2060 666 2091 corpore,
702 2047 760 2079 sed
780 2047 815 2078 in
838 2046 1003 2078 omnibus
1030 2045 1253 2077 credentibus
1274 2044 1310 2075 in

332 2113 431 2142 eum,
457 2112 495 2133 ae
517 2099 737 2132 redditurum
756 2097 804 2128 eis
823 2096 996 2128 iusticiam
1015 2102 1046 2127 et
1067 2095 1172 2128 vitam
1198 2101 1310 2126 aeter-

332 2163 424 2185 nam.
475 2149 667 2183 Alexandri
692 2159 787 2180 mors
812 2158 882 2178 non
908 2152 958 2178 est
983 2145 1113 2187 gloria,
1147 2146 1206 2177 sed
1233 2145 1311 2177 finis

332 2209 382 2235 est
405 2201 472 2234 iam
498 2200 656 2234 omnium
683 2198 860 2231 actionum
885 2195 1089 2229 Alexandri.
1143 2194 1311 2228 Nominat

332 2252 426 2286 enim
453 2263 519 2284 vox
542 2250 661 2283 divina
687 2248 834 2291 gloriam
858 2258 930 2279 non
959 2246 1152 2289 spectacula
1177 2253 1234 2278 aut
1261 2246 1309 2277 fa-

332 2314 444 2342 mam,
470 2313 574 2346 quam
592 2312 663 2333 non
682 2298 786 2332 sentit
805 2298 832 2329 is
849 2297 907 2341 qui
925 2297 1131 2336 celebratur,
1150 2304 1186 2329 ut
1205 2294 1310 2329 Alex-

332 2352 435 2385 andri
465 2353 612 2384 cadaver
644 2361 768 2391 magna
805 2358 932 2391 pompa
956 2347 1096 2379 ducitur
1121 2359 1159 2379 ex
1194 2345 1312 2391 Baby-

334 2403 414 2435 lone
438 2402 474 2434 in
494 2401 691 2447 Aegyptum
715 2399 924 2432 collocatum
950 2397 985 2429 in
1009 2409 1148 2430 auream
1174 2397 1311 2429 sellam:

333 2453 392 2486 sed
419 2452 579 2485 nominat
611 2451 757 2494 gloriam
781 2448 930 2481 viventis
956 2460 1124 2491 personae
1147 2448 1311 2482 actiones.

334 2502 383 2537 Ut
397 2499 556 2535 Christus
575 2508 649 2544 post
669 2507 816 2533 mortem
834 2498 1027 2538 reviviscit,
1054 2504 1085 2531 et
1103 2498 1221 2530 vivens
1240 2498 1310 2530 col-

334 2554 410 2596 ligit
428 2558 601 2585 aeternam
619 2549 828 2590 Ecclesiam,
865 2561 944 2582 vere
967 2549 1173 2591 deprecatur
1190 2561 1252 2591 pro
1274 2560 1310 2580 ea

334 2603 471 2636 assidue
497 2601 588 2645 apud
614 2607 746 2644 patrem
774 2602 811 2632 in
830 2611 956 2632 arcano
973 2599 1119 2632 consilio
1144 2599 1312 2631 divinita-

339 2654 400 2695 tis,
428 2653 543 2693 adest,
577 2657 690 2684 servat
712 2650 947 2683 ministerium
973 2648 1157 2692 Evangelii
1185 2649 1311 2694 prolati

881 92 1007 130 PHIL.
1034 91 1151 129 MEL.
1178 91 1387 128 SCRIPTA
1416 90 1715 128 EXEGETICA.

2221 95 2316 130 1040

1335 189 1374 210 ex
1399 176 1478 210 sinn
1503 177 1634 211 aeterni
1657 177 1784 221 patris,
1811 185 1860 212 est
1878 179 1996 214 efficax
2020 193 2103 214 voce
2121 178 2318 222 Evangelii,

1337 229 1424 260 dans
1450 229 1539 260 dona
1567 226 1790 269 lmminibus,
1818 229 1852 262 id
1876 236 1942 270 est,
1970 231 2148 264 vivificans
2171 231 2315 263 creden-

1338 286 1403 315 tes,
1431 279 1517 311 dans
1536 279 1707 322 ⁸Spiritum
1728 285 1883 311 sanctum
1897 306 1906 319 ,
1931 287 1959 312 et
1981 282 2186 314 resuscitans
2204 279 2319 313 bomi-

1338 340 1398 361 ncs
1418 341 1456 361 ex
1476 336 1604 370 morte,
1631 336 1664 362 et
1681 330 1866 363 restituens
1888 331 1989 363 nobis
2014 330 2185 363 iusticiam
2211 338 2243 364 et
2266 331 2319 363 vi-

1339 386 1409 412 tam
1434 386 1630 420 aeternam,
1658 380 1849 412 defendens
1875 380 1979 412 etiam
2003 379 2191 414 Ecclesiam
2214 382 2319 414 mira-

1340 429 1459 462 biliter
1486 430 1522 462 in
1550 427 1615 462 liae
1639 430 1727 470 vita,
1760 442 1838 463 cum
1863 430 1906 463 sit
1929 429 2141 464 Emmanuel
2165 438 2198 464 et
2219 438 2323 475 caput

1342 479 1534 522 Ecclesiae,
1551 481 1668 513 omnia
1688 481 1870 524 perficiens
1890 482 1925 513 in
1944 481 2082 514 sanctis.
2123 479 2198 513 Hae
2216 481 2322 515 actio-

1344 542 1404 563 nes
1421 538 1502 564 sunt
1521 543 1599 563 vera
1619 531 1748 574 gloria,
1781 543 1852 564 non
1873 532 2018 565 umbrae
2035 531 2323 577 spectaculorum,

1344 587 1401 614 aut
1426 581 1541 614 inanis
1566 582 1668 616 fama.

1685 658 1814 698 Certus
1831 676 1912 699 sum
1930 668 1990 700 etc.

1448 730 1568 764 Finita
1592 737 1663 765 tota
1690 731 1932 764 admonitione
1948 733 1992 765 de
2011 730 2239 772 ceremoniis,
2264 732 2327 764 ad-

1349 783 1400 816 dit
1415 782 1570 815 oratorio
1588 794 1684 814 more
1701 783 1971 824 mitigationem,
1990 781 2017 815 si
2036 781 2096 826 qui
2115 782 2328 825 praeferoces

1350 839 1408 865 aut
1427 832 1555 865 morosi
1574 843 1609 864 se
1626 833 1750 865 durius
1768 833 1971 876 obiurgatos
1989 843 2060 865 esse
2080 832 2329 869 existimarent.

1351 883 1439 916 Nam
1460 882 1568 927 aliqui
1587 882 1774 916 ferociores
1801 895 1900 926 aegre
1916 884 2032 916 serunt
2052 883 2249 916 libertatem
2273 895 2328 916 re-

1353 933 1498 976 stringi,
1526 932 1585 965 alii
1603 934 1731 967 morosi
1756 945 1856 976 aegre
1875 934 1991 967 serunt
2007 933 2152 967 usitatas
2174 945 2330 966 ceremo-

1354 984 1429 1016 nias
1448 983 1596 1026 negligi,
1624 983 1735 1027 placat
1755 984 1860 1027 igitur
1879 990 2063 1029 utrosque,
2097 984 2258 1017 tribuens
2281 984 2330 1017 eis

1355 1035 1493 1067 laudem
1514 1034 1682 1067 bonitatis
1699 1041 1732 1067 et
1748 1034 1975 1075 eruditionis,
2009 1046 2049 1067 ac
2072 1041 2209 1078 petenS,
2235 1041 2275 1068 ut
2299 1040 2333 1067 et

1355 1083 1445 1118 hanc
1479 1084 1757 1117 admonitionem
1789 1086 1874 1118 boni
1906 1085 2110 1124 consulant,
2153 1096 2232 1118 cum
2262 1085 2334 1119 sint

1356 1135 1503 1179 placidi,
1536 1135 1698 1176 candidi,
1739 1148 1811 1169 non
1833 1135 1935 1168 facile
1959 1135 2169 1176 irritabiles,
2206 1142 2239 1169 et
2262 1135 2334 1168 sint

1358 1186 1605 1229 intelligentes.
1659 1185 1748 1219 Nam
1767 1187 1858 1230 apud
1883 1187 2052 1219 candidos
2077 1192 2109 1219 et
2132 1186 2333 1229 intelligen-

1357 1245 1406 1271 tes
1422 1243 1470 1270 est
1488 1237 1719 1280 cognoscendi
1738 1244 1770 1270 et
1788 1237 1991 1280 ignoscendi
2009 1237 2125 1277 locus,
2151 1236 2240 1270 sicut
2256 1247 2336 1269 vere

1358 1288 1506 1326 dicitur,
1534 1285 1583 1326 ὠς
1611 1284 1684 1332 ἡδὺ
1713 1286 1854 1322 συνέσει
1882 1284 2087 1333 χρηστότης
2117 1284 2335 1333 κεκραμένη.

1362 1338 1436 1371 ΑΙίἰ
1454 1338 1587 1371 indocti
1604 1345 1637 1371 et
1653 1339 1813 1371 iracundi
1830 1339 1936 1380 facile,
1948 1339 2151 1379 irritantur,
2180 1345 2212 1371 et
2231 1337 2336 1371 semel

1329 1420 1333 1437 ὦ
1357 1388 1484 1421 irritati
1513 1395 1593 1421 sunt
1624 1389 1882 1430 implacabiles,
1923 1396 1961 1422 ut
1979 1389 2125 1422 dicitur:
2168 1387 2335 1432 Imperito

1358 1436 1503 1470 homine
1521 1450 1702 1483 nunquam
1728 1440 1920 1484 quidquam
1946 1439 2122 1474 iniustius.

1357 1499 1439 1519 mon
1477 1487 1616 1531 inquit:

2176 1438 2219 1473 Et
2237 1438 2338 1472 Salo-

1664 1488 1755 1522 lram
1793 1490 1890 1523 stulti
1931 1501 2094 1533 magnum
2129 1501 2219 1523 onus
2255 1500 2338 1524 esse.

1362 1536 1411 1570 lta
1439 1537 1524 1570 lenit
1550 1543 1734 1582 utrosque,
1770 1551 1848 1571 cum
1873 1541 1937 1578 ait,
1964 1541 2136 1584 placidos,
2171 1551 2243 1573 non
2267 1539 2338 1572 ira·

1359 1589 1510 1628 cundos,
1551 1599 1624 1620 non
1656 1600 1814 1621 morosos
1845 1600 1936 1628 esse,
1981 1596 2013 1623 et
2038 1597 2213 1633 praeterea
2246 1596 2338 1623 recte

1358 1638 1478 1671 doctos
1510 1649 1604 1670 esse:
1650 1638 1734 1671 tales
1763 1639 1857 1672 enim
1888 1639 2036 1673 liberam
2061 1640 2339 1675 admonitionem

1359 1689 1443 1722 boni
1460 1689 1661 1722 consulunt.

1471 1769 1625 1818 Propler
1640 1770 1806 1817 gratiam
1825 1783 1919 1819 quae
1940 1769 2031 1805 data
2048 1776 2099 1806 est
2115 1769 2220 1807 mihi.

1460 1838 1507 1873 Et
1532 1841 1575 1873 ad
1601 1839 1790 1883 placandos
1814 1840 1977 1880 lectores,
2018 1848 2050 1874 et
2075 1842 2118 1874 ad
2144 1842 2340 1885 augendam

1358 1891 1579 1925 autoritatem
1604 1891 1856 1923 admonitionis
1880 1892 2047 1925 conducit
2073 1892 2205 1926 mentio
2235 1892 2340 1925 officii

1360 1949 1392 1975 et
1409 1941 1660 1974 miraculorum
1680 1953 1783 1985 quam
1802 1942 1909 1979 addit,
1928 1942 2027 1986 quasi
2047 1942 2158 1976 dicat:
2187 1941 2339 1976 Moveor

1359 1992 1521 2036 Apostoli
1545 1991 1677 2031 officio,
1711 1998 1747 2024 ut
1775 2004 1835 2024 vos
1867 1993 2009 2025 doceam
2037 2001 2070 2027 et
2102 1993 2340 2027 commonefa-

1362 2045 1470 2081 ciam,
1505 2049 1537 2076 et
1552 2041 1648 2074 Deus
1665 2042 1789 2075 tribuit
1804 2043 2001 2076 testimonia
2027 2055 2124 2076 meae
2148 2044 2339 2080 doctrinae.

1362 2094 1481 2136 Quare
1504 2104 1560 2125 me
1586 2092 1722 2136 placide
1745 2093 1913 2134 audiatis,
1941 2091 2077 2127 etmihi
2102 2094 2341 2128 assentiamini

1361 2146 1435 2178 sine
1453 2143 1683 2176 dubitatione.

1463 2193 1530 2227 Hic
1545 2193 1839 2226 considerandum
1855 2200 1906 2227 est
1919 2206 2057 2233 rursus,
2085 2194 2198 2240 qualis
2215 2195 2260 2229 sit
2277 2207 2341 2228 au-

1362 2245 1483 2279 toritas
1519 2244 1727 2288 apostolica:
1779 2246 1873 2289 quod
1914 2245 2076 2279 videlicet
2114 2253 2246 2279 certum
2286 2246 2342 2286 sit,

1361 2295 1524 2340 Apostoli
1538 2295 1734 2328 doctrinam
1751 2306 1823 2328 esse
1840 2295 2008 2336 divinam,
2029 2302 2062 2329 et
2081 2295 2111 2328 ei
2128 2297 2342 2329 credendum

1362 2358 1453 2385 esse,
1494 2346 1583 2379 sicut
1608 2346 1684 2379 voci
1705 2344 1770 2378 Dei
1789 2347 1832 2378 de
1857 2346 1952 2379 coelo
1978 2346 2118 2379 sonanti
2141 2346 2341 2381 immediate

1363 2398 1454 2430 inter
1472 2397 1655 2429 manifesta
1677 2396 1862 2437 miracula,
1876 2397 1965 2430 sicut
1981 2397 2165 2440 decalogus
2182 2398 2341 2441 promul-

1362 2454 1460 2490 gatus
1482 2454 1550 2486 est,
1585 2454 1618 2480 et
1644 2459 1744 2491 saepe
1764 2447 1849 2480 alibi
1874 2448 1917 2480 de
1939 2447 2131 2491 apostolica
2153 2448 2342 2483 autoritate

1362 2498 1538 2542 copiosius
1563 2498 1694 2531 dictum
1723 2504 1782 2532 est.

1462 2546 1579 2582 Ornat
1597 2555 1710 2581 autem
1728 2547 1962 2581 ministerium
1981 2548 2154 2582 vocabulo
2169 2549 2340 2589 sacrificii,

1362 2599 1409 2632 ait
1442 2610 1478 2632 se
1503 2600 1701 2632 ministrum
1725 2609 1796 2631 esse
1818 2598 2067 2632 sacrificantem
2096 2597 2341 2643 Evangelium.

1364 2648 1461 2683 Nova
1478 2647 1562 2683 haec
1578 2649 1689 2682 forma
1707 2649 1879 2682 sermonis
1895 2655 1956 2691 est,
1978 2651 2036 2684 sed
2055 2650 2212 2694 erudita,
2227 2657 2341 2686 sumta
