2415 2942
77 85 151 121 775
251 83 350 121 tht.

178 170 273 205 Haec
312 171 356 204 de
388 177 546 205 veterum
579 170 790 214 scriptorum
823 171 964 212 erratis,
1008 173 1071 205 etsi

405 85 440 118 2.
467 82 830 120 COMMENTARH
859 83 908 119 IN
942 84 1098 123 EPIST.
1125 81 1270 118 PAULI
1298 81 1365 117 AD
1393 81 1658 126 ROMANOS.

1712 91 1818 129 CAP.
1847 97 1944 134 XIV.
2044 103 2118 140 774

1226 167 1291 204 Est
1309 177 1341 204 et
1362 169 1430 204 Lex
1448 173 1491 206 de
1510 175 1686 210 coelibatu
1704 188 1892 225 perpetuo,
1919 187 2112 224 admodum

76 222 185 255 multa
203 222 423 266 praetermisi
448 223 600 255 absurde
622 222 734 262 dicta,
772 233 844 254 non
871 233 911 254 eo
933 222 1071 265 collegi,
1093 248 1097 280 Ι
1124 232 1260 261 recem,
1304 234 1391 266 quae
1423 235 1496 256 non
1528 225 1632 258 aliam
1659 229 1705 261 ob
1732 242 1870 266 causam
1899 237 2102 274 defenditur

75 280 113 306 nt
140 274 183 306 de
218 274 308 306 veris
341 285 462 307 eorum
496 273 659 306 laudibus
687 272 822 317 aliquid
851 271 1068 307 detrahatur.
1120 271 1186 302 nisi
1214 272 1296 316 quia
1330 273 1523 307 coelibatus
1556 284 1603 309 est
1639 283 1859 317 commodior
1890 289 1933 319 ad
1963 269 2111 325 tuendas¹

74 323 189 358 Credo
212 325 398 369 plerosque
422 324 458 356 in
484 321 540 357 his·
564 324 670 356 fuisse
692 323 769 366 pios
792 329 824 355 et
850 331 1067 366 praestantes
1118 333 1211 364 opes,
1265 320 1310 354 Et
1329 324 1548 357 manifestam
1570 328 1739 363 iniuriam
1759 334 1866 368 verbo
1884 336 1949 370 Dei
1966 341 2096 376 faciunt

74 374 190 415 viros,
219 375 363 420 quidam
391 375 495 408 etiam
520 374 652 418 optime
673 373 789 405 meriti
820 381 918 415 sunt,
946 376 1066 407 sedne
1116 372 1176 415 qui
1203 370 1394 406 adfirmant
1426 376 1630 419 coniugium
1667 384 1886 419 sacerdotum
1916 402 1994 424 curn
2031 371 2108 427 iure,

73 425 140 470 ipsi
162 426 305 470 quidem
325 426 514 459 voluerunt
539 423 704 457 anteferri
727 435 788 457 sua
814 423 906 457 dicta
931 426 1064 459 doctri—

72 488 139 509 nae
167 474 313 512 Christi.
375 475 513 510 Deinde
540 473 596 513 hi,
629 474 690 521 qui
715 486 812 508 nunc
837 475 942 509 nobis
967 483 1062 509 vete—

72 539 151 560 rum
175 528 399 561 autoritatem
430 533 632 570 opponunt,
671 525 773 558 valde
794 525 939 559 illorum
965 528 1061 561 testi-

71 577 200 611 moniis
221 580 426 613 abutuntur.
480 576 557 610 Etsi
584 576 655 609 illis
678 577 901 619 temporibus
927 580 1060 611 semina

70 640 230 662 errorum
251 640 369 673 sparsa
394 635 493 667 sunt,
532 634 647 660 tamen
674 629 835 660 nondum
868 628 904 660 in
937 628 1061 662 Eccle-

68 679 155 712 siam
181 686 404 723 pervaserant
430 685 500 711 tam
532 678 610 711 tetri
638 679 778 711 abusus.
840 677 927 712 Erat
955 680 1059 714 initio

68 730 321 775 qualiscunque
347 730 480 762 mentio
507 736 721 764 sanctorum.
789 728 973 772 Quantum
1001 744 1057 764 ac-

67 782 168 815 cessit
194 780 382 825 impietatis
407 780 548 824 postea?
607 779 686 813 Non
713 780 821 823 igitur
844 780 982 814 citanda
1008 789 1057 815 est

66 831 278 864 Nazianzeni
311 831 536 872 declamatio,
577 843 656 864 cum
688 831 785 864 illius
818 839 911 865 aetas
940 830 1056 866 adhuc

66 881 279 924 ignoraverit
296 880 386 915 hanc
402 889 575 915 recentem
596 881 811 918 idolatriam.

166 931 235 966 Sed
253 933 337 977 quid
354 933 463 966 citant
482 931 661 966 Ecclesiae
677 934 904 967 autoritatem
929 935 1054 967 adver—

65 983 165 1024 sarii,
199 995 278 1016 cum
305 995 377 1016 non
412 984 455 1016 de
486 984 667 1024 doctrina,
706 997 780 1017 non
807 986 850 1017 de
882 985 1054 1027 religione

65 1034 252 1074 dimicent,
279 1035 339 1067 sed
363 1035 407 1067 de
435 1035 507 1067 suis
533 1035 746 1068 libidinibus
772 1043 876 1080 atque
902 1037 1055 1079 opibus?

66 1084 378 1129 Tranquillitatem
401 1098 498 1119 suam
517 1086 652 1119 turbari
671 1087 808 1119 nolunt.
862 1085 956 1120 Haec
984 1100 1052 1120 una

61 1143 94 1170 et
111 1136 183 1169 sola
208 1148 310 1169 causa
337 1143 405 1175 est,
435 1149 497 1169 cur
522 1149 586 1170 nos
612 1137 727 1170 delere
751 1137 908 1181 cupiant.
962 1137 1050 1171 Nam

60 1188 223 1230 dogmata
250 1189 423 1232 quaedam
451 1188 529 1221 luce
561 1189 755 1221 meridiana
781 1189 930 1221 clariora
957 1196 1050 1223 suut.

59 1236 105 1272 Et
120 1244 237 1271 tamen
256 1246 293 1272 ut
312 1236 394 1271 haec
413 1239 635 1283 opprimant,
663 1240 844 1272 manifesta
863 1240 1052 1272 crudelitas

59 1295 261 1331 exercetur,
274 1290 503 1323 ‘ituerficiuut
522 1290 615 1332 pios,
641 1292 762 1323 doctos
778 1297 811 1323 et
827 1291 939 1322 bonos
956 1291 1051 1323 viros

59 1341 255 1373 sacerdotes
280 1347 423 1383 propter
451 1340 667 1383 coniugium.
734 1339 812 1373 Hoc
834 1341 896 1373 ubi
921 1341 1048 1374 lectum

59 1397 108 1424 est
132 1392 175 1423 de
200 1391 271 1423 ulla
297 1391 477 1431 barbarie,
522 1391 671 1424 interfici
706 1389 870 1424 homines
905 1399 1048 1435 propter

59 1439 245 1475 honestum
264 1441 493 1485 coniugium?
527 1442 565 1476 Si
585 1450 735 1476 veterem
755 1440 947 1475 Ecclesiam
967 1455 1048 1487 pro-

58 1494 161 1534 bant,
191 1505 253 1525 cur
273 1491 328 1526 hic
346 1505 417 1526 non
436 1493 623 1527 imitantur
642 1493 753 1537 prima
773 1493 956 1536 tempora?
989 1494 1046 1526 An

59 1543 290 1576 Ambrosium
309 1543 613 1586 velAngnstinum
626 1545 847 1578 arbitrantur
857 1541 948 1577 hanc
967 1557 1045 1577 crn-

59 1594 237 1627 delitatem
262 1594 517 1637 suppliciorum
550 1595 780 1637 probaturum
812 1595 943 1627 fuisse?
990 1594 1044 1627 Illi

59 1656 144 1677 vero
159 1645 308 1677 execrati
327 1651 439 1676 essent
459 1641 549 1677 hanc
573 1644 845 1685 immanitatem,
878 1653 911 1679 et
931 1646 1044 1689 palam

57 1695 191 1735 testati,
231 1692 296 1728 hos
319 1695 499 1738 pontifices
530 1702 669 1728 autores
693 1695 931 1736 crudelitatis,
972 1709 1044 1729 non

57 1745 236 1780 Ecclesiae
269 1747 445 1785 membra,
481 1747 539 1779 sed
565 1746 699 1778 diaboli
725 1758 854 1789 organa
882 1759 972 1785 esse,
1007 1760 1046 1780 ac

56 1797 132 1830 sine
157 1797 228 1830 ulla
254 1797 477 1829 dubitatione
501 1797 742 1829 defensionem
768 1797 908 1841 piorum
934 1810 1043 1831 sacer-

56 1849 199 1889 dotum,
233 1848 443 1888 mulierum,
487 1848 861 1891 puerorum,*deinde
884 1855 933 1882 tot
962 1860 1047 1891 gen—

55 1899 165 1940 tium,
193 1911 282 1943 quae
304 1906 385 1932 sunt
411 1899 619 1932 coniunctae
646 1896 729 1932 huic
752 1911 898 1941 causae,
930 1911 1044 1932 susce-

52 1950 195 1995 pissent.

158 2001 347 2043 Postquam
374 2008 489 2034 autem
515 2001 607 2039 dixi,
635 2013 724 2046 quae
752 2001 794 2033 sit
822 2013 901 2033 vera
922 1999 1043 2034 Eccle-

56 2051 105 2084 sia
119 2078 127 2089 ,
150 2058 181 2083 et
196 2058 330 2084 constat
349 2063 413 2084 nos
430 2053 626 2084 doctrinam
652 2049 845 2084 catholicae
867 2050 1042 2085 Ecclesiae

55 2100 187 2137 Christi
216 2101 379 2134 traditam
405 2103 440 2134 iu
458 2102 641 2145 scripturis
658 2101 871 2147 propheticis
899 2110 931 2136 et
958 2116 1043 2147 apo-

56 2154 206 2193 stolicis,
234 2163 266 2184 et
289 2153 324 2184 in
344 2153 514 2198 symbolis
539 2153 689 2186 fideliter
716 2154 865 2187 retinere
883 2167 922 2186 ac
943 2154 1044 2195 tueri,

55 2204 279 2237 manifestum
305 2212 353 2236 est
379 2216 442 2236 uos
478 2216 558 2236 vere
583 2217 661 2236 cum
689 2202 844 2238 Ecclesia
872 2203 1043 2237 catholica

54 2253 187 2288 Christi
211 2255 353 2289 sentire.
421 2256 527 2287 Addo
557 2255 645 2287 illud
673 2256 798 2295 etiam,
840 2257 1045 2300 praecipuos

55 2306 260 2349 scriptores,
289 2305 540 2345 Ambrosium,
570 2306 831 2348 Augustinum,
860 2315 893 2340 et
918 2319 1044 2350 paucos

56 2356 143 2389 alios
168 2357 258 2388 idem
284 2357 433 2397 sentire,
461 2357 486 2389 si
507 2359 689 2389 commode
714 2357 975 2400 intelligantur,
1013 2366 1042 2390 et

59 2418 166 2450 pauca
185 2409 355 2451 quaedam
384 2408 432 2440 eis
455 2409 721 2451 condonentur,
751 2420 840 2453 qnae
864 2417 948 2441 tunc
973 2422 1044 2442 non

59 2464 232 2491 venerunt
252 2471 287 2490 in
306 2459 594 2491 controversiam.

159 2506 212 2541 De
228 2507 385 2552 Liturgia
410 2507 499 2542 nibil
522 2510 670 2543 dubium
697 2517 765 2550 est,
792 2522 855 2543 nec
880 2510 1046 2554 privatas,

61 2570 124 2591 nec
144 2559 304 2599 venales,
332 2573 394 2593 nec
410 2561 575 2594 funebres
586 2560 717 2594 Missas
733 2562 840 2594 fuisse
858 2569 938 2594 aute
957 2561 1046 2595 Gre-

57 2609 215 2651 gorium‚
240 2622 302 2642 nec
319 2611 495 2644 invocatio
513 2621 715 2646 sanctorum
734 2613 846 2646 multo
862 2620 943 2646 ante
955 2611 1047 2646 Gre-

56 2659 195 2702 gorium
216 2661 383 2694 celebrari
404 2663 528 2707 coepit.

1115 421 1238 454 divino
1263 434 1430 466 pugnare.

1176 523 1183 529 .
1216 471 1269 506 De
1293 475 1527 517 poenitentia,
1573 479 1614 510 de
1647 482 1851 518 remissione
1882 498 2103 532 peccatorum

1114 535 1152 555 ac
1174 524 1439 567 iustificatione,
1462 539 1567 571 quam
1585 530 1736 566 dicimus
1761 532 1922 572 homines
1938 541 2005 575 fide
2022 557 2102 588 pro-

1112 581 1189 618 pter
1214 573 1395 609 Christum
1419 580 1604 624 consequi,
1640 593 1712 615 non
1737 593 1881 631 propter
1905 603 2027 634 opera,
2061 598 2103 630 de

1110 625 1420 665 satisfactionibus,
1447 630 1490 661 de
1508 631 1680 670 clavibus,
1706 636 1750 668 de
1767 639 2017 676 traditionibus
2036 643 2102 679 hu-

1111 676 1245 717 manis,
1272 678 1315 709 de
1339 678 1444 710 rebus
1462 680 1633 723 politicis,
1660 684 1827 732 pleraque
1848 694 1959 725 nostri
1979 695 2102 739 dispu-

1108 733 1274 760 taverunt
1299 728 1454 771 planius,
1483 743 1588 775 quam
1610 741 1762 778 veteres,
1786 751 1875 783 quae
1899 749 2015 778 tamen
2041 759 2101 791 ap-

1109 785 1203 820 paret
1233 787 1468 812 consentanea
1495 793 1567 814 esse
1598 789 1776 829 perpetuis
1806 795 1988 828 sententiis
2020 797 2100 832 illo-

1108 841 1206 869 rum,
1231 830 1291 873 qui
1311 830 1453 863 suerunt
1478 834 1689 869 eruditiores
1711 850 1749 871 ac
1774 841 1957 884 peritiores
1981 859 2098 883 rerum

1105 880 1362 923 spiritualium,
1398 882 1458 925 qui
1483 884 1625 927 quidem
1652 885 1741 922 lianc
1767 893 2034 936 explicationem
2060 912 2098 934 ac

1106 928 1311 964 methodum
1344 932 1372 964 si
1405 933 1592 977 legissent,
1619 949 1681 979 pru
1706 951 1766 974 sua
1793 943 1918 986 pietate
1948 951 2099 984 candide

1105 982 1290 1025 probaturi
1309 984 1455 1016 fuissent
1468 1012 1475 1025 ‚
1504 994 1541 1018 ut
1559 989 1665 1021 audio
1684 1003 1843 1026 narrasse
1861 997 1977 1031 virum
1995 1013 2096 1044 prae-

1102 1040 1273 1074 stantem,
1297 1031 1520 1077 'l'beologum
1546 1037 1798 1083 parisiensem,
1832 1057 1867 1078 se
1891 1060 1928 1081 ex
1955 1059 2094 1085 nostro-

1103 1096 1180 1116 rum
1206 1084 1460 1128 explicatione,
1496 1089 1538 1119 de
1563 1090 1827 1134 iustificatione,
1857 1099 2009 1141 primum
2038 1115 2093 1137 re-

1101 1136 1190 1168 etius
1205 1136 1394 1178 Augustini
1412 1140 1622 1172 seutentiam
1645 1142 1868 1180 intellexisse.

1201 1185 1284 1219 Scio
1310 1199 1350 1220 ex
1382 1189 1561 1222 veteribus
1588 1194 1723 1237 excerpi
1758 1208 1857 1240 posse
1884 1202 1992 1236 multa
2026 1217 2092 1248 pu—

1099 1237 1241 1278 gnantia
1266 1249 1345 1269 cum
1373 1240 1502 1271 uostris
1528 1244 1722 1277 sententiis.
1780 1246 1820 1281 Et
1848 1253 1999 1296 excerpit
2024 1268 2088 1299 pro

1099 1298 1161 1319 suo
1196 1287 1333 1320 adfectu
1371 1290 1521 1334 quisque
1552 1295 1646 1336 quod
1680 1295 1821 1331 videtur
1850 1307 2088 1344 commodum,

1099 1344 1136 1370 ut
1160 1349 1198 1369 ex
1223 1338 1347 1370 iisdem
1375 1340 1524 1373 floribus
1546 1354 1628 1385 apes
1661 1347 1766 1381 mella
1793 1348 1930 1393 legunt,
1967 1359 2085 1390 aranei

1098 1399 1245 1423 venena.
1302 1388 1370 1422 Sed
1392 1392 1508 1424 absint
1525 1405 1541 1424 a
1563 1393 1702 1429 iudiciis
1727 1400 1967 1437 ecclesiasti‹is
1987 1419 2087 1445 svco-

1098 1436 1276 1482 phantiae.
1329 1439 1410 1473 Non
1434 1455 1588 1485 provoco
1606 1447 1647 1478 ad
1665 1460 1788 1482 omnes
1804 1447 2012 1497 scriptoress
2028 1462 2086 1492 sed

1096 1492 1138 1522 ad
1164 1490 1343 1530 meliores,
1371 1494 1619 1534 Ambrosium,
1647 1496 1907 1546 Angustiuum‚
1942 1515 1974 1540 et
2000 1521 2086 1554 qua-

1097 1549 1198 1574 tenus
1219 1541 1277 1572 alii
1299 1541 1449 1575 cumbis
1474 1547 1722 1590 consentiunt,
1751 1554 1809 1595 qui
1837 1567 1913 1587 cum
1942 1558 2005 1600 ipsi
2031 1562 2086 1593 in-

1097 1593 1234 1624 terdum
1255 1594 1446 1634 pugnantia
1464 1595 1636 1638 dixerint,
1664 1601 1802 1635 veniam
1820 1607 1921 1639 nobis
1937 1610 2084 1650 dabunt,

1095 1642 1123 1674 si
1143 1645 1314 1686 quaedam
1333 1643 1642 1688 reprehendimus,
1671 1654 1776 1686 modo
1800 1662 1837 1688 ut
1862 1659 2082 1696 manifestam

1096 1700 1128 1726 et
1157 1700 1285 1726 certam
1317 1696 1509 1739 scripturae
1541 1698 1684 1734 divinae
1717 1707 1926 1740 sententiam
1960 1723 2085 1757 sequa—

1096 1756 1194 1784 mur,
1229 1756 1293 1777 nec
1317 1746 1537 1780 discedamus
1563 1762 1580 1781 a
1604 1753 1795 1796 symbolis,
1838 1765 1870 1791 et
1895 1766 2075 1797 teneamus

1096 1797 1188 1839 quod
1208 1795 1272 1838 ipsi
1288 1804 1489 1839 spectarunt
1504 1811 1542 1832 ac
1559 1801 1757 1844 voluerunt,
1774 1806 1952 1842 interdum
1969 1792 2086 1848 auteni

1097 1846 1269 1890 explicare
1290 1860 1360 1879 nou
1381 1856 1584 1890 potuerunt.
1636 1851 1736 1888 Nubit
1755 1858 1848 1890 enim
1867 1861 2014 1896 dubium
2035 1873 2085 1899 est

1097 1895 1161 1928 boc
1186 1898 1367 1930 doctrinae
1385 1911 1513 1941 genus,
1541 1905 1634 1946 qnod
1656 1907 1884 1950 profitemur,
1914 1925 1993 1945 vere
2011 1928 2084 1949 esse

1096 1947 1208 1990 ipsum
1231 1959 1437 1982 consensum
1464 1949 1655 1986 catholicae
1672 1955 1846 1993 Ecclesiae
1863 1960 2013 2003 Christi.
2046 1974 2085 2001 ut

1095 2000 1289 2033 ostendunt
1307 2001 1487 2045 symbola,
1515 2004 1673 2039 saniores
1689 2010 1834 2054 synodi,
1863 2020 1894 2045 et
1916 2017 2084 2050 eruditio-

1096 2061 1149 2082 res
1173 2057 1299 2093 patres.
1361 2050 1456 2085 Haec
1482 2056 1646 2098 respondi
1674 2060 1987 2106 moderatioribuS,
2023 2069 2086 2113 qui

1094 2101 1317 2134 autoritatem
1359 2100 1539 2137 Ecclesiae
1587 2113 1648 2140 aut
1691 2117 1830 2153 patrum
1876 2116 1979 2149 nobis
2022 2132 2086 2164 op-

1094 2159 1243 2196 ponunn

1195 2201 1367 2235 Exoritur
1389 2211 1504 2237 autem
1530 2209 1710 2251 quoddam
1736 2224 1868 2246 novum
1894 2227 2002 2258 genus
2027 2232 2083 2254 sa-

1096 2254 1267 2298 pientum,
1284 2255 1343 2298 qui
1364 2267 1442 2287 cum
1458 2257 1527 2290 sint
1546 2256 1666 2299 ἄθεοι,
1684 2263 1782 2296 nulla
1801 2276 1943 2307 prorsus
1959 2271 2086 2307 volunt

1097 2304 1229 2337 moveri
1261 2306 1305 2337 de
1338 2306 1509 2348 religione
1541 2311 1752 2354 certamina,
1791 2314 1938 2352 laudant
1966 2332 2085 2363 pacem

1095 2363 1128 2388 et
1153 2357 1404 2397 concordiam,
1440 2368 1648 2393 execrantur
1671 2374 1812 2404 omnes,
1844 2369 1906 2412 qui
1926 2382 2088 2415 quocun-

1097 2419 1164 2449 que
1190 2407 1296 2439 modo
1327 2415 1450 2442 serunt
1474 2409 1687 2454 discordias,
1728 2412 1794 2449 hos
1824 2424 1992 2464 tanquam
2018 2436 2086 2459 κα-

1096 2454 1277 2502 θάρματα
1306 2465 1337 2491 et
1362 2467 1471 2501 pestes
1493 2462 1632 2502 generis
1655 2460 1804 2499 humani
1822 2470 1997 2506 tollendos
2014 2487 2087 2509 esse

1097 2516 1249 2544 censent.
1318 2508 1413 2543 Haec
1438 2517 1488 2543 est
1513 2523 1584 2544 una
1611 2511 1835 2562 philosophia
1861 2519 2076 2559 Pontificum

1097 2559 1363 2600 Cardinalinm,
1390 2559 1552 2604 Regum,
1578 2561 1842 2602 Canonicorum
1864 2578 1896 2605 et
1913 2553 2088 2616 plurimo-⁸

1098 2624 1196 2652 rum,
1225 2610 1287 2655 qui
1304 2608 1481 2654 perhiberi
1501 2613 1626 2647 volunt
1642 2616 1709 2650 viri
1730 2620 1883 2661 politici,
1911 2625 1970 2668 qui
1991 2626 2087 2660 scili-

1099 2669 1152 2696 cet
1176 2663 1288 2696 otium
1315 2672 1418 2695 suum
1441 2664 1672 2700 interturbari
1698 2670 1848 2714 nolunt,
1882 2675 2011 2711 nolunt
2035 2677 2090 2711 di-

1512 2713 1594 2748 49*
