2415 2942
48 152 50 159 y
84 108 157 144 281
501 107 584 146 ΧΠ.

86 196 161 237 ius,
194 207 289 229 nunc
318 193 480 239 princeps
507 192 612 228 huius
639 194 763 228 mundi
789 194 881 227 foras
905 194 1074 231 eiicietur.
1097 195 1102 267 Ι

85 245 246 281 Obscura
272 247 363 280 dicta
389 253 471 281 sunt
496 243 661 279 humanis
685 245 836 279 iudiciis.
895 245 987 278 Nam
1013 245 1074 278 Pi-

85 298 156 332 lato
190 305 222 332 et
250 297 426 331 similibus
452 294 545 330 nihil
569 297 654 330 novi
679 297 864 329 videbatur
886 296 977 338 geri,
1013 303 1074 330 aut
1097 272 1100 320 l

83 349 158 382 fieri
184 349 221 381 in
242 349 396 389 mundo,
429 348 571 382 videbat
594 347 779 381 circumire
802 343 1003 386 Christum,
1033 354 1073 381 ut

84 399 282 438 Socratem,
311 406 343 434 et
367 406 485 432 taxare
511 399 622 432 malos
644 409 777 436 mores»,
805 404 837 430 et
858 404 977 441 postea
1002 397 1072 430 cir-

85 458 311 484 cumventum
336 451 467 495 iniquis
488 450 645 488 iudiciis,
673 449 883 482 existimavit
905 460 986 482 casu
1006 460 1071 492 op—

84 514 241 546 pressum
267 513 356 539 esse,
381 508 419 534 ut
435 500 632 534 Socratem:
660 498 731 532 Nec
754 511 828 532 eam
854 511 926 531 rem
944 499 1070 532 afferre

82 553 311 586 mutationem
337 550 494 584 humano
519 551 655 594 generi,
688 550 744 583 vel
767 550 935 593 imperiis.
999 549 1067 583 Sed

81 610 166 637 tunc
193 602 359 636 iudicavit
377 601 509 635 Pilatus
531 601 699 635 iudicium
723 601 849 634 mundi
869 600 961 642 fieri,
989 613 1066 634 cum

81 654 171 687 vidit
195 666 212 686 a
231 653 313 688 Caio
332 651 496 693 Caesare,
524 659 556 686 et
577 659 693 696 postea
710 652 754 684 ab
772 650 930 695 Augusto
948 652 1068 695 puniri

79 704 257 749 inquietos
282 704 473 748 principes,
501 703 620 747 puniri
639 703 839 741 avaritiam,
869 709 902 736 et
921 703 1067 736 liberari

79 756 201 788 orbem
226 762 397 789 terrarum
421 766 541 787 eorum
565 754 771 799 tyrannide,
798 760 831 787 et
850 766 959 786 novas
976 754 1067 796 leges

78 807 187 840 instas
211 813 242 840 et
266 805 467 839 tolerabiles
488 805 650 848 gentibus
673 804 775 845 ferri,
810 805 946 838 restitui
973 805 1066 837 iudi-

79 857 149 897 cia,
176 863 208 890 et
227 856 357 890 muniri
377 868 505 899 pacem.
541 854 594 888 De
610 853 664 888 his
681 857 785 888 rebus
803 856 905 898 gestis
923 856 1067 889 dixisset
1090 878 1092 894 2

76 906 220 947 Pilatus,
247 914 330 941 tunc
348 906 517 940 iudicium
534 907 659 940 mundi
676 907 803 940 factum
821 918 904 945 esse,
928 914 958 939 et
975 914 1066 940 recte

76 957 218 991 dixisset
247 960 289 990 de
320 958 451 990 iudicio
482 957 733 1001 imperiorum,
770 969 830 990 seu
860 958 1063 1001 politiarnm
1089 979 1090 987 1

74 1009 213 1044 mnndi.
264 1007 338 1040 Hac
360 1008 511 1051 imagine
535 1009 770 1049 considerata,
805 1009 910 1041 verba
931 1006 1064 1043 Christi
1088 1037 1090 1055 4

76 1059 204 1092 clarius
218 1059 475 1102 intelligentur,
504 1071 593 1104 quae
611 1059 808 1104 loquuntur
825 1061 867 1092 de
884 1060 1065 1092 eversione

73 1110 271 1155 tyrannidis
288 1110 432 1150 diaboli,
460 1117 492 1143 et
510 1111 748 1143 membrorum
767 1111 851 1149 eius,
879 1116 911 1143 et
927 1112 1065 1143 destru—

74 1161 190 1194 ctione
216 1161 312 1203 regni
340 1161 488 1205 peccati,
518 1167 549 1193 et
574 1161 616 1192 de
639 1161 722 1192 novi
749 1162 847 1203 regni
873 1168 904 1194 et
930 1161 1063 1193 aeterni

74 1212 345 1251 constitutione,
379 1218 410 1243 et
434 1211 642 1244 liberatione
667 1211 878 1249 electorum,
913 1209 980 1241 iam
1009 1210 1063 1241 in-

74 1262 149 1305 quit
168 1262 255 1294 illua
277 1262 447 1302 praelium
469 1259 540 1296 fiet,
567 1259 603 1291 in
624 1271 693 1303 quo
713 1271 774 1302 ego
793 1261 966 1304 superabo
987 1261 1062 1292 dia-
1085 1280 1086 1284 =

636 105 931 144 ENARRATIO
959 107 1008 144 IN
1036 105 1219 144 EVANG.
1244 106 1456 145 IOANNIS.
1509 109 1613 147 CAP.
1639 112 1720 149 XII.

72 1310 214 1349 bolum,
242 1317 274 1343 et
293 1309 484 1352 potentiam
506 1310 580 1342 eius
598 1310 767 1352 frangam.

172 1359 247 1392 Etsi
266 1360 374 1402 igitur
389 1360 431 1392 ab
449 1360 551 1392 initio
567 1361 690 1393 mundi
711 1368 824 1403 patres
841 1361 963 1393 salvati
980 1368 1061 1394 sunt

71 1423 154 1445 voce
183 1409 387 1454 Evangelii,
429 1417 462 1444 et
492 1411 559 1444 fide
593 1411 731 1444 venturi
763 1412 985 1451 mediatoris,
1028 1419 1084 1457 et¹

69 1473 206 1506 semper
231 1462 296 1494 fuit
321 1462 439 1494 efficax
465 1462 657 1502 mediator,
685 1468 799 1494 tamen
828 1463 875 1494 sic
900 1460 1058 1506 Prophe-
1083 1496 1084 1502 ¹

68 1521 140 1552 tae,
174 1510 336 1546 Christus
360 1519 392 1546 et
416 1511 578 1556 Apostoli
600 1513 815 1557 loquuntur,
850 1511 916 1546 hoc
942 1514 1057 1555 ipsum

68 1576 174 1608 opus,
204 1564 333 1597 scilicet
353 1563 548 1607 passionem
566 1570 598 1596 et
615 1564 907 1597 resurrectionem
927 1562 1057 1597 Christi

68 1627 139 1648 esse
173 1614 511 1647 consummationem
547 1614 843 1658 promissionum,
890 1615 971 1659 quia
1007 1622 1058 1649 est

70 1676 189 1703 causa,
215 1665 378 1697 meritum
396 1672 428 1697 et
445 1665 597 1698 incoatio
615 1665 705 1698 vitae
723 1672 895 1705 aeternae,
924 1672 956 1699 et
974 1679 1057 1710 pro—

69 1722 147 1759 pter
176 1712 242 1747 hoc
274 1726 361 1758 opus
391 1722 490 1748 antea
522 1716 639 1748 efficax
663 1716 729 1748 fuit
756 1716 938 1749 mediator.
998 1716 1056 1750 Sic

66 1765 225 1811 loquitur
247 1765 375 1798 Daniel
399 1778 470 1809 cap.
488 1765 539 1799 9.:
568 1765 671 1798 Tunc
695 1766 837 1799 finietur
863 1773 1056 1809 peccatum,

65 1823 98 1849 et
126 1817 321 1847 adducetur
351 1816 486 1847 iusticia
517 1816 744 1858 sempiterna,
788 1823 822 1849 et
851 1816 1056 1860 implebitur

63 1863 266 1910 prophetia,
294 1864 455 1897 incoatur
477 1866 547 1898 vita
572 1872 710 1898 aeterna
737 1866 924 1900 electorum
945 1867 979 1899 in
999 1880 1054 1900 re-

64 1915 280 1949 surrectione
301 1913 452 1953 Christi,
476 1923 507 1949 et
527 1925 792 1951 consummatur
810 1918 845 1950 in
863 1919 982 1951 multis
1000 1931 1054 1951 re-
1076 1943 1078 1956 .

61 1966 245 2000 suscitatis,
313 1965 382 1999 Sed
418 1967 534 2010 aliqua
570 1968 728 2000 membra
759 1975 939 2012 expectant
969 1981 1053 2002 con-

59 2017 349 2057 summationem,
384 2015 537 2050 exhibita
569 2024 684 2050 tamen
718 2026 767 2052 est
791 2031 892 2052 causa
917 2027 949 2053 et
973 2032 1052 2063 per-

59 2070 214 2102 solutum
239 2067 409 2110 pretium,
441 2069 535 2113 quod
557 2076 656 2101 antea
682 2070 938 2113 expectabatur.
1000 2070 1051 2102 Ita

59 2118 125 2153 hoc
153 2120 229 2152 loco
260 2119 405 2151 dicitur:
443 2118 544 2152 Nunc
568 2119 738 2152 iudicium
763 2127 813 2152 est
836 2121 980 2161 mundi,
1014 2120 1049 2153 id

59 2178 127 2208 est.
162 2182 257 2202 nunc
287 2181 399 2201 novus
432 2169 491 2202 ille
524 2176 632 2202 status
660 2170 879 2209 iucoabitur‚
914 2171 951 2203 in
979 2184 1048 2216 quo

57 2221 156 2256 electi
183 2221 431 2253 liberabuntur
454 2232 471 2253 a
499 2221 685 2266 tyrannide
709 2221 862 2262 diaboli,
890 2234 908 2254 a
928 2234 1046 2266 pecca-

56 2280 91 2307 to
126 2279 159 2306 et
197 2284 214 2304 a
250 2279 378 2311 morte,
420 2278 453 2305 et
486 2278 626 2304 econtra
659 2279 830 2317 tyrannus
863 2285 942 2306 cum
976 2274 1048 2306 suis

56 2323 223 2356 membris
247 2322 489 2362 damnabitur,
523 2322 748 2366 reprimetur,
784 2330 816 2356 et
842 2325 983 2357 tandem
1008 2324 1045 2357 in

55 2381 211 2407 aeternas
238 2385 366 2415 poenas
384 2373 578 2407 abiicietur.
635 2372 717 2406 Ideo
736 2374 772 2406 in
788 2381 883 2408 textu
900 2375 1044 2408 dicitur:

54 2423 156 2457 Nunc
181 2425 343 2468 princeps
367 2425 492 2457 mundi
519 2425 611 2457 foras
630 2425 800 2460 eiicietur.
853 2423 929 2459 Etsi
948 2426 1042 2459 enim

57 2475 138 2508 inde
160 2487 269 2520 usque
295 2477 337 2508 ab
361 2476 463 2508 initio
484 2476 519 2508 in
539 2483 675 2519 patrum
695 2483 727 2509 et
744 2476 933 2509 electorum
954 2478 1044 2510 libe-

1082 1517 1083 1523 *
1107 1526 1205 1554 rum,
1235 1521 1273 1547 ut
1293 1512 1412 1547 Esaias
1437 1522 1468 1548 et
1487 1514 1615 1548 Daniel
1640 1529 1796 1560 expresse
1813 1519 1947 1554 dicunt.

54 2526 190 2559 ratione
213 2526 373 2559 diabolus
400 2538 577 2571 repressus
597 2534 662 2567 est,
698 2533 813 2560 tamen
833 2540 927 2561 nunc
953 2528 1040 2561 illud

54 2588 143 2620 opus
164 2577 238 2615 fiet,
266 2584 409 2621 propter
424 2579 517 2622 quod
538 2578 670 2621 priores
689 2578 915 2612 liberationes
931 2580 1041 2613 factae

53 2634 153 2667 sunt,
189 2639 305 2666 causa,
338 2628 520 2669 meritum,
555 2629 707 2663 incoatio
740 2630 920 2664 manifesta
951 2630 1040 2664 vitae

50 2685 210 2712 aeternae
230 2676 499 2716 exhibebuntur.

2040 119 2116 153 282

1226 192 1410 229 Caeterum
1442 197 1629 240 diligenter
1658 200 1761 233 nobis
1784 196 1876 234 hanc
1899 202 2113 236 consolatio-

1123 256 1204 277 nem
1231 245 1466 288 inculcemus,
1495 249 1676 283 diabolum
1702 252 1795 284 foras
1818 252 1896 284 eiici
1918 264 1936 285 a
1960 251 2114 295 Christo,

1122 297 1339 330 conveniunt
1363 299 1468 332 verba
1493 300 1536 332 ad
1557 301 1646 334 illud
1662 302 1795 336 dictum
1814 301 1973 336 Ioannis:
1999 303 2112 338 Filius

1120 344 1186 378 Dei
1213 348 1393 390 apparuit,
1427 356 1465 382 ut
1493 351 1648 386 destruat
1672 365 1777 397 opera
1806 354 1949 387 diaboli.
2004 354 2111 398 Quod

1120 394 1253 429 dictum
1272 397 1516 441 interpretatio
1534 408 1583 434 est
1604 403 1735 445 primae
1751 405 2013 448 promissionis,
2040 413 2111 440 tra-

1120 446 1214 479 ditae
1239 447 1276 479 in
1295 446 1441 481 Genesi:
1471 449 1597 484 Semen
1623 454 1781 486 mulieris
1807 457 2026 490 conculcabit
2052 469 2111 490 ca-

1119 503 1181 541 put
1206 498 1388 541 serpentis.
1440 498 1536 534 Haec
1560 503 1776 537 conculcatio
1803 506 1917 548 palam
1942 507 1979 541 fit
2000 508 2036 540 in
2054 521 2110 541 re-

1118 548 1334 582 surrectione
1360 547 1513 587 Christi,
1545 559 1577 585 et
1609 554 1644 586 fit
1676 555 1939 597 universaliter,
1973 559 2109 603 quoties

1117 596 1252 632 Christi
1276 600 1408 633 auxilio
1433 603 1640 645 reprimitur
1657 605 1836 646 diabolus,
1864 619 1907 639 ne
1926 620 1989 641 nos
2009 621 2107 642 ever—

1117 656 1177 684 tat.
1246 649 1294 684 Ut
1317 651 1425 693 igitur
1447 649 1508 685 has
1533 655 1782 696 promissiones
1808 658 2001 698 discamus,
2035 671 2107 693 non

1117 711 1189 733 esse
1219 701 1341 734 inanes
1373 703 1510 736 sonitus
1541 705 1751 745 verborum,
1784 709 1844 740 sed
1880 720 1999 741 revera
2026 707 2108 743 haec

1115 751 1283 785 beneficia
1299 754 1397 785 omni
1415 760 1571 798 tempore
1587 756 1835 791 invocantibus
1851 759 1938 799 dari,
1966 760 2002 792 in
2020 773 2108 805 quo-

1116 802 1260 836 tidianis
1292 804 1461 847 negotiis,
1497 806 1662 849 periculis
1689 815 1719 841 et
1747 810 1998 843 certaminibus
2023 812 2107 844 fides

1115 853 1245 894 luceat,
1280 862 1402 898 petens
1426 862 1458 889 et
1484 864 1667 899 expectans
1694 857 1778 893 haec
1802 861 1986 901 beneficia,
2018 862 2107 896 sicut

1114 904 1231 948 inquit
1248 903 1429 940 Christus:
1459 906 1589 948 Petite,
1617 916 1649 942 et
1672 911 1859 955 accipietis.
1913 910 2007 944 Haec
2023 913 2108 946 fides

1114 956 1293 999 experitur
1312 957 1562 999 promissiones
1581 971 1678 993 veras
1696 973 1785 1003 esse,
1812 970 1844 996 et
1863 963 1989 995 donari
2007 964 2107 997 nobis

1089 1016 1090 1021 ¹
1113 1006 1292 1040 mirandas
1312 1008 1549 1042 liberationes.

1359 1122 1442 1160 Nos
1465 1123 1677 1159 audirimus
1702 1138 1748 1160 ex
1769 1125 1855 1173 lege.

1212 1209 1357 1243 Dixerat
1375 1207 1536 1244 Christus
1562 1222 1597 1243 se
1620 1212 1845 1246 exaltandum
1871 1225 1962 1255 esse,
1990 1216 2024 1249 id
2045 1225 2105 1259 est,

1110 1260 1405 1303 crucifigendum,
1441 1268 1474 1294 et
1507 1273 1630 1294 omnes
1665 1264 1707 1295 ad
1739 1275 1774 1296 se
1802 1271 1994 1299 tracturum
2021 1280 2104 1309 esse,

1110 1309 1243 1345 Gentes
1268 1317 1299 1344 et
1320 1311 1483 1349 Iudaeos,
1513 1319 1545 1345 et
1570 1313 1645 1345 sine
1668 1326 1786 1347 errore
1806 1316 2019 1351 intellexerat
2040 1332 2102 1361 po—

1109 1362 1233 1404 pulus,
1262 1359 1443 1395 Christum
1469 1363 1511 1395 de
1535 1370 1647 1396 morte
1665 1364 1774 1409 loqui.
1829 1365 1979 1402 Addunt
1997 1369 2102 1411 igitur

1108 1413 1328 1456 quaestiones
1357 1414 1399 1445 de
1431 1414 1642 1457 pugnantia,
1678 1427 1766 1460 quae
1796 1418 1925 1461 passim
1953 1420 1988 1451 in
2014 1419 2101 1453 Pro-

1083 1463 1084 1469 ’
1108 1461 1222 1506 phetis
1240 1470 1288 1496 est
1307 1464 1429 1496 obvia:
1458 1463 1556 1497 Alibi
1575 1466 1717 1505 dicunt,
1742 1464 1924 1501 Christum
1950 1471 2100 1504 moritu—

2000 1520 2099 1555 Alibi

1107 1565 1248 1606 dicunt,
1276 1562 1456 1598 Christum
1482 1574 1707 1607 regnaturum
1735 1581 1805 1601 esse
1833 1578 2000 1613 perpetuo
2024 1574 2099 1605 sine

1105 1616 1186 1649 fine.
1250 1614 1351 1648 Hanc
1376 1617 1606 1659 pugnantiam
1635 1619 1806 1662 explicare
1831 1633 1893 1653 nec
1919 1620 2097 1656 Pharisaei

1105 1672 1188 1698 tunc
1212 1672 1390 1708 poterant,
1426 1680 1488 1700 nec
1513 1680 1607 1700 nuuc
1632 1677 1777 1711 possunt
1811 1669 1940 1706 ludaei.
2010 1673 2097 1706 Fin-

1104 1724 1190 1759 gunt
1210 1717 1317 1759 igitur
1334 1718 1492 1760 politiam
1511 1720 1703 1751 multorum
1723 1722 1931 1762 seculorum,
1959 1731 1990 1756 et
2006 1725 2096 1757 obli-

1104 1768 1287 1800 viscuntur
1312 1769 1410 1810 regni
1435 1769 1592 1801 coelestis
1617 1770 1652 1801 in
1672 1771 1740 1802 vita
1760 1779 1910 1807 aeterna.
1965 1773 2095 1818 Dispu-

1104 1824 1179 1850 tant
1207 1819 1301 1850 enim
1330 1825 1450 1851 natum
1477 1831 1514 1851 ex
1541 1820 1672 1852 semine
1697 1820 1828 1859 David,
1857 1824 1885 1855 si
1911 1825 2093 1865 moriatur,

1103 1880 1176 1900 non
1199 1879 1354 1910 regnare.
1422 1868 1648 1903 Promittitur
1671 1879 1786 1904 autem
1809 1885 1954 1916 regnum
1982 1884 2093 1909 aeter-

1103 1930 1187 1951 num
1221 1931 1294 1952 non
1322 1927 1468 1953 naturae
1503 1921 1608 1954 alicui
1642 1922 1886 1966 incorporeae,
1928 1927 1985 1958 sed
2018 1927 2091 1960 filio

1102 1977 1185 2002 nato
1211 1982 1250 2002 ex
1274 1971 1406 2003 semine
1421 1970 1548 2006 David.
1601 1971 1696 2005 Haec
1716 1976 1906 2017 pugnantia
1925 1978 2092 2011 concilia-

1101 2028 1159 2054 tur
1183 2033 1243 2063 per
1266 2022 1571 2056 resurrectionem.
1627 2023 1783 2059 Moritur
1805 2023 1984 2066 Christus,
2012 2041 2090 2061 cum

1100 2078 1215 2103 autem
1242 2078 1401 2113 oporteat
1424 2084 1570 2115 regnare
1596 2081 1718 2108 natum
1746 2088 1785 2108 ex
1810 2078 1941 2110 semine
1961 2079 2090 2118 David,

1099 2132 1237 2153 necesse
1262 2129 1311 2155 est
1334 2135 1412 2156 eum
1431 2125 1652 2165 resuscitari,
1681 2135 1801 2170 regnat
1817 2128 1923 2170 igitur
1940 2131 2090 2164 resusci-

1098 2178 1189 2205 tatus
1213 2172 1249 2204 in
1273 2173 1341 2206 vita
1366 2181 1516 2208 aeterna.
1571 2174 1665 2209 Haec
1685 2178 1767 2210 satis
1787 2186 1835 2211 est
1852 2180 2089 2222 admonuisse,

1097 2229 1134 2255 ut
1160 2223 1208 2266 pii
1235 2223 1434 2268 intelligant
1461 2238 1591 2259 novum
1618 2235 1863 2261 testamentum
1884 2230 1996 2264 lucem
2015 2244 2088 2265 esse

1096 2271 1353 2317 Prophetarum
1383 2283 1414 2308 et
1440 2275 1587 2310 Iudaeos
1612 2279 1747 2310 facilius
1769 2280 1941 2320 refutent,
1976 2283 2086 2316 colla-

1096 2326 1139 2357 tis
1157 2325 1258 2358 dictis
1276 2324 1500 2369 propheticis.
1553 2327 1642 2360 Nam
1662 2329 1728 2361 alia
1745 2330 1787 2362 de
1805 2338 1914 2364 morte
1931 2332 2086 2377 loquun-

1094 2382 1170 2413 tur,
1206 2376 1272 2409 alia
1305 2378 1348 2410 de
1376 2390 1485 2419 regno
1517 2385 1657 2412 aeterno
1682 2380 1824 2413 seminis
1844 2380 1980 2427 David,
2016 2385 2082 2417 alia

1095 2427 1186 2460 clare
1211 2427 1352 2469 dicunt,
1387 2426 1570 2461 Christum
1592 2430 1802 2464 moriturum
1826 2433 1989 2477 quidem,
2024 2438 2082 2468 sed

1093 2483 1209 2511 tamen
1240 2479 1461 2521 eripiendum
1488 2491 1560 2512 esse
1585 2491 1624 2512 ex
1651 2489 1784 2523 morte,
1815 2490 1853 2516 ut
1879 2482 1999 2518 Esaias
2025 2487 2083 2519 in—

1093 2520 1170 2573 qu‘it
1195 2541 1268 2572 cap.
1288 2529 1347 2564 53.
1375 2529 1421 2563 Et
1441 2529 1568 2564 Psalm.
1594 2531 1658 2565 ait:
1687 2532 1767 2566 Non
1793 2534 1892 2568 dabis
1921 2544 2079 2571 sanctum

1091 2586 1191 2613 tuum
1212 2581 1331 2614 videre
1348 2581 1623 2626 corruptionem.
