2415 2942
117 96 189 133 845
387 94 488 130 XIII.
540 95 574 132 3.
609 92 906 131 ENARRATIO
933 92 1087 132 EPIST.
1114 93 1261 130 PAULI
1289 92 1355 128 AD
1383 92 1644 130 ROMANOS.
1697 92 1801 129 CAP.
1831 92 1876 128 ΙΙ,
2063 93 2139 127 846

116 183 234 223 datio,
256 188 399 226 propter
425 179 517 215 hanc
542 181 852 224 imaginationem,
885 192 973 223 quae
1001 180 1099 222 fingit
1151 179 1284 212 audire.
1344 178 1431 212 Nam
1454 177 1521 212 hoc
1550 180 1626 212 loco
1644 178 1775 212 Paulus
1796 176 1863 212 hoc
1890 177 2030 222 proprie
2054 178 2137 220 agit,

114 235 152 266 in
168 232 245 266 Deo
270 233 570 277 inaequalitatem.
623 231 734 274 Saepe
752 232 900 264 clamant
916 229 1095 264 homines:
1121 263 1123 268 ,
1149 229 1322 262 iusticiam
1343 242 1413 263 non
1432 243 1503 263 esse
1528 230 1693 264 noticiam
1718 241 1777 263 seu
1802 229 2070 273 professionem,
2098 236 2137 261 ut

114 282 263 317 Etiamsi
283 282 378 316 Deus
397 283 534 328 aliquos
554 283 697 326 recipit,
724 289 839 315 tamen
859 287 896 314 tu
916 292 987 312 non
1007 293 1041 313 es
1059 281 1094 312 in
1121 279 1122 329 J
1150 280 1250 313 multi
1271 279 1431 314 homines
1456 281 1522 314 sibi
1547 281 1768 314 blandientes
1794 281 2051 323 imaginantur,
2076 280 2137 311 sed

112 334 176 367 illo
194 346 360 374 numero,
388 346 452 367 nec
467 335 615 377 scriptus
633 333 668 365 in
687 333 757 365 illis
773 332 901 365 tabulis
917 331 1094 365 fatalibus.
1149 341 1221 362 esse
1240 331 1476 364 obedientiam
1496 334 1532 364 in
1551 333 1742 366 voluntate.
1794 329 1872 364 Hoc
1896 331 2058 374 generale
2079 329 2135 361 di-

109 384 198 417 Tam
227 392 351 428 potens
378 385 557 419 Dominus
582 395 655 416 non
678 390 794 427 posset
826 382 976 416 abiicere
1008 394 1096 426 quos
1120 395 1122 436 ‘s
1148 387 1240 413 ctum
1267 381 1303 412 in
1329 381 1463 415 iusticia
1491 382 1592 424 legis,
1628 392 1770 426 prorsus
1797 382 1887 414 nihil
1913 381 2060 424 impedit
2084 392 2134 417 ea,

112 435 244 468 vellet?
1119 447 1122 484 1
1149 443 1237 475 quae
1259 438 1374 474 postea
1393 432 1559 465 dicuntur
1576 434 1618 465 de
1634 432 1772 465 iusticia
1791 432 1882 464 fidei.
1934 430 2036 465 Adsit
2055 438 2135 463 tan-

1120 526 1121 538 l

1120 549 1122 567 Ι

214 483 441 529 Opponenda
457 492 508 518 est
525 491 639 518 autem
655 497 721 517 vox
738 483 1031 528 promissionum,
1058 483 1095 515 in
1120 487 1121 490 ’
1148 489 1222 515 tum
1241 482 1276 514 in
1296 483 1582 527 interpretatione
1598 483 1801 523 dexteritas,
1820 494 1890 515 non
1904 492 2135 525 corrumpan-

116 548 184 580 qua
203 535 298 570 Deus
314 537 389 570 vult
408 536 546 579 agnosci
566 547 662 568 suam
681 535 909 569 voluntatem.
950 533 995 567 Et
1012 546 1095 578 pro·
1149 541 1206 566 tur
1222 541 1313 567 recte
1330 534 1434 567 dicta.

111 587 230 619 missio
253 595 304 621 est
330 586 550 620 universalis.
602 585 673 618 Nec
696 592 777 618 sunt
799 585 835 618 in
857 583 932 617 Deo
955 593 1095 618 contra·
1119 596 1123 647 Ι
1249 582 1372 617 Postea
1396 584 1549 627 disputat
1576 582 1813 627 Augustinus,
1850 581 1904 614 An
1927 580 2058 615 Gentes
2083 582 2133 613 le-

111 638 279 670 dictoriae
303 638 516 675 voluntates,
543 636 623 681 quia
641 635 736 669 Deus
759 642 809 669 est
835 647 949 669 verax.
1012 634 1095 668 Ideo
1120 657 1121 663 η
1148 645 1224 677 gem
1241 634 1404 674 fecerint,
1430 642 1462 668 et
1483 647 1525 667 an
1553 641 1677 667 natura
1701 633 1870 668 fecerint?
1898 632 2027 664 Paulus
2054 639 2132 663 tan-

109 699 246 721 necesse
266 695 316 723 est
335 700 400 722 nos
421 687 564 721 obedire
584 686 825 730 promissioni,
853 692 885 718 et
908 686 1006 719 firma
1027 686 1095 719 fide
1120 708 1121 711 =
1148 694 1221 719 tum
1240 682 1305 719 hoc
1331 685 1535 719 ratiocinari
1560 685 1655 725 vult,
1683 685 1720 718 in
1738 683 1915 718 Gentibus
1940 694 2011 715 esse
2038 682 2131 714 noti-

119 745 285 779 statuere,
317 751 396 772 vere
421 737 511 771 hanc
529 750 600 771 esse
624 738 841 771 voluntatem
871 735 955 775 Dei,
989 749 1094 781 quam
1120 779 1121 783 Ἰ
1148 735 1237 768 ciam
1254 736 1338 779 legis
1354 737 1447 780 quod
1465 736 1548 768 inde
1563 735 1812 775 ratiocinatur,
1836 734 1917 778 quia
1934 733 2035 766 multi
2053 739 2131 765 tan-

108 790 263 823 ostendit
287 790 323 822 in
350 789 606 833 promissione,
647 795 679 821 et
713 800 793 821 vere
818 788 932 822 Deum
967 799 1095 832 aequa·
1119 786 1122 803 f
1147 793 1221 820 tum
1255 787 1402 821 fecerint
1435 787 1567 820 iudicio
1596 787 1769 826 naturali,
1812 791 1982 830 quantum
2008 782 2131 815 Iudaei

110 840 178 873 lem
208 851 279 872 esse
310 840 492 879 omnibus,
525 840 620 872 iuxta
644 850 862 879 mensuram,
896 851 1002 885 quam
1034 850 1094 871 sua
1119 874 1121 882 ,
1148 837 1220 880 lege
1235 839 1379 881 scripta:
1402 836 1447 871 Et
1465 837 1651 870 diiudicari
1676 838 1712 870 in
1737 835 1960 870 conscientiis
1983 832 2130 867 honesta

107 902 190 922 voce
214 891 378 924 instituit.
437 889 532 922 Haec
550 890 631 922 ·dixi
665 890 834 929 breviter,
868 896 906 922 ut
938 890 1094 922 iuniores
1148 895 1181 921 et
1199 889 1326 932 turpia.
1375 888 1453 922 Hoc
1469 889 1649 932 sequitur,
1678 889 1705 921 si
1723 894 1861 922 tantum
1887 885 2074 928 disciplina
2097 891 2131 916 et

105 937 171 972 hoc
187 939 318 973 dictum
338 941 468 974 maiore
485 952 566 973 cura
585 941 792 978 observent,
820 947 851 972 et
870 942 912 973 ad
930 941 1092 973 timorem
1118 971 1119 992 ¹
1146 946 1286 973 externa
1309 940 1396 972 facta
1429 939 1707 974 considerentur.
1774 936 1893 980 Scipio
1918 948 1991 968 non
2015 934 2131 977 attigit

103 990 269 1023 alendum
285 1018 294 1030 ‚
329 999 363 1026 et
389 993 431 1024 ad
466 991 741 1024 consolationem
772 1002 869 1023 suam
895 1003 1092 1024 accommo-
1118 1009 1119 1014 =
1146 1001 1308 1034 sponsam
1334 990 1495 1030 alterius,
1530 990 1612 1033 quia
1635 991 1764 1023 sciebat
1790 986 2003 1021 adulterium
2026 993 2128 1028 turpe

103 1041 199 1073 dent.
266 1041 359 1080 Non,
382 1049 421 1075 ut
444 1049 654 1075 moveantur
676 1039 865 1085 sophistica
890 1042 1093 1082 certamina,
1117 1042 1119 1083 ᾖ,
1146 1052 1235 1079 esse,
1262 1049 1294 1074 et
1316 1053 1333 1073 a
1358 1039 1433 1073 Deo
1459 1040 1587 1083 puniri.
1659 1040 1755 1074 Fecit
1783 1039 1890 1081 igitur
1914 1048 2002 1080 opus
2028 1036 2126 1078 legis,

99 1093 158 1123 sed
184 1091 358 1125 discamus
382 1092 513 1126 intueri
537 1093 752 1125 voluntatem
776 1091 841 1124 Dei
875 1093 1092 1136 patefactam,
1116 1088 1118 1126 ‚³
1145 1098 1177 1124 et
1203 1090 1334 1125 Paulus
1357 1104 1429 1124 non
1454 1092 1555 1130 dicit,
1594 1089 1726 1123 Gentes
1759 1091 1867 1132 legem
1894 1089 2029 1127 fecisse,
2066 1089 2126 1119 sed

99 1143 137 1174 in
165 1154 202 1174 ea
231 1143 467 1186 acquiescere,
501 1150 534 1175 et
560 1143 591 1175 ei
618 1150 818 1176 reverenter
840 1144 968 1185 gratias
992 1154 1091 1185 agere
1115 1182 1117 1190 4
1144 1154 1181 1175 ea
1199 1154 1287 1187 quae
1304 1149 1385 1175 sunt
1405 1143 1507 1184 legis,
1536 1142 1570 1174 id
1589 1149 1657 1181 est,
1683 1142 1800 1185 aliqua
1817 1139 1902 1182 legis
1919 1150 2036 1181 opera.

100 1204 164 1236 pro
180 1193 352 1226 immenso
369 1194 535 1227 beneficio
553 1195 702 1227 donatae
719 1194 962 1237 promissionis
977 1202 1040 1228 etc.
1115 1193 1118 1233 Ι
1250 1192 1293 1226 Et
1324 1194 1535 1225 vocabulum
1565 1191 1698 1225 Natura
1734 1190 1791 1224 hic
1825 1189 1998 1233 significat
2033 1189 2125 1220 idem

143 1272 146 1273 γ
200 1273 207 1281 ,
252 1275 258 1281 .
636 1280 642 1285 ,
718 1277 723 1282 ,
950 1277 956 1283 ,
1114 1239 1116 1251 ”
1142 1244 1237 1287 quod
1255 1243 1406 1275 naturali
1430 1243 1578 1285 noticia,
1606 1249 1824 1275 monstrante
1845 1240 2033 1273 discrimen
2061 1236 2124 1270 lio-

127 1272 203 1320 Qut
221 1286 301 1308 5¹⁰3
317 1273 393 1321 lege
407 1287 661 1322 Peccm'erunl‘
688 1288 766 1309 ⁸¹⁶³
784 1275 859 1321 lege
874 1275 1055 1322 perlb‘mt·
1112 1291 1115 1329 J
1140 1300 1320 1326 nestorum
1339 1301 1370 1326 et
1388 1294 1557 1337 turpium.
1610 1292 1705 1326 Haec
1722 1300 1772 1326 est
1792 1290 1937 1335 simplex
1956 1296 1988 1322 et
2005 1290 2123 1322 nativa

206 1341 274 1375 Hic
299 1354 437 1375 necesse
462 1350 512 1377 est
538 1344 689 1386 intelligi
720 1341 786 1376 hoc
818 1344 969 1383 dictum,
1012 1345 1087 1377 sine
1112 1343 1115 1356 ”
1139 1344 1332 1383 sententia,
1367 1356 1471 1387 quam
1498 1344 1609 1377 lector
1633 1343 1865 1387 amplectatur
1886 1340 2022 1374 reiectis
2047 1351 2124 1373 cor-

101 1392 230 1436 scripta
248 1393 322 1434 lege
346 1400 405 1426 aut
422 1394 656 1437 promulgata:
689 1396 771 1438 quia
791 1402 908 1438 postea
928 1406 1086 1438 expresse
1137 1394 1304 1437 ruptelis‚
1333 1406 1419 1438 quas
1435 1394 1533 1427 finxit
1551 1393 1712 1437 Pelagius
1728 1400 1760 1426 et
1780 1392 1917 1427 caeteri.

98 1443 198 1476 addit
231 1443 509 1479 correctionem:
551 1444 625 1478 lmo
657 1452 689 1477 et
719 1444 851 1478 Gentes
884 1443 1086 1479 habuerunt
1109 1435 1112 1495 l
1238 1443 1284 1478 Et
1308 1447 1401 1489 quod
1427 1445 1541 1488 inquit
1565 1444 1696 1478 Paulus
1714 1471 1721 1484 ,
1759 1442 1861 1488 Opus
1891 1442 2058 1484 scriptum
2086 1443 2123 1474 in

97 1494 230 1537 legem,
256 1491 324 1527 hoc
346 1501 416 1534 est,
444 1495 611 1529 noticiam
636 1497 852 1536 naturalem,
881 1497 1085 1529 discernen-
1108 1523 1109 1527 ,
1136 1497 1319 1535 cordibus,
1360 1496 1530 1537 significat
1554 1493 1615 1528 has
1650 1496 1796 1528 noticias
1830 1494 2005 1527 naturales
2029 1496 2123 1526 dona

97 1551 168 1578 tem
184 1541 331 1577 honesta
350 1552 381 1578 et
400 1546 528 1589 turpia.
579 1547 641 1579 Ait
665 1547 774 1579 enim:
805 1545 882 1580 Sibi
901 1547 985 1590 ipsis
1003 1555 1084 1581 sunt
1136 1558 1208 1579 esse
1225 1547 1393 1579 attributa
1410 1553 1567 1583 naturae,
1588 1547 1813 1580 etuobiscum
1826 1543 2015 1581 nascentia,
2032 1546 2122 1578 sicut

97 1595 173 1634 lex,
202 1601 235 1627 et
260 1594 363 1627 estin
381 1596 429 1627 eis
446 1597 658 1630 conscientia
677 1609 842 1629 accusans
859 1604 890 1630 et
908 1609 1084 1630 excusans.
1107 1601 1108 1605 ’
1134 1597 1283 1629 noticiae
1309 1608 1539 1629 numerorum
1566 1604 1711 1630 naturae
1734 1597 1925 1630 attributae
1950 1602 2050 1632 sunt,
2088 1602 2121 1628 et

99 1643 193 1686 Ergo
215 1650 263 1676 est
288 1644 325 1676 in
349 1645 397 1677 eis
422 1646 593 1678 naturalis
618 1647 769 1687 noticia,
798 1648 1000 1680 discernens
1019 1646 1082 1679 ho-
1134 1647 1316 1680 nobiscum
1337 1654 1540 1682 nascuntur.

99 1702 195 1727 nesta
219 1700 250 1727 et
276 1695 410 1737 turpia,
449 1708 537 1740 quae
561 1708 598 1729 re
623 1697 695 1740 ipsa
725 1704 772 1729 est
797 1697 850 1729 lex
877 1696 962 1737 Dei,
997 1710 1082 1730 con-

98 1756 225 1787 gruens
244 1757 321 1777 cum
341 1743 525 1789 Decalogo.

199 1795 268 1828 Hic
286 1807 408 1828 rursus
426 1798 614 1830 observent
636 1797 781 1830 studiosi
804 1797 951 1829 describi
974 1805 1006 1831 et
1023 1811 1083 1841 ap-
1106 1794 1109 1828 ἒ
1233 1797 1348 1829 Antea
1374 1794 1506 1829 Gentes
1534 1797 1727 1836 accusavit,
1771 1809 1863 1829 nunc
1896 1805 2030 1829 accusat
2061 1797 2118 1829 lu-

98 1846 241 1887 probari
260 1846 369 1888 legem
391 1855 557 1887 naturae,
584 1855 616 1880 et
640 1855 730 1880 recte
751 1848 906 1887 discant,
935 1860 1023 1892 quae
1040 1850 1083 1882 sit
1132 1848 1247 1887 (laeos,
1275 1855 1310 1879 nt
1330 1847 1510 1890 perveniat
1527 1849 1568 1879 ad
1588 1844 1677 1879 hanc
1695 1848 1996 1891 exaequationem:
2026 1846 2117 1880 Om-

95 1898 147 1928 lex
178 1904 340 1936 naturae,
369 1904 407 1929 ut
436 1909 561 1939 supra,
589 1904 621 1930 et
645 1898 730 1930 alibi
751 1910 852 1941 saepe
870 1900 913 1930 de
934 1901 1080 1931 demon·
1132 1910 1193 1931 nes
1210 1895 1370 1930 homines
1389 1898 1425 1929 in
1444 1895 1507 1930 hac
1523 1898 1774 1939 depravatione
1792 1906 1936 1931 naturae
1954 1900 2018 1931 sub
2039 1911 2117 1941 pec-

97 1946 326 1979 strationibus
344 1947 504 1990 practicis
528 1948 612 1980 dixi.
666 1946 711 1980 Et
738 1946 822 1980 haec
848 1949 995 1992 insignis
1020 1951 1081 1982 de-
1132 1956 1209 1981 cato
1236 1960 1325 1987 esse,
1368 1960 1431 1980 nec
1455 1949 1528 1990 lege
1562 1949 1705 1981 liberari
1733 1961 1751 1981 a
1777 1956 1916 1992 peccato
1941 1956 1973 1982 et
1998 1950 2040 1981 ab
2066 1950 2116 1981 ira

96 1997 238 2040 scriptio
256 2004 325 2036 est,
353 2000 445 2042 quod
471 1998 632 2033 videlicet
649 1999 714 2038 ait,
742 1998 908 2033 noticiam
929 2011 1003 2032 esse
1026 2013 1081 2033 ac—
1105 2015 1107 2027 ι
1131 1998 1216 2037 Dei,
1244 2006 1282 2032 ut
1302 1999 1391 2031 infra
1410 1999 1558 2032 dicitur:
1585 1998 1766 2033 Conclusit
1783 1997 1920 2032 Omnes
1944 2001 2008 2032 sub
2035 2012 2114 2043 pec-

95 2053 270 2080 cusantem
295 2053 327 2080 et
350 2056 581 2084 excusantem.
638 2048 820 2092 Significat
845 2050 939 2082 enim
968 2052 1080 2084 lucem
1132 2057 1258 2083 catum.
1312 2049 1369 2083 Sic
1386 2057 1502 2081 autem
1520 2050 1711 2093 accipiatur
1729 2048 1811 2082 haec
1830 2051 2048 2093 obiurgatio,
2077 2060 2115 2085 ut

96 2097 273 2137 divinam,
299 2110 402 2142 quam
425 2097 520 2132 Deus
542 2100 619 2133 ideo
637 2101 826 2134 transfudit
850 2101 885 2132 in
912 2098 1082 2135 humanas
1132 2101 1325 2142 intelligas,
1367 2112 1438 2132 non
1473 2107 1608 2133 tantum
1635 2108 1773 2133 externa
1798 2102 1922 2134 delicta
1951 2102 2116 2140 accusari,

94 2155 244 2187 mentes,
271 2154 309 2181 nt
326 2148 398 2192 ipse
414 2157 637 2191 agnascatur‚
662 2157 693 2183 et
719 2158 895 2194 peccatum
918 2151 952 2184 in
980 2153 1082 2185 nobis
1133 2153 1189 2184 sed
1211 2152 1311 2184 etiam
1330 2149 1551 2196 hypocrisin,
1579 2158 1611 2184 et
1629 2152 1792 2184 fiduciam
1824 2151 1986 2194 propriae
2014 2153 2113 2185 iusti-

92 2205 268 2241 arguatur.
304 2197 404 2232 Sicut
422 2197 620 2234 homicidae
637 2201 791 2234 sentiunt
810 2199 999 2236 horribiles
1020 2217 1079 2247 pa·
1131 2202 1223 2241 ciae,
1251 2203 1363 2246 qualis
1388 2209 1462 2234 erat
1484 2203 1681 2244 arrogantia
1709 2203 1742 2234 iu
1777 2202 1933 2241 ludaeis,
1972 2210 2114 2246 propter

94 2261 210 2290 vores,
240 2249 343 2282 etiam
369 2262 447 2283 cum
471 2258 551 2284 sunt
574 2252 610 2284 in
638 2259 732 2291 tuto,
765 2260 798 2286 et
829 2253 945 2286 nullos
970 2255 1079 2297 magi-
1103 2284 1105 2302 ι,
1131 2253 1272 2285 titulum
1297 2261 1328 2286 et
1357 2252 1621 2296 professionem.
1678 2251 1721 2285 Et
1742 2253 1899 2297 loquitur
1917 2251 2046 2286 Paulus
2070 2255 2112 2286 de

94 2306 218 2333 stratus
241 2307 414 2336 metuunt,
1103 2311 1105 2336 =
1133 2302 1286 2341 ludaeis,
1310 2310 1482 2349 quatenus
1509 2312 1606 2335 eraut
1627 2303 1701 2335 sine
1730 2315 1808 2335 vera
1827 2303 2006 2344 agnitione
2019 2304 2113 2337 Mes-

195 2351 414 2392 Augustinus
432 2350 594 2385 hocloco
619 2354 661 2386 de
684 2353 805 2386 multis
834 2355 1000 2387 membris
1024 2355 1078 2387 ni-
1103 2367 1104 2371 ¹
1130 2355 1219 2391 siae,
1254 2354 1314 2398 qui
1339 2354 1472 2387 etiamsi
1498 2355 1711 2386 excellebant
1741 2354 1924 2396 disciplina
1944 2379 1953 2394 ,
1994 2361 2111 2387 tamen

96 2400 160 2432 mis
184 2401 283 2433 anxie
309 2403 475 2445 disputat.
543 2403 745 2447 Respondet
771 2405 831 2443 iis,
867 2406 925 2448 qui
958 2413 1078 2438 contra
1129 2405 1228 2437 fateri
1247 2407 1472 2447 cogebantur,
1489 2402 1777 2436 seliaberecorcla
1797 2405 1930 2440 vitiosa,
1951 2406 2111 2447 necle-ge,

95 2450 263 2483 iusticiam
283 2452 360 2484 fidei
379 2454 484 2487 citant
507 2455 656 2487 dictum:
686 2454 850 2488 Factores
866 2455 950 2496 legis
974 2456 1074 2488 iusti·
1101 2473 1103 2489 η
1128 2455 1183 2488 vel
1198 2456 1424 2495 ceremoniis,
1449 2456 1501 2487 vel
1521 2455 1696 2487 sacrificiis
1713 2467 1769 2487 eos
1788 2458 1929 2488 morbos
1949 2457 2036 2490 tolli.

94 2500 253 2536 ficantur.
308 2503 374 2536 Sed
393 2506 531 2548 propria
550 2513 580 2539 et
602 2506 782 2549 perspicua
810 2506 989 2549 responsio
1016 2514 1078 2546 est,
1229 2507 1339 2539 Addit
1369 2513 1482 2538 autem
1506 2513 1537 2537 et
1562 2502 1869 2547 reprehensionem
1903 2508 2110 2539 vanissimae

95 2548 178 2584 haec
191 2553 377 2596 descriptio
394 2563 444 2588 est
463 2557 728 2597 iusticiaelegis‚
750 2568 838 2598 quae
856 2554 946 2588 nihil
964 2557 1078 2600 impe-
1129 2557 1385 2599 persuasionis,
1414 2570 1479 2600 qua
1509 2556 1706 2598 fingebant,
1733 2567 1768 2588 se
1793 2564 1938 2600 propter
1966 2558 2107 2591 titulum

93 2602 145 2635 dit
168 2602 233 2634 alia
261 2603 349 2637 dicta
374 2606 415 2637 de
435 2607 571 2640 iusticia
601 2607 691 2642 fidei.
747 2607 838 2649 Quia
870 2619 990 2639 verum
1014 2614 1077 2647 est,
1127 2619 1185 2639 seu
1213 2608 1464 2650 professionem
1490 2614 1521 2639 et
1545 2607 1757 2639 ceremonias
1781 2607 1888 2640 iustos
1916 2620 1998 2642 esse.
2065 2607 2109 2640 tit

96 2652 268 2686 iusticiam
301 2654 383 2697 legis
406 2668 496 2699 esse,
531 2659 643 2692 facere
670 2659 800 2702 legem,
836 2670 907 2691 nou
939 2665 1075 2692 tantum
1098 2672 1104 2703 't
1128 2659 1282 2701 regulam
1308 2659 1434 2698 tradit,
1476 2656 1601 2690 Valere
1627 2664 1786 2691 externas
1809 2659 2022 2692 ceremonias
2049 2659 2108 2697 ita,

1286 1725 1379 1761 Ecce
1397 1732 1434 1760 tu
1447 1754 1455 1766 ,
1481 1728 1548 1775 qul
1564 1726 1728 1762 Iudaeus
1746 1728 1965 1765 nominaris,
