2415 2942
497 114 583 154 XII.

187 202 309 237 Prima
340 208 457 237 autem
489 201 648 248 quaestio
677 201 792 235 oritur
824 212 864 233 ex
887 198 1080 233 traditione

85 253 261 292 humana,
289 266 362 287 non
388 260 471 287 sunt
494 253 702 287 commercia
720 251 858 285 Iudaeis
873 257 907 283 et
924 249 1079 283 Samari-

86 305 190 340 tanis.
243 302 321 339 Etsi
339 305 433 338 enim
449 304 544 338 Deus
564 303 793 338 interdixerat
810 300 978 334 Israelitis
994 299 1080 332 vici-

86 369 215 390 narum
257 355 415 399 gentium
454 355 642 399 impiarum
677 352 866 386 connubiis
894 358 926 384 et
961 350 1080 392 idolis,

86 414 204 442 tamen
221 418 295 440 non
317 407 547 441 interdixerat
569 404 826 444 contractibus,
854 402 1079 442 emtionibus,

85 458 372 498 venditionibus,
415 463 474 490 aut
499 455 621 488 officiis
643 453 929 488 communicandi
952 452 1022 486 cibi
1046 460 1079 486 et

87 516 206 554 potus.
257 508 482 542 Addiderant
513 512 629 539 autem
650 503 831 538 Pharisaei
853 504 1078 546 superstitio-

88 570 139 593 sas
158 559 382 599 traditiones,
410 564 450 590 ut
466 557 689 590 cumularent
710 568 818 600 opera
835 555 1004 600 opinione
1022 555 1078 587 iu-

86 610 224 647 sticiae,
249 616 282 642 et
299 609 477 650 fingebant
495 618 529 641 se
545 614 690 652 propter
707 608 836 650 legem,
862 613 896 640 et
912 617 991 639 suas
1006 611 1077 639 tra-

85 659 237 694 ditiones
263 659 371 692 iustos
395 670 476 691 esse.
530 658 642 691 Porro
669 657 901 695 Samaritani,
936 657 998 690 etsi
1021 668 1077 689 re—

85 716 250 754 ceperant
275 709 472 743 doctrinam
497 709 539 743 de
562 721 634 743 uno
657 707 731 742 Deo
757 716 932 746 creatore,
971 719 1075 751 quem

85 761 342 805 profitebantur
367 758 462 793 hunc
488 772 580 801 esse,
615 761 674 805 qui
701 771 736 793 se
755 760 936 804 patribuS,
961 757 1075 791 Abra-

85 809 170 852 hae,
198 810 309 851 Isaac,
336 818 368 844 et
390 810 493 844 Iacob
517 811 750 848 revelaverat,
781 817 898 843 tamen
926 809 1077 853 promis-

85 863 203 895 siones
220 868 252 895 et
268 862 465 895 doctrinam
483 863 526 895 de
544 862 612 894 fide
630 873 702 894 non
722 867 868 901 norant,
896 867 929 893 et
945 860 1076 893 retine-

83 914 169 946 bant
193 913 322 946 multas
356 912 623 960 superstitiones
646 910 823 952 ethnicas,
857 918 896 945 ut
923 911 1076 945 ostendit

83 964 174 997 liber
190 962 226 997 4.
244 962 330 1006 Reg.
353 963 408 998 17.
439 962 601 998 Christus
619 963 746 997 omissa
764 963 971 1002 traditione,
995 973 1066 1005 per-

84 1014 136 1058 git
161 1026 263 1048 suum
287 1015 442 1048 officium
467 1015 596 1055 facere,
630 1014 755 1058 incipit
781 1014 896 1047 dicere
920 1013 998 1057 quis
1022 1012 1076 1053 sit,

84 1072 117 1099 et
141 1066 227 1111 quid
254 1065 391 1106 doceat,
436 1067 495 1098 sed
519 1063 625 1100 habet
648 1065 751 1098 initio
774 1065 897 1098 rudem
922 1064 1076 1107 discipu-

84 1116 174 1157 lam,
201 1117 361 1149 nondum
381 1128 539 1160 capacem
554 1114 754 1159 Evangelii.
789 1115 872 1148 Ideo
891 1121 1074 1158 postquam

86 1178 194 1211 pauca
220 1167 395 1210 praefatus
419 1173 488 1207 est,
521 1167 752 1200 concionatur
773 1165 914 1199 mulieri
932 1165 974 1198 de
994 1176 1076 1208 poe-

83 1217 247 1251 nitentia.
308 1216 406 1250 Dixit
431 1218 594 1250 obscure:
643 1217 681 1251 Si
708 1228 910 1259 agnosceres
941 1216 1074 1248 donum

85 1268 173 1307 Dei,
202 1275 235 1301 et
250 1268 328 1312 quis
346 1268 407 1308 sit,
435 1268 495 1312 qui
514 1268 597 1301 dicit
615 1268 679 1301 tibi
697 1274 759 1301 etc.
804 1266 927 1299 Postea
947 1265 1076 1298 clarius

85 1326 226 1358 narrat,
248 1329 283 1350 se
301 1330 372 1350 esse
389 1318 574 1359 Messinm,
606 1319 696 1353 vitae
721 1324 880 1351 aeternae
906 1317 1074 1350 datorem.

86 1368 158 1411 Qui
177 1369 307 1401 biberit
330 1380 369 1401 ex
389 1381 496 1412 aqua,
534 1381 638 1414 quam
665 1381 726 1413 ego
754 1369 844 1401 dabo
869 1367 920 1406 ei,
952 1367 1010 1400 fiet
1038 1367 1074 1398 in

85 1431 126 1453 eo
143 1420 221 1452 fc-ns
238 1431 346 1463 aquae
364 1420 520 1453 salientis
543 1421 578 1452 in
599 1420 705 1453 vitam
732 1426 921 1453 aeternam.
974 1417 1074 1450 Non-

85 1471 171 1503 dum
196 1470 362 1512 intelligit
392 1470 540 1510 mulier,
583 1471 667 1516 quid
691 1470 759 1504 sibi
785 1470 869 1503 velit
900 1467 984 1501 haec
1007 1468 1074 1500 mi-

84 1521 194 1554 randa
215 1521 347 1558 concio,
368 1527 402 1554 et
418 1522 539 1555 miscet
554 1519 726 1554 humanas
743 1520 891 1564 ineptias
906 1520 949 1551 dc
966 1531 1074 1563 aqua-

83 1571 192 1605 tione.
246 1570 314 1605 Hie
330 1569 490 1606 Christus
512 1573 677 1617 proponit
705 1572 734 1604 ei
761 1571 965 1605 crncionem
991 1581 1075 1614 poe-

85 1622 275 1665 nitentiae,
302 1629 343 1656 ut
358 1624 474 1665 agnito
492 1630 652 1668 peccato,
681 1623 797 1665 agnita
818 1623 868 1656 ira
887 1622 962 1661 Dei,
991 1633 1074 1665 pos-

88 1673 133 1706 sit
149 1673 282 1706 erudiri
299 1674 341 1705 de
356 1672 504 1714 Messia,
538 1675 580 1707 de
607 1674 814 1707 remissione
842 1679 1076 1717 peccatorum.

87 1721 265 1766 Obiurgat
282 1734 357 1755 eam
383 1731 525 1767 propter
548 1725 733 1760 adulteria.
794 1723 861 1757 Hic
888 1724 946 1756 illa
973 1734 1076 1766 expa-

87 1785 249 1814 vescens,
276 1774 401 1817 incipit
418 1774 487 1807 iam
505 1776 547 1807 de
571 1775 753 1814 doctrina,
781 1781 815 1808 et
837 1775 878 1807 de
896 1775 992 1807 cultu
1010 1773 1075 1806 Dei

87 1836 265 1869 quaerere.
317 1824 440 1857 Iudaei
459 1832 551 1858 recte
570 1826 766 1858 sentiebant
785 1837 856 1857 non
876 1824 971 1857 aliud
988 1831 1076 1856 tem-

84 1875 184 1919 plum
201 1886 272 1908 esse
289 1875 415 1908 debere
439 1875 562 1923 populi
586 1875 714 1916 Israel,
740 1875 801 1909 ubi
825 1875 948 1909 fierent
969 1874 1077 1907 sacri—

84 1924 179 1966 ficia,
210 1925 279 1959 nisi
309 1925 552 1971 ierosolymis,
594 1927 651 1960 sed
677 1926 891 1960 Samaritani
917 1936 1076 1970 oppone-

83 1977 170 2010 bant
195 1976 351 2021 exempla
379 1984 531 2020 patrum.
592 1976 727 2011 Imitari
751 1974 937 2017 Abrahae,
970 1975 1076 2016 Isaac,

85 2026 190 2061 Iacob
222 2028 377 2072 exempla
411 2028 448 2060 in
471 2028 568 2061 cultu
591 2027 674 2069 Dei,
716 2028 866 2061 maxime
889 2028 987 2072 pium
1014 2033 1074 2060 est.

85 2077 156 2112 Hic
185 2078 390 2111 sacrificavit
422 2078 543 2119 Iacob,
583 2090 664 2122 ergo
691 2085 724 2112 et
746 2090 811 2112 nos
837 2079 892 2123 pie
914 2078 1075 2119 facimus,

88 2129 183 2174 quod
197 2127 255 2162 hic
268 2128 510 2164 sacrificamus.
536 2129 631 2163 Haec
648 2128 741 2163 haud
754 2130 860 2163 dubie
878 2130 1074 2164 sacerdotes

87 2179 190 2223 impii
215 2180 487 2222 exaggerabant,
522 2181 581 2225 qui
605 2181 793 2224 cupiebant
819 2181 993 2214 abducere
1010 2193 1074 2225 po-

86 2231 211 2276 pulum
237 2242 255 2263 a
274 2231 433 2264 doctrina
460 2231 571 2273 Mosi‚
597 2229 759 2265 Christus
781 2232 952 2266 diiudicat
969 2243 1075 2277 quae-

84 2284 253 2316 stionem:
282 2280 495 2327 Ubicunque
519 2283 665 2316 verbum
681 2281 747 2315 Dei
765 2290 835 2324 est,
863 2283 913 2316 ibi
930 2289 1020 2316 recte
1036 2282 1076 2316 fit

85 2332 255 2367 adoratio.
316 2331 436 2366 Patres
473 2333 535 2378 qui
572 2331 629 2366 hic
658 2334 914 2375 adoraverunt,
949 2333 984 2366 id
1012 2340 1073 2373 est,

85 2383 385 2425 sacrificaverunt,
420 2391 519 2418 erant
545 2385 707 2418 custodes
731 2392 764 2419 et
787 2386 946 2418 doctores
963 2385 1073 2427 verbi,

87 2447 107 2469 a
122 2433 198 2469 Deo
216 2434 299 2478 ipsis
317 2435 553 2470 commendati
569 2442 601 2469 et
618 2435 750 2470 traditi.
802 2434 879 2469 Hoc
898 2447 1073 2480 propone-

86 2486 173 2520 bant
195 2486 291 2524 aliis,
327 2493 358 2521 et
386 2487 560 2521 docebant
582 2498 699 2521 veram
728 2487 1008 2529 invocationem,
1040 2494 1074 2522 et

87 2536 299 2571 invocabant
314 2537 391 2582 ipsi,
420 2538 487 2572 fide
505 2538 639 2572 accensi
657 2550 718 2583 per
733 2535 800 2572 hoc
817 2539 975 2574 verbum.
1002 2537 1073 2572 Po-

88 2594 159 2622 stea
183 2585 249 2621 hoc
269 2588 361 2621 idem
379 2590 527 2623 verbum
544 2588 610 2623 Dei
635 2590 918 2623 commendatum
941 2596 991 2623 est
1008 2590 1073 2624 tri-

87 2639 151 2673 bui
170 2637 274 2679 Levi,
300 2645 339 2672 ut
353 2640 396 2673 ad
419 2640 707 2682 tabernaculum,
734 2652 795 2674 seu
819 2640 989 2685 templum
1006 2642 1071 2675 do-

85 2695 224 2732 cerent,
250 2689 302 2723 ibi
316 2687 412 2725 Deus
433 2692 557 2737 quaeri
581 2692 728 2726 verbum
752 2703 855 2726 suum
877 2691 1010 2733 voluit,
1033 2699 1073 2728 ut

86 119 159 154 101

636 111 937 152 ENARRATIO
966 111 1018 149 IN
1044 109 1229 150 EVANG.
1257 108 1471 147 lOANNIS.

1534 106 1637 146 CAP.
1667 108 1727 144 lv,
2055 115 2128 151 102

1131 210 1212 232 vera
1232 196 1408 231 invocatio
1435 194 1510 229 fieri
1537 200 1661 239 posset.
1731 194 1800 229 Sed
1826 208 1886 230 vos
1911 196 2125 233 Samaritani

1131 250 1199 282 iam
1231 246 1289 281 hic
1318 247 1431 281 facitis
1463 246 1704 280 adorationem
1736 253 1768 280 et
1812 248 1997 290 sacrificia,
2049 251 2125 284 sine

1131 300 1238 332 verbo
1258 299 1336 333 Dei.
1391 298 1474 331 Ideo
1494 304 1605 331 vestra
1623 298 1782 331 adoratio
1801 299 1926 332 reiecta
1945 307 2008 334 est.
2050 299 2124 335 Nos

1133 349 1256 382 ludaei
1274 349 1466 382 retinemus
1482 349 1642 383 verbum.
1695 346 1809 384 Erant
1827 350 1921 383 enim
1937 351 2058 396 aliqui,
2085 359 2125 386 ut

1130 400 1295 441 Simeon,
1322 397 1531 439 Zacharias,
1565 399 1794 435 retinuerant.
1850 400 1934 434 Ideo
1961 404 2004 435 ad
2033 409 2124 436 tem-

1128 452 1248 496 plum,
1276 457 1309 484 et
1333 450 1371 483 in
1397 447 1462 483 hac
1485 448 1660 490 Ecclesia,
1695 451 1731 482 in
1759 463 1825 495 qua
1849 459 1949 486 sonat
1974 454 2123 487 verbum

1129 502 1215 541 Dei,
1244 502 1357 547 placet
1375 500 1533 533 adoratio
1557 512 1679 534 eorum
1693 527 1702 540 ,
1731 502 1791 545 qui
1811 503 1958 536 verbum
1974 502 2040 537 Dei
2059 517 2124 538 au-

1130 554 1252 593 diunt,
1298 559 1330 586 et
1354 552 1422 584 fide
1449 552 1582 584 accensi
1609 551 1787 584 invocant.
1849 552 1945 586 Haec
1969 562 2018 588 est
2043 567 2123 598 pars

1128 603 1386 648 responsionis,
1423 603 1459 635 in
1486 614 1554 647 qua
1586 602 1689 642 dicit,
1739 614 1829 646 quae
1859 615 1913 637 res
1947 605 2124 640 discernat

1128 656 1221 697 loca,
1256 655 1405 695 scilicet,
1449 654 1597 686 verbum
1624 653 1706 694 Dei,
1749 660 1782 686 et
1812 651 1896 686 haec
1924 667 2003 698 pars
2029 664 2122 691 taxat

1128 704 1242 740 adhuc
1260 712 1398 740 tantum
1418 704 1676 744 Samaritanos,
1704 704 1764 748 qui
1789 704 1979 747 alligabant
1996 708 2123 740 adora-

1128 758 1259 790 tionem
1292 757 1385 796 loco,
1432 756 1468 788 in
1494 767 1563 800 quo
1597 767 1669 787 non
1695 755 1844 789 sonabat
1872 757 2018 790 verbum
2042 757 2121 794 Dei.

1127 808 1233 842 Hunc
1249 819 1403 841 errorem
1426 806 1536 840 taxari
1554 817 1693 839 necesse
1708 806 1786 839 suit.

1229 875 1353 909 Postea
1371 874 1468 908 addit
1486 874 1646 917 amplius.
1699 872 1858 906 Verbum
1878 871 1943 906 Dei
1960 884 2031 905 non
2050 885 2122 907 esse

1127 927 1307 970 alligatum
1324 927 1367 959 ad
1393 932 1525 959 certum
1546 925 1660 958 locum
1673 949 1682 966 ‚
1710 932 1743 958 et
1758 924 1926 958 discernit
1943 932 2121 957 externam

1127 979 1371 1011 adorationem
1411 976 1589 1018 alligatam
1639 975 1723 1008 locis
1765 987 1782 1007 a
1818 987 1916 1013 vera,
1967 982 1999 1008 et
2029 982 2123 1009 taxat

1127 1030 1310 1073 utriusque
1327 1027 1450 1072 populi
1476 1038 1648 1066 errorem,
1684 1025 1988 1059 Samaritanorum
2012 1033 2043 1059 et
2062 1025 2122 1059 lu-

1128 1082 1306 1113 daeorum.
1368 1077 1582 1112 Samaritani
1615 1077 1793 1118 fingebant
1816 1074 2008 1108 Ecclesiam
2044 1077 2121 1110 sine

1129 1132 1233 1163 verbo
1248 1129 1333 1169 Dei,
1363 1128 1482 1161 ludaei
1501 1125 1679 1160 habebant
1698 1127 1844 1159 verbum
1864 1124 1947 1166 Dei,
1976 1128 2033 1159 sed
2054 1127 2121 1159 fin-

1127 1183 1253 1224 gebant
1270 1180 1513 1213 adorationem
1532 1189 1603 1210 esse
1628 1188 1688 1210 sua
1715 1176 1901 1217 sacrificia,
1930 1189 1993 1210 nec
2014 1177 2121 1210 intel-

1128 1232 1284 1274 ligebant
1315 1229 1596 1268 invocationem,
1645 1239 1734 1273 quae
1764 1228 1923 1260 facienda
1957 1235 2006 1261 est
2038 1229 2118 1265 fide.

1126 1281 1294 1315 Dicamus
1325 1281 1432 1324 igitur
1462 1279 1588 1313 ordine
1615 1279 1658 1312 de
1681 1278 1830 1322 singulis
1853 1279 2011 1323 partibus
2036 1291 2122 1312 con-

1126 1344 1248 1368 ctonis.

1193 1423 1308 1463 Venit
1331 1422 1445 1468 hora,
1472 1421 1623 1473 quando
1643 1435 1754 1471 neque
1777 1422 1813 1456 ιή
1834 1426 1965 1464 monle,
1994 1427 2056 1458 etc.

1228 1501 1404 1546 Loquitur
1430 1501 1473 1534 de
1497 1500 1748 1544 propagatione
1766 1497 1953 1543 Evangelii
1980 1499 2017 1531 in
2045 1505 2119 1532 toto

1127 1554 1212 1587 orbe
1235 1560 1425 1593 terrarum,
1466 1564 1529 1585 nec
1554 1559 1692 1585 tantum
1721 1551 1940 1593 intelligatur
1963 1548 2120 1583 Ecclesia

1127 1605 1165 1638 in
1195 1602 1261 1638 hac
1291 1604 1382 1642 vita,
1430 1603 1490 1635 setl
1526 1603 1630 1635 etiam
1660 1600 1817 1634 Ecclesia
1851 1600 2054 1634 resuscitata
2086 1608 2121 1635 et

1126 1658 1248 1690 fruens
1262 1654 1331 1688 iam
1349 1661 1489 1688 aeterna
1508 1653 1744 1693 beatitudine,
1771 1659 1803 1686 et
1828 1652 1902 1685 sine
1919 1651 1989 1685 ulla
2006 1651 2120 1685 imbe⁹

1128 1707 1271 1741 cillitate
1292 1706 1361 1738 iam
1379 1706 1559 1738 celebrans
1578 1703 1711 1745 Deum,
1736 1710 1770 1736 et
1796 1703 1827 1736 ei
1851 1703 1979 1746 gratias
2001 1714 2118 1745 agens,

1129 1758 1226 1803 quasi
1247 1758 1356 1790 dicat:
1386 1756 1534 1789 'Messias
1558 1767 1704 1797 regnum
1727 1760 1909 1787 aeternum
1936 1753 2119 1788 constituit

1129 1809 1314 1842 collectum
1334 1819 1374 1840 ex
1391 1807 1557 1840 omnibus
1577 1806 1759 1849 gentibus,
1786 1805 1823 1838 in
1841 1817 1909 1850 quo
1927 1803 2022 1838 Deus
2038 1816 2119 1848 per-

1128 1868 1233 1904 petuo
1251 1859 1502 1898 celebrabitur,
1530 1870 1592 1890 nec
1616 1857 1681 1890 erit
1703 1856 1815 1889 cultus
1832 1862 2011 1896 externus,
2037 1855 2119 1888 alli-

1129 1919 1227 1954 gatus
1246 1912 1287 1943 ad
1313 1910 1482 1953 templum
1508 1908 1711 1946 Iudaicum,
1745 1913 1805 1940 aut
1830 1907 1870 1939 ad
1897 1903 1991 1939 hunc
2013 1918 2119 1939 mon-

1128 1968 1209 1996 tem.
1262 1960 1343 1994 Non
1369 1961 1405 1993 in
1432 1958 1498 1993 hoc
1529 1966 1667 1998 monte,
1708 1970 1772 1991 nec
1799 1956 2039 2002 lerosolymis,
2080 1956 2118 1989 id

1129 2020 1190 2052 est,
1217 2024 1290 2045 non
1308 2012 1343 2044 in
1361 2010 1567 2044 ceremoniis
1583 2009 1731 2052 alligatis
1748 2009 1836 2048 loco,
1862 2007 1980 2041 coletis
1992 2006 2117 2042 Deum.

1127 2063 1190 2097 Est
1208 2064 1316 2106 igitur
1333 2062 1525 2107 praedictio
1542 2062 1584 2094 (le
1612 2068 1755 2093 aeterno
1779 2071 1904 2102 regno,
1940 2059 2034 2103 quod
2058 2058 2117 2091 in-

1128 2122 1250 2149 coatur
1270 2115 1308 2146 in
1335 2113 1593 2157 praedicatione
1614 2110 1818 2154 Evangelii,
1845 2120 1961 2156 sparsa
1981 2120 2043 2152 per
2059 2115 2115 2142 to.-

1127 2173 1201 2200 tum
1219 2167 1358 2203 orbem,
1387 2171 1425 2198 ut
1443 2162 1556 2197 Oseae
1579 2165 1608 2198 1.
1632 2163 1778 2196 dicitur:
1818 2160 1863 2194 Et
1887 2159 1951 2193 erit
1977 2160 2014 2192 in
2038 2160 2116 2193 loco

1127 2218 1189 2252 ubi
1208 2217 1344 2250 dicetur
1359 2216 1424 2249 eis:
1460 2214 1540 2248 Non
1561 2214 1711 2258 populus
1734 2223 1831 2244 meus
1846 2222 1927 2252 vos,
1952 2210 2003 2243 ibi
2021 2211 2118 2244 dice-

1128 2276 1186 2302 tur
1203 2269 1269 2308 eis,
1296 2268 1360 2300 filii
1381 2267 1448 2300 Dei
1468 2265 1631 2300 viventis.
1684 2263 1801 2296 Prima
1820 2262 1928 2305 igitur
1943 2261 2116 2295 sententia

1127 2318 1184 2353 hic
1203 2321 1369 2353 admonet
1386 2318 1569 2351 mulierem
1586 2317 1629 2348 de
1645 2315 1714 2347 alio
1733 2314 1845 2351 cultu,
1875 2312 2018 2352 scilicet,
2043 2312 2116 2356 spi-

1126 2371 1245 2404 rituali
1264 2376 1297 2403 et
1316 2376 1476 2408 aeterno,
1505 2374 1536 2401 et
1555 2366 1668 2399 reiicit
1686 2364 1919 2398 ceremoniam
1936 2363 2115 2406 alligatam

1126 2423 1216 2456 loco.
1270 2420 1366 2454 Haec
1382 2418 1553 2453 sententia
1573 2416 1700 2450 clarius
1719 2422 1912 2460 exponetur
1937 2414 1976 2447 in
2001 2413 2115 2453 dictis,

1125 2485 1213 2519 quae
1229 2479 1435 2519 sequuntur.

1331 2561 1413 2603 Vos
1432 2559 1602 2596 adoratis
1626 2556 1728 2609 quod
1751 2556 1910 2594 nescitis.

1226 2641 1295 2676 Hic
1318 2647 1454 2676 tantum
1483 2638 1651 2673 discernit
1667 2635 1838 2671 Ethnicos
1861 2641 1894 2668 et
1910 2630 2117 2674 Ecclesiam,

1124 2693 1163 2728 in
1181 2706 1249 2741 qua
1274 2700 1375 2728 sonat
1396 2692 1544 2776 verbyug]
1560 2688 1627 2725 Dei
1652 2687 1819 2725 traditum
1843 2697 1906 2731 per
1921 2681 2117 2730 Prophetas
