2415 2942
128 99 177 134 ιδ
556 89 640 125 XII.

691 85 987 124 ENARRATIO
1016 87 1067 122 IN
1094 86 1280 125 EVANG.
1308 85 1523 123 IOANNIS.
1576 85 1681 125 CAP.
1710 89 1737 123 Ι.

2113 88 2162 130 14

129 195 170 217 ea
192 194 212 214 a
238 179 442 214 conditione
464 183 724 215 creaturarum,
759 181 792 207 et
815 171 994 207 contrahit
1018 185 1120 207 suum
1147 177 1150 215 ξ
1175 187 1194 207 a
1218 174 1331 207 doctis
1355 176 1525 220 quaedam
1549 175 1728 209 subtiliter
1742 176 1968 220 disputantur
1983 179 2026 212 de
2040 181 2166 214 defini-

131 234 284 273 dictum‚
318 229 503 275 inquiens,
537 233 674 261 tantum
698 236 804 269 opera
827 224 898 257 Dei
920 236 986 271 per
1008 224 1121 257 filium

131 284 273 318 condita
300 293 383 315 esse.

132 334 285 369 conditis
302 331 418 369 cerni,
444 341 533 375 quae
549 340 612 361 nec
629 333 712 361 sunt
727 338 832 370 opera
841 324 908 359 Dei
920 353 929 366 ‚
955 337 1020 358 nec
1037 332 1122 358 con-

132 386 205 419 dita
235 397 297 428 per
322 383 474 421 Filium,
509 378 672 412 videlicet
696 384 876 421 peccatum
903 383 937 410 et
962 384 1122 411 mortem.

131 436 208 470 Hae
222 437 312 469 duae
328 431 579 477 appellationes
596 428 792 471 significant
804 428 1007 461 universam
1020 434 1124 460 natu-

132 499 192 521 rae
220 484 511 521 destructionem,
545 481 701 513 furorem
732 479 885 517 diaboli,
921 485 1030 512 totam
1055 476 1122 511 hu—

132 538 230 570 mani
262 534 398 579 generis
430 531 738 575 depravationem,
772 537 806 563 et
836 530 954 562 omnia
984 536 1123 573 peccata

133 588 293 622 omnium
321 583 528 622 hominum,
554 593 677 615 omnes
704 581 935 621 calamitates,
962 587 1123 618 mortem,

132 646 167 671 et
191 643 377 680 perpetuos
393 633 579 668 cruciatus.
632 632 775 665 Horum
793 632 967 664 malorum
986 631 1123 674 magni-

132 688 293 722 tudinem
313 686 411 718 nulla
430 691 587 717 creatura
607 683 803 727 perspicere
821 689 946 727 potest.
1003 682 1123 725 Quare

132 751 205 772 non
246 737 483 770 existimemus
526 735 616 767 levia
657 735 882 766 incommoda
923 733 1124 777 significari,

133 801 212 823 cum
230 789 394 821 audimus
410 785 589 819 nominari
607 792 786 829 peccatum
803 791 836 818 et
851 791 1012 818 mortem.

234 864 344 898 Docet
368 870 483 897 autem
511 869 544 895 et
568 862 606 894 in
633 861 710 894 aliis
739 861 826 894 locis
844 860 1011 901 Ioannes,
1039 858 1123 894 baec

133 916 224 949 mala
260 928 334 948 non
367 926 439 947 esse
469 925 524 947 res
551 925 568 946 a
592 911 668 946 Deo
697 913 876 952 conditas,
912 920 949 946 ut
973 924 1047 956 cap.
1074 912 1122 945 8.:

132 966 286 1009 Quando
319 965 543 998 mendacium
574 964 736 1009 loquitur
760 963 942 1004 diabolus,
977 975 1017 996 ex
1041 975 1123 1006 pro—

129 1018 216 1062 priis
248 1017 422 1062 loquitur:
459 1016 540 1061 quia
566 1016 715 1048 mendax
738 1021 805 1055 est,
839 1021 872 1047 et
899 1021 997 1058 pater
1023 1026 1122 1047 men-

131 1069 241 1110 dacii;
270 1076 302 1102 et
324 1068 361 1100 in
383 1068 413 1100 1.
429 1065 543 1112 Epist.
560 1079 636 1111 cap.
652 1069 706 1101 2:
734 1065 1029 1108 Concupiscentia
1047 1077 1124 1098 car-

131 1120 188 1152 nis
213 1132 288 1153 non
314 1127 364 1153 est
387 1131 427 1151 ex
453 1125 569 1162 patre,
596 1119 654 1150 sed
681 1129 720 1149 ex
745 1117 897 1157 mundo3
927 1124 959 1149 et
977 1129 1051 1160 cap.
1071 1116 1121 1150 3.:

133 1169 207 1213 Qui
231 1171 315 1204 facit
340 1177 541 1213 peccatum,
575 1180 615 1200 ex
643 1167 785 1200 diabolo
810 1175 876 1207 est,
910 1167 992 1211 quia
1018 1167 1122 1199 initio

133 1222 297 1255 diabolus
322 1226 451 1264 peccat.
505 1218 593 1253 Cum
612 1219 720 1261 igitur
738 1218 900 1250 diabolus
918 1224 949 1250 et
967 1216 1123 1250 hominis

132 1425 363 1458 structionem
401 1435 474 1456 non
507 1423 696 1456 conditam.
770 1419 817 1455 Et
849 1419 933 1454 hinc
964 1421 1122 1455 definitio

131 1475 215 1508 mali
241 1475 332 1508 sumi
356 1481 480 1518 potest.

132 1533 202 1560 tam
219 1525 338 1567 aDeo,
365 1526 424 1558 sed
442 1525 716 1558 destructionem
733 1524 782 1557 rei
800 1524 982 1564 conditae,
1010 1531 1122 1557 ortam

132 1590 150 1611 a
175 1577 339 1617 diabolo,
364 1584 397 1611 et
420 1577 547 1609 deinde
573 1589 590 1609 a
616 1576 797 1609 voluntate
814 1573 982 1609 hominis.
1036 1575 1120 1608 Pec-

133 1636 266 1669 catum,
297 1629 334 1661 id
357 1635 426 1668 est,
453 1628 588 1660 aversio
613 1627 806 1661 voluntatis
832 1640 849 1660 a
875 1625 950 1660 Deo
976 1627 1124 1660 extinxit

132 1680 300 1713 noticiam
318 1678 383 1712 Dei
400 1679 436 1711 in
454 1678 646 1719 mentibus,
675 1686 707 1712 et
723 1679 885 1712 timorem
895 1676 980 1718 Dei,
1008 1679 1124 1719 fidem,

134 1737 166 1764 et
191 1730 417 1763 dilectionem
441 1729 507 1762 Dei
528 1730 565 1762 in
591 1730 791 1770 voluntate,
826 1736 858 1762 et
884 1729 1037 1773 impellit
1061 1741 1124 1761 vo-
1149 1742 1151 1748 ⁴

132 1783 327 1821 luntatem,
361 1787 400 1814 ut
429 1787 510 1814 ruat
542 1787 663 1814 contra
694 1780 805 1823 legem
834 1779 917 1820 Dei,
953 1787 986 1814 et
1009 1779 1123 1813 Deum

132 1831 357 1866 horribiliter
378 1831 546 1864 offendat.
600 1830 700 1864 Mors
725 1838 775 1864 est
798 1838 944 1864 naturae
969 1828 1124 1863 hominis

131 1883 343 1923 destructio,
378 1889 493 1915 secuta
528 1889 727 1925 peccatum,
757 1889 790 1915 et
815 1893 937 1915 sensus
961 1882 1032 1914 irae
1057 1881 1125 1914 Dei

134 1936 302 1968 adversus
333 1940 532 1978 peccatum,

133 2038 207 2072 bati
235 2048 371 2077 sumus3
417 2043 450 2069 et
481 2034 573 2069 Psal.
597 2035 673 2070 38.:
717 2034 868 2079 Propter
899 2035 1123 2080 iniquitatem

135 2089 283 2132 corripis
307 2085 502 2120 hominem.
552 2085 638 2119 Item
655 2085 788 2120 Paulus
813 2087 966 2120 breviter
981 2093 1015 2120 et
1032 2086 1124 2119 clare

135 2139 236 2172 dicit:
279 2138 346 2170 Per
368 2144 546 2182 peccatum
576 2149 683 2171 mors.
745 2137 852 2170 Item:
897 2136 1123 2181 Stipendium

136 2382 199 2414 per
223 2369 354 2409 filium,
389 2375 429 2402 ut
451 2368 600 2401 sciamus
623 2368 733 2409 mala,
768 2376 947 2413 peccatum
972 2375 1006 2402 et
1030 2381 1124 2402 mor-

135 2428 223 2461 tem,
258 2432 347 2465 quae
372 2425 455 2453 sunt
480 2418 671 2452 destructio
695 2420 811 2464 operis
834 2418 920 2463 Dei,
956 2432 1029 2453 non
1053 2432 1125 2453 esse

137 2478 212 2506 orta
245 2484 262 2504 a
292 2471 364 2504 filio
389 2469 467 2504 Dei.

138 2580 322 2618 propterea
359 2573 541 2607 extenuari
580 2581 758 2616 putemus:

136 2624 240 2658 ruina
266 2625 418 2668 ingentis
444 2624 605 2658 aedificii.

137 2676 293 2710 breviter
314 2677 531 2710 monendum
555 2688 627 2710 esse
652 2677 861 2710 censuimus.

437 279 617 313 Admonet
638 276 747 319 igitur
768 276 940 320 quaedam
963 275 1000 307 in
1019 275 1123 308 rebus
1149 303 1150 307 ,

132 1273 297 1306 voluntas
323 1270 516 1304 assentiens
538 1270 702 1306 diaholo,
737 1269 781 1302 sit
805 1280 905 1301 causa
930 1269 1062 1312 peccati
1089 1274 1123 1301 et
1149 1269 1150 1292 t
1175 1242 1396 1287 parumldm‘

131 1324 272 1362 monis,
299 1321 488 1363 diligenter
504 1320 723 1354 observanda
741 1319 897 1363 exceptio
912 1346 920 1359 ,
946 1331 1034 1364 quae
1051 1319 1122 1352 dis-
1149 1345 1150 1348 Ἰ
1175 1300 1276 1327 antea
1301 1291 1358 1326 hic
1378 1306 1449 1326 non
1468 1300 1605 1328 tantum
1624 1307 1773 1338 primam
1791 1298 2030 1331 condmonem
2046 1312 2165 1333 rerum

132 1374 266 1406 crimen
297 1372 406 1406 tradit
437 1372 531 1405 inter
562 1383 617 1404 res
649 1371 827 1411 conditas,
861 1377 894 1403 et
917 1382 1034 1403 rerum
1062 1371 1122 1403 de-
1176 1344 1327 1387 intelligi
1354 1346 1503 1388 debere’
1531 1346 1590 1378 sed
1616 1346 1719 1379 etiam
1743 1347 2036 1390 gubernationem
2054 1358 2087 1385 et
2104 1351 2167 1384 de-

1149 1410 1151 1416 ’
1175 1396 1373 1429 sensionem
1391 1394 1568 1430 Ecclesiae
1592 1398 1751 1431 omnium
1775 1405 1984 1443 temporum.

576 1933 665 1966 sicut
700 1933 737 1965 in
770 1932 863 1966 Psal.
883 1932 945 1965 90.
977 1933 1123 1966 dicitur:
1150 1945 1152 1948 ·

134 1985 230 2030 Quia
253 1985 444 2018 defecimus
466 1984 504 2017 in
534 1983 585 2017 ira
610 1990 686 2024 tua,
714 1990 748 2018 et
771 1983 808 2016 in
831 1985 950 2017 furore
972 1990 1031 2016 tuo
1049 1990 1124 2017 tur—
1150 1997 1152 2006 ¹

1174 226 1271 258 tione
1296 226 1448 269 peccati,
1481 233 1598 259 tamen
1624 223 1692 260 hoc
1716 228 2000 270 meminerimus,
2027 232 2163 265 nullam

1176 282 1369 308 creaturam
1393 277 1475 310 satis
1498 277 1692 321 perspicere
1716 279 1995 322 magnitudinem
2021 283 2164 325 peccati,

1176 327 1235 359 sed
1261 326 1436 359 discamus
1461 328 1498 359 in
1524 329 1698 362 exercitiis
1721 330 1977 373 poenitentiae,
2011 333 2097 378 quid
2119 334 2163 367 sit

1176 384 1374 421 peccatum,
1402 384 1435 410 et
1460 379 1544 422 quid
1570 380 1613 412 sit
1633 380 1682 412 ira
1701 379 1769 414 Dei
1787 382 1953 416 adversus
1972 391 2165 427 peccatum,

1176 428 1381 461 intueamur
1391 428 1493 461 etiam
1507 429 1706 463 tristissima
1718 432 1876 465 omnium
1888 441 2038 468 aetatum
2050 447 2168 468 exem—

1175 479 1250 523 pla,
1287 479 1325 511 in
1355 479 1484 523 quibus
1508 477 1604 513 Deus
1629 481 1717 513 iram
1742 493 1839 515 suam
1864 484 1901 516 in
1925 482 1990 518 hac
2011 485 2081 519 vita
2105 487 2166 520 de—

1176 530 1343 570 claravit,
1369 530 1408 562 in
1434 531 1590 572 diluvio,
1617 532 1654 564 iu
1681 533 1954 575 conflagratione
1979 535 2166 579 Sodomae,

1176 581 1214 614 in
1239 581 1406 614 omnibus
1430 582 1532 614 bellis
1556 589 1588 615 et
1611 583 1870 617 calamitatibus
1892 583 2040 619 humani
2062 599 2166 631 gene—

1176 632 1243 670 ris,
1271 632 1308 664 in
1332 632 1588 666 mutationibus
1613 646 1823 677 regnorum,
1851 635 1888 668 in
1912 637 2046 670 excidio
2072 638 2166 672 lero-

1176 683 1349 728 solymae,
1384 683 1421 715 in
1453 685 1725 725 vastationibus,
1760 698 1848 730 quae
1871 699 1966 721 nunc
1990 688 2079 722 fiunt
2103 701 2165 733 per

1178 734 1400 779 tyrannidem
1426 733 1626 768 Turcicam.
1680 734 1720 768 In
1746 734 1801 769 his
1823 738 1927 771 tantis
1953 739 2055 772 malis
2078 741 2164 774 sinit

1176 785 1272 819 Deus
1288 785 1421 818 diaboli
1439 786 1594 819 furorem
1611 788 1758 830 grassari
1778 788 1814 820 in
1830 800 1938 832 genus
1956 787 2166 832 humanum,

1176 843 1214 870 ut
1240 848 1372 880 poenae
1396 848 1460 869 nos
1477 838 1710 879 admoneant,
1736 838 1851 872 Deum
1868 853 1948 873 vere
1966 841 2067 874 irasci
2087 855 2165 885 pec-

1177 894 1272 928 cato,
1308 894 1341 920 et
1370 887 1522 921 abiicere
1552 886 1713 923 homines
1739 890 1774 922 in
1800 898 1982 924 aeternum
2010 893 2166 926 exitium.

1177 937 1245 972 Sed
1272 945 1366 971 tanta
1391 946 1440 972 est
1465 936 1612 972 humani
1638 940 1753 972 cordis
1776 942 1940 983 durities,
1965 950 2005 976 ut
2026 956 2089 977 nec
2110 942 2163 977 his

1176 990 1343 1032 exemplis
1375 990 1457 1023 satis
1489 998 1689 1034 moveatur,
1729 993 1788 1024 sed
1820 999 1938 1026 tamen
1969 993 2162 1028 Ecclesiam

1175 1047 1315 1084 oportet
1338 1037 1423 1073 haec
1447 1041 1689 1080 considerare,
1725 1048 1757 1074 et
1782 1043 1901 1088 aliquo
1927 1045 2034 1077 modo
2060 1058 2165 1089 expa-

1148 1099 1150 1103 ’
1175 1103 1323 1124 vescere.

1278 1140 1469 1186 Postquam
1502 1141 1574 1174 dixi
1606 1143 1649 1174 de
1679 1155 1780 1175 causa
1806 1144 1909 1184 mali,
1944 1152 1976 1178 et
2001 1146 2043 1178 de
2068 1159 2165 1181 exce«

1175 1191 1297 1235 ptione
1329 1192 1365 1224 in
1394 1199 1490 1225 textu
1518 1192 1649 1236 posita,
1683 1205 1779 1226 nunc
1812 1196 1917 1228 redeo
1950 1197 1994 1229 ad
2018 1198 2165 1231 alteram

1449 1240 1582 1276 Omnia
1607 1256 1668 1287 per
1692 1245 1808 1288 ipsum
1831 1246 1918 1279 facta
1939 1255 2030 1283 sunt.
2083 1247 2167 1282 Dixi

2039 1400 2169 1435 Admi-

542 1473 679 1507 Malnm
705 1484 777 1506 esse
803 1485 876 1506 non
901 1484 973 1505 rem
999 1473 1123 1505 condi-—
1150 1470 1151 1490 3
1176 1448 1329 1480 randum
1361 1459 1449 1491 opus
1482 1455 1531 1480 est
1563 1449 1692 1481 creatio
1718 1450 1845 1483 mundi
1873 1463 1912 1484 ex
1939 1450 2073 1493 nihilo,
2108 1454 2167 1487 sed

1176 1511 1249 1532 non
1268 1504 1317 1531 est
1336 1498 1454 1531 minus
1470 1511 1557 1542 opus
1576 1500 1687 1542 prima
1706 1501 1880 1535 restitutio
1897 1503 1996 1535 Adae
2015 1510 2047 1536 et
2062 1501 2169 1545 Evae,

1177 1557 1254 1593 post
1278 1550 1433 1593 lapsum,
1462 1550 1523 1583 ubi
1551 1563 1611 1594 per
1634 1551 1745 1584 filium
1763 1551 1846 1594 Dei,
1875 1560 1907 1586 et
1925 1561 2069 1598 propter
2087 1567 2166 1588 eum

1176 1601 1319 1634 diabolo
1344 1612 1466 1634 rursus
1484 1608 1601 1646 erepta
1620 1609 1669 1635 est
1685 1600 1841 1636 humana
1859 1611 1985 1638 natura
1997 1632 2005 1646 ‚
2032 1612 2066 1639 et
2083 1617 2167 1650 pro-

1177 1652 1280 1685 missa
1313 1651 1497 1690 liberatio,
1533 1665 1595 1696 per
1627 1661 1814 1687 venturum
1851 1667 1988 1696 semen,
2022 1657 2065 1689 ad
2099 1654 2167 1690 hoc

1177 1715 1266 1748 opus
1300 1709 1330 1736 et
1365 1704 1565 1748 sequentia,
1600 1704 1702 1737 etiam
1737 1712 1876 1748 oportet
1908 1708 2168 1741 accommodari

1177 1755 1329 1788 dictum:
1367 1752 1500 1787 Omnia
1528 1767 1590 1799 per
1614 1756 1728 1798 ipsum
1753 1756 1843 1789 facta
1868 1764 1960 1791 sunt,
2015 1757 2104 1791 Nam
2128 1759 2168 1791 in

1177 1806 1308 1839 talibus
1339 1805 1506 1849 operibus
1537 1806 1750 1839 mirabiliter
1780 1807 1970 1852 praeliatus
2000 1815 2048 1842 est
2074 1809 2167 1843 filius

1178 1856 1243 1890 Dei
1262 1857 1428 1889 adversus
1447 1857 1642 1892 diabolum.
1693 1856 1764 1890 Nec
1783 1859 1876 1891 enim
1895 1859 2167 1894 existimandum

1178 1915 1228 1940 est
1254 1907 1330 1940 leve
1356 1908 1533 1952 quoddam
1551 1908 1730 1951 negotium
1748 1910 1871 1950 fuisse,
1897 1911 1999 1943 edere
2018 1911 2167 1953 primam

1178 1970 1298 1991 vocem
1325 1959 1367 1991 de
1392 1959 1599 1992 remissione
1621 1967 1863 2004 peccatorum,
1897 1961 2101 2005 promittere
2123 1962 2168 1994 li—

1179 2011 1396 2049 beratorem,
1424 2016 1455 2043 et
1475 2010 1591 2054 lapsos
1607 2011 1775 2055 recipere.

1229 2060 1355 2103 Qualis
1374 2073 1486 2105 pavor
1501 2062 1568 2095 fuit
1585 2062 1622 2095 in
1640 2063 1763 2106 primis
1774 2063 1978 2107 parentibus
1997 2070 2076 2096 ante
2093 2064 2168 2107 pri—

1177 2124 1270 2145 mam
1287 2112 1384 2145 illam
1402 2112 1676 2147 liberationem?
1702 2126 1806 2159 quam
1825 2113 1966 2148 difficile
1980 2114 2047 2147 fuit
2062 2114 2168 2148 etiam

136 2190 268 2235 peccati
286 2200 393 2222 mors.
424 2187 530 2221 Item:
555 2186 708 2222 Aculeus
726 2189 850 2221 mortis
867 2184 1125 2232 peccatum'est.
1150 2183 1152 2217 ,¹
1178 2170 1297 2207 postea
1330 2170 1481 2197 renuere
1507 2162 1597 2197 hanc
1624 2165 1920 2205 c⁰n⁵⁰l³ti⁰nem’
1954 2177 2033 2198 cum
2061 2166 2167 2209 primi

1150 2223 1151 2233 ¹
1178 2222 1339 2259 parentes
1369 2221 1420 2248 tot
1444 2216 1619 2248 contraria
1645 2216 1820 2259 exempla,
1856 2217 1977 2249 caedes
2000 2215 2167 2258 filiorum,

237 2265 393 2310 Exposui
418 2276 575 2305 causam,
602 2278 664 2298 cur
687 2264 838 2299 Ioannes
861 2266 957 2299 velut
978 2266 1125 2299 addide-
1150 2280 1152 2285 ¹

135 2319 181 2351 rit
208 2318 470 2361 exceptionem,
497 2323 636 2350 tantum
663 2329 717 2350 res
742 2318 902 2350 conditas
923 2317 1028 2351 factas
1053 2328 1125 2351 esse
1150 2314 1152 2330 ἰ

1178 2273 1211 2299 et
1236 2266 1303 2299 alia
1327 2273 1466 2311 peccata
1484 2267 1691 2301 cernerent?
1742 2266 1814 2300 Nec
1831 2267 1978 2300 dubium
1997 2274 2064 2308 est,
2092 2267 2168 2301 dia-

1178 2317 1299 2351 bolum
1324 2317 1430 2350 variis
1454 2318 1568 2351 modis
1590 2318 1795 2351 insidiatum
1813 2329 1884 2351 esse
1900 2318 2023 2363 primis
2041 2331 2170 2363 paren-

1150 2382 1152 2390 =
1177 2369 1292 2409 tibus,
1319 2375 1352 2402 et
1374 2369 1453 2402 aliis
1476 2369 1566 2413 piis,
1592 2376 1630 2401 ut
1653 2381 1730 2402 cum
1749 2381 1915 2412 corpora,
1941 2376 2014 2403 tum
2033 2370 2168 2403 animas

1150 2451 1152 2459 ,
1179 2432 1301 2453 eorum
1320 2421 1491 2464 perderet.

538 2469 752 2516 Quanquam
781 2478 898 2505 autern
924 2469 1008 2505 baec
1034 2472 1126 2505 mala
1150 2473 1152 2489 ·’

138 2529 220 2556 sunt
251 2522 469 2567 privationes
501 2534 562 2555 seu
594 2523 867 2561 destructiones,
902 2530 1019 2556 tamen
1051 2535 1152 2556 non=

809 2574 868 2607 sed
909 2581 989 2608 sunt
1029 2575 1125 2607 velut
1151 2576 1152 2581 ’

658 2623 755 2658 Haec
778 2626 943 2659 lectorem
962 2623 1029 2659 hoc
1048 2626 1125 2659 loco
1150 2620 1152 2628 ⁴

928 2676 1005 2711 Etsi
1031 2678 1125 2710 enim
1151 2695 1152 2709 ³

1544 2418 1724 2453 Adversus
1739 2417 1802 2453 has
1815 2420 1962 2453 insidias
1978 2421 2089 2454 sancti
2105 2422 2167 2454 de-

1177 2471 1268 2505 fensi
1286 2478 1368 2505 sunt
1385 2484 1448 2516 per
1465 2471 1576 2504 filium
1595 2470 1673 2505 Dei.

1282 2521 1405 2556 Postea
1430 2535 1491 2566 per
1512 2534 1591 2555 eum
1609 2521 1686 2556 Noe'
1709 2530 1867 2556 servatus
1888 2528 1938 2555 est
1962 2521 2000 2555 in
2018 2522 2168 2563 diluvio,

1179 2573 1296 2608 educti
1322 2586 1360 2607 ex
1383 2574 1545 2618 Aepypto
1565 2572 1745 2607 Israelitae
1766 2574 1842 2617 ipso
1867 2573 2096 2613 defendente,
2119 2573 2168 2606 si-

1179 2633 1237 2659 cut
1264 2624 1396 2658 Paulus
1419 2625 1555 2669 inquit:
1592 2623 1769 2658 Bibebant
1795 2637 1835 2658 ex
1860 2624 2035 2668 spirituali
2058 2624 2169 2658 comi-

1180 2684 1274 2711 tante
1291 2688 1348 2709 eos
1364 2683 1474 2721 petra,
1499 2683 1594 2721 petra
1611 2683 1728 2710 autem
1743 2683 1815 2709 erat
1825 2673 1996 2711 Christus.
2051 2674 2168 2719 Quem
