2415 2942
114 105 185 140 481
413 102 515 141 XIII.

113 191 200 231 tire,
241 188 336 236 quod
371 188 522 224 abiectio
548 187 760 224 Iudaeorum
794 188 991 234 profuisset.
1060 187 1098 221 Id

114 241 261 286 perinde
277 247 375 282 esset,
400 253 439 274 ac
458 241 486 274 si
507 241 585 286 quis
602 242 742 282 diceret,
761 246 907 273 mortem
924 240 1100 284 prodesse.

115 292 187 326 Nos
211 300 353 326 utemur
376 299 497 325 nostro
523 293 693 336 exemplo.
745 290 951 324 Absurdum
978 296 1028 322 est
1046 289 1101 322 di-

116 355 213 384 cere,
241 343 398 387 inopiam
417 344 601 386 prodesse,
626 342 734 385 magis
751 341 918 375 convenit:
941 347 979 374 ut
1004 339 1100 373 dica-

117 406 211 435 mus,
238 406 333 438 spem
356 394 405 427 rei
429 394 516 427 bene
538 394 708 436 gerendae
735 392 911 436 prodesse.
965 389 1016 425 Ita
1042 389 1101 423 Iu-

117 447 283 480 daeorum
308 456 405 478 casus
432 456 505 477 non
531 445 664 489 profuit
692 455 753 487 per
775 454 820 476 se.
889 440 970 476 Alia
999 453 1100 474 causa

117 497 315 542 quaerenda
335 502 405 536 est,
433 507 520 540 quae
536 494 726 540 profuerit,
753 493 917 527 videlicet
939 492 1102 526 voluntas

115 548 305 582 servandae
320 547 443 590 gentis.

221 614 281 649 lv.
324 612 603 657 Argumentum,
644 625 684 646 ex
723 611 1020 656 promissionibus
1056 612 1098 644 ad

117 673 254 707 gentem
290 665 556 710 pertinentibus.
629 663 811 696 Primitiae
836 669 917 696 sunt
951 669 1100 701 sanctae,

117 715 227 759 Igitur
245 723 276 749 et
295 727 402 749 massa
420 723 534 748 sancta
553 721 614 750 est,
667 713 782 748 Radix
800 720 848 747 est
866 720 982 747 sancta
995 741 1003 755 ,
1030 713 1099 756 Igi-

116 774 175 800 tur
192 774 223 801 et
240 767 326 800 rami
345 773 426 800 sunt
444 773 600 805 sanctae,
635 765 669 798 id
695 772 763 806 est,
788 765 973 809 promissio
992 765 1099 808 patri-

117 819 182 851 bus
223 819 309 851 facta
344 824 417 856 est,
468 816 580 861 Igitur
610 816 653 850 ad
692 828 815 851 eorum
857 816 1098 860 posteritatem

114 869 275 912 pertinet.

216 934 385 980 Sequitur
405 933 604 968 adhortatio
631 935 672 968 ad
697 941 833 978 gentes,
874 946 918 967 ne
941 940 1100 968 contem-

116 993 202 1020 nant
232 986 393 1027 ludaeos,
420 999 506 1019 neve
532 993 654 1030 putent
680 994 798 1028 gentes
823 986 994 1030 praelatas
1019 996 1100 1025 esse,

117 1038 196 1082 qnia
223 1037 383 1070 meliores
411 1037 542 1070 suerint
570 1036 726 1075 Iudaeis,
762 1044 821 1070 aut
844 1043 1006 1080 arrogent
1033 1037 1100 1069 sibi

115 1089 267 1133 aliquam
287 1088 401 1120 meriti
426 1088 577 1121 landem.
890 1096 893 1098 “

218 1155 416 1199 propositio
441 1154 545 1188 habet
572 1153 775 1191 antithesin.
840 1154 892 1188 Ne
917 1155 962 1189 sis
981 1167 1101 1199 super-

118 1208 201 1245 ltns,
229 1209 285 1238 sed
306 1207 400 1239 time.
452 1205 559 1240 Ratio
577 1219 614 1239 ex
633 1207 775 1240 maiore.
832 1206 867 1240 Si
887 1218 957 1239 non
978 1219 1100 1250 peper-

118 1258 164 1290 cit
186 1257 281 1290 Deus
316 1256 471 1297 ludaeis,
512 1257 572 1301 qui
605 1264 702 1290 erant
733 1257 919 1301 peculiaris
950 1257 1102 1300 populus

118 1306 200 1348 Dei,
230 1308 339 1340 multo
357 1308 474 1341 minus
499 1308 562 1340 tihi
589 1314 723 1350 parcet,
754 1307 781 1339 si
807 1308 974 1341 abieceris
997 1308 1101 1340 timo-

118 1371 189 1391 rem
217 1359 335 1402 ipsius.

222 1424 348 1458 Inserit
372 1424 486 1458 obiter
509 1424 737 1465 vaticinium,
780 1437 849 1469 quo
878 1425 1003 1468 probat
1030 1436 1100 1456 non
1131 1453 1133 1460 ,

120 1487 191 1509 esse
211 1476 362 1509 abiectos
382 1475 548 1513 Iudaeos,
577 1476 656 1519 qnia
676 1476 746 1509 sint
771 1476 896 1520 reliqui
922 1476 958 1508 in
983 1488 1022 1507 eo
1042 1487 1102 1517 po-

119 1526 204 1571 pulo
228 1526 345 1567 electi,
386 1526 446 1570 qui
472 1526 622 1558 subinde
649 1526 719 1559 sint
742 1527 909 1560 credituri
936 1527 972 1559 in
1000 1524 1104 1559 Chri-

119 1585 229 1615 stum,
256 1578 338 1610 dum
356 1574 590 1618 Evangelium
608 1577 700 1610 inter
726 1585 843 1620 gentes
870 1577 1104 1622 praedicatur.

117 1626 164 1662 Et
181 1626 497 1661 confirmatEsaiae
515 1627 735 1669 testimonio,
764 1629 856 1674 quod
884 1629 1011 1673 reliqui
1037 1628 1107 1660 sint

122 1679 231 1712 electi.

121 1741 257 1763 necesse
289 1736 339 1763 est
372 1729 509 1775 aliquos
544 1737 702 1774 posteros
736 1729 840 1764 Iacob
876 1730 1032 1764 converti
1066 1731 1106 1763 ad
1136 1749 1137 1764 ι

121 1779 312 1815 Christum.

525 1863 705 1895 Conclusio.

225 1933 345 1967 Iudaei
362 1940 443 1968 sunt
459 1934 604 1975 inimici,
626 1936 720 1980 quod
741 1935 781 1967 ad
803 1941 1019 1978 praesentem
1041 1941 1110 1967 sta-

126 1992 200 2019 tum
228 1985 370 2023 attinet,
406 1992 444 2018 ut
466 1998 529 2030 per
553 1998 628 2018 eam
657 1986 875 2019 occasionem
904 1993 1022 2028 gentes
1049 1999 1111 2018 xo-

128 2043 257 2069 centur.
314 2035 361 2069 At
378 2042 459 2069 suut
474 2036 578 2069 amici
596 2038 788 2071 secundum
809 2037 1026 2072 electionem.

227 2100 352 2141 Ratio,
393 2103 473 2146 quia
497 2105 587 2136 dona
611 2103 675 2136 Dei
707 2110 737 2137 et
772 2104 1022 2148 promissiones
1046 2103 1110 2137 Dei
1139 2125 1141 2132 ι

482 2152 528 2186 At
553 2153 670 2187 ludaei
695 2153 824 2189 habeut
850 2156 1111 2199 promissiones,
1140 2161 1141 2165 ’

130 2164 201 2184 nou
227 2158 421 2186 mutantur.

127 2200 257 2236 liabent
276 2202 381 2246 igitur
397 2210 429 2236 et
447 2203 582 2238 electos.

230 2268 489 2314 Epiplionema.
542 2268 722 2304 Conclusit
742 2269 834 2305 Deus
852 2284 973 2305 omnes
996 2273 1032 2305 in
1057 2274 1108 2306 in-

133 2321 387 2360 credulitatem,
408 2328 446 2354 ut
463 2322 622 2354 omnium
642 2321 856 2354 misereatur.
897 2323 934 2356 ln
955 2322 1019 2356 lioc
1038 2325 1110 2368 epi-

133 2370 344 2415 phonemate
367 2372 501 2415 colligit
524 2384 623 2416 pares
651 2383 722 2405 esse
755 2384 874 2405 causas
900 2373 1110 2408 ludaeorum

134 2430 166 2455 et
189 2423 364 2465 gentium,
407 2430 447 2456 ut
479 2423 637 2467 utrisque
660 2424 788 2456 adimat
813 2424 960 2465 gloriam
987 2426 1111 2461 meriti.

134 2473 315 2507 Caeterum
331 2474 508 2508 uberrima
532 2474 723 2507 consolatio
750 2475 961 2518 proponitur
989 2477 1023 2508 in
1050 2475 1113 2510 hac

134 2524 316 2559 sententia.
370 2525 460 2558 Cum
479 2525 655 2558 cernimus
681 2532 877 2568 peccatum,
905 2526 1113 2570 interpreta-

135 2587 214 2608 mur
231 2575 366 2618 signum
383 2576 454 2609 irae
471 2588 509 2609 ac
526 2576 764 2609 damnationis
782 2588 864 2609 esse.
904 2575 1017 2610 David
1036 2591 1112 2612 cum

136 2626 333 2660 considerat
359 2627 569 2660 adulterium
597 2639 716 2664 sunm,
761 2627 892 2660 iudicat
919 2639 953 2660 se
979 2629 1111 2672 lapsum

136 2688 224 2715 esse,
254 2676 333 2721 quia
356 2677 400 2710 sit
424 2678 577 2711 abiectus
603 2690 620 2710 a
646 2677 728 2713 Deo.
779 2679 826 2712 At
849 2678 980 2712 Paulus
1004 2689 1112 2715 mutat

185 2729 359 2761 Mummi.
380 2730 480 2762 Ormi.
510 2728 593 2763 Vor,
612 2730 687 2762 XV,

572 104 602 138 1.
637 100 1035 139 ANNOTATIONES
1061 99 1112 137 IN
1138 98 1291 136 EPIST.
1319 99 1464 135 PAt‘Ll
1489 98 1555 134 AD
1583 98 1849 137 ROMANOS.

305 1676 465 1713 Christus
500 1679 630 1712 delebit
674 1687 810 1723 peccata
847 1679 970 1717 Iacob,
1013 1677 1137 1722 Ergo¹

2067 105 2144 142 482

1151 183 1242 220 hauc
1259 186 1389 230 peccati
1407 185 1707 229 significationem.
1766 186 1950 222 Peccatum
1968 190 2136 225 admonet

1152 237 1425 271 misericordiae.
1480 236 1562 270 Ideo
1584 238 1700 281 lapsus
1726 246 1775 272 est
1793 237 1927 283 David,
1960 253 2033 274 non
2059 243 2139 287 quia

1151 287 1304 321 abiectus
1336 294 1428 328 erat,
1470 290 1530 321 sed
1559 296 1597 322 ut
1627 289 1737 331 gloria
1773 290 2037 325 misericordiae
2069 294 2136 326 Dei

1150 337 1246 370 fieret
1270 338 1461 376 illustrior,
1495 350 1582 371 neve
1608 340 1777 373 tribueret
1797 338 1969 375 honorem
1991 344 2138 379 meritis.

1151 386 1411 431 Propemodum
1431 385 1536 422 habet
1552 389 1702 422 similem
1721 402 1822 423 usum
1847 389 1931 425 haec
1956 395 2138 434 sententia,

1151 445 1189 471 ut
1215 438 1293 470 illa:
1325 437 1414 471 Vivo
1431 450 1512 481 ego,
1539 439 1622 472 nolo
1646 448 1794 474 mortem
1818 444 2017 485 peccatoris.
2070 445 2139 479 tjhi

1151 488 1381 523 iureiurando
1413 495 1559 522 testatur
1588 488 1709 531 Deus,
1751 502 1786 523 se
1821 493 1910 525 velle
1948 494 2138 537 ignoscere.

1150 538 1297 573 Necesse
1322 546 1371 573 est
1400 547 1516 573 autem
1533 566 1542 584 ,
1572 547 1609 573 ut
1634 540 1728 581 Deo,
1766 548 1800 575 et
1825 543 1965 587 quidem
1996 545 2139 587 iuranti,

1151 591 1345 625 credamus.
1390 589 1440 624 Ita
1458 591 1495 623 in
1514 589 1576 624 hac
1591 592 1762 624 sententia
1780 593 2003 636 promittitur
2017 598 2136 629 omni-

1152 642 1217 674 bus
1240 641 1491 676 misericordia.
1544 640 1591 675 Et
1609 654 1653 675 ne
1670 654 1773 687 quem
1791 643 1997 678 absterreret
2017 658 2138 689 pecca-

1151 699 1225 725 tum
1238 718 1246 733 ,
1274 692 1445 735 siguificat
1462 690 1527 725 lioc
1546 694 1586 725 ad
1605 693 1752 735 gloriam
1780 694 2039 729 misericordiae
2060 710 2139 741 per-

1152 743 1282 783 tinere,
1317 755 1390 776 non
1414 744 1456 776 ad
1486 743 1595 784 iram,
1638 745 1731 788 quod
1756 745 1821 777 sub
1845 754 2024 788 peccatum
2055 760 2139 781 con-

1150 794 1238 827 clusi
1255 805 1375 827 sumns
1387 821 1396 835 ,
1423 794 1451 827 si
1469 800 1585 828 tamen
1602 792 1744 828 Christo
1760 796 1949 833 credimus.

1252 869 1433 905 Postremo
1458 871 1590 905 adiecta
1615 877 1665 904 est
1689 872 1912 913 exclamatio,
1940 885 2000 907 sen
2022 874 2139 918 potius

1151 922 1351 956 admiratio.
1421 921 1510 955 Nam
1536 922 1728 965 Apostolus
1761 924 1911 958 miratur
1934 924 1999 958 Dei
2024 927 2140 959 consi-

1152 974 1257 1011 lium,
1286 973 1378 1017 quod
1398 973 1555 1016 exiguam
1576 980 1706 1016 partem
1728 972 1933 1014 hominum,
1963 979 2055 1020 quod
2075 975 2138 1011 hos

1127 1043 1129 1068 1
1152 1025 1209 1068 qui
1230 1036 1302 1056 nou
1321 1031 1492 1066 praestant
1517 1024 1666 1066 ingeniis
1684 1032 1740 1057 aut
1759 1026 1928 1068 sapientia
1954 1029 1996 1059 ad
2017 1026 2136 1060 Evan-

1127 1072 1129 1100 Ι
1152 1075 1280 1117 gelitnn
1311 1081 1420 1107 vocat.
1497 1074 1595 1108 Vetat
1623 1082 1736 1107 autem
1761 1077 1908 1108 scrutari
1933 1089 2069 1116 causas,
2105 1086 2137 1112 et

1154 1127 1249 1158 iubet
1275 1126 1395 1157 cedere
1425 1126 1615 1169 sapientiae
1638 1124 1724 1165 Dei,
1765 1138 1803 1158 ac
1835 1125 1987 1161 detrahit
2023 1126 2137 1163 liono-

1154 1188 1227 1209 rem
1248 1176 1391 1211 meritis.

1255 1249 1436 1282 Hactenus
1462 1248 1624 1282 doctrina
1661 1249 1703 1282 de
1737 1249 1983 1286 iustificatione
2014 1255 2140 1289 tradita

1156 1307 1206 1334 est
1230 1307 1263 1333 et
1287 1301 1414 1342 agitata
1444 1300 1656 1343 propositio,
1693 1302 1787 1344 quod
1814 1302 2042 1338 iustificemur
2063 1307 2141 1346 fide,

1156 1363 1229 1383 non
1252 1350 1419 1394 operibus
1442 1351 1582 1385 nostris,
1652 1350 1858 1386 Meminerit
1886 1361 2000 1387 autem
2033 1357 2142 1390 lector

1158 1399 1251 1434 hunc
1268 1413 1340 1434 esse
1362 1402 1589 1445 praecipuum
1606 1399 1791 1444 Evangelii
1807 1404 1923 1437 locum
1936 1431 1946 1445 ,
1980 1407 2054 1439 sine
2073 1421 2142 1452 qno

1158 1452 1308 1494 intelligi
1327 1464 1399 1485 non
1419 1458 1551 1499 potest,
1579 1464 1641 1486 cur
1659 1453 1792 1487 venerit
1811 1452 1980 1489 Christus.
2038 1457 2143 1492 Venit

1159 1503 1252 1536 enim
1271 1515 1344 1535 non
1360 1509 1396 1535 ut
1415 1504 1525 1546 legem
1545 1503 1660 1544 ferret,
1688 1510 1727 1536 nt
1744 1506 1846 1539 certis
1862 1508 2029 1553 operibus
2044 1509 2144 1543 iusti-

1159 1555 1247 1587 ciam
1266 1566 1498 1594 mereremur,
1526 1555 1584 1586 sed
1611 1561 1647 1587 ut
1670 1556 1815 1589 donaret
1842 1559 1946 1598 gratis
1969 1559 2142 1594 iusticiam

1161 1612 1192 1638 et
1220 1604 1393 1651 Spiritum
1417 1611 1574 1637 sanctum
1607 1606 1841 1641 credentibus.
1913 1606 1959 1641 Et
1982 1608 2144 1654 Evange-

1135 1680 1136 1683 =
1161 1657 1248 1689 lium
1276 1655 1417 1699 proprie
1440 1656 1556 1688 vocari
1581 1657 1698 1694 debet,
1728 1653 1813 1690 haec
1834 1659 1876 1690 de
1900 1658 2144 1695 iustificatione

1135 1723 1137 1741 ι
1162 1706 1341 1747 doctrina,
1371 1714 1404 1740 et
1428 1707 1621 1750 prudenter
1645 1719 1662 1739 a
1687 1707 1760 1749 lege
1779 1709 1941 1744 discerni.
1994 1709 2039 1744 Et
2062 1713 2143 1756 quia

1163 1756 1219 1791 liic
1240 1758 1337 1790 locus
1361 1766 1533 1802 nusquam
1553 1758 1697 1800 perinde
1716 1758 1926 1801 illustratus,
1955 1768 1992 1794 ut
2018 1762 2053 1795 in
2080 1761 2144 1797 hac

1136 1808 1320 1852 *Epistola
1354 1810 1469 1841 danda
1501 1815 1550 1842 est
1585 1821 1707 1852 opera,
1741 1817 1779 1843 ut
1806 1822 1879 1843 eam
1911 1812 2013 1844 nobis
2039 1826 2143 1858 quam

1138 1879 1139 1884 =
1162 1859 1471 1892 familiarissimam
1496 1859 1675 1894 faciamus.
1737 1860 1847 1894 Porro
1873 1870 1911 1896 ut
1936 1859 2145 1897 architectus

1163 1911 1269 1943 totius
1286 1910 1433 1943 formam
1459 1911 1606 1943 aedificii
1632 1911 1668 1943 in
1696 1911 1814 1945 animo
1840 1913 2022 1957 complecti
2046 1916 2145 1956 solet,

1164 1962 1209 1994 ita
1232 1973 1296 1994 uos
1313 1962 1419 1994 totius
1438 1962 1557 2005 scripti
1575 1969 1742 2006 tanquam
1760 1962 1884 2002 ideam,
1912 1966 2087 2008 quandam
2107 1967 2145 1999 in

1139 2056 1140 2059 Ἰ
1163 2013 1321 2045 animum
1347 2013 1527 2045 includere
1549 2014 1735 2052 dehemus,
1763 2020 1800 2047 ut
1821 2014 1983 2058 Apostoli
2005 2024 2145 2050 seuten-

1138 2062 1141 2100 ἶ
1163 2064 1245 2097 tiam
1266 2064 1404 2107 penitus
1423 2063 1685 2107 perspiciamus,
1738 2065 1793 2098 Ad
1813 2078 1886 2098 eam
1904 2078 1975 2099 rem
1994 2069 2144 2101 multum

1164 2115 1335 2148 conducet
1359 2115 1394 2147 in
1419 2123 1488 2149 tam
1509 2116 1611 2158 longa
1637 2115 1873 2159 disputatione
1897 2129 1998 2150 nosse
2020 2119 2143 2151 seriem

1163 2166 1322 2198 omnium
1350 2166 1502 2209 partium
1532 2178 1569 2198 ac
1597 2167 1870 2207 sententiarum,
1911 2180 2018 2212 quare
2044 2181 2144 2212 spero

1164 2214 1255 2249 hanc
1279 2229 1390 2249 meam
1418 2228 1558 2261 operam
1588 2218 1752 2250 studiosis
1776 2218 1962 2251 iuvenibus
1984 2221 2147 2262 profutu-

1165 2280 1238 2300 ram
1263 2279 1345 2301 esse.
1399 2267 1545 2311 Semper
1567 2274 1681 2300 autem
1706 2269 1742 2300 iu
1768 2266 1857 2301 hanc
1874 2268 2069 2313 Epistolam
2091 2271 2147 2303 in-

1165 2318 1254 2351 tueri
1272 2330 1335 2352 nos
1359 2325 1514 2362 oportet:
1551 2330 1684 2361 semper
1703 2326 1838 2363 oportet
1856 2318 1982 2353 habere
1998 2322 2145 2364 positam

1165 2369 1210 2402 ob
1235 2370 1356 2403 oculos
1383 2368 1472 2402 hanc
1495 2370 1701 2402 sententiam
1719 2396 1727 2410 ,
1763 2371 1855 2414 qnod
1887 2371 1953 2403 fide
1982 2372 2018 2404 in
2043 2370 2146 2406 Chri-

1166 2427 1256 2453 stum
1275 2421 1504 2453 iustiticemur
1522 2432 1637 2452 coram
1656 2427 1762 2463 patre.
1807 2420 1888 2453 Non
1905 2422 1996 2454 enim
2018 2423 2146 2466 poterit

1141 2466 1144 2505 l
1165 2472 1379 2505 couscientia
1404 2477 1520 2515 pacata
1544 2482 1633 2511 esse,
1661 2472 1730 2504 nisi
1754 2478 1869 2504 teneat
1893 2469 1983 2505 hanc
2007 2481 2146 2506 senten-

1165 2522 1261 2557 tiam.
1312 2522 1459 2565 Quoties
1483 2522 1681 2562 orabimus,
1716 2523 1868 2566 primum
1895 2523 1931 2556 in
1957 2522 2045 2557 lianc
2061 2524 2147 2568 Lpi-

1165 2573 1290 2606 stolam
1315 2573 1524 2606 intuendum
1548 2578 1612 2612 est,
1648 2580 1686 2606 ut
1713 2574 1885 2615 erigamus
1910 2586 1974 2607 nos
1997 2587 2035 2608 ac
2060 2576 2146 2608 scia-

1165 2636 1242 2656 mus
1270 2635 1332 2657 nos
1357 2623 1533 2663 exaudiri,
1568 2623 1596 2655 si
1621 2624 1795 2657 credimus
1819 2625 1855 2656 in
1877 2624 2057 2658 Christum
2078 2638 2150 2658 non

1168 2682 1311 2719 propter
1333 2674 1456 2707 merita
1474 2680 1605 2708 nostra.
1656 2673 1743 2707 ‘Nam
1764 2676 1830 2708 nisi
1850 2673 1916 2709 huc
1934 2677 2149 2720 respicimus,

1598 2734 1643 2767 31
