2415 2942
18 93 26 146 ‚l
56 108 131 144 285
458 105 539 141 XII.
592 100 890 139 ENARRATIO
920 102 967 137 IN
996 99 1178 137 EVANG.
1207 97 1421 133 IOANNIS.
1474 96 1576 134 CAP.
1606 97 1686 134 XII.
2008 97 2085 132 286

20 214 24 227 ι
58 194 201 240 aliquod
232 193 421 226 discrimen
445 191 539 224 inter
562 191 688 223 electos
712 196 744 222 et
765 189 912 221 reiectos
937 199 954 220 a
979 200 1042 219 vo-
1097 192 1185 223 tens,
1211 190 1243 217 et
1262 184 1441 223 terribilis,
1469 185 1527 229 qui
1546 196 1730 228 personam
1747 195 1818 215 non
1836 182 1972 226 accipit.
2016 180 2080 216 Est

60 247 194 279 luntate
222 251 341 277 nostra
370 243 580 275 sumendum
614 247 683 283 est,
720 239 900 276 videlicet,
937 250 1040 280 repu-

20 332 21 335 ,
59 302 205 339 gnantes
236 293 478 338 promissioni,
509 292 616 325 reiici.
677 290 831 323 Econtra
862 300 945 320 vero
967 299 1041 319 am-

60 347 250 395 plectentes
283 345 549 392 promissionem
584 341 709 384 recipi,
741 341 790 372 sic
820 350 885 371 nos
910 338 1040 370 sentire
1067 367 1069 372 ,

60 409 199 431 necesse
222 403 272 430 est
295 397 332 427 iu
354 408 437 428 vero
457 406 585 437 agone,
613 392 694 436 quia
718 391 761 424 de
779 390 960 422 voluntate
978 388 1039 421 Dei

60 460 124 481 nec
147 455 277 492 potest,
304 458 368 479 nec
385 446 464 478 licet
479 441 771 479 aliter‘iudicarffi
798 440 866 472 nisi
886 451 924 471 ex
941 450 1041 471 reve-

60 500 128 532 lata
161 497 403 542 promissione.
462 494 537 528 lmo
559 493 644 537 quid
667 499 743 534 aget
769 502 866 522 mens
892 490 1041 523 Davidis

59 549 151 594 pulsi
175 549 212 581 in
236 548 397 586 exilium,
423 557 492 590 quo
514 543 710 585 confugiet,
737 542 918 584 disputans
941 552 1041 584 prae-

58 600 179 633 sertim
196 599 232 631 in
255 605 349 631 tanta
367 596 580 635 calamitate,
607 605 651 626 an
674 594 718 626 sit
738 592 896 626 reiectus.
949 590 1042 623 Nus-

61 662 166 695 quam
185 650 400 682 volumtatem
419 646 484 679 Dei
508 652 640 684 cernet,
668 643 736 676 nisi
753 644 789 674 in
810 642 1043 686 promissione

59 701 270 739 universali,
305 698 368 731 bac
391 709 425 730 se
447 708 531 729 voce
553 694 810 728 consolabitur:
846 692 886 725 ln
910 693 1043 725 semine

57 759 120 785 tuo
136 751 388 784 benedicentur
404 759 524 781 omnes
542 753 671 790 gentes.

164 817 205 851 ln
227 815 316 850 hanc
339 814 573 848 universalem
597 824 632 845 se
649 823 790 857 quoque
807 811 984 851 includet,
1012 816 1045 843 et

61 875 204 907 statuet,
232 873 324 899 cesto
343 866 430 898 velle
446 865 578 904 Deum,
604 876 641 896 ac
661 862 879 907 praecipere,
907 868 944 894 ut
962 873 1044 904 pro-

58 917 216 952 missioni
234 917 475 952 assentiamur,
498 922 530 947 et
545 915 773 947 assentientes
792 912 910 956 recipi.
951 911 1045 944 Haec

59 1020 179 1054 otiosis
203 1017 521 1062 speculationibus,
548 1028 619 1049 non
647 1016 835 1058 fingamus,
862 1020 899 1046 ut
926 1012 1044 1045 Mani-
1072 1030 1073 1035 =

60 1068 176 1110 chaei‚
211 1070 427 1102 voluntatem
454 1065 644 1100 humanam
671 1077 791 1098 saxum
817 1076 906 1103 esse,
941 1070 973 1096 et
990 1064 1045 1095 in-

60 1121 275 1164 dulgendum
307 1131 378 1152 esse
409 1117 645 1156 dubitationi,
689 1119 800 1148 donec
833 1115 1046 1146 senserimus

60 1184 124 1205 nos
147 1172 222 1213 cogi
246 1171 392 1207 insitos,
428 1176 464 1201 nt
488 1169 690 1202 credamus,
723 1167 780 1197 sed
807 1165 873 1206 ipsi
900 1166 1044 1205 cogitata

61 1235 144 1255 voce
163 1221 345 1262 Evangelii
370 1219 535 1249 acerrime
560 1226 795 1258 repugnemus
820 1213 1046 1251 dubitationi,

60 1273 155 1315 quod
181 1282 257 1302 cum
283 1268 447 1306 facimus,
475 1266 679 1299 accenditur
702 1265 740 1297 in
762 1264 866 1298 nobis
882 1265 986 1302 fides,
1014 1271 1045 1296 et

59 1321 212 1365 Spiritus
228 1325 367 1352 sanctus
385 1325 433 1351 est
452 1318 582 1351 efficax.

160 1386 254 1420 Haec
279 1399 380 1427 vera,
416 1392 529 1429 certa,
562 1385 666 1430 plana
693 1391 725 1419 et
747 1382 929 1428 perspicua
953 1389 1046 1422 sunt,

58 1445 91 1472 et
107 1450 146 1471 ex
162 1435 217 1471 his
234 1437 471 1470 fundamentis
488 1443 715 1477 extruuntur,
743 1435 923 1474 videlicet,
950 1434 1044 1479 quod

61 1501 198 1522 necesse
222 1489 266 1522 sit
289 1489 448 1522 assentiri
468 1487 716 1531 promissioni,
744 1487 838 1531 quod
858 1487 899 1517 de
918 1486 1044 1517 volun-

61 1547 130 1574 tate
149 1539 210 1572 Dei
236 1539 464 1572 iudicandum
490 1539 534 1572 sit
560 1551 600 1571 ex
626 1538 701 1581 ipso
729 1537 836 1569 verbo
856 1536 1047 1579 proposito,

60 1603 202 1635 prorsus
226 1598 264 1623 ut
280 1588 394 1623 Adam
420 1590 616 1626 iudicabat,
644 1588 704 1633 qui
731 1587 867 1633 quoties
893 1588 1045 1632 angeba-

60 1649 118 1674 tur
140 1642 183 1673 de
207 1652 269 1673 suo
292 1641 411 1683 lapsu,
436 1640 640 1672 intuebatur
666 1638 935 1681 promissionem
962 1648 1045 1669 ven-

61 1691 131 1724 turi
149 1691 434 1730 reconciliatoris,
460 1701 523 1722 nec
541 1690 625 1722 alias
643 1689 828 1733 opiniones
846 1689 1048 1732 quaerebat,

60 1743 119 1775 sed
144 1748 342 1774 sustentans
366 1752 401 1774 se
427 1740 676 1784 promissione,
704 1739 877 1772 statuebat
902 1750 936 1770 se
953 1750 1046 1770 rece-

62 1800 158 1836 ptum
183 1799 215 1823 et
241 1792 387 1823 electum
410 1803 494 1823 esse.
547 1790 597 1822 Ita
618 1797 648 1821 et
671 1801 734 1821 nos
752 1787 961 1826 sentiamus,
987 1788 1048 1832 qui

60 1856 79 1875 a
111 1842 218 1874 verbo
247 1838 438 1879 trahimur,
473 1841 567 1884 quod
595 1840 663 1871 fide
688 1839 796 1883 accipi
822 1850 960 1871 necesse
985 1846 1049 1878 est,

60 1904 123 1925 nec
147 1892 234 1924 aliae
258 1898 473 1936 quaerantur
497 1890 787 1923 illuminationes.
841 1888 929 1922 Cum
952 1890 1046 1922 enim

60 1943 206 1976 dicitur:
242 1941 354 1975 Nemo
381 1941 478 1973 venit
503 1941 547 1973 ad
574 1953 648 1978 me,
686 1941 754 1973 nisi
782 1946 878 1983 pater
905 1941 1047 1973 traxerit
1072 1946 1075 1955 ⁴
1101 1968 1194 1990 nem.

59 1994 158 2031 etim,
189 1989 281 2026 trahi
313 2003 377 2025 nos
406 1991 576 2031 sciamus,
610 2004 688 2024 cum
714 1993 860 2024 verbum
884 1988 1047 2033 Evange-
1072 1997 1074 2006 ¹

61 2045 99 2078 lii
131 2043 375 2087 amplectimur
408 2043 495 2083 fide,
529 2042 619 2076 sicut
650 2043 771 2075 eodem
799 2042 875 2074 loco
899 2041 1046 2073 dicitur:

59 2197 188 2242 gelium
207 2203 238 2228 et
255 2195 413 2236 discunt,
439 2194 472 2227 id
494 2201 561 2231 est,
590 2206 667 2226 cum
685 2194 948 2237 amplectuntur
965 2193 1044 2233 fide,

59 2260 124 2282 nec
150 2254 365 2292 repugnant,
398 2246 457 2279 sed
485 2245 645 2278 credunt.
705 2243 793 2277 Nam
830 2251 946 2288 pos—tea
972 2244 1045 2287 ipse

58 2297 219 2333 Christus
243 2298 329 2329 illud
354 2297 476 2330 audire
497 2303 529 2330 et
548 2296 681 2329 discere
699 2295 952 2340 interpretatur
971 2306 1045 2328 cre-

60 2351 141 2383 dere
159 2349 235 2381 voci
253 2346 449 2392 Evangelii.

162 2415 213 2450 Ac
235 2423 274 2449 ut
299 2415 485 2459 promissio
511 2413 643 2457 gratiae
670 2419 719 2447 est
744 2412 970 2451 universalis,
998 2413 1045 2447 ita

61 2466 296 2510 intelligamus
332 2465 415 2499 haec
454 2466 545 2499 dicta
585 2465 685 2510 loqui
716 2465 759 2496 de
793 2464 1045 2507 promissione:

61 2516 159 2552 Deus
174 2518 247 2550 vult
263 2530 384 2550 omnes
401 2518 514 2550 salvos
532 2516 617 2549 fieri.
674 2515 778 2549 Item:
806 2513 911 2559 Apud
928 2513 1043 2548 Deum

62 2581 136 2602 non
166 2575 216 2601 est
247 2565 556 2614 προσωποληψία,
593 2574 634 2601 ut
659 2566 736 2601 Act.
765 2567 821 2600 10.
847 2566 978 2599 dicitur
1001 2568 1044 2600 de

1072 1054 1075 1125 ἓ

1072 1214 1075 1282 l

1070 1659 1076 1857 ι

59 970 94 1002 in
120 969 204 1013 ipsis
223 968 304 1000 fidei
322 966 494 999 exercitiis
511 966 636 998 melius
656 965 857 1001 discuntur,
885 974 988 1007 quam
1008 962 1045 993 in
1072 963 1073 983 ἶ
1100 943 1163 976 Dffl
1190 950 1402 975 ‘mserenus'

1096 243 1211 268 autem
1235 236 1389 278 acceptio
1413 247 1600 279 personae,
1628 247 1699 267 non
1723 246 1794 267 esse
1818 234 1997 279 aequalem
2022 245 2079 265 ae-

1096 285 1258 329 qualibus
1283 286 1440 317 omnino.
1501 285 1594 318 Laus
1619 293 1667 318 est
1694 286 1800 327 igitur
1823 285 1980 318 iusticiae
2003 282 2080 323 Dei,

1096 337 1188 379 quod
1207 342 1256 368 est
1274 336 1428 378 aequalis
1445 337 1650 379 aequalibus
1667 337 1758 368 iuxta
1780 336 1947 378 regulam,
1975 347 2080 379 quam

1096 385 1261 422 tradidit,
1288 386 1431 417 damnat
1453 393 1630 428 peccatum
1655 387 1691 418 in
1717 387 1900 425 omnibus,
1928 393 1958 418 et
1984 385 2082 417 dedit

1096 436 1205 468 silium
1231 435 1500 478 propiciatorem
1524 448 1588 479 pro
1612 436 1789 471 omuibus.
1848 436 1987 480 Recipit
2016 436 2083 477 igi-

1097 495 1154 519 tur
1177 497 1298 518 omnes
1323 485 1564 527 confugientes
1587 487 1628 518 ad
1655 487 1786 525 filium,
1826 487 1937 519 reiicit
1960 497 2083 518 omnes

1096 543 1359 570 contemnentes
1388 537 1520 577 filium,
1554 534 1645 568 hanc
1673 537 1890 569 voluntatem
1920 548 2016 569 suam
2045 536 2082 568 in

1099 587 1391 631 promissionibus
1417 588 1508 619 clare
1533 587 1725 631 proposuit.
1778 587 1835 620 Sic
1855 587 1947 619 enim
1966 587 2084 631 iuquit

1099 638 1193 672 loan.
1208 638 1258 672 3.:
1287 635 1417 671 Omnis
1436 638 1495 682 qui
1514 639 1623 670 credit
1644 638 1679 669 in
1697 638 1826 678 filium,
1853 635 1955 669 habet
1975 637 2084 669 vitam

1098 697 1273 722 aeternam
1287 713 1295 727 ‚
1320 695 1351 721 et
1368 689 1429 733 qui
1446 701 1517 721 non
1539 689 1669 727 credit,
1697 695 1813 721 manet
1832 688 1880 720 ira
1898 687 1961 720 Dei
1981 698 2086 731 super

1098 753 1189 773 eum.
1240 739 1337 772 Haec
1356 740 1446 773 dicta
1465 739 1560 771 illam
1581 739 1825 783 aequalitatem
1846 738 2032 778 definiunt,
2053 744 2087 770 et

1070 810 1071 819 κ
1098 791 1289 824 ostendunt
1304 802 1377 822 non
1396 802 1467 823 esse
1483 787 1800 834 προσωπολνμβίἀν
1817 791 1907 833 apud
1928 790 2051 821 Deum.

1201 841 1271 874 Nec
1297 842 1528 873 adversantur
1548 839 1630 873 baec
1648 841 1750 873 dictis
1770 840 1870 873 Pauli
1890 841 1932 872 ad
1953 838 2088 873 Roma-

1100 904 1164 924 nos
1180 892 1232 925 9.:
1269 891 1349 924 Non
1382 899 1432 925 est
1461 891 1631 931 volentis,
1662 903 1776 935 neque
1801 890 1992 928 currentis,
2028 891 2087 922 sed

1462 941 1594 974 Verum
1620 949 1669 975 est
1694 942 1787 974 enim
1812 941 2087 974 misericordiam

1100 1002 1131 1027 et
1165 994 1329 1026 meritum
1363 991 1496 1025 Christi
1529 1005 1601 1025 esse
1635 1005 1771 1025 causam
1807 992 2007 1032 electionis,
2055 997 2089 1025 et

1102 1042 1190 1078 trahi
1225 1045 1352 1076 electos
1381 1056 1398 1076 a
1426 1043 1519 1081 Deo,
1560 1044 1618 1075 sed
1650 1044 1756 1075 verbo
1783 1050 1816 1075 et
1845 1042 1981 1086 Spiritu
2008 1054 2089 1075 san-

1101 1103 1155 1128 cto
1187 1093 1386 1128 trahuntur.
1462 1093 1530 1126 Hic
1564 1093 1653 1125 velle
1687 1100 1842 1136 oportet,
1884 1105 1947 1124 nec
1984 1105 2090 1136 repn-

1101 1147 1281 1185 gnandum
1320 1153 1370 1178 est
1410 1141 1562 1176 trahenti
1595 1142 1691 1186 Deo,
1739 1155 1802 1175 nec
1833 1144 2016 1176 retinenda
2053 1143 2091 1175 in

1101 1195 1227 1228 animis
1254 1201 1289 1227 et
1314 1194 1553 1227 confirmanda
1576 1194 1793 1235 diffidentia,
1823 1206 1881 1226 seu
1905 1201 2091 1237 expectan-

1101 1248 1183 1277 ‹lum
1208 1247 1322 1278 donec
1346 1252 1490 1286 cogatur
1513 1245 1694 1284 voluntas,
1724 1253 1761 1277 ut
1778 1257 1896 1277 saxum
1915 1245 1947 1276 vi
1965 1244 2090 1289 impel-

1101 1297 1197 1334 litur,
1225 1308 1374 1340 cumque
1394 1296 1429 1327 in
1449 1296 1639 1339 pavoribus
1655 1302 1823 1328 sustentat
1842 1308 1875 1327 se
1894 1308 1991 1328 mens
2010 1307 2092 1339 pro-

1101 1347 1267 1379 missione
1297 1346 1450 1389 gratiae,
1485 1346 1591 1379 simul
1615 1353 1662 1379 est
1689 1346 1807 1378 efficax
1833 1345 1986 1389 Spiritus
2012 1357 2092 1378 san-

1100 1405 1195 1435 ctus,
1222 1397 1315 1430 iuxta
1341 1397 1473 1430 dictum
1498 1397 1610 1437 illud,
1639 1398 1680 1429 ad
1701 1396 1845 1430 Galatas
1862 1396 1912 1429 3.:
1946 1396 1992 1431 Ut
2009 1409 2092 1438 pro-

1099 1449 1301 1481 missionem
1321 1448 1474 1492 Spiritus
1500 1448 1711 1492 accipiamus
1738 1459 1797 1490 per
1820 1448 1934 1480 fidem.
1997 1446 2093 1480 Haec

1100 1501 1142 1532 de
1166 1499 1277 1532 causis
1296 1499 1494 1532 reiectionis
1514 1506 1545 1532 et
1562 1499 1743 1531 electionis
1763 1496 1921 1531 hocloco
1939 1510 2093 1530 comme-

1101 1557 1256 1590 morata,
1292 1550 1548 1582 transferantur
1581 1549 1683 1582 etiam
1710 1550 1751 1581 ad
1779 1549 1910 1581 siu-iles
1935 1549 2029 1581 locos
2056 1549 2093 1581 in

1102 1600 1254 1640 Ioanne,
1294 1601 1330 1633 in
1372 1601 1501 1645 quibus
1534 1601 1576 1633 de
1607 1600 1796 1633 reiectione
1829 1606 1890 1633 aut
1921 1599 2093 1633 electione

1100 1652 1242 1686 dicitur.

1124 1736 1228 1771 Haec
1247 1733 1345 1770 dixit
1362 1734 1509 1769 Esaias
1527 1733 1678 1783 quando
1695 1733 1785 1769 vidit
1799 1734 1962 1782 gloriam
1980 1733 2069 1771 eius.

1202 1803 1358 1848 Simplex
1382 1805 1554 1838 sententia
1575 1810 1644 1843 est,
1672 1804 1800 1837 dixisse
1823 1801 1908 1837 haec
1932 1801 2094 1847 Prophe-

1073 1882 1075 1885 .
1102 1861 1193 1893 tarn,
1228 1856 1371 1899 quando
1397 1855 1523 1899 spiritu
1548 1855 1691 1899 agnovit
1715 1855 1857 1888 venturi
1879 1853 2011 1888 Christi
2037 1866 2094 1886 re-

1101 1917 1228 1947 gnum,
1258 1906 1574 1948 praedicationem,
1602 1906 1800 1949 passionem
1816 1913 1848 1939 et
1867 1907 2094 1938 resurrectio-

1247 1955 1387 1989 Citatur
1409 1957 1502 1988 enim
1527 1969 1596 2000 sap.
1612 1954 1671 1990 53.
1698 1955 1843 1996 Esaiae,
1871 1969 1940 2000 quo
1961 1953 2094 1990 Christi

1101 2007 1215 2050 passio
1241 2013 1274 2039 et
1301 2007 1512 2040 resurrectio
1536 2008 1807 2046 describuntur,
1834 2008 1894 2040 sed
1919 2006 1985 2040 alia
2013 2018 2094 2039 sen-

1072 2074 1073 2082 ι
1100 2057 1208 2089 tentia
1239 2064 1308 2096 est,
1342 2064 1381 2090 ut
1412 2058 1591 2097 existimo,
1625 2059 1735 2101 magis
1768 2057 1930 2102 propria,
1965 2057 2094 2089 dixisse

59 2094 188 2130 Omnis
213 2094 273 2138 qui
298 2093 395 2127 audit
419 2106 437 2126 a
462 2099 557 2137 patre
581 2099 615 2126 et
640 2093 762 2132 discit,
789 2092 887 2125 venit
913 2093 953 2123 ad
982 2103 1046 2124 me.
1100 2105 1421 2151 haecpmphetam,
1446 2121 1525 2142 cum
1543 2109 1631 2142 Vidit
1650 2109 1796 2152 gloriam
1809 2106 1954 2147 Christi,
1980 2108 2015 2141 id
2033 2115 2095 2149 est,

59 2143 170 2180 Trahi
195 2157 276 2188 ergo
302 2151 453 2183 mentes,
480 2143 618 2188 inquit,
645 2155 724 2176 cum
751 2143 901 2176 audiunt
926 2140 1046 2175 Evan—
1099 2158 1274 2190 visibilem
1312 2160 1480 2202 speciem,

1530 2172 1618 2204 quae
1649 2160 1860 2193 describitur
1890 2156 2016 2191 Esaiae
2040 2159 2092 2194 6..:

1099 2208 1182 2241 Vidi
1202 2209 1396 2242 Dominum
1420 2211 1597 2244 sedentem
1625 2222 1729 2253 supra
1755 2210 1882 2242 solium
1909 2209 2094 2242 excelsum.

1099 2259 1280 2302 Significat
1313 2261 1406 2293 enim
1435 2260 1583 2294 Ioannes
1615 2261 1723 2294 filium
1749 2260 1817 2293 Dei
1838 2271 1873 2292 se
1897 2261 2092 2293 ostendisse

1098 2310 1263 2344 Patribus
1282 2319 1311 2344 et
1331 2309 1535 2353 Prophetis,
1564 2319 1597 2345 et
1614 2323 1692 2344 cum
1711 2311 1759 2343 eis
1777 2311 1991 2344 collocutum
2007 2323 2094 2352 esse,

1098 2369 1135 2395 ut
1162 2363 1205 2394 de
1231 2361 1354 2403 Iacob,
1391 2362 1509 2404 Mose,
1543 2362 1666 2406 losue,
1700 2360 1871 2406 Daniele,
1898 2361 1991 2395 dicta
2016 2374 2091 2395 non

1098 2414 1245 2446 obscura
1263 2413 1444 2457 leguntur.

1168 2495 1276 2531 Iesus·
1301 2503 1422 2531 aulem
1447 2496 1639 2531 clamarit:
1674 2494 1763 2543 Ego
1786 2508 1859 2530 non
1884 2493 2021 2534 iudico,

1200 2564 1242 2598 ln
1265 2566 1334 2598 fine
1359 2563 1466 2599 huius
1489 2565 1612 2609 capitis
1635 2565 1761 2609 repetit
1776 2576 1948 2598 summam
1966 2563 2091 2599 Evan-

62 2617 127 2652 bac
166 2619 237 2662 ipsa
267 2620 488 2663 quaestione,
529 2618 651 2664 quales
681 2618 842 2662 placeant
873 2616 967 2656 Deo,
1011 2624 1043 2652 et
1068 2649 1070 2667 Ι
1096 2616 1198 2659 gelii,
1226 2623 1261 2649 et
1285 2628 1411 2659 magno
1434 2617 1545 2650 animi
1571 2623 1688 2655 motu,
1716 2623 1750 2650 et
1773 2616 1979 2659 gravissima
1995 2628 2091 2650 asse-

61 2668 166 2704 Deut.
187 2669 260 2704 10.:
288 2669 383 2704 Deus
405 2678 516 2704 vester
539 2677 588 2703 est
606 2669 706 2703 Deus
730 2679 895 2712 magone,
918 2675 952 2702 et
976 2680 1044 2713 po-
1067 2669 1072 2704 !
1096 2668 1276 2701 ventione
1300 2668 1425 2712 allegat
1441 2666 1556 2702 Deum
1581 2674 1760 2706 autorem,
1786 2674 1820 2701 et
1843 2667 2026 2711 profitetur
2049 2678 2088 2700 se
