2415 2942
105 96 178 133 621
295 91 395 127 XIII.

103 193 183 216 nam
200 179 359 213 omnium
377 178 528 211 maxime
545 178 787 218 necessariam,
807 176 981 216 videlicet,
998 188 1087 220 quo-

101 233 207 265 modo
225 229 438 263 conscientia
459 231 628 262 reddatur
647 236 749 262 certa.
797 227 905 266 Nam,
929 238 1087 270 praeser-

102 283 165 317 tim
191 282 228 314 in
251 282 341 313 veris
369 280 646 318 afflictionibus,
671 279 842 321 obstrepit.
866 278 968 309 noliis
993 277 1087 308 iudi—

102 334 215 377 gnitas
231 338 362 367 nostra.
405 330 644 374 DisputamuS,
664 329 788 364 Utrum
808 336 902 362 certo
920 329 1087 360 exaudia-

102 396 199 424 mur,
228 390 347 416 utrum
373 390 467 416 certo
491 380 585 414 Deus
611 381 693 413 velit
718 386 891 423 praestare
916 379 975 411 illa
998 390 1087 423 quae

103 434 360 479 promittuntur
377 432 413 465 in
432 431 625 475 Evangelio
639 458 647 471 ,
671 439 732 465 etc.

203 484 269 517 His
289 483 571 517 dubitationibus
588 482 735 526 opponit
751 480 882 514 Paulus
898 477 989 513 hanc
1007 490 1086 523 par-

102 536 264 569 ticulam:
292 534 496 568 Gloriantes
521 534 555 566 in
582 533 673 573 Deo,
703 540 768 566 etc.
820 531 910 564 Nam
940 529 1085 572 gloriari

104 593 154 620 est
172 586 318 618 sentire:
347 585 439 630 quod
466 583 656 617 habeamus
678 583 846 626 gloriam,
877 583 911 614 id
937 589 1004 621 est,
1033 581 1087 614 iu-

103 637 259 676 sticiam,
293 635 498 680 sapientiam
530 641 612 674 em,
650 634 685 667 id
712 641 780 672 est,
821 633 1088 673 conscientiam,

102 699 192 732 quae
209 699 288 720 vere
307 694 338 719 et
355 693 448 719 certo
465 685 603 725 statuit,
630 686 722 729 quod
741 685 940 728 placeamus
958 683 1045 716 Deo.

206 737 274 772 Sed
297 736 413 770 addit:
451 734 654 770 Gloriantes
678 736 716 768 in
742 736 841 774 Deo,
872 747 935 779 per
963 733 1087 768 Domi-

102 801 188 823 num
219 794 377 821 nostrum
408 786 521 820 lesum
550 785 742 821 Christum.
818 785 887 819 Hic
916 787 1017 819 docet
1046 786 1088 818 de

101 851 202 873 causa
225 837 331 872 huius
356 838 487 882 gloriae
515 844 547 871 et
572 838 811 876 certitudinis,
852 838 951 882 quasi
976 837 1086 869 dicat:

100 890 180 923 Non
205 889 416 933 gloriamur,
444 901 516 922 non
542 889 719 932 placemus
744 895 887 933 propter
909 888 1087 933 propriam

98 940 325 984 dignitatem,
351 941 411 972 sed
434 939 470 972 in
499 939 574 972 Deo
600 941 814 983 gloriamur,
851 939 886 971 id
913 947 981 979 est,
1008 951 1088 971 sen-

99 992 207 1024 timus
232 1002 295 1023 nos
318 988 447 1024 habere
473 991 621 1032 gloriam
640 1015 649 1027 ‚
692 1003 730 1023 ac
756 991 865 1023 iustos
891 1002 962 1023 esse
980 1017 988 1029 ,
1027 1001 1089 1032 per

98 1042 375 1076 misericordiam
396 1040 461 1074 Dei
477 1048 619 1086 propter
629 1039 821 1076 Christum.
853 1040 965 1074 Docet
983 1041 1089 1083 igitur

100 1093 136 1125 in
155 1104 304 1132 summa,
320 1093 424 1126 etiam
442 1100 583 1125 renatos
602 1099 765 1133 statuere,
783 1093 876 1136 quod
899 1099 992 1125 certo
1011 1092 1087 1135 pla-

100 1150 201 1177 ceant
228 1150 370 1187 propter
394 1140 573 1177 Christum
602 1143 726 1186 gratis,
748 1155 821 1175 non
847 1150 989 1186 propter
1006 1155 1088 1186 pro-

97 1195 211 1238 priam
224 1194 444 1236 (lignitatem,
460 1205 518 1226 seu
532 1194 774 1237 impletionem
790 1194 887 1236 legis,
904 1194 990 1227 sicut
1002 1195 1087 1227 etad

97 1242 304 1278 Corinthios
322 1243 454 1287 inquit:
473 1244 519 1278 Ut
537 1256 581 1277 ne
600 1245 770 1287 glorietur
786 1256 902 1278 coram
916 1257 955 1277 eo
972 1245 1088 1277 omnis

98 1307 191 1330 caro.
232 1294 334 1328 Item:
361 1294 432 1337 Qui
448 1296 638 1338 gloriatur,
664 1296 700 1328 in
726 1294 881 1328 Domino
904 1295 1086 1337 glorietur,

96 1346 132 1378 id
151 1352 218 1383 est,
249 1352 377 1379 statuat
400 1356 436 1377 se
457 1346 593 1389 placere
611 1345 686 1379 Deo
710 1352 854 1390 propter
876 1346 985 1389 ipsius
1005 1357 1086 1389 pro-

96 1396 320 1436 missionem,
343 1407 415 1428 non
431 1392 575 1440 propter
589 1403 745 1430 nostram
766 1396 984 1439 (lignitatem.

198 1445 294 1479 Haec
312 1447 484 1480 sententia
500 1459 637 1490 semper
658 1448 693 1480 in
714 1454 902 1492 conspectu
922 1445 1084 1480 habenda

97 1504 166 1538 est,
192 1504 231 1531 ut
247 1495 389 1530 Christo
409 1509 493 1530 suus
510 1495 625 1531 honos
643 1499 841 1539 tribuatur,
874 1501 967 1543 quod
995 1510 1086 1531 sem-

96 1561 158 1593 per
176 1549 221 1582 sit
244 1549 427 1582 mediator.
485 1547 588 1589 Item,
613 1556 652 1582 ut
670 1549 908 1592 intelligamus
928 1557 1083 1583 nostram

96 1599 322 1642 dignitatem:
361 1606 394 1633 et
417 1606 534 1632 tamen
560 1601 772 1633 conscientia
798 1598 924 1634 habeat
948 1601 1084 1633 firmam

97 1649 394 1689 consolationem,
431 1650 524 1693 quod
552 1650 682 1684 scilicet
704 1651 750 1683 sit
775 1651 980 1684 mandatum
1007 1649 1086 1691 Dei,

96 1708 136 1734 ut
154 1701 336 1733 credamus
354 1710 418 1732 nos
437 1698 566 1732 habere
583 1701 824 1733 remissionem
851 1709 1085 1744 peccatorum,

98 1758 132 1785 et
148 1751 284 1795 placere
303 1757 334 1783 et
348 1750 506 1783 exaudiri
524 1758 666 1794 propter
681 1749 875 1785 Christum.

201 1800 306 1844 Quod
325 1813 406 1834 vero
423 1812 528 1844 supra
551 1802 711 1843 addidit,
740 1802 951 1836 Gloriamur
976 1802 1012 1835 in
1034 1803 1085 1836 af-

97 1852 325 1891 flictionibus,
343 1852 475 1884 dictum
493 1859 542 1885 est
560 1853 644 1886 alias
661 1854 704 1886 de
723 1853 859 1887 incoata
871 1853 1084 1895 obedientia,

97 1904 191 1949 quod
207 1914 279 1935 non
304 1902 347 1935 sit
364 1902 497 1945 gloria,
524 1903 559 1935 id
584 1910 652 1942 est,
678 1904 837 1944 iusticia,
865 1917 954 1949 quae
974 1906 1083 1948 possit

94 1954 226 1998 opponi
239 1953 369 1986 iudicio
382 1953 461 1994 Dei,
478 1953 514 1985 in
527 1965 593 1998 qua
604 1952 695 1987 nihil
712 1955 855 1998 sitvitii‚
872 1967 931 1988 seu
942 1963 1085 2000 propter

95 2017 200 2051 quam
217 2016 337 2038 sumus
356 2004 456 2045 iusti,
484 2011 517 2038 et
537 2003 707 2038 habemus
731 2006 975 2039 remissionem
1003 2019 1083 2051 pec-

96 2062 264 2089 catorum.
318 2054 439 2088 Manet
456 2067 538 2098 ergo
562 2053 646 2089 haec
663 2057 835 2090 sententia
853 2056 973 2090 firma:
1010 2057 1082 2101 Qui

97 2106 286 2149 gloriatur,
319 2105 356 2137 in
383 2106 540 2139 Domino
563 2107 743 2150 glorietur.
801 2108 870 2142 Sed
897 2115 1082 2153 postquam

95 2156 165 2191 fide
184 2156 399 2189 reconciliati
427 2168 564 2197 summ,
592 2165 625 2192 et
647 2159 832 2192 statuimus
858 2171 922 2192 nos
948 2160 1083 2203 plaeere

96 2219 158 2251 per
181 2207 457 2240 misericordiam
481 2214 624 2251 propter
640 2207 831 2245 Christum.
884 2209 1023 2244 Deinde
1047 2212 1083 2245 fit

94 2259 232 2292 incoata
258 2263 290 2291 et
314 2258 516 2302 imperfecta
542 2259 743 2293 obedientia
769 2261 883 2294 cultus
908 2268 939 2294 et
960 2263 1083 2305 gloria,

91 2321 165 2342 non
182 2309 324 2354 quidem
341 2310 551 2353 opponenda
576 2310 706 2344 iudicio
724 2309 801 2353 Dei,
826 2313 884 2345 sed
902 2311 997 2346 Deus
1021 2326 1083 2358 ap-

98 2360 221 2403 probat
238 2372 333 2402 eam,
359 2360 440 2405 quia
458 2372 579 2393 sumus
597 2362 677 2396 facti
696 2362 771 2394 filii.

353 2467 567 2515 Analysis
604 2471 821 2519 sequitur.

211 2539 421 2590 Proplerea,
448 2545 541 2579 sicul
556 2558 619 2594 per
637 2559 748 2580 unum
768 2543 963 2584 hominem.

194 2610 364 2654 Superior
378 2625 456 2657 pars
475 2612 656 2657 Epistotae
676 2621 727 2649 est
751 2615 944 2652 contentio.
998 2617 1082 2653 Fuit

92 2662 186 2696 enim
223 2662 382 2697 instituta
413 2666 634 2710 propositio,
677 2673 711 2701 et
749 2667 954 2703 confirmata
976 2681 1080 2714 argu-

448 93 484 128 2.
519 89 884 127 COMMENTARII
911 88 961 125 IN
987 86 1141 124 EPIST.
1169 81 1318 121 PAULI
1345 83 1416 118 AD
1444 79 1709 118 ROMANOS.

1762 79 1866 117 CAP.
1895 81 1942 119 V.
2059 83 2134 118 622

1142 171 1282 205 mentis.
1339 169 1442 204 Nunc
1464 169 1622 214 sequitur
1651 168 1748 201 velut
1775 180 1888 202 novus
1918 169 2026 202 liber:
2058 181 2132 202 non

1143 223 1236 255 enim
1263 222 1461 255 instituitur
1484 218 1542 253 hic
1567 220 1845 262 argumentatio,
1873 222 1930 253 sed
1959 222 2131 264 quaedam

1143 269 1320 310 ardico&
1342 272 1574 314 singularium
1602 271 1774 313 partium,
1811 273 1853 304 de
1876 272 2005 316 quibus
2028 282 2133 315 supra

1141 324 1227 356 facta
1247 331 1296 356 est
1314 323 1459 355 mentio,
1515 321 1605 354 Nam
1627 321 1820 364 disputatio
1840 323 2000 366 superior
2019 322 2134 355 conti-

1143 381 1202 407 net
1227 371 1288 405 has
1313 372 1590 417 propositiones,
1628 384 1751 405 omues
1778 370 1937 406 homines
1964 380 2046 406 sunt
2068 373 2133 405 sub

1142 431 1293 469 peccato.
1368 423 1473 456 Item:
1515 422 1687 454 Homines
1715 434 1787 454 non
1819 432 1899 456 suut
1935 424 2017 457 iusti
2050 424 2134 467 lege,

1142 475 1223 519 quia
1254 486 1357 507 nemo
1390 474 1456 516 legi
1489 473 1667 505 satisfacit.
1738 472 1844 505 Item:
1879 474 1965 507 Fide
1990 482 2135 519 propter

1141 524 1325 559 Christum
1352 537 1415 568 per
1439 524 1585 566 gratiam
1613 528 1821 566 reputamur
1848 525 1940 560 iusti.
2012 525 2051 557 In
2079 523 2135 558 his

1142 576 1448 621 propositionibus
1478 581 1560 608 sunt
1591 574 1764 617 simplicia
1791 577 1968 616 membra,
2007 575 2135 609 Pecca-

1142 635 1236 666 tum,
1264 626 1356 668 Lex,
1385 625 1522 660 Gratia.

1243 694 1306 729 Est
1326 702 1440 729 autem
1458 692 1543 727 haec
1565 689 1742 732 ἀνάλυσις
1768 693 1803 726 in
1824 693 1983 726 docendo
2008 700 2040 727 et
2062 694 2136 727 usi-

1144 753 1233 787 tata,
1271 754 1304 780 et
1325 746 1538 780 necessaria:
1580 753 1639 785 ut,
1676 757 1755 778 cum
1786 745 1942 777 medicus
1968 745 2135 789 disputat,

1142 810 1187 831 an
1213 809 1341 838 venae,
1378 797 1526 831 arteriae
1549 807 1588 828 ac
1612 796 1711 830 nervi
1736 802 1926 829 nascantur
1951 807 1991 828 ex
2018 797 2136 829 corde.

1143 847 1303 883 Profecto
1329 860 1417 892 opus
1442 854 1491 881 est
1513 847 1631 879 doceri
1657 847 1859 889 imperitos,
1887 846 1947 891 qui
1970 846 2136 879 differant

1143 911 1269 940 venae,
1296 899 1396 932 nervi
1416 906 1449 932 et
1471 898 1633 932 arteriae.
1672 896 1773 930 Talis
1786 898 1962 930 enarratio
1982 898 2135 943 partium

1145 957 1288 983 vocatur
1304 950 1480 996 Analysis.

1198 1021 1229 1055 1.
1258 1018 1375 1052 Venae
1394 1015 1528 1051 veliunt
1545 1016 1750 1060 sanguinem
1769 1015 2078 1055 nutrimentalem,
2104 1022 2137 1049 et

1143 1067 1274 1104 habent
1291 1076 1412 1103 tenues
1431 1070 1578 1103 tunicas.
1633 1067 1794 1101 Arteriae
1816 1065 1951 1101 vehunt
1978 1067 2137 1100 subtilis-

1142 1122 1269 1153 simum
1292 1120 1520 1163 sanguinem,
1556 1125 1588 1152 et
1616 1119 1758 1151 vitalem
1785 1119 1963 1162 spiritum.
2028 1117 2135 1151 Nervi

1142 1180 1223 1206 sunt
1241 1171 1467 1204 subtilissima
1486 1170 1656 1215 quaedam
1673 1169 1748 1205 fila,
1777 1181 1864 1213 quae
1881 1167 2016 1201 vehunt
2031 1169 2136 1212 spiri-

1142 1230 1215 1256 tum
1234 1223 1445 1261 animalem,
1474 1229 1553 1254 sunt
1579 1221 1812 1252 instrumenta
1830 1232 2009 1254 sensuum.
2066 1219 2136 1252 Ve-

1141 1285 1206 1306 nae
1223 1274 1389 1306 oriuntur
1406 1273 1441 1304 in
1460 1279 1576 1314 epate,
1605 1270 1687 1314 quia
1712 1282 1795 1313 epar
1823 1278 1871 1303 est
1897 1271 1976 1303 fons
1993 1271 2135 1314 sangui-

1142 1324 1207 1356 nis.
1258 1323 1420 1357 Arteriae
1436 1323 1604 1356 oriuntur
1623 1322 1658 1353 in
1677 1322 1795 1356 corde.
1848 1321 2004 1355 Somnus
2032 1323 2135 1355 datus

1141 1382 1208 1415 est,
1235 1374 1315 1419 quia
1335 1374 1407 1418 ipsa
1425 1374 1542 1419 quiete
1561 1384 1648 1416 opus
1667 1378 1729 1408 est.

1189 1444 1224 1477 2.
1262 1441 1303 1475 Iu
1330 1441 1402 1486 ipsa
1428 1442 1544 1488 quiete
1568 1441 1702 1484 rigatur
1718 1445 1751 1474 et
1776 1436 2002 1474 humectatur
2020 1444 2133 1472 totum

1140 1505 1279 1538 corpus,

1191 1560 1228 1595 3.
1265 1559 1358 1603 Quia
1380 1565 1519 1604 oportet
1537 1558 1688 1591 calorem
1707 1556 1800 1590 intro
1827 1555 1986 1589 revocari
2009 1555 2052 1588 ad
2076 1566 2135 1599 ge-

1141 1612 1319 1644 nerandos
1338 1611 1482 1655 spiritus
1504 1610 1626 1649 corde,
1656 1609 1692 1640 in
1709 1620 1836 1640 sumno
1857 1607 2029 1640 exteriora
2046 1606 2136 1639 fiunt

1138 1662 1320 1705 frigidiora
1338 1686 1347 1700 ,
1390 1660 1560 1694 interiora
1598 1659 1778 1694 calidiora.
1853 1656 2014 1701 Corpora
2057 1664 2136 1701 post

1140 1725 1302 1745 somnum
1328 1720 1410 1746 sunt
1435 1711 1545 1753 magis
1578 1717 1716 1753 vegeta,
1753 1716 1784 1742 et
1812 1709 1939 1741 idonea
1967 1707 2135 1742 omnibus

1139 1765 1244 1797 rebus
1259 1763 1415 1807 agendis.
1468 1762 1577 1796 Nervi
1596 1766 1791 1794 nascuntur
1812 1760 1849 1792 in
1863 1759 2019 1795 cerebro.

1241 1829 1294 1864 Ita
1320 1838 1353 1865 et
1379 1829 1511 1863 Paulus
1541 1835 1620 1873 post
1649 1827 1914 1861 contentionem
1940 1826 2010 1859 iam
2040 1826 2134 1861 redit

1139 1883 1182 1915 ad
1212 1882 1475 1925 propositiones
1494 1907 1503 1921 ,
1546 1887 1578 1913 et
1613 1879 1752 1922 singula
1779 1878 1938 1911 membra
1969 1878 2134 1921 excerpit,

1139 1945 1248 1978 eaque
1268 1939 1427 1973 enarrat,
1455 1939 1488 1965 et
1511 1931 1604 1964 inter
1621 1942 1656 1963 se
1675 1930 1822 1963 confert.
1875 1927 1971 1962 Haec
1990 1928 2133 1962 collatio

1140 1984 1335 2028 plurimum
1357 1984 1458 2016 ass'ert
1484 1982 1573 2015 lueis
1606 1981 1851 2025 superioribus
1878 1979 2133 2023 propositioni-

1139 2036 1221 2069 bus:
1256 2035 1337 2080 quia
1363 2034 1587 2067 definitiones
1615 2040 1648 2066 et
1675 2043 1799 2065 causae
1827 2038 1908 2064 sunt
1930 2032 2045 2063 sontes
2069 2042 2134 2063 ne-

1138 2086 1326 2129 gotiorum.
1379 2085 1539 2118 Primum
1558 2091 1673 2117 autem
1694 2081 1751 2115 hic
1775 2083 1817 2115 de
1843 2081 1988 2114 Peccato
2014 2082 2131 2126 quui-

1138 2145 1206 2171 tur.
1257 2136 1398 2170 Deinde
1415 2137 1457 2169 de
1475 2135 1576 2178 Lege.
1631 2133 1778 2173 Tertio,
1814 2134 1857 2165 de
1882 2131 2018 2165 Gratia.
2081 2131 2131 2165 Hi

1136 2195 1219 2221 suut
1234 2188 1413 2231 praecipui
1430 2186 1498 2219 loci
1516 2185 1698 2219 doctrinae
1716 2182 1958 2225 Christianae,
1987 2194 2075 2227 quos
2092 2184 2130 2216 in

1137 2238 1290 2272 Ecclesia
1310 2246 1423 2272 extare
1439 2244 1597 2282 oportet,
1621 2247 1773 2281 quorum
1791 2234 1945 2277 cognitio
1963 2234 2130 2268 omnibus

1138 2290 1330 2324 necessaria
1355 2297 1417 2323 est.

1239 2358 1370 2392 Paulus
1409 2363 1526 2391 autem
1560 2366 1633 2388 non
1672 2353 1841 2387 discernit
1873 2353 2129 2396 appellationes

1139 2411 1269 2456 peccati
1295 2409 1478 2453 originalis
1494 2415 1525 2442 et
1540 2406 1703 2445 actualis,
1732 2405 1813 2449 quia
1832 2405 1985 2437 radicem
2004 2412 2036 2438 et
2051 2406 2128 2439 fru-

1138 2470 1212 2497 ctus
1233 2461 1503 2505 complectitur,
1544 2457 1609 2490 etsi
1641 2456 1782 2500 proprie
1811 2457 1853 2488 de
1878 2456 2128 2499 propagatione

1137 2513 1266 2558 peccati
1284 2511 1467 2555 originalis
1484 2509 1651 2554 loquitur.
1686 2505 1868 2540 Interdum
1886 2513 2002 2539 tamen
2021 2507 2125 2540 etiam

1136 2563 1323 2604 discernit,
1349 2569 1388 2596 ut
1409 2572 1487 2594 cum
1515 2558 1677 2592 nominat
1704 2564 1901 2600 peccatum,
1934 2564 1966 2591 et
1991 2558 2125 2592 fructus

1133 2615 1275 2661 peccati.
1335 2612 1416 2647 Fuit
1439 2618 1555 2645 autem
1576 2620 1664 2653 opus
1688 2608 1726 2641 in
1750 2607 1907 2642 Ecclesia
1931 2608 2033 2642 novis
2062 2620 2123 2653 ap-

1132 2664 1383 2713 pellationibus
1398 2663 1443 2697 ad
1459 2662 1620 2696 vitandas
1636 2659 1893 2703 ambiguitates,
