2415 2942
288 154 360 189 403

290 252 360 273 uon
381 239 507 271 debent
524 248 540 269 a
560 235 661 268 nobis
678 232 856 266 extenuari
874 231 985 265 nostri
1002 231 1131 276 lapsus.
1174 229 1267 273 Quia

291 301 410 322 omues
431 287 650 320 horribiliter
667 284 853 317 offendunt
874 283 982 316 Deum
995 308 1004 321 ,
1038 289 1071 315 et
1089 282 1270 315 conscien-

290 341 336 373 tia
354 341 388 371 iu
409 350 488 370 vero
506 349 631 379 agone,
648 348 725 368 cuin
745 336 849 367 sentit
867 334 952 366 iram
972 331 1060 372 Dei,
1086 332 1188 375 longe
1206 332 1272 366 ali-

291 397 342 422 ter
361 389 513 431 disputat
539 389 580 420 de
598 387 668 418 suis
690 386 854 429 peccatis,
889 395 993 428 qnam
1018 383 1150 416 otiosae
1175 395 1272 416 men·

291 448 352 473 tes.
407 439 587 481 Quantum
606 437 670 469 suit
690 437 787 469 Adae
806 443 838 469 et
858 433 951 468 Evae
977 441 1174 477 peccatum,
1202 446 1272 478 quo

291 490 533 529 intelligebant
560 495 671 521 totum
698 484 891 519 humanum
916 496 1025 527 genus
1052 485 1213 518 incidisse
1238 485 1274 516 in

292 548 468 573 aeternam
488 539 573 571 iram
591 537 668 578 Dei,
689 549 750 569 nec
766 543 839 569 tum
860 536 1024 568 videbant
1043 536 1142 568 illum
1160 547 1274 568 exem-

294 649 462 680 statuere,
489 640 555 673 nisi
572 651 606 672 se
625 649 766 683 prorsus
786 649 858 670 esse
876 637 1028 670 abiectos
1046 649 1062 669 a
1081 636 1174 675 Deo,
1189 637 1277 669 sicut

295 692 472 730 diabolos,
499 692 610 723 donec
625 700 745 722 rursus
770 689 874 720 erecti
902 694 1001 727 sunt,
1029 688 1107 721 data
1127 688 1277 731 promis·

297 743 396 775 sione
413 741 628 774 remissionis
652 745 794 783 propter
814 739 924 771 filium
942 737 1017 771 Dei.

398 792 598 826 Retinenda
623 790 805 832 esvigitur
829 788 1018 826 sententia,
1059 799 1162 832 quam
1189 786 1278 819 dixi:

297 842 521 876 immutabile
538 842 739 873 mandatum
758 839 821 871 Dei
841 850 930 878 esse,
957 838 1184 882 quantumvis
1206 849 1279 870 ma-

297 906 362 936 gna
382 900 460 926 sunt
480 899 634 935 peccata,
661 896 699 922 ut
726 897 865 931 agentes
886 889 1138 933 poenitentiam
1159 889 1281 920 redea-

298 956 376 977 nius
408 945 448 975 ad
474 942 608 981 Deum,
648 940 775 972 fiducia
809 939 1106 972 reconciliationis
1138 944 1281 982 propter

298 994 498 1031 (Ilii-istum,
525 1004 588 1025 nec
608 997 751 1035 propter
769 990 1046 1032 magnitudinem
1067 989 1177 1022 nostri
1206 989 1282 1031 lap—

299 1057 354 1077 sus
374 1046 612 1087 desperemus,
650 1042 707 1074 sed
735 1047 928 1074 statuamus
954 1040 1056 1083 longe
1083 1039 1282 1072 anteferen-

299 1099 379 1129 dam
411 1106 482 1127 esse
506 1093 696 1137 potentiam
721 1092 784 1124 filii
807 1091 873 1123 Dei
900 1091 1065 1124 omnibus
1095 1088 1281 1123 hominum

302 1146 459 1189 peccatis,
510 1144 583 1177 Nec
602 1145 645 1176 ad
665 1143 818 1187 reliquos
839 1142 955 1185 lapsus
983 1142 1154 1174 addamus
1178 1141 1282 1173 etiam

301 1194 573 1240 blasphemiam,
606 1205 693 1239 quae
720 1199 857 1226 accusat
881 1192 994 1225 Deum
1020 1191 1216 1233 mendacii,
1251 1197 1284 1223 et

302 1254 404 1289 negat
427 1245 559 1279 remitti
587 1250 741 1287 peccata,
775 1244 866 1276 sicut
890 1243 974 1276 Saul
1004 1249 1036 1276 et
1069 1242 1173 1275 Iudas
1204 1242 1283 1274 ideo

302 1301 535 1336 damnantur,
563 1296 643 1340 quia
663 1306 734 1326 non
753 1295 900 1327 credunt
923 1294 990 1326 sibi
1009 1301 1150 1337 propter
1173 1293 1284 1325 filium

303 1349 368 1382 Dei
396 1353 574 1391 peccatum
599 1345 740 1379 remitti.
792 1342 838 1377 Et
863 1343 950 1378 Cain
975 1351 1154 1377 accusatur
1179 1341 1285 1376 huius

304 1396 563 1441 blasphemiae,
604 1397 697 1440 quod
723 1406 794 1427 non
819 1394 963 1427 redierit
986 1395 1028 1426 ad
1050 1392 1185 1430 Deum,
1225 1394 1283 1425 sed

305 1448 482 1482 addiderit
513 1447 615 1480 etiam
652 1443 890 1488 blasphemam
919 1457 1052 1477 vocem:
1096 1443 1215 1476 Maius
1238 1449 1287 1475 est

306 1506 485 1544 peccatum
505 1509 634 1539 meum,
653 1508 756 1541 quarn
777 1502 816 1529 ut
834 1495 971 1527 veniam
991 1495 1127 1539 assequi
1147 1494 1287 1538 possim.

383 1549 477 1582 Haec
495 1548 647 1581 breviter
665 1547 745 1580 satis
762 1546 805 1579 sit
824 1546 950 1578 dixisse
969 1546 1010 1578 de
1029 1543 1094 1578 hoc
1112 1545 1209 1587 loco,
1227 1544 1287 1589 qui

308 1614 347 1635 ex
373 1599 570 1645 praecipuis
598 1609 691 1630 unus
715 1603 765 1630 est
795 1597 831 1629 in
860 1594 1007 1628 historia
1031 1595 1224 1639 passionis,
1257 1601 1289 1627 et

308 1652 505 1686 doctrinam
524 1649 686 1693 inprimis
701 1647 822 1681 utilem
840 1646 964 1686 tradit,
985 1658 1073 1690 quae
1087 1658 1151 1678 nos
1168 1647 1289 1678 adino-

308 1710 369 1737 net
386 1703 429 1735 de
445 1707 561 1734 nostra
581 1699 800 1739 infirmitate,
825 1704 859 1731 et
877 1697 1152 1730 consolationem
1170 1707 1290 1728 neces-

310 1753 436 1787 sariam
461 1750 643 1796 proponit,
671 1749 763 1792 quod
780 1747 874 1781 Deus
896 1760 967 1780 non
991 1748 1075 1780 velit
1098 1749 1291 1790 desperare,

311 1802 538 1850 quantumvis
557 1799 775 1833 horribiliter
792 1799 917 1842 lapsos,
928 1798 1007 1843 quia
1025 1798 1167 1831 Petrum
1185 1797 1288 1830 etiam

313 1867 392 1888 cum
412 1853 565 1897 periurio
586 1858 617 1884 et
635 1850 851 1883 execratione
875 1850 928 1882 sui
952 1856 1155 1891 negantem,
1189 1846 1291 1881 Chri-

314 1913 386 1938 stus
411 1903 618 1947 respiciens,
653 1908 792 1935 revocat
815 1901 857 1932 ad
882 1900 1151 1944 poenitentiam,
1179 1905 1210 1932 et
1231 1899 1291 1930 ad-

313 1963 435 1989 monet
451 1965 529 1987 eum
550 1951 771 1985 dulcissimae
790 1951 900 1990 vocis,
918 1963 1021 1995 quam
1039 1951 1188 1983 dixerat:
1217 1947 1291 1991 Ego

315 2005 435 2048 rogavi
462 2016 525 2047 pro
549 2010 581 2035 te
604 2002 722 2039 Petre,
751 2014 794 2034 ne
813 2002 947 2034 deficiat
966 2001 1050 2033 fides
1073 2008 1142 2034 tua.
1193 1998 1294 2032 Hanc

315 2067 436 2090 vocem
453 2054 520 2087 sibi
536 2059 735 2097 proponant
752 2052 826 2095 piae
843 2059 987 2092 mentes,
1003 2064 1039 2084 ac
1055 2051 1164 2084 sciant
1183 2050 1293 2082 filium

317 2107 383 2141 Dei
410 2118 472 2148 pro
491 2104 637 2146 singulis
657 2110 833 2145 precatum
856 2114 945 2142 esse,
972 2102 1033 2146 qui
1054 2108 1194 2143 agentes
1212 2111 1295 2143 poe-

318 2157 525 2196 nitentiam,
552 2155 619 2186 fide
634 2153 842 2195 confugiunt
858 2154 899 2184 ad
919 2153 1052 2196 ipsum,
1081 2152 1169 2184 sicut
1191 2162 1295 2193 supra

321 2209 411 2241 clare
435 2206 540 2239 dixit:
581 2204 661 2237 Non
690 2215 752 2247 pro
781 2201 833 2235 liis
858 2209 993 2235 tantum
1019 2214 1123 2244 rogo,
1152 2202 1210 2234 sed
1234 2213 1295 2243 pro

320 2257 485 2290 omnibus
504 2255 698 2294 credituris,
718 2260 749 2286 et
774 2254 913 2298 quidem
934 2253 969 2284 in
990 2253 1063 2295 ipso
1078 2264 1239 2284 sermone
1255 2252 1295 2283 ad

322 2309 463 2341 Petrum
486 2308 629 2339 mandat
655 2305 705 2344 ei,
731 2311 768 2336 ut
793 2315 999 2343 conversus,
1026 2303 1205 2336 confirmet
1227 2303 1299 2334 fra-

323 2366 402 2393 trcs.
456 2357 537 2390 Dixi
555 2358 595 2389 de
613 2355 714 2395 locis,
740 2355 798 2399 qui
816 2355 851 2386 in
869 2351 936 2386 hoc
962 2355 1113 2387 secundo
1137 2361 1214 2385 actu
1238 2354 1299 2385 de-

324 2409 442 2451 scripti
475 2415 571 2447 sunt,
610 2407 646 2438 in
671 2418 739 2450 quo
765 2405 950 2448 diligenter
974 2405 1226 2437 consideranda
1250 2410 1300 2436 est

325 2459 494 2492 consessio
518 2456 667 2495 Christi,
703 2468 791 2501 quae
814 2462 863 2488 est
895 2455 1134 2489 testimonium
1161 2456 1202 2486 de
1229 2454 1298 2486 filio

324 2508 388 2542 Dei
403 2535 410 2547 ,
445 2509 556 2551 palam
575 2515 604 2539 et
623 2508 750 2540 diserte
774 2507 901 2539 fatetur
924 2518 959 2538 se
976 2517 1047 2538 esse
1068 2512 1100 2538 et
1124 2505 1300 2541 Messiam,

324 2568 357 2593 et
373 2560 482 2591 filium
499 2557 581 2597 Dei,
600 2555 783 2589 habentem
801 2557 957 2589 divinam
976 2564 1135 2589 naturam
1148 2582 1156 2595 ,
1174 2561 1207 2588 et
1223 2556 1300 2599 qui-

293 591 391 634 plum
407 589 622 622 remissionis
642 594 884 632 peccatorum,
915 598 977 619 nec
1001 593 1159 629 poterant
1179 586 1276 619 aliud
1300 585 1305 751 ι

1324 2533 1327 2564 1

325 2612 402 2642 (lem
422 2611 464 2641 de
481 2608 753 2645 resurrectione,
789 2614 820 2639 et
838 2609 879 2639 de
897 2608 1016 2640 divina
1036 2606 1191 2650 potentia
1210 2607 1300 2637 clare
1325 2597 1328 2672 ι

325 2661 568 2693 concionatur:
598 2657 773 2689 Videmus
800 2658 909 2689 filium
941 2655 1094 2690 hominis
1124 2658 1299 2689 sedentem

325 2712 366 2743 ad
385 2712 537 2743 dextram
554 2709 752 2745 maiestatiz,
771 2715 801 2740 et
819 2705 883 2740 hoc
900 2708 1012 2752 ipsum
1031 2709 1132 2741 dicia
1148 2705 1301 2745 Christo,

877 145 1002 180 PlllL.
1030 144 1146 182 MEL,
1172 143 1380 181 SCRIPTA
1407 143 1706 181 EXEGETlCA.

2229 145 2305 184 404

1321 231 1415 275 quod
1433 231 1476 264 sit
1492 241 1571 263 vere
1586 236 1619 263 et
1637 236 1761 263 natura
1777 227 1886 270 Deus,
1906 230 2110 275 intelligunt
2128 232 2194 277 ipsi
2208 230 2304 266 Pon-

1321 281 1448 321 tifices,
1482 281 1542 326 qui
1568 277 1658 313 hanc
1682 291 1801 313 vocem
1827 286 1993 326 tanquam
2018 293 2189 315 summam
2212 283 2307 316 blas-

1322 330 1499 377 phemiam
1526 339 1752 369 execrantur,
1787 342 1826 364 ac
1855 342 1900 364 ne
1921 332 2063 376 quidem
2089 334 2306 367 audiendum

1324 382 1474 427 amplius
1491 381 1665 421 iudicant,
1691 382 1750 414 sed
1775 388 1813 414 ut
1832 383 1997 415 adversus
2014 384 2194 417 manifeste
2212 383 2308 417 blas-

1325 431 1491 477 phemum
1523 432 1599 464 sine
1630 433 1852 465 dubitatione
1890 433 2126 476 pronunciant
2167 441 2308 467 senten-

1325 485 1425 518 tiam:
1454 482 1549 516 Reus
1567 489 1617 515 est
1635 483 1768 515 mortis.
1819 481 1887 515 Hic
1913 483 2082 526 cogitetur
2100 496 2202 529 quam
2222 482 2309 518 hor-

1326 535 1454 567 rendae
1473 534 1637 566 tenebrae
1658 533 1789 566 fuerint
1806 533 1841 565 in
1862 533 1923 566 illo
1943 541 2062 574 coetu,
2086 535 2145 579 qui
2165 542 2310 568 vocatur

1328 585 1480 629 populus
1492 582 1568 616 Dei,
1622 584 1793 617 Doctores
1810 590 1843 616 et
1862 586 2114 627 gubernatores
2131 585 2310 629 praecipui

1328 644 1397 669 tam
1422 641 1504 668 sunt
1533 635 1645 677 ignari
1672 634 1944 678 promissionum
1970 641 2003 668 et
2026 636 2310 670 testimoniorum

1328 683 1614 730 propheticorum
1630 686 1673 717 de
1689 682 1842 725 Christo,
1856 692 1894 719 ut
1911 686 2066 719 iudicent
2083 688 2311 720 execrandam

1330 734 1583 780 blasphemiam
1609 736 1679 768 dici
1704 737 1746 768 de
1762 734 1910 776 Messia,
1937 738 2029 781 quod
2056 737 2099 770 sit
2123 737 2214 770 filius
2231 736 2311 776 Dei,

1330 788 1418 820 sicut
1445 793 1477 819 et
1501 786 1584 818 alibi
1607 793 1748 830 propter
1767 784 1855 819 hanc
1879 787 1990 830 ipsam
2017 800 2135 820 vocem
2154 787 2313 821 iudicant

1331 849 1409 870 eum
1430 837 1659 878 lapidandum
1678 848 1760 872 esse.
1814 836 1936 870 Minus
1951 837 2152 871 mirandum
2169 844 2236 879 est,
2253 839 2313 870 sed

1332 899 1440 932 aeque
1459 885 1674 921 horrendum
1694 885 1749 920 his
1771 888 1956 931 postremis
1974 888 2190 932 temporibus
2207 888 2315 922 tantis

1332 938 1484 971 tenebris
1493 949 1690 981 oppressam
1709 939 1814 971 fuisse
1824 937 2200 984 Ecclesiam‚tanquam
2214 951 2315 983 prae-

1333 988 1504 1021 dictiones
1530 989 1639 1031 pictae
1663 996 1744 1021 sunt
1770 989 1806 1021 in
1831 987 1896 1022 hac
1918 989 1991 1031 ipsa
2018 987 2181 1031 historia,
2225 1001 2315 1035 quae

1333 1038 1486 1072 ostendit
1510 1050 1646 1081 semper
1671 1039 1856 1083 praecipue
1875 1039 1912 1072 in
1932 1037 2086 1073 Ecclesia
2105 1051 2177 1073 esse
2197 1038 2315 1074 hostes
2350 1072 2354 1073 s

1334 1087 1467 1122 Christi
1486 1088 1694 1129 Pontifices,
1731 1090 1790 1134 qui
1815 1098 1971 1134 pugnant
1990 1092 2032 1124 de
2047 1103 2108 1124 sua
2127 1091 2315 1125 autoritate

1334 1147 1366 1173 et
1385 1139 1556 1182 potentia,
1583 1152 1745 1182 oppressa
1767 1141 1843 1173 luce
1869 1151 1969 1174 verae
1993 1141 2174 1176 doctrinae
2195 1140 2317 1175 Evan—

1335 1190 1416 1233 gelii
1437 1191 1479 1222 de
1497 1190 1568 1222 filio
1585 1189 1662 1224 Dei.

1438 1239 1582 1273 [uitium
1601 1240 1695 1274 tertii
1716 1247 1813 1274 actus
1838 1241 1882 1274 ab
1905 1243 1985 1274 orti]
2010 1240 2103 1275 Solis
2126 1253 2316 1277 sumamus.

1337 1291 1446 1325 Nocte
1471 1291 1565 1324 enim
1591 1291 1627 1323 in
1653 1291 1798 1324 aedibus
1820 1291 1969 1325 Hannae
1993 1299 2026 1325 et
2048 1289 2221 1336 Caiphae,
2258 1305 2318 1326 co-

1337 1354 1410 1375 ram
1440 1341 1670 1375 Pontificibus
1695 1349 1726 1375 et
1751 1341 2000 1375 Sacerdotibus
2027 1342 2198 1376 consessio
2226 1344 2319 1377 inter

1338 1393 1465 1425 multas
1483 1393 1714 1424 contumelias
1731 1392 1819 1425 facta
1835 1398 1896 1426 est.
1939 1392 2042 1425 Nunc
2059 1404 2162 1425 mane
2177 1395 2319 1428 ducitur

1338 1440 1499 1475 Christus
1526 1443 1569 1474 ad
1599 1434 1836 1484 magistratum
1859 1443 2057 1486 politicum,
2097 1443 2159 1476 ubi
2187 1456 2318 1477 novum

1341 1493 1471 1525 crimen
1490 1493 1519 1524 ei
1536 1493 1719 1530 obiicitur,
1743 1493 1929 1536 plausibile
1942 1494 2033 1536 apud
2057 1491 2236 1527 ethnicum
2255 1507 2319 1538 gu-

1340 1545 1582 1586 bernatorem,
1608 1544 1766 1577 videlicet
1787 1541 1880 1576 hunc
1902 1545 2078 1587 captiuum
2097 1545 2203 1578 fuisse
2219 1553 2321 1579 auto-

1341 1606 1413 1627 rem
1437 1593 1668 1634 seditionum,
1696 1601 1727 1626 et
1747 1594 1907 1627 affectare
1923 1606 2081 1637 regnum.
2134 1594 2321 1640 Repetitur

1342 1652 1375 1678 et
1399 1645 1546 1677 alterum
1565 1645 1716 1683 crimen,
1743 1645 1836 1689 quod
1855 1645 1965 1677 filium
1985 1645 2048 1678 Dei
2073 1656 2108 1676 se
2124 1646 2244 1680 fecerit
2262 1645 2320 1681 hic

1344 1695 1513 1738 captivus,
1573 1693 1652 1727 Duo
1680 1694 1787 1737 igitur
1814 1695 1962 1727 crimina
1993 1696 2153 1727 omnium
2185 1708 2320 1731 summa

1343 1746 1573 1777 conseruntur
1596 1745 1632 1776 in
1655 1743 1856 1785 Christum,
1886 1743 2102 1789 blasphemia
2127 1753 2159 1780 et
2184 1747 2323 1789 seditio,

1344 1808 1494 1840 quorum
1515 1795 1662 1828 alterum
1689 1796 1835 1838 primam
1855 1796 2006 1829 tabulam
2032 1797 2203 1841 decalogi,
2235 1799 2321 1832 alte-

1344 1859 1422 1879 rum
1442 1847 1626 1878 secundam
1642 1847 1776 1881 evertit.

1445 1895 1646 1930 Recitemus
1671 1904 1783 1929 autem
1808 1897 1962 1930 breviter
1984 1893 2089 1929 huius
2108 1905 2202 1931 actus
2223 1911 2321 1942 prae-

1346 1948 1464 1992 cipuas
1482 1954 1610 1989 partes:
1630 1959 1709 1979 nam
1728 1959 1849 1979 omnes
1867 1959 2029 1980 enarrare
2046 1960 2149 1981 nemo
2167 1950 2269 1981 etiam
2286 1951 2323 1982 in

1347 1997 1549 2039 longissimo
1569 2009 1672 2041 opere
1690 1998 1828 2040 poterit.
1871 1996 2012 2030 Primus
2032 1998 2128 2030 locus
2144 2006 2191 2032 est
2209 2011 2323 2032 exom-

1346 2049 1442 2093 plum
1464 2059 1612 2090 poenae,
1640 2048 1867 2091 proditionis,
1891 2060 1969 2081 cum
1988 2048 2090 2081 ludas
2107 2046 2326 2084 horribiliter

1347 2099 1499 2142 seipsum
1518 2099 1679 2138 damnat,
1696 2105 1728 2132 et
1745 2099 1811 2131 sibi
1831 2106 1975 2132 mortem
1995 2099 2195 2138 consciscit,
2213 2108 2247 2133 nt
2269 2101 2325 2134 in-

1348 2157 1465 2191 gentes
1481 2149 1653 2182 cruciatus
1667 2150 1862 2192 abrumpat.
1915 2149 2108 2189 Secundus,
2130 2151 2325 2194 exeriiplum

1350 2199 1562 2245 hypocrisis,
1589 2201 1681 2244 quod
1700 2200 1819 2233 Iudaei
1837 2199 1964 2234 nolunt
1980 2201 2091 2244 pollui
2117 2200 2271 2241 ingressu
2287 2202 2323 2234 in

1350 2251 1583 2294 praetorium,
1610 2251 1740 2283 interea
1764 2263 1846 2284 vero
1870 2251 2034 2294 polluunt
2059 2263 2093 2283 se
2113 2252 2221 2294 impio
2240 2265 2325 2285 con-

1351 2301 1429 2334 silio
1457 2301 1688 2334 interficiendi
1713 2300 1871 2334 Messiae.
1925 2301 2085 2341 Tertius,
2114 2302 2241 2345 duplex
2269 2315 2326 2336 ac-

1352 2352 1482 2385 cusatio
1494 2376 1502 2389 ‚
1521 2353 1614 2396 quod
1633 2349 1690 2385 hic
1707 2353 1863 2396 captivus
1880 2352 1923 2385 sit
1940 2349 2163 2394 blasphemus
2180 2360 2210 2385 et
2228 2354 2326 2386 sedi-

1352 2403 1470 2441 tiosus,
1487 2403 1534 2435 sic
1551 2402 1633 2435 inde
1650 2415 1759 2447 usque
1778 2404 1821 2435 ab
1839 2402 1940 2435 initio
1955 2402 2183 2435 certaminum
2206 2401 2329 2437 Ecctea-

1351 2455 1432 2493 siae,
1450 2465 1526 2485 cum
1542 2453 1696 2496 imperiis
1711 2460 1741 2485 et
1759 2451 2217 2496 Pontificibus,Prophetae‚
2229 2454 2327 2499 Apo-

1353 2504 1451 2542 stoli,
1467 2511 1497 2535 et
1517 2501 1644 2536 horum
1662 2503 1853 2543 auditores,
1876 2500 1930 2535 his
1949 2504 2086 2535 duobus
2105 2505 2328 2538 atrocissimis

1325 2566 1327 2594 ῃ
1353 2555 1560 2595 criminibus
1578 2554 1712 2586 onerati
1730 2561 1832 2593 sunt,
1865 2566 2014 2598 quorum
2030 2555 2192 2596 cogitatio
2212 2553 2328 2588 homi-

1354 2617 1413 2636 nes
1432 2606 1628 2637 moderatos
1643 2605 1752 2637 multo
1770 2604 1893 2637 durius
1916 2605 2104 2646 excruciat,
2132 2617 2235 2651 quam
2251 2618 2328 2638 om-

1355 2656 1409 2687 nia
1436 2655 1674 2688 crudelissima
1699 2655 1886 2699 supplicia,
1914 2655 2042 2700 quihus
2069 2668 2213 2700 corpora
2238 2657 2328 2689 lace-

1355 2712 1486 2741 rantur.
1538 2706 1713 2748 Quartus,
1744 2705 1925 2739 Confessio
1958 2704 2089 2741 Christi
2113 2708 2156 2741 de
2179 2714 2328 2752 utroque
