2415 2942
270 101 363 138 1111

277 183 460 230 promissio
480 176 677 220 accipienda
694 174 736 207 sit
753 172 913 209 nuribus,
941 177 974 203 et
991 181 1086 203 mens
1112 169 1254 203 intuens
1276 166 1280 189 ¹
1308 167 1437 200 nabant
1453 163 1660 205 Orimasda‚
1685 165 1720 198 id
1741 171 1807 205 est,
1831 176 1967 200 sacrum
1983 166 2114 201 lumen.

279 238 436 277 signino,
465 226 708 262 commonebat
732 225 774 256 de
799 222 978 255 voluntate
999 219 1064 253 Dei
1081 232 1158 263 erga
1179 230 1255 259 nos,

279 285 343 319 boc
363 291 429 318 est.
457 282 498 313 de
518 276 766 322 promissione,
794 281 826 307 et
851 278 978 306 statuat
1000 283 1035 303 se
1058 271 1151 304 iuxta
1176 282 1256 313 pro-

280 334 479 367 missionem
508 335 683 370 receptum
711 336 792 357 esse.
845 320 890 356 Et
916 322 1048 355 nitatur
1073 321 1157 354 fides
1181 321 1256 364 ipso

281 384 490 420 mediatore,
519 391 590 412 non
610 375 675 410 hoc
693 387 797 419 opere
816 380 875 406 aut
892 373 1002 415 signo.

385 439 530 473 Addidit
557 444 672 470 antem
690 433 784 467 Dens
801 432 880 466 talia
897 432 994 474 signa
1015 428 1258 474 promissioni-

282 496 364 531 bus,
390 498 428 524 ut
447 489 580 522 firmior
595 494 627 520 et
651 485 849 518 durabilior
871 483 1040 515 memoria
1066 488 1152 514 esset
1177 493 1259 524 pro-

281 543 507 579 missionum,
534 539 614 583 quia
631 534 824 579 spectacula
843 532 1059 566 incurrentia
1077 532 1113 564 in
1139 532 1260 564 oculos

283 593 391 636 magis
435 596 577 623 movent
614 587 749 620 animos
763 611 772 625 ‚
812 590 846 617 et
881 582 1018 616 facilius
1051 582 1261 622 retinemur,

283 655 385 689 quam
405 642 498 674 nuda
519 639 621 673 dicta.

385 700 483 733 Alter
509 697 586 730 linis
609 702 678 735 est,
708 701 745 728 ut
771 694 839 726 sint
861 693 958 733 signa
983 689 1212 723 confessionis
1230 695 1261 722 et

285 749 520 784 distinctionis
538 747 723 780 Ecclesiae.
777 743 846 777 Sed
868 742 923 774 hic
940 741 1018 774 finis
1041 753 1104 773 nec
1127 740 1263 784 primus

287 814 349 834 uec
366 802 459 834 solus
476 811 545 831 esse
564 799 721 833 ducatur,
749 800 788 827 ut
809 792 1060 836 Anabaptistae
1077 791 1264 833 fingebant,

288 852 501 895 l.‘›.iptismum
539 853 673 879 tautum
707 845 812 877 fuisse
841 843 946 876 ritum
980 842 1184 881 inventum,
1227 847 1265 873 ut

287 903 494 934 discerneret
521 896 711 930 Ecclesiam
736 895 778 926 ab
802 894 880 926 aliis
901 891 1118 926 hominibus.
1188 889 1263 923 Imo

287 953 382 995 prior
403 951 480 982 finis
499 955 567 987 ost,
595 954 632 980 ut
656 946 698 979 sit
722 945 860 985 siguum
887 941 1162 979 voluntatistDei
1185 952 1264 983 erga

288 1013 369 1043 nos,
407 998 566 1031 xidelicet
604 995 863 1040 promissionis,
906 999 1026 1026 monet
1068 998 1160 1024 certo
1202 1003 1265 1023 nos

287 1051 395 1094 mergi
421 1051 455 1081 in
477 1055 621 1081 mortem
641 1046 703 1078 filii
721 1044 805 1086 Dei,
831 1051 863 1078 et
879 1050 1022 1088 propter
1044 1054 1122 1076 eum
1148 1053 1186 1074 ac
1209 1053 1269 1085 per

287 1114 364 1135 eum
385 1100 480 1133 ablui
501 1104 635 1142 peccata
660 1103 790 1130 nostra.

384 1158 521 1192 Deinde
553 1156 721 1188 accedunt
756 1152 814 1185 alii
851 1152 949 1186 fines.
1023 1148 1068 1184 Et
1096 1150 1265 1194 quaedam

290 1212 384 1252 signa
402 1208 540 1253 proprie
560 1213 639 1239 sunt
657 1205 752 1236 nervi
769 1203 990 1247 publicorum
1008 1211 1267 1242 congressuum,

292 1261 370 1306 qnia
393 1271 526 1300 sempvr
543 1256 637 1289 Deus
658 1254 766 1287 voluit
794 1253 950 1285 exaudiri
971 1263 1089 1284 vocem
1108 1250 1267 1292 Evange-

293 1312 328 1343 lii
349 1312 383 1342 in
400 1321 522 1349 gem-ro
541 1305 716 1344 hnmano,
743 1316 780 1336 ac
798 1310 979 1350 propterea
1001 1309 1037 1335 ut
1064 1302 1130 1334 late
1154 1300 1266 1344 spargi

294 1373 358 1393 xox
384 1357 567 1400 Evangelii
602 1361 733 1397 posset,
776 1353 887 1385 voluit
913 1352 1026 1384 audiri
1053 1358 1086 1384 et
1115 1350 1267 1392 conspici

291 1410 501 1445 Ecclesiam,
542 1413 574 1439 et
599 1404 762 1437 honestos
787 1413 989 1444 congressus
1019 1400 1178 1444 publicos
1205 1401 1269 1431 do-

294 1461 424 1493 ctrinae
450 1456 692 1501 propagandae
714 1465 814 1487 causa
848 1452 1018 1490 instituit,
1057 1457 1090 1483 et
1117 1448 1180 1482 hos
1203 1450 1269 1481 im-

293 1522 409 1543 mensa
428 1508 583 1541 bonitate
598 1505 762 1538 omnibus
779 1502 949 1536 aetatibus
967 1507 1091 1539 servat,
1117 1500 1269 1532 fremen-

295 1562 389 1594 tibus
406 1557 568 1592 diabolis.
619 1553 665 1588 Et
688 1560 726 1586 ut
747 1553 831 1586 tales
849 1550 1133 1594 congregationes
1149 1550 1270 1581 fierent

296 1611 426 1643 maiore
448 1608 632 1651 gravitate,
666 1603 879 1637 ceremonias
910 1600 1069 1639 addidit,
1103 1606 1268 1643 tanquam

297 1662 382 1694 ritus
407 1657 650 1703 panegyricos,
688 1666 776 1699 quae
806 1660 918 1686 essent
949 1651 1089 1684 vincula
1115 1656 1147 1683 et
1172 1649 1269 1681 nervi

296 1712 437 1744 illorum
455 1717 715 1750 congressuum.

395 1767 470 1800 Hae
489 1764 710 1809 gravissimae
729 1769 761 1796 et
779 1760 977 1794 verissimae
1000 1770 1121 1793 causae
1140 1758 1270 1790 rituum

298 1819 518 1863 publicorum
537 1815 820 1852 considerentur,
843 1818 874 1844 et
891 1810 1012 1854 procul
1027 1814 1273 1842 removeantur

298 1869 579 1912 imaginationes,
607 1876 695 1908 quae
713 1864 848 1905 fingunt
871 1861 964 1893 idola
981 1866 1013 1892 et
1030 1859 1205 1893 meritum.

398 1925 535 1958 Deinde
559 1930 589 1956 et
615 1920 698 1954 haec
717 1919 886 1954 sententia
904 1917 1083 1950 verissima
1100 1922 1272 1955 teneatur,

300 1975 391 2010 nihil
408 1975 534 2008 habere
558 1973 726 2005 rationem
744 1968 959 2003 Sacramenti
982 1974 1074 2000 extra
1098 1978 1199 2000 usum
1219 1966 1272 1997 in-

300 2029 479 2063 stitutum,
508 2024 587 2068 quia
613 2022 834 2055 Sacramenta
863 2025 944 2051 sunt
967 2018 1120 2050 actiones
1147 2016 1183 2048 in
1206 2014 1273 2048 Ec-

301 2078 401 2109 clesia
420 2076 599 2108 ordinatae
617 2080 708 2104 certo
727 2071 842 2104 modo.
894 2067 982 2101 Cum
1001 2068 1087 2100 ritus
1107 2073 1273 2105 mutatur,

302 2136 359 2160 aut
384 2135 475 2159 extra
502 2124 698 2156 institutum
723 2120 883 2152 ordinem
902 2118 1108 2151 transfertur
1127 2117 1168 2148 ad
1189 2116 1275 2148 alios

301 2189 400 2217 usus,
434 2188 505 2208 non
532 2180 582 2206 est
604 2172 886 2206 Sacramentum,
914 2170 971 2200 sed
997 2168 1085 2200 actio
1109 2166 1276 2210 supersti-

303 2229 406 2266 tiosa,
433 2233 490 2259 ant
514 2223 667 2262 idolum,
701 2227 740 2254 ut
767 2221 794 2252 si
821 2219 1004 2262 baptisatio
1029 2218 1124 2250 fieret
1147 2217 1187 2249 ad
1211 2217 1278 2249 tol-

304 2280 440 2310 lvndam
460 2277 610 2319 lepram,
637 2272 715 2304 talis
738 2270 863 2303 mersio
884 2281 954 2301 non
974 2275 1058 2301 esset
1074 2267 1278 2300 Sacramen-

305 2336 397 2367 tum,
431 2327 519 2358 sicut
545 2322 761 2357 circumcisio
790 2320 998 2353 Iudaeorum
1022 2316 1087 2350 hoc
1112 2324 1278 2360 tempore,

305 2390 366 2410 nec
386 2374 618 2409 Mahometica
637 2371 854 2405 circumcisio
879 2370 951 2402 ullo
975 2369 1079 2401 modo
1106 2367 1277 2400 rationem

304 2427 405 2460 habet
424 2423 650 2459 Sacramenti.

406 2483 455 2517 lta
483 2484 600 2527 panis,
628 2482 686 2526 qui
711 2481 1012 2522 circumgestatur‚
1048 2476 1147 2509 nullo
1172 2476 1276 2509 modo

301 2536 470 2570 rationem
498 2532 600 2566 habet
627 2531 857 2569 Sacramenti,
899 2536 931 2561 et
954 2527 1110 2561 adoratio
1136 2538 1277 2570 prorsus

300 2594 350 2621 est
375 2585 458 2617 idoli
481 2583 657 2621 adoratio,
691 2582 777 2613 sicut
801 2579 956 2612 adoratio
982 2579 1071 2621 ignis
1095 2575 1275 2610 Chaldaici

300 2645 357 2670 aut
376 2635 519 2672 Persici,
548 2644 650 2678 quem
668 2632 842 2674 fingebant
860 2642 930 2663 esse
947 2628 1078 2670 Deum,
1105 2634 1136 2662 et
1157 2627 1270 2661 nomi-

865 84 989 120 PHlL.
1017 83 1133 122 MEL.
1159 80 1368 120 SCRIPTA
1397 77 1694 116 EXEGETICA.

2190 80 2287 117 1112

2167 164 2225 199 Sic
2250 172 2285 200 et

1307 218 1341 249 in
1367 216 1532 261 papistica
1554 215 1733 249 oblatione
1759 216 1916 250 adoratio
1935 224 1985 250 est
2010 217 2096 250 idoli
2115 216 2286 256 adoratio,

1307 268 1388 311 quia
1413 266 1527 300 cultus
1551 265 1609 298 ille
1630 273 1725 300 extra
1753 266 2010 300 institutionem
2038 267 2204 300 confictus
2223 273 2284 301 est.

1308 317 1407 350 Hanc
1431 323 1502 351 tam
1525 322 1648 350 tetram
1673 317 1953 360 profanationem
1977 323 2010 349 et
2034 316 2285 349 idolomaniam

1307 380 1385 401 cum
1404 367 1479 411 piae
1495 373 1629 400 mentes
1646 367 1817 410 cogitant,
1848 378 1920 400 non
1943 373 2088 411 possunt
2107 378 2178 399 non
2200 365 2286 400 bor·

1307 418 1460 452 ribiliter
1482 417 1612 451 dolere.

1409 466 1456 501 Et.
1488 467 1592 500 valde
1625 472 1897 500 consentaneum
1929 472 1999 508 est,
2035 466 2220 503 Danielem
2245 466 2288 499 de

1310 516 1375 551 hoc
1399 518 1473 562 ipso
1505 517 1601 550 idolo
1626 517 1742 561 loqui,
1782 529 1860 549 cum
1887 517 2020 561 inquit,
2052 515 2151 550 Colet
2177 515 2288 549 Deum

1311 568 1464 602 Maozim
1487 579 1574 601 auro
1599 575 1631 601 et
1655 574 1809 610 argento.
1882 566 1954 600 Nec
1980 579 2109 600 nomen
2136 566 2288 600 Maozim

1311 619 1433 662 procul
1450 618 1547 652 abest
1563 629 1581 651 a
1600 618 1744 650 nomina
1762 617 1890 660 Missa,
1919 619 2013 662 quod
2034 628 2162 650 nomen
2187 617 2290 649 etiam

1310 669 1413 701 affine
1441 675 1493 702 est
1511 668 1646 701 nomini
1665 667 1815 708 Mazon,
1843 669 1936 712 quod
1955 666 2083 701 Cibum
2108 667 2289 710 significat.

1311 718 1379 752 Sed
1410 718 1521 751 filium
1552 717 1618 750 Dei
1640 718 1832 752 Dominum
1865 725 2024 752 nostrum
2051 717 2161 751 lesum
2185 714 2291 750 Chri-

1312 775 1403 802 stum
1421 767 1567 801 assiduis
1584 769 1771 811 gemitibus
1787 780 1926 800 oremns
1939 794 1948 807 ,
1975 775 2014 801 ut
2035 774 2177 812 propter
2193 778 2290 800 suam

1312 819 1458 862 gloriam
1483 819 1602 851 omnia
1630 818 1724 852 idola
1749 825 1781 850 et
1803 830 1924 851 omues
1948 829 2083 851 errores
2106 830 2145 851 ex
2171 815 2292 851 Eccle-

1313 869 1362 902 sia
1386 868 1507 908 tollat,
1533 875 1566 901 et
1588 868 1626 900 in
1649 868 1826 902 mentibus
1851 869 1979 903 nostris
2006 880 2122 902 veram
2149 868 2290 901 invoca-

1314 919 1449 954 tionem
1467 919 1644 952 accendat.

1410 967 1582 1003 Remotus
1598 968 1705 1010 igitur
1722 968 1890 1002 abusibus
1905 968 2061 1002 dicamus
2071 969 2113 1002 de
2124 980 2205 1001 vero
2217 980 2293 1001 usu.

1413 1017 1517 1052 Actio
1541 1018 1706 1052 recitatur
1749 1030 1767 1051 a
1794 1016 1997 1060 Matthaeo,
2033 1018 2176 1060 Marco,
2202 1018 2296 1052 Luca

1316 1076 1349 1103 et
1366 1068 1497 1110 Paulo,
1524 1081 1613 1114 quae
1627 1068 1674 1102 sic
1689 1069 1746 1102 fiat
1760 1095 1768 1107 ‚
1796 1068 1886 1102 sicut
1903 1069 1951 1102 ibi
1977 1069 2197 1102 describitur.
2247 1066 2296 1104 Et

1316 1120 1359 1152 sit
1376 1119 1509 1163 primus
1527 1119 1623 1159 finis,
1650 1125 1688 1152 ut
1703 1117 1787 1152 haec
1804 1119 1932 1152 sumtio
1950 1119 1994 1152 sit
2010 1119 2113 1153 nobis
2129 1126 2295 1164 tanquam

1319 1170 1462 1214 pignus,
1506 1181 1574 1214 quo
1609 1169 1803 1201 confirmati
1827 1170 2007 1201 credamus
2031 1181 2110 1202 vere
2133 1181 2198 1202 nos
2223 1181 2295 1202 esse

1318 1227 1350 1252 et
1368 1220 1441 1252 fieri
1461 1221 1620 1253 membra
1639 1219 1701 1251 filii
1722 1218 1806 1262 Dei,
1835 1225 1868 1252 et
1884 1220 2021 1252 ablutos
2040 1231 2111 1252 esse
2128 1219 2297 1262 sanguine

1319 1270 1382 1302 filii
1407 1267 1494 1302 Dei.
1552 1268 1669 1313 Atque
1695 1270 1741 1302 ita
1767 1276 1958 1302 statuamus
1982 1270 2084 1302 nobis
2108 1270 2298 1303 certissime

1320 1320 1395 1352 dari
1423 1319 1662 1352 remissionem
1687 1327 1923 1363 peccatorum,
1947 1331 2018 1351 non
2043 1326 2184 1363 propter
2207 1317 2299 1353 hanc

1320 1369 1549 1407 sumtionem,
1576 1370 1634 1401 sed
1661 1376 1802 1412 propter
1827 1369 1937 1401 filium
1955 1368 2036 1409 Dei,
2065 1370 2126 1414 qui
2152 1370 2218 1403 fuit
2243 1370 2297 1402 vi-

1320 1420 1423 1452 ctima
1444 1431 1505 1462 pro
1529 1419 1651 1458 nobis,
1680 1427 1711 1452 et
1731 1430 1826 1450 nunc
1840 1426 1981 1461 regnat,
2018 1419 2150 1461 colligit
2171 1426 2201 1452 et
2217 1431 2299 1452 san-

1321 1469 1445 1502 ctificat
1464 1467 1666 1502 Ecclesiam.
1720 1468 1769 1501 lta
1787 1469 1823 1502 fit
1843 1468 2030 1511 applicatio
2050 1470 2298 1502 beneficiorum

1321 1517 1455 1552 Christi
1481 1519 1640 1561 propria,
1667 1518 1751 1559 fide,
1786 1525 1819 1551 et
1842 1519 2017 1552 sumtione
2032 1519 2193 1562 propria,
2226 1531 2299 1552 non

1320 1569 1434 1602 aliena
1456 1568 1632 1601 oblatione
1657 1567 1864 1608 sacerdotis,
1893 1569 1974 1612 qnia
1995 1569 2214 1602 manifestum
2239 1576 2302 1610 est,

1322 1619 1516 1651 institutam
1535 1629 1605 1650 esse
1623 1617 1832 1651 sumtionem
1850 1618 2087 1659 singulorum,
2109 1618 2198 1653 sicut
2213 1619 2301 1652 dici-

1321 1677 1394 1703 tur:
1422 1668 1597 1712 Accipite,
1632 1669 1848 1703 manducate.
1899 1667 1970 1701 Nec
1995 1669 2210 1703 existimetur
2235 1666 2301 1704 hoc

1322 1719 1555 1763 spectaculum
1567 1730 1637 1751 esse
1645 1718 1962 1761 similetragoediae
1971 1717 2131 1752 Herculis
2139 1718 2303 1754 autThe-

1323 1769 1391 1810 sei,
1408 1775 1446 1802 ut
1462 1769 1600 1812 profani
1615 1767 1776 1801 homines
1795 1768 2044 1811 imaginantur,
2067 1769 2129 1802 ubi
2145 1777 2303 1804 mortuo-

1322 1831 1400 1853 rum
1419 1826 1450 1852 et
1466 1819 1661 1852 absentium
1679 1818 1872 1852 recordatio
1889 1819 1941 1858 fit,
1958 1820 2013 1851 sed
2033 1820 2120 1853 vivit
2136 1820 2227 1853 filius
2236 1819 2303 1854 Dei

1323 1877 1357 1903 et
1375 1876 1511 1912 regnat,
1546 1876 1578 1903 et
1598 1870 1672 1903 vult
1692 1870 1809 1902 adesse
1835 1868 2059 1902 Sacramento
2085 1870 2121 1901 in
2146 1868 2212 1904 hoc
2234 1882 2300 1904 usu

1325 1920 1506 1960 instituto,
1523 1927 1555 1953 et
1571 1932 1633 1952 nos
1651 1920 1717 1952 sibi
1736 1926 1900 1963 tanquam
1920 1920 2074 1952 membra
2093 1921 2248 1964 copulat,
2271 1927 2304 1954 et

1325 1971 1398 2004 sine
1420 1971 1492 2003 ulla
1517 1970 1733 2003 dubitatione
1757 1969 1806 2002 ibi
1824 1969 1942 2002 efficax
1957 1976 2004 2002 est
2023 1969 2058 2002 in
2077 1970 2131 2011 iis,
2158 1971 2219 2015 qui
2235 1971 2301 2005 fide

1324 2029 1484 2061 sumunt,
1512 2027 1546 2054 et
1562 2018 1624 2053 hac
1642 2020 1878 2053 consolatione
1895 2031 1929 2052 se
1948 2026 2152 2054 sustentant.

1426 2071 1548 2104 Postea
1567 2077 1646 2103 sunt
1665 2070 1724 2102 alii
1742 2070 1825 2102 fines
1840 2067 1945 2102 huius
1964 2071 2070 2103 totius
2088 2071 2243 2107 actionis.

1427 2120 1565 2154 Primus
1585 2121 1643 2153 ille
1661 2127 1728 2160 est,
1756 2132 1858 2164 quem
1877 2120 1968 2158 dixi,
1993 2119 2040 2153 Ut
2063 2121 2145 2154 fides
2172 2122 2303 2155 exusci-

1330 2178 1439 2209 tetur,
1468 2171 1644 2214 applicans
1662 2171 1764 2203 nobis
1783 2170 1954 2203 beneficia.
2008 2169 2105 2203 Sicut
2123 2169 2301 2204 Abraham

1331 2221 1538 2263 cogitatione
1557 2221 1831 2254 circumcisionis
1851 2220 2064 2254 exuscitabat
2083 2221 2204 2260 fidem,
2232 2222 2302 2255 lae-

1330 2273 1468 2305 tabatur
1486 2271 1716 2315 promissione
1732 2271 1886 2304 seminis.

1431 2322 1635 2361 Secundus,
1664 2320 1865 2354 Gratiarum
1894 2320 2003 2358 actio,
2041 2321 2121 2364 quia
2146 2322 2303 2355 beneficii

1330 2373 1526 2405 recordatio
1554 2372 1657 2404 simul
1691 2372 1878 2404 accendere
1911 2370 2157 2411 gratitudinem
2190 2373 2304 2407 debet.

1330 2422 1423 2455 Hinc
1447 2430 1495 2455 est
1520 2423 1644 2455 usitata
1667 2421 1853 2465 appellatio
1879 2418 2101 2464 εὐχαριστία.
2166 2420 2211 2456 Et
2233 2421 2303 2468 Cy-

1330 2474 1473 2517 prianus
1498 2472 1738 2516 complectitur
1768 2478 1943 2514 utrunque
1975 2471 2103 2512 finem,
2145 2473 2303 2507 adfirmat

1329 2524 1530 2567 accipienda
1547 2535 1618 2556 esse
1634 2522 1798 2555 beneficia
1809 2518 1952 2558 Christi,
1979 2527 2010 2554 et
2028 2522 2178 2555 vicissim
2198 2534 2304 2565 agen-

1328 2575 1388 2607 das
1410 2585 1481 2606 esse
1506 2574 1649 2616 gratias:
1686 2571 1800 2604 Pietas
1826 2571 1917 2603 inter
1941 2572 2020 2604 data
2048 2579 2080 2606 et
2105 2575 2305 2607 condonata

1327 2625 1413 2658 tanti
1432 2624 1591 2658 beneficii
1607 2621 1762 2666 largitori
1778 2621 1904 2665 gratias
1919 2621 1999 2664 agit.
