2415 2942
294 104 365 138 971

298 202 368 223 non
399 187 568 220 existi-net
598 195 632 215 se
660 182 826 214 reiectum
859 192 930 213 esse
958 188 1101 224 propter
1127 180 1280 214 exilium.

297 243 364 274 Sed
382 240 422 269 d·-
441 237 617 268 valuntate
637 233 702 266 Dei
721 244 759 264 ex
778 233 884 264 vei-lio
902 231 975 264 eius
993 233 1177 265 iudicetur.
1234 230 1281 264 lta

299 292 430 322 dietum
457 284 658 319 S=lomouis
689 283 850 326 congruit
883 283 923 314 ad
957 290 1112 314 nostram
1143 290 1284 314 senteu-

299 341 402 377 tiam,
439 350 511 369 nou
544 337 586 367 ad
619 334 738 366 salsam
774 333 1060 376 imaginationem
1095 330 1281 366 monacho-

301 402 390 423 rum.

320 478 414 526 Quis
432 475 618 510 ascusabit
637 473 779 515 electos,
807 471 912 507 Deus
930 477 979 506 est
1000 473 1065 520 qul
1079 470 1266 518 iuslt'stcal.
1313 471 1314 476 ¹

408 553 604 596 Responsio
629 558 679 584 est
701 552 743 582 ad
770 558 1014 593 argumentum
1039 557 1137 582 antea
1164 549 1287 581 recita-

305 616 391 641 tum.
445 603 535 637 Cum
560 603 653 635 enim
673 601 794 634 obiicit
812 601 1024 633 couscientia
1044 600 1079 631 in
1099 600 1288 639 conversis,

307 670 385 691 cum
414 653 528 688 adhuc
553 652 719 686 haereant
742 652 776 684 in
802 652 905 683 nobis
934 651 1062 683 multae
1087 652 1229 693 sordes,
1257 657 1290 683 et

308 707 416 740 multa
435 713 569 750 peccata
588 703 804 746 ignorantiae
823 709 854 735 et
871 701 1082 741 omissionis,
1110 703 1290 746 quomodo

310 769 450 802 possum
473 767 544 787 uon
562 754 734 787 dubitare.

413 807 478 840 llic
509 806 697 852 respondet
722 802 852 835 Paulus
882 802 984 835 fidem
1017 802 1083 834 niti
1108 802 1232 835 merito
1260 808 1292 834 et
1318 818 1320 829 ι

312 857 559 892 intercessione
585 855 646 886 filii
671 852 756 892 Dei,
791 865 864 885 non
892 860 1010 886 nostra
1035 853 1226 896 dignitate,
1261 859 1293 886 et

311 912 348 943 fit
368 909 549 951 utriusque
567 905 614 938 rei
634 905 785 943 mentio,
815 904 930 936 meriti
947 911 978 937 et
996 903 1260 937 intercessionis.

416 966 583 999 Meritum
607 963 759 997 ostendit
783 975 861 996 cum
879 963 942 996 ait:
971 962 1042 1005 Qui
1061 963 1204 1006 proprio
1221 963 1293 994 filio

313 1031 384 1051 nou
418 1016 588 1060 pepercit,
629 1015 687 1046 sed
726 1026 788 1057 pro
821 1014 925 1046 nobis
955 1013 1121 1046 omnibus
1150 1013 1296 1046 tradidit

313 1082 414 1108 eum,
443 1066 620 1112 quomodo
644 1077 715 1097 nou
740 1064 858 1096 onuiia
886 1077 964 1096 cum
989 1076 1028 1097 eo
1055 1065 1156 1096 nobis
1176 1065 1295 1097 donet.

318 1121 420 1152 ltem:
449 1117 538 1160 Quis
561 1116 736 1149 accusabit
761 1115 904 1153 electos,
931 1114 1026 1148 Deus
1045 1122 1095 1147 est
1116 1115 1176 1159 qui
1195 1115 1295 1147 iusti-

317 1234 373 1253 (ηις
405 1231 476 1251 esse.
507 1219 632 1256 iustos,
676 1218 709 1248 id
742 1223 811 1257 est,
847 1217 912 1259 ipsi
946 1217 1120 1260 placentes
1155 1223 1297 1260 propter

316 1272 427 1304 tilium
446 1276 552 1302 tectos
570 1267 703 1300 iusticia
721 1267 796 1301 filii.

423 1328 544 1361 Postea
569 1327 611 1358 de
635 1325 882 1359 intercessione
899 1325 1074 1370 loquitur:
1103 1325 1173 1368 Qui
1192 1333 1223 1359 et
1243 1326 1298 1358 in-
1324 1358 1326 1365 ,

319 1379 475 1424 terpellat
497 1390 558 1421 pro
574 1377 687 1410 nobis.

421 1429 487 1462 Hic
511 1428 660 1460 tenenda
683 1433 732 1459 est
747 1427 905 1459 doctrina
924 1426 966 1457 de
984 1426 1175 1458 sacerdotio
1193 1423 1298 1458 Clu-i-

321 1483 382 1521 sti,
409 1482 452 1512 de
475 1491 543 1523 quo
568 1479 699 1509 dictum
724 1484 790 1509 est:
821 1476 878 1509 Tu
903 1488 937 1509 es
955 1478 1115 1510 sacerdos
1132 1477 1167 1508 in
1187 1483 1298 1508 aeter-

324 1544 407 1565 num
435 1529 625 1563 secundum
650 1527 810 1559 ordinem
833 1525 1079 1560 Melchizedec.
1136 1527 1300 1559 Continet

323 1589 437 1615 autem
457 1578 539 1612 haec
558 1578 791 1611 consideratio
809 1579 851 1609 de
867 1578 1060 1610 sacerdotio
1078 1575 1208 1610 Christi
1226 1588 1300 1608 am-

324 1632 517 1677 plissimam
544 1629 739 1662 doctrinam
763 1635 797 1660 et
820 1628 1058 1660 dulcissimam
1087 1627 1302 1661 consolatio-

325 1696 414 1716 nem.
469 1681 627 1713 Primum
648 1691 728 1711 vero
747 1686 828 1711 nota
849 1679 893 1711 sit
910 1678 1080 1712 definitio.

897 95 1020 129 PlllL.
1049 93 1164 129 MEL.
1192 92 1398 129 SCRIPTA
1427 91 1727 128 EXEGETICA.

426 1732 592 1766 Summus
632 1731 792 1762 sacerdos
828 1737 877 1762 est
916 1741 1062 1773 persona
1103 1728 1330 1761 immediate*

329 1785 431 1817 inissa
456 1794 472 1814 a
499 1781 573 1815 Deo
597 1782 637 1812 ad
666 1779 954 1812 annunciandum
982 1777 1235 1822 Evangelium,
1271 1785 1304 1812 et

329 1833 526 1867 immediate
551 1831 730 1875 proferens
755 1831 788 1863 id
809 1842 846 1862 ex
863 1831 942 1862 sinu
962 1832 1093 1863 aeterni
1115 1830 1239 1874 patris,
1267 1841 1305 1862 ac
1330 1834 1331 1839 ¹

327 1886 431 1917 inissa
462 1884 504 1916 ad
538 1882 757 1914 offerendum
789 1881 1015 1920 sacrificium,
1058 1889 1096 1915 ut
1128 1881 1305 1924 persoluta

331 1946 441 1979 poena
472 1945 535 1977 pro
568 1932 670 1964 nobis
698 1932 893 1975 placaretur
918 1932 968 1964 ira
995 1931 1078 1971 Dei,
1111 1939 1143 1965 et
1169 1932 1306 1964 assidue

330 1997 434 2019 orans
468 1996 531 2027 pro
567 1983 687 2022 nohis,
720 1995 757 2014 ac
785 1981 918 2015 habens
948 1982 1185 2015 testimonium
1212 1983 1304 2026 quod

333 2035 554 2073 omn-tiator,
581 2041 613 2066 et
639 2044 848 2065 conservans
871 2033 1102 2065 ministerium
1122 2031 1306 2075 Evangelii

332 2089 367 2119 in
390 2085 560 2123 Ecclesia,
587 2090 619 2115 et
642 2090 808 2126 perpetuo
830 2084 997 2125 colligens
1017 2081 1206 2115 Ecclesiam
1225 2095 1307 2115 voce
1332 2103 1333 2106 =

331 2136 513 2177 Evangelii
539 2141 571 2167 et
597 2134 821 2171 benedicens,
855 2135 941 2166 dans
964 2133 1202 2165 remissionem
1230 2145 1307 2176 pec·
1332 2147 1333 2161 ³

332 2196 507 2224 catorum,
536 2184 708 2229 Spiritum
725 2191 881 2216 sanctum
900 2191 930 2216 et
949 2184 1054 2216 vitam
1072 2191 1255 2218 aeternam.

1332 2187 1334 2200 ι

1332 2205 1334 2225 l

431 2243 526 2277 Haec
546 2243 701 2275 membra
720 2242 837 2273 omnia
861 2241 1031 2274 contineri
1050 2241 1084 2273 in
1104 2241 1308 2274 delinitione
1333 2241 1334 2251 ³

333 2295 456 2328 summi
479 2293 687 2332 sacerdotis,
713 2292 865 2325 ostendit
891 2290 1046 2335 Epistola
1071 2294 1112 2324 ad
1139 2290 1308 2325 Ebraeos.
1332 2288 1335 2328 s
1361 2305 1444 2338 gens
1463 2294 1513 2326 ira
1529 2292 1661 2327 divina.

333 2344 379 2379 Et
402 2343 458 2377 hic
485 2355 640 2377 summus
667 2344 825 2375 sacerdos
846 2355 916 2375 nou
937 2349 987 2374 est
1004 2343 1156 2386 typicus,
1183 2343 1239 2375 sed
1259 2349 1309 2375 est

333 2394 492 2427 tiliristus
516 2394 611 2426 Deus
641 2400 673 2426 et
706 2391 828 2426 homo:
864 2405 944 2425 nam
979 2393 1083 2425 officii
1110 2405 1239 2426 nomen
1265 2394 1308 2426 ad
1333 2388 1335 2431 l
1362 2405 1425 2436 dos
1450 2403 1486 2435 in
1511 2409 1702 2435 aeternum,

336 2457 516 2489 personam
536 2444 705 2491 pertinet,
734 2456 820 2488 quae
839 2450 887 2476 est
903 2442 997 2475 Deus
1016 2450 1048 2476 et
1066 2441 1183 2479 homo.

436 2504 493 2536 Ad
518 2503 793 2535 consolationem
820 2514 901 2534 vero
927 2502 1159 2535 consideratio
1179 2503 1310 2535 utrius-

337 2567 402 2599 que
425 2555 475 2586 rei
501 2553 690 2585 necessaria
718 2560 787 2593 est,
815 2553 946 2586 scilicet
972 2553 1129 2585 sacrificii
1155 2564 1214 2585 seu
1238 2565 1310 2586 me-

338 2606 413 2645 =i¹i‚
447 2611 478 2637 et
504 2603 773 2636 intercessionis.

336 2656 521 2692 «fficium,
555 2654 591 2685 id
620 2660 687 2691 est,
721 2653 920 2687 universam
950 2653 1188 2687 obedientiam
1215 2666 1312 2688 suam

1332 2340 1335 2386 l

1336 2586 1337 2593 ,
1364 2555 1413 2587 eis
1444 2554 1637 2592 sanctifico,

838 2602 933 2636 Ilaec
959 2614 1107 2647 persona
1131 2603 1234 2636 offert
1258 2615 1311 2636 sa·
1335 2597 1339 2650 l
1364 2617 1427 2649 pro
1454 2604 1537 2648 ipsis
1562 2609 1717 2641 tantum,
1742 2602 1801 2633 sed
1825 2612 1886 2644 pro
1911 2601 2096 2635 credituris
2114 2616 2174 2647 per
2192 2608 2336 2641 verbnm

1336 2652 1340 2668 l

2239 93 2312 129 972

1336 186 1367 212 et
1400 176 1682 212 humiliationem
1716 189 1826 223 usque
1855 180 1898 213 ad
1930 180 2243 220 resurrectionem,
2275 187 2315 214 ut

1338 242 1483 273 poenam
1519 242 1580 272 pro
1613 229 1715 261 nobis
1750 230 1944 272 persolvat,
1979 229 2068 264 lianc
2099 232 2314 264 oblationem

1339 282 1409 322 ipse
1439 281 1509 312 suis
1544 280 1659 312 verbis
1692 292 1753 321 pro
1777 278 1932 313 Ecclesia
1959 283 2110 323 applicat
2133 282 2312 326 iuquiens:

1341 330 1412 372 Ego
1431 343 1492 373 pro
1511 332 1558 363 vis
1574 330 1750 363 sanctifico
1770 342 1838 363 me.
1892 329 1936 363 Et
1953 334 1994 363 ad
2013 329 2167 365 Ebraeos
2185 332 2314 365 dicitur

1338 381 1423 424 Cap.
1445 383 1492 415 l.:
1529 382 1608 423 Qua
1642 381 1820 413 voluntate
1852 382 2055 414 sanctificati
2083 394 2220 422 sumus,
2255 394 2316 426 per

1340 432 1555 465 oblationem
1589 432 1746 474 corporis
1775 430 1850 464 lesu
1876 429 2007 464 Christi
2034 432 2152 467 semel.
2215 432 2316 466 item:

1342 482 1418 516 Una
1437 483 1615 515 oblatione
1634 482 1891 515 consummavit
1908 494 1982 517 noS.

1447 541 1600 573 Primum
1626 541 1732 580 igitur
1751 541 1785 573 fit
1805 541 1839 572 iu
1857 547 2044 584 conspectu
2063 538 2145 573 haec
2161 540 2321 574 consola-

1342 592 1392 624 tio
1417 605 1502 636 quai·
1529 592 1738 634 proponitur
1759 592 1792 622 in
1813 591 1937 623 merito
1954 589 2109 631 Christi,
2135 603 2193 624 seu
2213 590 2320 624 sacri-

1316 682 1318 689 !
1343 643 1440 680 flcio,
1478 643 1657 681 xidelicet,
1692 644 1784 685 quod
1814 643 1848 673 in
1873 642 2103 674 conversione
2129 654 2207 674 vere
2234 642 2320 674 reci-

1345 694 1487 736 piantur
1521 699 1553 725 et
1579 693 1736 735 placeant
1765 691 1838 724 Deo
1863 694 2040 725 credentes
2066 699 2205 735 propter
2232 690 2321 724 hanc

1345 744 1539 780 victimam,
1568 743 1702 775 etiamsi
1723 741 1837 775 adhuc
1856 741 1998 775 haerent
2018 743 2053 774 in
2072 743 2249 775 conversis
2267 754 2322 776 re-

1348 794 1479 838 liquiae
1511 794 1653 837 peccati.
1717 792 1897 826 Yincenda
1932 800 1981 826 est
2007 793 2112 835 igitur
2137 793 2323 834 dubitatio,

1346 845 1426 889 quia
1446 845 1611 877 dubitans
1629 844 1804 886 disputat,
1834 856 1877 876 au
1897 844 2060 877 meritum
2078 842 2210 878 Christi
2227 844 2323 877 suffi-

1347 896 1433 933 ciat,
1460 902 1517 927 aut
1542 895 1688 927 antefert
1711 906 1770 926 sua
1793 903 1927 937 peccata
1947 895 2070 926 merito
2087 893 2218 928 Christi
2237 907 2325 927 con-

1320 941 1322 974 Ῐ
1347 953 1399 979 tra
1417 946 1564 978 dictum:
1592 944 1713 977 Gratia
1731 946 1893 977 exuberat
1910 956 2012 988 supra
2029 946 2208 978 delictum.
2242 944 2323 978 Ideo

1321 1006 1323 1022 f
1349 996 1404 1029 hic
1431 996 1564 1039 inquit:
1592 993 1681 1036 Quis
1700 996 1873 1027 accusabit
1890 995 2035 1033 electos,
2063 1007 2140 1028 cum
2159 995 2253 1028 Deus
2269 996 2327 1035 sit,

1349 1048 1407 1091 qui
1427 1047 1600 1085 iustificat,
1627 1045 1723 1090 quasi
1742 1045 1848 1077 dicat:
1878 1044 2025 1078 Etiamsi
2042 1044 2326 1078 haerentincon-

1350 1098 1457 1130 versis
1483 1096 1651 1138 reliquiae
1668 1096 1797 1140 peccati
1811 1120 1818 1134 ,
1848 1103 1963 1129 tamen
1982 1109 2039 1129 eos
2056 1097 2218 1130 iustificat
2236 1096 2327 1131 Deus

315 1172 411 1209 fit-at,
439 1169 474 1202 id
499 1174 569 1207 est,
593 1166 651 1210 qui
671 1166 791 1209 recipit
810 1167 1008 1205 credentes,
1035 1172 1067 1198 et
1086 1166 1297 1209 pronunciat
1350 1156 1493 1193 ΡΓΟΡῙΕΓ
1514 1148 1635 1180 filium·

1450 1206 1504 1240 De
1526 1205 1775 1239 intercessione
1796 1217 1876 1238 vero
1895 1205 2043 1238 sciamus
2060 1206 2329 1249 applicationem

1324 1280 1326 1291 .
1350 1259 1466 1291 meriti
1486 1255 1618 1290 Christi
1641 1257 1682 1289 ad
1708 1268 1771 1288 nos
1794 1256 1867 1288 fieri
1892 1256 1989 1288 omni
2008 1263 2184 1300 tempore,
2212 1268 2330 1290 coram

1351 1316 1492 1341 aeterno
1514 1315 1610 1350 patre
1631 1319 1690 1349 per
1706 1307 1820 1349 ipsum
1840 1307 2066 1340 mediatorem
2085 1308 2331 1351 deprecantem

1353 1372 1415 1402 pro
1447 1359 1560 1392 nobis.
1621 1357 1679 1391 Sic
1707 1358 1895 1390 coniuncta
1925 1364 2006 1391 sunt
2028 1358 2193 1391 meritum
2219 1364 2252 1392 et
2276 1358 2331 1390 in-

1352 1409 1526 1442 tercessio.

1455 1469 1623 1502 Meritum
1658 1474 1709 1501 est
1736 1467 1935 1501 ohedientia
1963 1465 2093 1501 Christi
2118 1468 2331 1503 satisfaciens

1354 1521 1511 1553 iusticiae
1528 1518 1594 1551 Dei
1614 1519 1656 1550 ad
1678 1518 1884 1561 placandam
1903 1519 2004 1550 iram.

1457 1577 1662 1610 Intercessio
1691 1582 1740 1608 est
1762 1577 1897 1608 assidua
1924 1576 2111 1619 applicatio
2133 1588 2196 1619 pro
2221 1578 2333 1619 nobis,

1356 1630 1443 1662 sicut
1462 1626 1631 1661 Ebrae.7.
1657 1626 1801 1659 dicitur:
1829 1625 1974 1670 Semper
1998 1627 2136 1665 vivens,
2163 1633 2203 1659 ut
2226 1627 2333 1661 inter.

1356 1681 1452 1712 cedat
1477 1691 1539 1722 pro
1563 1678 1622 1710 eis.
1678 1675 1724 1709 Et
1749 1673 1815 1708 hoc
1841 1676 1916 1709 loco
1935 1677 1976 1708 ad
1994 1675 2098 1711 Rom.
2115 1677 2167 1710 8.:
2196 1676 2266 1719 Qui
2284 1687 2333 1713 est

1357 1732 1397 1763 ad
1424 1731 1581 1762 dextram
1597 1726 1682 1767 Dei,
1709 1726 1769 1771 qui
1792 1733 1823 1759 et
1848 1727 2048 1771 interpellat
2069 1739 2130 1770 pro
2148 1728 2270 1769 nobis,
2296 1730 2332 1763 id

1358 1788 1426 1818 est,
1453 1780 1511 1824 qui
1536 1785 1658 1821 regnat
1682 1789 1760 1810 cum
1780 1784 1892 1820 patre,
1920 1785 1953 1810 et
1970 1778 2062 1810 videt
2081 1786 2196 1819 pectus
2215 1781 2334 1822 patris,

1358 1839 1391 1864 et
1414 1832 1447 1863 in
1474 1831 1536 1862 illo
1559 1840 1686 1862 arcano
1705 1828 1851 1860 consilio
1871 1841 1933 1871 pro
1951 1829 2052 1860 nobis
2069 1829 2272 1871 intercedit,
2302 1839 2334 1865 et

1358 1889 1496 1915 nostros
1528 1880 1675 1923 gemitus
1700 1880 1742 1911 ad
1769 1886 1902 1922 patrem
1928 1879 2074 1922 perfert,
2108 1880 2168 1923 qui
2195 1888 2336 1924 propter

1358 1933 1469 1965 filium
1490 1943 1553 1964 nos
1570 1930 1713 1973 recipit,
1741 1929 1833 1961 iuxta
1854 1929 2002 1961 dictum:
2032 1928 2210 1974 Quicquid
2227 1932 2335 1975 petie-

1359 1984 1436 2016 ritis
1456 1989 1588 2026 patrem
1608 1980 1645 2012 in
1664 1979 1806 2012 nomine
1824 1991 1921 2019 meo,
1947 1980 2046 2012 dabit
2064 1981 2173 2014 vobis,

1461 2040 1556 2074 Haec
1592 2038 1784 2072 consolatio
1826 2049 1962 2081 semper
1998 2039 2035 2070 in
2066 2046 2252 2082 conspectu
2283 2042 2337 2076 sit.

1359 2092 1505 2125 Etiamsi
1536 2090 1637 2123 valde
1668 2088 1799 2121 infirmi
1825 2095 1858 2121 et
1880 2089 2016 2131 indigni
2043 2101 2179 2129 sumus,
2220 2099 2336 2126 tamen

1360 2144 1554 2187 placemus,
1590 2139 1672 2185 quia
1705 2138 1760 2171 hic
1786 2139 1878 2171 filius
1899 2140 2025 2172 merito
2048 2151 2110 2173 suo
2137 2141 2248 2183 placat
2275 2155 2336 2186 pa-

1360 2201 1448 2227 trem
1460 2220 1469 2233 ‚
1496 2199 1528 2225 et
1545 2202 1679 2234 semper
1696 2201 1757 2232 pro
1775 2190 1876 2222 nobis
1894 2189 2097 2230 intercedit,
2125 2197 2158 2224 et
2174 2193 2256 2234 tegit
2273 2205 2336 2227 nos

1361 2243 1595 2287 applicatione
1619 2240 1735 2273 meriti
1758 2240 1830 2278 sui,
1858 2251 1902 2273 ne
1927 2240 1963 2272 in
1980 2252 2043 2274 nos
2062 2241 2262 2276 effundatur
2279 2244 2336 2277 in-

1463 2351 1542 2385 Huc
1565 2349 1846 2384 accommodetur
1869 2355 1900 2382 et
1916 2349 2066 2382 dictum:
2095 2349 2151 2384 Tu
2171 2363 2205 2385 es
2223 2364 2336 2389 saeer-

1753 2399 1859 2437 ltem,
1886 2407 1956 2433 tota
1981 2401 2130 2442 precatio
2154 2410 2232 2436 ante
2254 2417 2336 2449 ago-

1363 2466 1442 2486 „em
1460 2454 1566 2491 dicta,
1594 2462 1683 2495 quae
1699 2456 1748 2483 est
1763 2456 1928 2493 perpetua
1944 2462 2009 2482 vox
2023 2452 2224 2487 mediatoris
2239 2458 2335 2489 omni

1363 2512 1528 2548 tempore.
1584 2501 1698 2534 Verba
1722 2500 1964 2543 applicationis
1986 2508 2081 2534 sunt:
2110 2502 2182 2546 Ego
2201 2517 2256 2539 me
2274 2519 2335 2550 pro

1679 2551 1713 2583 id
1736 2558 1804 2590 est,
1839 2550 1959 2585 offero.
2027 2550 2129 2585 Item:
2165 2553 2242 2588 Oro
2263 2568 2335 2591 non

1338 2671 1341 2689 ι
1365 2667 1497 2697 eorum,
1523 2661 1563 2689 ut
1578 2665 1688 2688 unum
1706 2651 1776 2686 sint
1793 2651 1830 2684 in
1847 2652 1961 2688 nobis.
2002 2651 2104 2687 Item:
2133 2653 2180 2690 Ut
2197 2656 2336 2692 dilecti0
