2415 2942
244 82 341 117 1323

248 168 399 213 pretium
426 168 529 209 longe
556 163 763 198 antecellere
795 161 928 195 nostris
956 161 1118 205 peccatis.
1169 159 1239 194 Hic

248 223 327 255 sons
353 227 401 252 est
426 217 587 251 omnium
609 213 893 247 consolationum
914 213 951 245 in
967 213 1114 245 summis
1135 212 1239 245 dolo-

251 272 361 305 ribus.
414 269 484 303 Nec
509 273 621 311 potest
644 264 728 299 haec
747 264 956 297 admiranda
973 264 1134 297 doctrina
1157 263 1240 296 satis

251 322 390 366 copiose
416 319 531 352 verbis
555 316 702 361 exponi,
735 315 794 348 sed
822 322 939 348 tamen
966 314 1068 348 initia
1099 312 1158 347 bic
1181 320 1240 348 ut-

251 383 391 417 cunque
414 370 599 413 cogitanda
623 373 723 407 sunt,
751 373 784 400 et
807 366 844 398 in
869 365 1078 411 quotidiana
1096 365 1240 398 invoca-

251 424 348 456 tione
369 421 557 465 repetenda
579 426 650 459 est,
677 425 711 452 et
730 418 966 462 precandum,
1001 424 1039 450 ut
1058 417 1130 461 ipse
1149 417 1242 449 filius

251 473 318 507 Dei
352 473 526 505 mediator
553 470 670 503 radios
699 480 781 503 suae
806 468 998 513 sapientiae
1025 474 1059 502 et
1084 467 1242 502 iusticiae

254 525 290 557 in
320 535 383 558 nos
411 522 649 558 transfundat.

495 603 681 640 Lerantes
706 616 823 652 puras
851 615 996 639 manus,

355 677 502 721 Semper
522 675 558 708 in
575 680 763 718 conspectu
784 673 828 706 sit
852 672 987 714 integra
1015 671 1176 705 doctrina
1201 671 1244 704 de

255 729 475 775 precatione,
519 733 553 759 et
576 725 742 758 accendat
767 735 832 757 nos
856 724 900 756 ad
926 723 1186 756 invocationem
1212 728 1245 755 et

254 782 298 814 ad
330 780 434 812 fidem
466 776 700 812 consideratio
732 775 925 808 voluntatis
955 774 1045 814 Dei,
1089 785 1178 818 quae
1202 785 1243 806 eo

254 832 330 876 ipso
357 831 394 863 fit
422 828 611 867 illustrior,
640 826 722 871 quia
746 833 814 858 tam
848 836 949 869 saepe
979 825 1168 869 repetitum
1196 830 1245 856 est

255 887 480 926 praeceptum
505 880 547 912 de
573 877 812 916 invocatione,
848 875 939 909 sicut
965 875 1140 909 Taulerus
1165 875 1245 908 dul-

256 933 394 966 cissime
429 930 564 975 inquit:
609 927 798 972 Nunquam
832 934 951 971 pectus
986 924 1142 959 bominis
1175 932 1246 959 tam

256 984 401 1017 avidum
426 988 476 1014 est
493 980 535 1013 ad
555 978 819 1022 accipiendum,
847 989 952 1022 quam
979 978 1081 1010 avida
1107 983 1157 1010 est
1184 989 1247 1009 vo-

257 1035 375 1067 luntas
392 1032 460 1066 Dei
479 1032 522 1064 ad
541 1031 693 1064 dandam
715 1028 861 1072 gratiam
881 1035 913 1062 ct
938 1028 1085 1062 salutem
1104 1035 1248 1072 propter

257 1085 379 1118 filiurn.

360 1135 462 1178 Quae
478 1144 531 1166 res
549 1138 665 1166 antem
683 1142 891 1164 concurrere
910 1129 946 1162 in
964 1130 1166 1174 precatione
1188 1130 1250 1163 de-

258 1188 382 1223 beant,
408 1196 509 1228 saepe
525 1184 610 1216 alias
629 1183 762 1215 dictum
781 1189 842 1216 est.
885 1180 925 1214 In
943 1179 997 1214 his
1015 1178 1248 1224 comprehen-

259 1239 394 1270 duntur
410 1243 442 1269 et
460 1233 524 1268 hae
543 1233 843 1272 circumstantiae,
871 1244 1020 1276 quarum
1034 1231 1166 1265 Paulus
1183 1229 1250 1264 hoc

262 1289 338 1321 loco
363 1286 578 1320 mentionem
604 1285 695 1319 facit.
750 1283 880 1317 Levate
905 1295 1010 1326 puras
1034 1294 1178 1319 manus,
1213 1283 1249 1315 id

261 1346 330 1376 est,
380 1349 453 1370 non
478 1336 631 1379 pollutas
655 1334 748 1367 malo
775 1334 977 1378 proposito,
1019 1334 1114 1367 iuxta
1142 1333 1252 1374 illud,

261 1389 383 1424 Iollan.
401 1388 451 1423 9.:
478 1386 682 1420 Peccatores
706 1386 803 1418 Deus
830 1396 902 1417 non
930 1385 1081 1419 exaudit.

661 1469 728 1504 Sin
736 1482 750 1504 e
784 1470 855 1507 ira.

365 1542 402 1576 {d
427 1549 494 1582 est,
530 1541 604 1573 sine
627 1539 873 1582 indignatione
900 1546 933 1573 et
959 1538 1103 1571 fremitu
1129 1538 1254 1571 adver-

263 1608 320 1629 sus
345 1594 481 1633 Deum,
513 1593 572 1625 sed
596 1591 781 1624 ssectantur
805 1591 910 1623 corda
934 1590 1054 1633 aliquo
1081 1590 1186 1621 modo
1211 1590 1253 1621 ad

263 1646 488 1691 patientiam,
526 1643 621 1675 iuxta
650 1642 736 1673 illud
762 1642 791 1674 1.
809 1640 900 1675 Petr.
921 1640 975 1676 5,:
1004 1639 1255 1672 Humiliamini

264 1699 329 1731 sub
354 1694 485 1740 potenti
511 1705 618 1726 manu
643 1690 720 1725 Dei.
771 1691 851 1725 Non
879 1692 1040 1724 deficiant
1065 1691 1169 1723 corda
1197 1702 1255 1723 su-

264 1754 383 1792 perata
411 1744 675 1788 indignatione,
704 1749 742 1776 ut
768 1750 873 1775 ruant
897 1743 950 1775 vel
978 1743 1015 1774 in
1039 1740 1254 1784 Epicureum

267 1804 482 1832 contemtum
517 1794 602 1834 Dei,
642 1794 696 1825 vel
723 1794 759 1825 in
785 1792 1038 1836 blasphemias,
1080 1799 1118 1825 ut
1149 1791 1257 1831 Saul,

268 1849 374 1883 ludas
405 1854 438 1881 et
469 1846 611 1879 similes.
666 1842 820 1888 Oportet
851 1845 946 1877 enim
979 1845 1017 1876 in
1049 1843 1155 1876 nobis
1184 1853 1256 1875 esse

269 1900 372 1934 initia
396 1910 508 1931 novae
534 1896 768 1929 obedientiae.

578 1979 667 2014 Sine
693 1977 952 2015 haesitatione.

373 2049 414 2084 Id
434 2057 501 2089 est,
530 2048 620 2082 adsit
637 2048 722 2081 fides
745 2048 869 2081 victrix
887 2047 1161 2081 dubitationum.
1205 2044 1258 2080 Ac

269 2113 350 2136 vere
371 2109 581 2138 statuamus»,
616 2112 680 2132 nos
704 2106 848 2142 propter
872 2099 981 2131 filium
1008 2099 1117 2145 recipi
1135 2110 1154 2131 a
1172 2097 1259 2136 Deo,

270 2165 374 2188 curae
393 2164 464 2185 esse
486 2150 560 2185 Deo
573 2178 581 2191 ,
608 2157 641 2184 et
659 2156 798 2183 nostros
814 2150 963 2193 gemitus
980 2162 1050 2182 non
1075 2161 1148 2182 esse
1174 2149 1258 2181 irri-

271 2212 324 2238 tos
350 2210 493 2248 propter
524 2202 650 2237 filium.
710 2199 806 2233 Haec
832 2200 917 2233 alibi
946 2200 1120 2244 copiosius
1144 2200 1259 2233 decla-

272 2262 408 2288 rantur.
459 2251 639 2286 Exuscitet
657 2258 773 2285 antem
792 2262 855 2284 nos
874 2258 905 2284 et
923 2248 1007 2283 haec
1026 2251 1100 2295 ipsa
1119 2257 1260 2283 senten—

272 2306 322 2338 tia
339 2308 382 2338 ad
403 2304 639 2348 precationem
665 2309 698 2335 et
722 2303 765 2335 ad
785 2303 905 2335 fidem:
934 2302 1016 2347 quia
1035 2309 1068 2334 et
1092 2301 1261 2345 praecipit

274 2356 351 2389 fieri
370 2355 648 2394 invocationem,
677 2360 710 2386 et
727 2353 804 2387 vult
822 2353 914 2385 vinci
934 2350 1193 2388 haesitationes.

303 2437 484 2473 salvatur
512 2436 644 2471 mulier
668 2449 732 2484 per
756 2435 927 2483 filiorum
954 2435 1236 2483 generationem.

376 2506 457 2540 Non
477 2507 624 2539 dubium
645 2513 694 2540 est
706 2505 876 2549 Spiritum
896 2512 1052 2539 sanctum
1072 2502 1163 2537 hanc
1181 2505 1262 2538 dnl-

275 2558 450 2593 cissimam
482 2558 687 2590 concionem
722 2558 764 2589 de
790 2557 916 2590 officiis
945 2567 1044 2589 sexus
1078 2556 1262 2588 muliebris

275 2609 480 2654 opposuisse
507 2607 697 2650 multiplici
727 2607 979 2652 superstitioni.
1038 2604 1083 2639 Et
1107 2607 1261 2639 laudatio

276 2660 424 2704 insignis
453 2658 609 2701 coniugii
637 2664 688 2692 est
721 2659 939 2692 observanda
977 2657 1020 2690 ad
1058 2657 1263 2692 refutandos

832 74 959 110 PutL.
986 73 1104 110 MEL.
1134 73 1344 112 SCRIPTA
1370 74 1672 114 EXEGETICA.

2177 79 2272 115 1324

1290 175 1411 197 omnes
1430 163 1600 197 fanaticos
1621 162 1785 207 spiritus,
1811 165 1872 209 qui
1897 164 2098 210 coniugium
2118 172 2150 200 et
2169 177 2278 199 oeco-

1292 215 1430 247 nomica
1449 214 1564 248 officia
1585 215 1852 254 damnaverunt,
1869 223 1907 249 ut
1922 228 2057 260 semper
2074 217 2158 252 tales
2176 217 2279 251 multi

1292 267 1455 303 suerunt,
1483 265 1717 306 utMarcion,
1745 263 1938 307 Tatianus,
1965 266 2116 305 Hierax,
2145 267 2277 315 ἐγκρα-

1292 313 1419 361 virm,
1446 315 1578 360 Papae,
1607 313 1788 351 Monachi.
1849 316 1915 350 His
1935 318 2099 352 omnibus
2119 331 2278 362 oppona-

1294 374 1352 401 tur
1367 365 1450 400 haec
1469 379 1534 400 vox
1550 367 1670 401 Pauli:
1702 365 1867 400 Salvator
1891 369 2019 402 mulier
2041 381 2102 413 per
2125 369 2279 402 filiorum

1294 419 1554 465 generationem
1567 443 1575 457 ,
1601 417 1628 451 si
1647 418 1841 452 manserint
1859 420 1896 452 in
1915 420 1994 455 fide,

1399 469 1556 502 Primum
1581 475 1696 502 autem
1722 470 1764 501 de
1784 467 2020 504 Grammatica
2045 470 2200 504 iuniores
2218 471 2281 504 ad-

1295 521 1464 554 monendi
1486 527 1586 561 sunt,
1611 520 1640 552 si
1658 520 1871 561 manserint,
1900 521 1988 555 dixit
2008 521 2136 566 plurali
2157 533 2282 555 nume-

1296 585 1354 613 ro,
1382 573 1463 616 quia
1492 573 1535 604 de
1560 583 1642 604 sexu
1668 571 1845 616 loquitur,
1886 579 1925 605 ut
1951 573 2116 606 dicimus:
2159 572 2282 606 Turba

1297 631 1415 657 ruunt.
1469 622 1699 666 Explodenda
1725 629 1776 655 est
1802 622 1909 665 igitur
1933 625 2126 657 multorum
2151 624 2283 657 insulsa

1298 673 1540 717 interpretatio
1559 701 1568 714 ‚
1613 673 1674 718 qui
1711 674 1857 705 verbum
1897 676 2089 708 manserint
2126 675 2169 708 de
2203 675 2286 708 filiis

1299 732 1484 764 enarrant,
1511 724 1600 758 Cum
1624 724 1805 758 manifeste
1824 724 1949 758 salsum
1970 727 2033 766 sit,
2060 733 2187 760 matres
2212 737 2286 759 non

1298 777 1373 810 fieri
1399 777 1529 819 salvas,
1572 775 1641 808 nisi
1667 775 1730 807 filii
1756 775 1841 808 fiant
1866 776 1965 812 salvi.
2025 775 2179 811 Roman.
2207 775 2284 812 14.:

1299 827 1551 872 Unusquisque
1572 832 1731 859 nostrum
1751 827 1794 859 de
1818 826 1935 871 seipso
1961 828 2135 861 rationem
2163 828 2287 861 reddet

1299 877 1386 913 Deo.

1403 928 1584 968 Secundo,
1601 926 1903 972 Respondendum
1920 936 1969 963 est
1987 930 2029 963 ad
2046 936 2284 974 argumetum:

1509 979 1592 1013 Sola
1623 979 1689 1011 fide
1715 979 1910 1018 salvamur,

1508 1029 1603 1073 Ergo
1630 1041 1703 1062 non
1729 1030 1857 1063 officiis
1882 1031 2130 1065 oeconomicis.

1404 1080 1629 1124 Respondeo.
1681 1081 1903 1115 Antecedens
1936 1094 2058 1116 verum
2093 1088 2161 1120 est,
2207 1093 2291 1122 pro-

1302 1140 1379 1178 pter
1403 1133 1512 1165 solius
1536 1131 1601 1164 filii
1624 1130 1689 1164 Dei
1714 1132 1877 1165 meritum
1901 1132 2049 1173 dantur,
2082 1132 2290 1166 reconcilia-

1304 1185 1375 1227 tio,
1403 1183 1620 1221 iustificati0‚
1656 1189 1689 1216 et
1711 1182 1908 1216 haereditas
1935 1184 2026 1217 vitae
2050 1191 2231 1224 aeternae,
2256 1189 2290 1216 et

1304 1233 1389 1269 baec
1414 1236 1480 1267 fide
1507 1234 1617 1277 accipi
1640 1241 1795 1277 oportet:
1833 1233 1948 1277 Quam
1974 1235 2077 1268 fidem
2093 1247 2184 1267 nova
2203 1235 2290 1267 obe-

1306 1287 1437 1319 dientia
1456 1285 1649 1318 necessario
1668 1285 1836 1330 sequitur.
1880 1284 1928 1319 Ut
1946 1286 2038 1318 enim
2059 1285 2132 1330 ipsa
2150 1292 2290 1319 aeterna

1306 1339 1377 1371 vita
1395 1338 1431 1369 iu
1448 1336 1751 1369 consummatione
1769 1336 1966 1370 formaliter
1984 1337 2049 1371 erit
2074 1337 2133 1370 lux
2159 1342 2193 1370 et
2217 1335 2290 1369 vir-

1306 1395 1421 1421 tutum
1449 1387 1672 1427 incendium,
1709 1399 1798 1431 quae
1822 1394 1926 1421 erunt
1951 1388 1988 1420 in
2014 1388 2116 1421 nobis
2143 1386 2293 1431 perfusis

1308 1439 1384 1472 luce
1409 1438 1550 1477 divina,
1574 1437 1664 1470 sicut
1688 1437 1856 1479 scriptum
1880 1444 1945 1471 est:
1974 1436 2069 1471 Deus
2091 1438 2155 1470 erit
2174 1438 2293 1470 omnia

1308 1490 1345 1522 in
1368 1489 1551 1526 omnibus,
1585 1489 1615 1521 1.
1636 1486 1799 1522 Corinth.
1827 1487 1899 1523 15.:
1940 1488 1990 1521 lta
2019 1501 2113 1522 nnnc
2140 1488 2291 1521 incoatio

1309 1541 1501 1579 virtutum,
1536 1550 1622 1582 quas
1649 1539 1742 1571 filius
1761 1538 1827 1572 Dei
1854 1551 1914 1581 per
1938 1538 2111 1581 Spiritum
2137 1545 2294 1571 sanctum

1309 1591 1344 1623 in
1363 1590 1465 1622 nobis
1483 1589 1652 1627 accendit,
1671 1589 1758 1621 sicut
1775 1589 1860 1621 alibi
1877 1589 1993 1633 inquit
2011 1590 2140 1623 Paulus
2153 1616 2161 1629 ,
2179 1590 2214 1622 2.
2227 1587 2295 1623 Co-

1309 1639 1419 1675 riutb.
1446 1638 1497 1674 5.:
1541 1639 1867 1683 Superfflduemur,
1914 1641 1942 1672 si
1971 1648 2087 1674 tamen
2108 1652 2181 1673 non
2205 1639 2294 1673 nudi

1310 1692 1537 1736 reperiemur.

1412 1741 1503 1774 Vide
1519 1741 1627 1784 igitur
1641 1740 1742 1774 Pauli
1759 1741 1982 1785 prudentiam
1994 1767 2003 1783 ‚
2025 1753 2102 1774 cnm
2123 1741 2296 1775 laudasset

1311 1805 1418 1838 opus,
1447 1805 1526 1825 mox
1550 1799 1581 1825 et
1606 1792 1686 1825 fidei
1712 1792 1928 1825 mentionem
1945 1792 2046 1830 facit,
2071 1793 2126 1825 cui
2146 1800 2296 1826 caeteras

1311 1846 1457 1877 virtutes
1482 1844 1598 1883 addit,
1625 1843 1706 1888 quia
1731 1855 1804 1875 non
1827 1843 1896 1875 iam
1921 1844 1963 1875 de
1980 1843 2113 1876 meritis
2131 1843 2297 1887 disputat,

1312 1897 1370 1930 sed
1396 1892 1664 1938 comprehendit
1690 1894 1853 1935 virtutes,
1881 1905 1970 1938 quae
1992 1906 2070 1926 cum
2090 1894 2155 1927 fide
2179 1905 2298 1927 neces-

1311 1947 1403 1980 sario
1428 1947 1533 1978 simul
1559 1946 1809 1978 accenduntur.
1866 1943 2154 1990 Quotiescunque
2181 1952 2297 1978 autem

1313 2000 1356 2030 de
1381 1996 1581 2030 obedientia
1601 1996 1748 2036 dicitur,
1777 1995 1879 2030 initio
1904 1995 2061 2028 facienda
2087 2002 2137 2029 est
2164 1995 2297 2029 mentio

1312 2047 1529 2091 vocationis,
1563 2047 1610 2080 ita
1631 2059 1707 2079 cum
1734 2046 1861 2079 mulier
1880 2047 2065 2089 praecipue
2081 2047 2220 2080 condita
2242 2046 2297 2086 sit,

1312 2107 1351 2133 ut
1368 2099 1478 2143 pariat
1495 2105 1528 2132 et
1545 2097 1754 2131 imbecillem
1773 2098 1904 2130 foetum
1922 2098 2036 2130 foveat
2054 2109 2091 2130 ac
2109 2098 2189 2131 alat.
2218 2096 2296 2130 Hoc

1313 2151 1466 2195 primum
1499 2161 1587 2193 opus
1611 2148 1856 2192 complectitur
1880 2147 2011 2181 Paulus
2036 2148 2128 2182 inter
2151 2148 2298 2182 virtutes

1313 2200 1484 2234 mulieris.

1413 2250 1527 2285 Simul
1559 2257 1674 2283 autem
1703 2261 1782 2282 vera
1815 2256 1895 2283 sunt
1925 2247 1990 2283 hae
2021 2249 2296 2294 propositiones:

1313 2303 1428 2335 Iustus
1446 2302 1512 2334 fide
1531 2300 1651 2334 Gratis
1677 2307 1820 2345 propter
1842 2301 1954 2334 filium
1977 2300 2061 2339 Dei,
2089 2307 2121 2333 et
2139 2312 2198 2344 per
2217 2312 2298 2334 eum

1315 2361 1365 2387 est
1382 2351 1503 2385 haeres
1520 2353 1609 2385 vitae
1627 2359 1798 2386 aeternae.
1850 2349 1896 2385 Et
1914 2352 2036 2385 altera:
2066 2349 2105 2384 ln
2123 2348 2189 2384 boc
2206 2351 2297 2385 insto

1314 2404 1505 2437 necessaria
1534 2409 1581 2436 est
1606 2415 1697 2436 nova
1721 2402 1940 2441 obedientia,
1977 2402 2057 2446 qnia
2082 2402 2126 2434 ita
2152 2402 2188 2435 fit
2213 2414 2297 2435 con-

1315 2455 1438 2487 solatio
1457 2462 1489 2487 et
1507 2454 1694 2487 vivificatio
1713 2465 1774 2497 per
1791 2453 1893 2486 fidem
1906 2478 1915 2491 ,
1943 2460 1980 2485 nt
2001 2453 2105 2485 simul
2122 2465 2140 2485 a
2161 2452 2297 2496 Spiritu

1316 2512 1435 2538 sancto
1458 2517 1549 2537 nova
1578 2505 1636 2537 lux
1654 2511 1686 2537 et
1706 2516 1796 2536 nova
1824 2503 2024 2537 obedientia
2051 2504 2298 2543 accendantur,

1316 2557 1408 2589 iuxta
1430 2556 1516 2588 illu'd
1538 2554 1704 2588 Ieremiae
1722 2554 1832 2598 capite
1849 2554 2025 2587 tricesimo
2046 2554 2167 2587 tertio:
2195 2552 2296 2586 Dabo

1316 2607 1423 2649 legem
1442 2618 1554 2638 meam
1574 2606 1610 2638 in
1628 2605 1734 2638 corda
1750 2617 1880 2638 eorum.
1935 2604 2016 2638 Ideo
2037 2605 2152 2650 inquit
2169 2604 2297 2637 Paulus

1319 2658 1350 2693 1.
1375 2654 1536 2691 Corinth.
1563 2656 1613 2692 9,;
1652 2655 1722 2689 Vae
1746 2653 1854 2697 mihi,
1895 2655 1921 2688 si
1947 2668 2019 2689 non
2049 2655 2296 2701 evangelizem.
