2415 2942
295 136 367 171 415

301 223 411 267 posita
439 225 530 252 sunt.
584 212 761 248 Contritio
788 219 838 246 est
857 212 989 255 agnitio
1012 212 1160 256 peccati,
1187 212 1282 256 quod

299 276 346 307 ait
367 274 455 305 latro
479 280 514 301 se
532 268 620 300 iuste
640 265 780 309 puniri,
805 270 839 296 et
863 264 958 297 dolet
981 274 1015 296 se
1035 262 1149 296 Deum
1171 262 1284 295 ossen-

301 326 408 360 ‹lisse,
437 326 468 352 et
485 318 589 351 sentit
608 317 694 349 iram
713 314 796 354 Dei,
824 312 888 347 hac
908 315 979 357 ipsa
999 326 1108 358 poena
1127 325 1283 346 commo-

302 378 476 410 rit-tactus,
517 376 549 401 et
583 367 725 412 quidem
764 365 902 409 publice
938 365 1066 397 fatetur
1106 370 1311 408 peccatum¹

301 435 421 461 suum,
455 426 487 453 et
524 418 702 462 praedicat
738 416 907 449 iudicium
937 415 999 449 Dei
1034 416 1164 448 iustum
1201 406 1312 468 esse!

301 474 394 506 llaec
422 470 539 503 omnia
569 468 744 512 pertinent
768 467 809 498 ad
837 466 1106 506 contritionem,
1141 472 1180 500 ut
1204 465 1284 497 illae

299 534 399 556 voces
424 521 581 554 Danielis
608 519 658 552 9.:
694 517 777 550 Tibi
802 517 958 550 Domine
993 517 1150 558 iusticia,
1182 516 1284 549 nobis

300 581 416 607 autem
436 570 594 605 confusio
613 568 725 602 faciei.
1309 548 1313 605 Ι

1309 608 1313 641 Ι

403 674 527 708 fidem
551 670 625 705 eius
647 670 837 704 clarissime
855 669 1007 703 ostendit
1032 668 1168 713 petitio:
1206 666 1285 701 Me-

303 733 421 760 mento
447 724 515 757 mei
541 721 711 761 Domine,
754 721 895 766 quando
921 722 1038 753 venies
1070 720 1107 751 in
1139 730 1284 762 regnum

303 787 416 812 tuum.
473 774 561 807 Vere
585 773 678 805 enirn
697 771 862 813 iutelligit
881 768 975 804 hunc
998 770 1130 803 socium
1151 769 1286 812 suppli—

303 830 366 867 cii,
395 836 595 871 quanquam
621 824 688 855 iam
713 822 943 861 moriturum,
969 827 1085 854 tamen
1103 832 1174 852 esse
1192 819 1287 852 Mes-
1311 818 1316 952 ῐ

302 880 389 912 siam
408 877 586 910 tollentem
605 879 740 916 peccata
760 879 793 906 et
810 879 956 904 mortem
969 897 978 914 ,
1007 877 1037 903 et
1055 871 1285 903 redimentem

304 940 413 971 genus
440 925 632 959 humanum
660 921 723 955 hac
749 934 809 955 sua
834 928 944 954 morte
960 948 969 962 ,
1006 922 1094 954 sicut
1120 932 1159 953 ex
1184 918 1287 953 Esaia

304 979 421 1027 potuit
439 977 555 1020 aliqua
582 975 673 1007 dicta
700 972 915 1005 meminisse:
944 972 1028 1016 petit
1053 971 1160 1014 igitur
1183 971 1225 1004 ab
1248 983 1287 1003 eo

303 1028 545 1064 remissionem
565 1030 783 1069 peccatorum
810 1030 846 1057 et
868 1023 976 1056 vitam
1002 1029 1189 1057 aeternam.
1242 1019 1288 1054 Et

305 1088 344 1114 ut
370 1080 454 1112 sides
477 1077 551 1109 eius
575 1075 817 1114 confirmetur,
843 1075 942 1107 audit
965 1073 1202 1107 dulcissimam
1227 1073 1288 1105 ab·

306 1131 537 1164 solutionem:
566 1125 682 1158 Hodie
701 1137 836 1157 mecum
855 1126 922 1157 eris
942 1124 977 1156 in
1003 1125 1172 1168 paradiso.
1216 1122 1287 1157 lam

306 1182 386 1214 xide
405 1181 442 1212 in
462 1191 501 1211 eo
519 1178 693 1210 incoatam
713 1175 960 1209 obedientiam.
997 1174 1176 1208 Inerudite
1194 1174 1288 1207 enim

308 1233 436 1264 dicitur
461 1228 558 1261 nulla
575 1227 680 1260 fuisse
697 1227 787 1259 bona
807 1238 910 1270 opera
927 1224 1031 1259 liuius
1049 1225 1195 1259 latronis
1213 1231 1290 1269 post

308 1281 593 1318 conversionem,
620 1289 741 1310 verum
769 1283 839 1317 est,
870 1289 942 1310 non
962 1283 1072 1320 potest
1095 1284 1210 1320 petere
1235 1287 1289 1308 re-

307 1333 510 1367 missionem
535 1335 756 1373 peccatorum
790 1334 932 1371 propter
960 1327 1032 1360 ulla
1058 1327 1150 1360 bona
1175 1338 1292 1370 opera,

309 1386 480 1427 ideoquae
499 1379 709 1423 proponitur
724 1379 846 1416 nobis,
876 1385 912 1411 ut
930 1379 1051 1411 doceat
1067 1389 1130 1410 nos
1150 1378 1192 1409 de
1212 1388 1291 1420 gra-

310 1435 396 1469 tuita
428 1429 731 1468 reconciliatione,
775 1430 833 1461 sed
865 1429 934 1461 iam
967 1439 1154 1460 conversus
1187 1425 1292 1460 habet

309 1495 452 1527 magnas
470 1482 628 1514 virtutes.
682 1479 856 1512 Contritio
876 1480 948 1523 ipsa
973 1486 1005 1512 et
1028 1480 1130 1511 dolor
1149 1485 1292 1521 propter

313 1542 491 1580 peccatum
510 1557 518 1571 ‚
563 1538 597 1564 et
622 1530 791 1562 consessio
817 1530 976 1563 tribuens
1001 1530 1078 1562 Deo
1106 1529 1292 1567 iusticiam,

312 1593 392 1620 sunt
410 1585 502 1617 bona
521 1593 645 1625 opera,
673 1588 705 1612 et
723 1581 919 1613 testimonia
937 1592 1098 1613 accensae
1115 1580 1151 1612 in
1174 1592 1213 1612 eo
1238 1579 1292 1612 di-

310 1635 471 1670 lectionis
488 1633 565 1667 Dei.
617 1630 754 1664 Deinde
772 1630 855 1663 fides
880 1631 952 1675 ipsa
976 1632 1107 1663 honum
1129 1642 1216 1674 opus
1233 1636 1293 1668 est,

311 1700 389 1720 rum
415 1697 484 1731 quo
514 1693 650 1716 necesse
681 1688 730 1714 est
757 1680 980 1716 dilectionem
1004 1680 1088 1719 Dei,
1124 1688 1157 1714 et
1183 1680 1293 1714 multa

311 1741 404 1772 bona
423 1747 525 1779 opera
543 1732 730 1767 coniuncta
748 1744 829 1765 csse.
882 1731 1027 1766 Accedit
1049 1741 1079 1766 et
1097 1731 1294 1765 intellectus

310 1788 490 1822 doctrinae
515 1786 558 1818 de
585 1795 684 1817 cruce
713 1790 743 1816 et
768 1783 958 1827 patientia,
993 1783 1055 1816 scit
1085 1783 1153 1816 iam
1186 1793 1294 1824 genus

312 1839 505 1873 humanum
522 1840 664 1880 propter
682 1842 857 1878 peccatum
877 1835 914 1866 in
936 1841 1082 1867 mortem
1101 1840 1134 1867 et
1151 1830 1294 1866 calami—
1320 1848 1323 1858 ν

314 1898 400 1924 tates
422 1899 574 1921 mersum
600 1896 691 1926 esse,
721 1897 783 1918 nec
807 1891 922 1918 tamen
949 1892 1091 1929 propter
1116 1884 1295 1917 calamita·
1320 1861 1323 1900 l

313 1950 364 1974 ies
381 1939 477 1973 reiici
495 1936 654 1971 homines
667 1963 675 1976 ‚
702 1937 760 1968 sed
779 1935 893 1969 Deum
912 1937 1088 1980 postulare
1103 1933 1192 1968 hane
1211 1935 1295 1967 obe-
1319 1937 1323 1998 1

317 1991 508 2029 dientiam,
548 1994 579 2020 et
611 1987 762 2030 recipere
798 1988 1056 2031 confugientes,
1093 1994 1125 2020 et
1159 1986 1295 2029 Spiritu

315 2048 433 2075 sancto
459 2044 660 2072 sustentare.
719 2037 764 2071 lit
788 2038 855 2070 iam
884 2039 920 2070 in
946 2039 1019 2082 ipsa
1045 2036 1296 2076 consolatione,

317 2105 395 2126 cum
413 2102 472 2124 cor
493 2089 559 2122 fide
579 2088 789 2130 erigeretur,
818 2089 902 2122 dicit
920 2086 1010 2121 hanc
1027 2089 1137 2131 ipsam
1156 2093 1296 2120 senten-

315 2145 419 2181 tiam,
447 2152 533 2185 quae
559 2145 606 2171 est
633 2139 724 2181 apud
745 2136 883 2171 Esaiam
909 2139 1018 2182 capite
1035 2138 1180 2175 ultimo,
1209 2148 1296 2181 quae
1322 2149 1324 2154 ·

315 2197 466 2227 attii-mat
489 2189 602 2223 Deum
627 2186 784 2221 habitare
811 2202 887 2222 cum
917 2189 1087 2223 contritis.
1162 2187 1297 2220 Didicit

317 2246 423 2284 igitur
440 2241 528 2275 hanc
546 2239 729 2283 Evangelii
747 2240 951 2283 sapientiam
972 2252 1044 2272 non
1069 2245 1295 2272 monstratam

318 2285 353 2327 iu
374 2295 464 2337 lege,
492 2298 523 2324 et
541 2291 642 2333 longe
661 2289 807 2334 positam
835 2302 936 2335 supra
965 2296 997 2323 et
1019 2296 1113 2323 extra
1140 2287 1297 2332 philoso-

318 2344 436 2389 phiam
461 2350 492 2375 et
516 2349 654 2385 captum
680 2338 853 2374 humanae
878 2341 1043 2381 rationis,
1073 2348 1105 2374 et
1132 2340 1200 2372 iam
1220 2352 1297 2372 cor-

320 2408 404 2439 pore
429 2394 585 2437 pendens
608 2393 644 2424 in
678 2403 778 2424 cruce
801 2404 839 2425 ac
862 2392 1034 2432 moriens,
1077 2397 1194 2424 tamen
1219 2401 1297 2422 vere

319 2446 406 2478 vivit
424 2445 492 2476 xita
510 2450 666 2482 aeterna,
700 2442 849 2476 laetatur
871 2443 1049 2486 agnitione
1066 2440 1131 2474 Dei
1155 2447 1186 2473 et
1200 2440 1297 2473 Mes-
1323 2451 1325 2456 ·

321 2497 389 2529 siae
402 2521 409 2534 ,
438 2500 469 2526 et
488 2499 638 2536 praestat
654 2492 728 2526 Deo
747 2490 836 2527 lianc
855 2493 1091 2527 obedientiam
1112 2503 1192 2524 vera
1211 2491 1298 2524 tole-

319 2545 456 2584 rantia,
497 2550 528 2576 et
560 2550 712 2586 expectat
741 2555 872 2577 novum
906 2543 1054 2577 Messiae
1086 2554 1232 2585 regnum
1262 2542 1297 2573 in

317 2595 492 2641 paradiso,
571 2592 689 2635 Longe
734 2594 840 2636 igitur
881 2601 1021 2639 superat
1055 2592 1225 2638 sapientia
1267 2599 1299 2625 et

319 2646 526 2682 virtutibus,
568 2655 640 2677 nou
681 2644 796 2678 solum
830 2643 1060 2684 Pharisaeos,
1099 2644 1158 2678 sed
1195 2642 1325 2702 etiam1

319 2695 519 2741 Apostolos.
1323 2703 1327 2734 ς

875 125 1002 162 PHlL.
1029 125 1146 162 MEL.
1174 124 1384 161 SCRIPTA
1408 123 1710 165 EXEGETICA.

1320 1805 1322 1814 <
1350 1789 1504 1826 peccata,
1531 1787 1561 1814 et
1580 1792 1701 1814 rursus
1723 1781 1871 1824 proponi
1893 1781 2179 1819 misericordiam.

2239 133 2312 169 416

1438 212 1619 247 Postremo
1636 219 1668 246 et
1685 219 1823 248 externa
1841 215 1933 250 bona
1951 228 2058 261 opera
2081 214 2204 260 habet,
2231 229 2317 252 con-

1337 264 1523 297 sessionem
1549 264 1679 307 peccati
1701 264 1774 306 sui,
1809 272 1842 299 et
1866 266 2085 301 iusti'iudicii
2103 267 2188 308 Dei,
2212 269 2316 303 invo-

1337 315 1508 348 cationem
1537 312 1691 356 Christi,
1734 322 1766 349 et
1800 315 2080 359 obiurgationem
2111 319 2315 355 adversarii.

1337 365 1426 399 Nam
1457 365 1610 398 refutare
1642 365 1888 400 maledicentes
1910 365 2123 411 Evangelio,
2155 376 2205 403 est
2229 381 2318 414 opus

1338 422 1558 460 praeceptum
1587 415 1624 448 in
1651 413 1706 449 bis
1731 417 1929 458 sententiis,
1963 417 2077 452 Lucae
2100 419 2151 453 9.:
2201 419 2317 463 Quem

1310 469 1312 495 ἶ
1338 467 1405 500 mei
1423 466 1569 510 pudebit
1586 473 1618 500 et
1634 478 1791 500 meorum
1814 479 2032 509 sermonum,
2059 467 2153 503 hunc
2169 472 2320 505 confun-

1338 519 1395 550 det
1413 518 1505 550 filius
1523 514 1689 552 hominis.
1741 515 1788 551 Et
1804 517 1931 551 Psalm.
1951 519 2050 555 118.:
2077 518 2124 553 Et
2147 520 2318 566 loquebar

1340 569 1381 601 de
1405 567 1613 601 testimoniis
1638 568 1706 601 tuis
1729 568 1766 600 in
1793 575 1981 613 conspectu
2013 581 2150 612 regum,
2189 578 2222 605 et
2245 584 2319 606 non

1340 618 1594 652 confundebar.
1621 615 1777 651 Pertinet
1793 625 1908 652 autem
1924 621 2123 664 exemplum
2138 622 2180 654 ad
2199 633 2320 656 omnes

1340 668 1519 710 homines,
1545 675 1584 702 ut
1600 669 1735 703 discant
1757 681 1844 713 opus
1866 672 2097 704 necessarium
2125 683 2196 705 esse
2211 673 2319 716 profi-

1339 721 1405 754 teri
1424 721 1546 761 fidem,
1574 726 1607 754 et
1631 731 1705 753 eam
1729 720 1904 753 declarare
1929 721 2138 755 refutatione
2155 721 2319 768 blasphe-

1339 783 1502 804 miarum.

1440 821 1515 856 Etsi
1533 821 1640 864 igitur
1662 818 1824 854 homines
1848 821 1986 865 profani
2013 829 2044 856 et
2065 831 2222 867 potentes
2241 825 2320 858 tali-

1340 873 1406 905 bus
1437 872 1708 905 refutationibus
1739 873 1988 917 offenduntur,
2030 881 2146 908 tamen
2171 875 2321 909 sciamus

1342 920 1408 955 hoc
1438 922 1590 955 officium
1626 923 1858 956 necessarium
1891 935 1983 963 esse,
2022 932 2055 958 et
2080 938 2160 959 vere
2185 926 2322 970 placere

1342 974 1440 1013 Deo,
1469 979 1501 1006 et
1516 970 1605 1005 hanc
1622 974 1897 1007 consolationem
1911 986 1975 1007 nos
1995 974 2032 1007 in
2049 973 2178 1009 scholis
2197 976 2321 1009 memi-

1342 1023 1517 1062 nerimus,
1551 1034 1640 1067 quae
1663 1024 1854 1067 plurimum
1877 1025 2064 1059 incurrunt
2092 1026 2130 1059 in
2157 1027 2236 1060 odia
2258 1038 2322 1071 po-

1342 1082 1497 1114 tentum,
1524 1080 1667 1117 propter
1685 1074 1770 1107 tales
1790 1075 2025 1109 refutationes.

1445 1124 1589 1166 Sextus,
1627 1131 1800 1167 postrema
1822 1137 1902 1168 pars
1925 1132 1975 1159 est
1999 1126 2138 1170 epitasis
2161 1126 2322 1160 omnium

1342 1175 1492 1208 maxime
1508 1174 1688 1209 terribilis.
1741 1173 1810 1207 Hic
1827 1176 1894 1207 iam
1911 1176 2094 1211 obscurato
2105 1176 2186 1211 Sole
2202 1184 2324 1211 contra

1344 1234 1489 1260 naturae
1520 1225 1700 1269 ordinem,
1734 1232 1768 1258 et
1795 1226 1882 1258 dura
1907 1238 1986 1259 saxa
2013 1227 2088 1260 sine
2113 1228 2184 1261 ulla
2202 1228 2236 1260 vi
2254 1225 2323 1261 hu-
2357 1258 2364 1261 .

1344 1288 1446 1310 mana
1462 1282 1687 1320 rumpuntur,
1715 1283 1749 1309 et
1764 1276 1894 1309 mortui
1910 1276 2080 1311 divinitus
2097 1278 2167 1311 vita
2186 1284 2323 1322 recepta

1345 1329 1541 1372 prodeunt,
1568 1327 1660 1359 filius
1676 1325 1741 1359 Dei
1765 1326 1857 1359 inter
1880 1327 2047 1360 clamores
2065 1335 2097 1362 et
2116 1340 2232 1371 preces
2247 1340 2324 1362 mo-

1346 1379 1451 1411 ritur:
1478 1389 1555 1409 cum
1575 1384 1645 1410 tota
1662 1389 1778 1409 rerum
1805 1383 1929 1410 natura
1952 1385 2153 1419 moveatur,
2188 1379 2325 1412 coelum

1345 1436 1378 1462 et
1394 1435 1504 1468 terra,
1538 1427 1730 1460 dolendum
1756 1434 1805 1461 est
1831 1439 1894 1460 nos
1923 1428 2010 1461 adeo
2034 1429 2140 1462 duros
2167 1440 2258 1469 esse,
2286 1435 2326 1462 ut

1346 1486 1462 1512 tantae
1483 1477 1533 1510 rei
1552 1478 1761 1520 cogitatione
1778 1490 1848 1511 non
1865 1478 2183 1515 contremiscamus.
2233 1477 2326 1512 Ore-

1346 1542 1425 1562 mus
1443 1528 1548 1572 igitur
1566 1527 1697 1568 Deum,
1717 1535 1754 1562 ut
1773 1536 1909 1562 nostras
1928 1536 2061 1562 mentes
2079 1531 2262 1568 accendat,
2287 1535 2327 1562 ut

1347 1581 1464 1625 aliquo
1485 1579 1587 1611 modo
1613 1579 1830 1612 voluntatem
1849 1578 1932 1619 Dei,
1969 1581 2063 1624 quod
2088 1580 2201 1614 filium
2224 1580 2326 1614 victi—

1347 1643 1438 1663 mam
1458 1630 1530 1662 fieri
1549 1629 1670 1669 voluit,
1700 1636 1732 1662 et
1751 1626 1816 1662 hoc
1833 1630 2039 1662 sacrificium
2055 1632 2214 1664 omnium
2231 1642 2327 1663 sum-

1348 1693 1443 1714 mum
1466 1680 1748 1717 consideremus,
1787 1686 1819 1712 et
1842 1680 2080 1723 intelligamus
2105 1681 2141 1713 in
2168 1679 2231 1714 hac
2253 1681 2327 1724 ipsa

1348 1739 1415 1765 tam
1434 1731 1524 1765 tristi
1539 1741 1648 1773 poena
1665 1730 1802 1763 ostendi
1820 1730 1906 1762 iram
1925 1729 2001 1771 Dei,
2026 1732 2192 1765 adversus
2209 1738 2328 1765 nostra

2233 1781 2329 1825 Quia

1349 1831 1433 1866 haec
1456 1843 1549 1865 mors
1566 1838 1617 1865 est
1641 1831 1847 1875 propiciatio
1873 1843 1936 1879 pro
1960 1832 2074 1867 nobis,
2127 1831 2168 1865 In
2189 1829 2252 1865 hac
2269 1845 2328 1866 eo-

1348 1884 1517 1927 gitatione
1549 1894 1628 1915 vere
1661 1893 1924 1926 expavescamus
1952 1883 2132 1925 agnitione
2155 1884 2226 1916 irae
2251 1881 2328 1924 Dei,

1350 1942 1381 1968 et
1398 1945 1518 1967 rursus
1542 1933 1579 1965 in
1605 1933 1794 1976 pavoribus
1817 1932 1992 1975 erigamur
2019 1933 2103 1972 fide,
2129 1941 2161 1967 et
2184 1943 2326 1975 agamus

1349 1985 1495 2028 gratias,
1519 1984 1612 2028 quod
1630 1980 1695 2016 hoc
1714 1982 1882 2015 sacrificio
1900 1983 1963 2015 filii
1979 1982 2074 2016 Deus
2091 1983 2245 2027 placatus
2263 1994 2328 2016 nos

1349 2034 1489 2078 recepit.
1547 2032 1642 2066 Haec
1672 2045 1775 2077 supra
1807 2033 1993 2078 aliquoties
2017 2033 2108 2068 dicta
2133 2040 2231 2074 sunt,
2268 2035 2328 2067 sed

1350 2098 1444 2118 nunc
1461 2085 1497 2117 in
1516 2091 1668 2117 extremo
1686 2095 1795 2127 agone
1811 2081 1943 2117 Christi
1965 2085 2114 2117 maxime
2140 2085 2328 2129 repetenda

1350 2143 1449 2176 sunt,
1483 2135 1543 2180 qui
1566 2134 1633 2177 legi
1657 2142 1689 2168 et
1710 2134 1854 2177 cogitari
1871 2147 1888 2168 a
1906 2135 1971 2179 piis
1989 2135 2064 2169 sine
2079 2135 2196 2181 aliqua
2219 2135 2328 2168 animi

1350 2185 1631 2220 consternatione
1647 2197 1718 2217 non
1738 2191 1862 2229 potest.

1451 2236 1503 2270 Dc
1528 2234 1590 2269 hac
1606 2234 1739 2279 Eclipsi
1764 2235 1857 2269 Solis
1882 2242 2005 2269 notum
2031 2243 2080 2270 est
2103 2247 2178 2269 eam
2202 2235 2329 2268 factam

1351 2299 1422 2320 esse
1447 2294 1603 2331 tempore
1637 2286 1868 2329 oppositionis
1892 2286 2014 2319 Lunae
2038 2293 2070 2319 et
2094 2285 2205 2325 Solis,
2246 2285 2328 2330 quia

1351 2338 1501 2382 populus
1520 2337 1681 2370 Iudaicus
1697 2337 1847 2370 celebrat
1863 2334 1994 2370 Pascha
2020 2337 2057 2369 in
2077 2337 2193 2369 medio
2211 2347 2329 2369 mense

1351 2389 1480 2423 lunari.
1539 2387 1627 2421 Cum
1662 2395 1777 2420 autem
1812 2393 1944 2420 certum
1977 2387 2021 2420 sit
2050 2387 2176 2420 usitato
2202 2387 2328 2420 ordine

1351 2447 1496 2473 naturae
1515 2439 1658 2481 eclipses
1677 2437 1770 2471 Solis
1788 2444 1922 2471 tantum
1941 2437 1977 2469 in
1993 2438 2240 2471 coniunctione
2257 2436 2329 2470 Lu-

1352 2502 1415 2523 nae
1432 2496 1463 2523 et
1478 2489 1570 2523 Solis
1585 2488 1670 2528 fieri,
1693 2488 1915 2521 manifestum
1933 2494 1982 2521 est
1998 2485 2089 2521 hanc
2107 2488 2251 2531 eclipsin
2263 2486 2328 2521 So-

1324 2572 1325 2579 ,
1352 2541 1395 2573 lis
1418 2551 1559 2587 prorsus
1588 2545 1708 2572 contra
1732 2545 1876 2571 naturae
1903 2539 2065 2571 ordinem
2094 2539 2219 2572 factam
2244 2549 2329 2570 esse.

1353 2591 1434 2625 fuit
1451 2591 1556 2633 igitur
1571 2589 1809 2622 testimonium
1820 2587 1886 2622 Dei
1903 2588 2130 2632 significantis
2146 2599 2180 2622 se
2197 2595 2329 2632 specta-

1352 2649 1463 2676 torem
1481 2652 1552 2674 esse
1569 2638 1674 2673 huius
1696 2639 1808 2680 necis,
1835 2646 1868 2672 et
1885 2650 1920 2672 se
1937 2640 2112 2673 vindicem
2135 2640 2219 2672 fore.
2271 2637 2329 2672 Si-

1352 2692 1552 2736 gnificatum
1572 2697 1621 2724 est
1639 2690 1742 2724 etiam
1765 2689 1929 2724 omnibus
1952 2688 2112 2725 hostibus
2128 2687 2260 2724 Christi
2274 2687 2330 2722 lu-
