2415 2942
218 119 306 154 1571
826 102 951 138 PlllL.
979 100 1094 137 MEL.
1121 99 1329 137 SCRIPTA
1358 101 1657 139 EXEGETICA.
2161 104 2255 139 1372

320 202 398 235 Non
422 199 528 242 igitur
545 197 687 229 damnat
700 192 831 226 Paulus
852 189 1005 232 nuptiaS,
1031 187 1090 220 sed
1111 186 1211 219 dam-

219 262 278 288 nat
297 253 351 285 vel
371 253 480 294 ipsam
501 248 580 281 fidei
605 244 859 280 desertionem,
888 240 943 273 vel
970 239 1036 272 alia
1059 243 1214 285 peccata,

220 317 308 350 quae
351 301 563 335 salacitatem
606 304 639 330 et
681 294 920 329 curiositatem
964 290 1214 334 sequebantur.

223 357 313 391 [sus
341 360 389 386 est
424 351 553 384 Paulus
586 347 701 381 verbis
735 342 1030 387 significantibus:
1073 350 1213 373 σπατα-

221 409 341 445 λῶσα,
370 404 404 436 id
423 409 489 442 est,
519 399 654 433 deliciis
676 397 822 431 affluens
847 401 880 428 ct
908 392 1070 427 lasciviae
1093 390 1215 424 indul-

223 468 325 501 gens,
364 452 448 487 baec
485 451 620 496 inquit,
655 449 776 481 vivens
806 452 944 479 mortua
980 451 1049 481 est,
1085 442 1217 474 scilicet

229 514 369 552 propter
394 503 583 537 lasciviam,
625 495 794 534 Σπατάω
824 497 916 541 apud
941 491 1216 538 Aristophanem

228 557 399 602 significat
429 553 657 599 prodigaliter
688 549 888 595 profundo,
923 547 1007 579 inde
1034 539 1218 579 σπατάλαι

228 608 449 652 profusiones
475 612 506 639 et
535 603 698 642 deliciae,
742 608 780 634 ut
807 599 934 633 Suidas
970 597 1053 629 citat
1069 595 1217 628 dictum:

231 661 332 694 Nunc
351 658 478 691 saltant
496 666 612 688 mures
632 654 786 686 fruentes
804 649 939 682 deliciis
958 659 1061 680 carne
1086 646 1219 679 felium.

328 709 421 742 Sunt
445 714 560 740 autem
579 705 724 737 virtutes
745 702 881 735 vicinae
906 698 1104 741 frugalitas,
1130 703 1219 729 tem—

228 761 385 806 perantia
403 766 435 791 et
452 756 681 796 continentia,
705 761 743 788 ut
759 751 932 797 iii-apibus
947 748 1053 782 simul
1070 746 1134 780 hae
1151 754 1220 780 tres

228 814 377 845 virtutes
408 808 571 852 inprimis
596 805 803 849 conspicuae
827 807 920 836 sunt.
981 799 1073 833 Sunt
1105 804 1219 830 autem

229 873 261 897 et
281 874 340 907 per
360 872 432 894 sese
450 871 503 891 res
522 859 653 897 bonae,
679 863 711 889 et
728 854 802 888 Deo
821 859 955 897 gratae,
990 857 1021 883 et
1046 856 1128 882 sunt
1153 860 1220 880 nu-

230 915 332 948 trices
350 912 498 945 aliarum
523 908 696 941 maiorum
716 906 907 943 virtutum,
934 901 1140 946 sapientiae,
1166 899 1222 931 iu-

230 965 363 1002 stitiae,
390 959 621 995 fortitudinis.
676 957 768 991 Sunt
791 962 824 988 et
849 954 934 987 vitia
957 952 1073 985 vicina
1101 949 1222 995 prodi-

231 1016 354 1060 galitas
375 1010 644 1055 intemperantia
663 1016 694 1041 et
719 1004 996 1044 incontinentia,
1031 1010 1064 1036 et
1086 1002 1123 1034 iu
1144 1012 1222 1033 mu-

233 1066 379 1100 lieribus
397 1062 480 1096 baec
497 1061 699 1094 deformitas
716 1057 936 1102 conspectior
954 1061 1016 1095 est,
1046 1053 1128 1098 quia
1145 1063 1223 1084 mu-

233 1118 329 1151 lieris
348 1115 502 1148 officium
519 1119 569 1145 est
587 1112 624 1144 in
645 1110 848 1143 oeconomia
867 1118 921 1141 res
938 1112 1053 1150 partas
1075 1103 1225 1137 fideliter

235 1167 422 1206 custodire,
450 1171 482 1198 et
501 1164 542 1196 ad
562 1161 773 1195 necessarios
790 1171 873 1193 usus
890 1165 963 1191 arte
984 1156 1108 1189 electas
1123 1165 1225 1199 parce

236 1229 406 1264 promere.
462 1214 512 1248 De
532 1212 801 1257 intemperantia
825 1210 975 1244 dicitur:
1012 1206 1109 1250 Quid
1131 1205 1224 1238 enim

236 1270 358 1303 venus
375 1267 470 1300 ebria
488 1265 609 1299 curat?

337 1317 509 1352 Existimo
528 1322 642 1348 autem
657 1313 807 1347 Paulum
826 1312 868 1345 ad
890 1309 1144 1353 descriptiones
1162 1306 1227 1339 ali-

238 1382 324 1418 quas
343 1377 426 1403 tunc
439 1374 539 1400 notas
556 1365 733 1404 allusisse,
760 1363 842 1408 quia
860 1362 965 1394 verba
989 1359 1141 1393 illustria
1158 1356 1226 1390 Co-

238 1421 458 1456 moediarum
495 1416 614 1451 sumit.
657 1415 744 1448 Nam
775 1420 807 1446 et
832 1423 980 1457 sequens
1003 1410 1149 1442 verbum
1173 1407 1229 1439 in·-

238 1475 336 1515 signe
353 1478 418 1504 est:
447 1464 540 1502 Cum
566 1466 764 1511 saginatae
784 1467 869 1497 sunt
897 1473 942 1495 ea?
965 1460 1056 1507 ipsis
1081 1457 1227 1492 eleemo-

238 1522 344 1569 synis
381 1524 507 1554 contra
548 1512 801 1550 Christum.
862 1513 1019 1546 Verbum
1053 1510 1230 1555 στρηιίἇν

240 1583 289 1607 cst
307 1572 470 1613 helluari,
486 1568 641 1611 ingluvie
658 1566 808 1605 onerari,
828 1572 869 1598 ut
884 1564 974 1607 apud
987 1558 1231 1595 Athenaeum:

239 1625 426 1659 Helluatus
452 1633 528 1655 sum
553 1622 712 1652 absumto
744 1617 821 1649 cibo
846 1621 997 1659 quatuor
1024 1609 1230 1655 elephanto—

240 1688 331 1710 rum.
369 1672 413 1706 Et
430 1673 466 1705 in
478 1669 691 1715 Apocalypsi
707 1668 817 1712 capite
840 1666 914 1701 18.:
946 1664 1059 1707 Reges
1075 1662 1230 1707 quicum

241 1739 279 1760 ea
296 1724 437 1759 scortati
454 1730 486 1756 et
507 1721 654 1755 helluati
671 1726 764 1753 sunt.

342 1776 435 1810 Sunt
452 1781 485 1807 et
502 1773 569 1805 alia
588 1772 692 1804 verba
710 1767 767 1802 'uic
787 1766 948 1810 insignia,
976 1776 1125 1809 quorum
1142 1774 1231 1807 pon·

242 1830 324 1863 dera
350 1827 458 1859 lector
483 1824 510 1857 si
540 1821 758 1860 observabit,
799 1817 970 1859 intelliget
996 1815 1146 1848 Paulum
1177 1826 1232 1847 sa-

241 1881 379 1928 pienter
405 1876 620 1919 significare,
656 1883 744 1917 quae
772 1870 842 1903 sint
866 1867 1028 1913 propriae
1052 1872 1232 1899 matrona-

244 1942 323 1964 rum
342 1929 506 1967 virtutes,
536 1932 568 1958 et
587 1935 676 1969 quae
695 1923 766 1956 sint
791 1919 967 1954 contraria
987 1918 1083 1952 vitia.
1137 1915 1233 1949 Haec

246 1980 469 2015 considerare
485 1977 570 2010 utile
589 1982 650 2012 est,
677 1981 709 2006 et
729 1971 895 2015 fugienda
914 1966 1116 2013 sophistica,
1144 1978 1233 2011 quae

245 2031 419 2065 malitiose
443 2035 475 2062 et
492 2027 596 2060 stulte
620 2024 805 2068 detorquet
821 2021 972 2055 Paulum
990 2020 1032 2052 ad
1051 2018 1231 2052 stabilien-

245 2085 305 2116 das
324 2081 448 2125 impias
465 2086 497 2112 et
514 2078 625 2111 fatuas
643 2073 907 2119 superstitiones
928 2069 1234 2103 monasteriorum.

244 2132 415 2177 Expresse
440 2130 556 2175 inquit
579 2127 725 2160 Paulus:
765 2121 862 2158 Volo
893 2120 1052 2155 iuniores
1094 2117 1235 2160 nubere,

246 2195 317 2216 esse
348 2185 483 2215 matres
509 2184 538 2212 et
565 2176 719 2211 nutrices
744 2171 1004 2223 familiarum.
1064 2170 1132 2203 Hic
1156 2177 1234 2214 apte

246 2241 401 2267 recenset
421 2231 605 2275 praecipua
624 2229 737 2262 officia
754 2237 852 2259 sexus
874 2222 1070 2261 muliebris,
1098 2223 1140 2254 de
1156 2221 1236 2264 qui-

247 2287 311 2318 bus
335 2292 366 2317 et
391 2295 494 2327 supra
522 2282 655 2314 dictum
679 2286 728 2311 est
753 2278 789 2309 in
816 2276 1003 2308 sententia:
1033 2272 1236 2307 Salvabitur

248 2336 375 2368 mulier
393 2346 452 2378 per
468 2332 621 2366 filiorum
649 2327 897 2373 generatioem.
952 2325 1022 2358 Nec
1047 2324 1138 2356 addo
1157 2324 1236 2355 lon-

248 2388 379 2429 giorem
399 2384 673 2417 enarrationem:
703 2385 819 2413 extant
839 2377 931 2409 enim
956 2375 1065 2407 multa
1086 2386 1236 2406 oecono-

247 2438 336 2469 mica
353 2436 498 2479 scripta,
528 2445 615 2478 quae
632 2438 664 2466 et
683 2442 785 2464 nosse
809 2435 840 2461 et
857 2426 955 2471 sequi
979 2425 1109 2458 multos
1132 2436 1237 2469 opor-

247 2490 350 2522 tebat-

414 2557 572 2607 Duplici
591 2555 727 2591 honore
745 2554 853 2602 digni
869 2552 1063 2588 ducantur.

350 2638 381 2672 It
408 2645 478 2676 est,
515 2635 610 2668 victu
638 2640 671 2666 et
698 2631 905 2665 reverentia.
959 2628 1054 2662 Haec
1081 2639 1143 2661 cur
1166 2628 1237 2660 dis-

1265 190 1395 223 victum
1429 189 1638 223 docentibus
1670 187 1892 222 manifestum
1925 196 1996 230 est,
2033 189 2128 224 iuxta
2154 202 2255 234 prae-

1265 249 1402 284 ceptum
1415 239 1580 280 Domini,
1606 238 1722 272 Lucae
1742 239 1818 273 10.:
1846 240 1988 283 Dignus
2006 248 2054 274 est
2073 241 2255 284 operarius

1267 292 1435 325 mercede.
1487 289 1535 324 Et
1561 288 1618 323 bic
1647 289 1778 323 Paulus
1805 292 2040 324 accommodat
2066 292 2197 325 dictum
2219 292 2255 324 in

1266 344 1355 386 lege,
1382 342 1485 376 Dent.
1504 339 1580 377 25.:
1608 338 1696 375 Non
1724 339 1863 385 ligabis
1889 353 1928 375 os
1951 339 2034 374 bovi
2051 340 2258 384 trituranti,

1266 395 1326 439 qui
1345 393 1435 427 ritus
1457 394 1572 435 imago
1590 392 1656 425 fuit
1673 392 1890 435 significans,
1912 399 1951 426 ut
1969 394 2143 426 mercedes
2158 393 2258 426 debi-

1267 452 1320 478 tae
1343 444 1591 477 laborantibus
1608 443 1811 484 solvantur,
1837 443 1926 477 sicut
1950 455 2107 488 expresse
2124 444 2259 488 praeci-

1269 497 1319 540 pit
1344 496 1398 528 lex
1422 495 1537 529 Levit.
1559 494 1633 527 19.:
1671 493 1750 526 Non
1775 494 1926 528 retineas
1954 495 2151 529 mercedem
2174 506 2258 539 ope-

1269 547 1352 580 rarii
1373 548 1463 590 apud
1485 552 1517 579 te
1534 546 1570 578 in
1589 546 1794 580 crastinum.

1372 604 1422 637 Ac
1446 604 1596 647 pertinet
1622 600 1706 635 baec
1734 614 1816 635 cura
1842 602 1885 636 ad
1913 603 2185 648 gubernatores,
2221 610 2260 637 ut

1270 656 1474 690 Pastoribus
1495 654 1751 693 Ecclesiarum,
1779 661 1813 687 et
1837 654 1998 694 caeteris,
2025 655 2085 699 qui
2104 655 2263 688 serviunt

1272 707 1398 741 studiis
1418 705 1594 739 Ecclesiae
1610 705 1769 738 docendo
1798 712 1831 737 et
1855 705 2034 747 discendo,
2060 707 2103 738 de
2121 705 2262 748 publico

1272 758 1443 792 auxilium
1466 757 1617 794 feratur,
1654 757 1743 789 sicut
1766 755 1803 788 in
1827 753 1932 788 Esaia
1953 757 2064 800 capite
2085 755 2134 790 49
2153 763 2185 790 et
2203 756 2264 792 60.

1273 809 1421 843 dicitur:
1463 806 1578 850 Reges
1608 815 1717 841 erunt.
1734 806 1924 840 nutritores
1955 807 2025 849 tui,
2067 814 2101 841 et
2122 807 2263 851 reginae

1274 866 1440 893 nutrices.

1377 916 1498 952 Altera
1517 928 1599 961 pars
1617 924 1668 951 est
1683 917 1899 956 reverentia,
1934 917 2032 952 cuius
2056 918 2157 951 multi
2183 925 2265 952 sunt

1276 971 1414 1015 graduS.
1464 968 1604 1002 Primus
1630 975 1664 1002 et
1689 969 1838 1001 maxime
1869 969 2082 1001 necessarius
2110 976 2161 1002 est
2183 970 2266 1002 obe-

1276 1021 1407 1056 dientia
1426 1020 1463 1052 in
1480 1018 1547 1060 his,
1568 1031 1660 1066 quae
1679 1020 1721 1052 ad
1741 1018 2169 1060 ministeriumEvangelii
2189 1032 2267 1063 per-

1277 1074 1411 1112 tinent,
1439 1072 1533 1104 inxta
1558 1068 1642 1104 haec
1666 1070 1778 1108 dicta,
1806 1069 1922 1103 Lucae
1941 1071 1999 1103 10:
2037 1068 2109 1112 Qui
2125 1082 2187 1103 vos
2204 1083 2268 1104 au-

1278 1125 1343 1165 dit,
1362 1135 1418 1155 me
1440 1122 1558 1160 audit,
1587 1120 1660 1164 Qui
1679 1132 1739 1153 vos
1757 1121 1910 1165 spernit,
1928 1133 1982 1153 me
2002 1120 2146 1165 spernit.
2180 1120 2267 1154 Item

1280 1176 1322 1209 ad
1340 1174 1521 1208 Hebraeos
1537 1173 1649 1217 capite
1670 1173 1746 1207 13.:
1773 1169 1928 1205 Obedite
1954 1178 1987 1205 et
2009 1172 2142 1205 subditi
2159 1179 2267 1206 estote

1279 1224 1486 1272 praepositis
1505 1224 1640 1258 vestris.

1380 1283 1457 1318 Etsi
1481 1283 1576 1316 enim
1600 1280 1687 1316 haec
1710 1282 1802 1316 dicta
1826 1281 1907 1326 non}
1926 1281 2144 1315 constituunt
2165 1293 2270 1326 regna

1280 1336 1487 1370 pastoribus
1521 1341 1617 1368 extra
1642 1332 1897 1377 Evangelium,
1941 1339 2059 1366 tamen
2093 1332 2271 1368 affirmant

1280 1387 1401 1420 deberi
1421 1385 1625 1419 pastoribus
1646 1384 1884 1418 obedientiam
1908 1383 1945 1416 in
1964 1381 2039 1422 his,
2075 1395 2164 1429 quae
2189 1392 2271 1419 sunt

1282 1437 1423 1481 propria
1448 1436 1639 1469 ministerii
1662 1434 1873 1478 evangelici,
1894 1447 1958 1468 nec
1975 1436 2170 1479 spernenda
2189 1442 2271 1469 sunt

1281 1487 1366 1522 haec
1384 1487 1601 1521 severissima
1620 1493 1815 1531 praecepta.

1384 1545 1523 1579 Deinde
1559 1546 1724 1579 accedant
1754 1545 1796 1577 ad
1826 1550 2003 1577 externam
2035 1544 2273 1578 obedientiam

1284 1604 1315 1631 et
1334 1596 1394 1630 alii
1411 1598 1539 1639 gradus
1561 1596 1598 1628 in
1623 1602 1758 1635 mente,
1782 1594 1882 1628 Bona
1906 1594 2028 1638 opinio
2047 1596 2089 1627 de
2109 1602 2181 1629 toto
2202 1597 2271 1628 mi-

1285 1647 1430 1681 nisterio
1458 1654 1490 1680 et
1520 1647 1562 1679 de
1588 1646 1674 1690 ipsis
1703 1645 1928 1683 Pastoribus,
1969 1651 2002 1678 et
2026 1646 2274 1681 benevolentia

1285 1711 1363 1742 erga
1381 1710 1456 1731 eos:
1486 1698 1568 1742 quia
1586 1698 1662 1730 sine
1681 1695 1735 1730 his
1758 1696 1989 1729 interioribus
2005 1696 2195 1730 virtutibus
2215 1710 2272 1731 ex-

1285 1758 1383 1784 terna
1404 1749 1608 1782 obedientia
1627 1755 1677 1781 est
1699 1745 1915 1792 hypocrisiS‚
1950 1758 2023 1778 non
2048 1748 2091 1780 sit
2115 1755 2272 1781 contem-

1282 1809 1337 1835 tus
1355 1801 1392 1832 in
1412 1799 1557 1840 animis,
1586 1811 1660 1832 non
1678 1798 1722 1831 sit
1736 1798 1871 1838 odium,
1899 1797 1988 1831 sicut
2000 1796 2130 1832 Paulus
2146 1799 2277 1844 inquit,

1286 1854 1317 1886 1.
1339 1848 1500 1884 Corinth.
1527 1849 1579 1891 4.‚
1614 1849 1803 1895 Apostolos
1839 1848 1876 1880 in
1900 1848 1981 1881 odio
2013 1861 2085 1883 esse
2107 1857 2274 1896 tanquam

1282 1898 1525 1947 καθάρματα.

1386 1959 1463 1994 Etsi
1493 1967 1610 1993 autem
1642 1970 1779 2004 semper
1808 1958 1912 1992 multi
1939 1958 2100 2000 suerunt,
2134 1967 2216 1993 sunt
2243 1968 2276 1995 et

1284 2018 1387 2046 erunt
1413 2012 1456 2044 de
1481 2010 1677 2043 ministerio
1711 2011 1947 2043 irreverenter
1979 2010 2184 2044 sentientes:
2221 2018 2275 2045 ta-

1285 2075 1366 2097 men
1384 2062 1541 2095 saniores
1559 2061 1761 2104 intelligant
1778 2060 1852 2094 eius
1869 2060 2090 2103 dignitatem.
2130 2060 2195 2096 Est
2212 2074 2275 2096 au-

1285 2122 1353 2149 tem
1373 2113 1524 2157 dignitas
1542 2113 1615 2156 ipsa
1635 2113 1685 2144 rei
1706 2111 1867 2150 bonitas.
1897 2123 1985 2156 quae
2011 2112 2048 2144 in
2074 2123 2174 2146 causa
2201 2114 2276 2146 effi-

1286 2166 1396 2199 ciente
1415 2171 1449 2198 et
1464 2163 1560 2196 finali
1579 2163 1806 2207 conspicitur.
1841 2161 1953 2196 Causa
1972 2162 2124 2195 efficiens
2139 2171 2170 2198 et
2186 2176 2274 2198 con-

1285 2227 1428 2250 servans
1454 2214 1640 2247 ministerii
1669 2213 1882 2256 evangelici,
1918 2220 1968 2246 est
1991 2213 2064 2257 ipse
2089 2212 2182 2248 Deus
2209 2215 2276 2248 im-

1286 2277 1405 2299 mensa
1424 2266 1582 2299 bonitate
1604 2277 1687 2298 voce
1705 2263 1893 2307 Evangelii
1916 2264 2082 2306 colligens
2100 2271 2278 2299 aeternam

1286 2317 1497 2356 Ecclesiam,
1534 2323 1568 2349 et
1595 2327 1703 2359 genus
1728 2314 1924 2349 humanum
1949 2315 2108 2348 avulsum
2132 2316 2176 2349 ab
2201 2317 2277 2361 ipso

1287 2379 1408 2401 rursus
1426 2367 1493 2400 sibi
1516 2367 1697 2410 copulans.
1751 2365 1825 2408 Qui
1852 2365 1993 2410 quidem
2019 2366 2189 2410 praecipit
2214 2379 2278 2401 au-

1287 2420 1357 2452 diri
1376 2431 1415 2451 ac
1434 2418 1592 2450 venerari
1612 2417 1861 2456 ministerium,
1888 2423 1928 2449 ut
1946 2427 2048 2459 supra
2070 2408 2277 2452 dictumest.

1390 2475 1503 2510 Causa
1520 2476 1634 2509 finalis
1652 2483 1724 2517 est,
1749 2476 1843 2520 quod
1872 2472 1937 2507 hac
1953 2487 2036 2508 voce
2056 2475 2148 2509 Deus
2167 2478 2277 2512 veris-

1288 2528 1373 2561 sime
1385 2536 1435 2561 est
1451 2527 1588 2567 efficax,
1616 2526 1766 2560 remittit
1789 2532 1925 2570 peccata
1953 2526 2192 2568 credentibus,
2219 2530 2278 2564 dat

1288 2579 1336 2612 eis
1355 2577 1527 2622 Spiritum
1554 2584 1734 2617 sanctum,
1769 2582 1802 2609 et
1826 2576 1908 2609 facit
1928 2573 2092 2609 haeredes
2110 2578 2199 2611 vitae
2219 2591 2278 2612 ae-

1288 2637 1418 2663 ternae.
1459 2627 1558 2661 Haec
1572 2639 1708 2661 summa
1726 2626 1891 2660 beneficia
1908 2627 2063 2670 impertit
2081 2639 2142 2671 per
2158 2641 2277 2663 vocem

250 2696 369 2725 cernat
401 2686 697 2722 considerandum
729 2689 799 2722 est,
841 2694 880 2715 ac
918 2680 1073 2725 primum
1117 2678 1238 2712 deberi
1285 2678 1472 2723 Evangelii
1496 2686 1680 2712 sonantem
1708 2677 1811 2711 etiam
1837 2689 1899 2721 per
1924 2677 2140 2712 miserrimos
2163 2677 2279 2714 homi-

2408 168 2415 391 ,.«-..-,-ι
