2415 2942
291 87 356 120 891

298 172 474 209 ,thahun
504 172 621 207 iidem,
650 179 752 213 quam
777 166 889 211 qualis
914 165 981 198 suit
1006 165 1133 198 noticia
1160 166 1196 198 in
1216 162 1276 197 Ci-

296 237 421 257 cerom-
446 230 501 254 aut
537 222 569 252 iu
597 216 841 261 Xenophonte.
917 216 985 250 Sed
1017 214 1073 249 hic
1099 223 1211 250 textus
1238 215 1275 247 in

298 276 409 308 Moise
436 279 535 305 autea
559 270 716 304 recitavit
737 267 1001 313 promissiones:
1037 266 1076 299 lu
1107 274 1138 300 te
1169 267 1274 300 bene-

297 326 457 357 dicentur
480 332 602 355 omues
633 327 761 363 gentes,
805 318 908 351 ltem:
938 317 1019 351 Noti
1047 318 1187 358 timere,
1213 328 1274 360 ego

296 383 471 418 protector
489 381 568 406 tuus
585 379 648 406 etc.

395 425 482 456 (Inm
511 424 616 465 igitur
641 421 775 465 iuquit,
802 418 960 453 Credidit
982 416 1180 456 Abraham,
1213 429 1275 450 ne-

297 488 387 508 resse
405 482 449 507 est
471 472 535 506 hoc
553 473 671 505 referri
693 473 733 503 ad
749 472 993 514 praecedentes
1011 471 1275 512 promissiones:
1302 495 1305 509 ,

297 540 376 558 nam
408 536 436 559 et
464 526 545 557 tides
582 531 629 556 est
661 522 818 555 assentiri
845 521 941 553 omni
969 523 1073 552 verho
1092 519 1153 553 Dei
1183 527 1273 563 pate-

295 579 400 610 facto.
471 574 589 617 Quare
621 572 813 606 necessario
844 578 874 604 et
910 571 1094 603 manifeste.
1119 571 1277 615 sequitur

296 630 397 659 tidem
419 623 580 659 Abrahae
600 637 670 656 nou
689 630 823 656 tautum
844 623 947 655 fuisse
973 622 1138 653 notin-iam
1167 619 1277 654 histo-

296 680 385 715 riae,
414 678 470 710 sed
501 677 602 708 etiam
631 674 796 707 noticiam
823 681 854 706 et
880 684 1077 711 assensum,
1105 685 1174 716 quo
1196 684 1277 714 pro-

299 729 480 761 missiones
507 726 686 768 amplexus
711 731 772 758 est.
826 723 903 756 Non
929 723 1122 766 loquuntur
1149 721 1278 755 Moises

297 788 326 812 et
349 779 477 811 Paulus
496 779 538 809 de
556 776 712 808 mutilata
737 775 821 811 side,
848 785 936 818 quae
953 780 1002 806 est
1026 779 1158 805 tantum
1184 773 1278 806 noti-

296 831 347 863 cia
369 828 554 865 historiae,
581 827 638 858 sed
660 823 783 857 dehac
802 824 889 863 fide,
920 836 1009 868 quae
1036 831 1084 855 est
1112 821 1278 856 historiae

298 888 330 913 et
349 879 621 924 promissionum
641 875 787 912 noticia,
822 882 854 908 ct
874 881 923 907 est
940 886 1098 906 assensus
1125 887 1162 906 ac
1188 875 1276 906 fidu·

297 934 368 971 cia,
411 942 477 974 qua
511 927 776 971 promissionem
809 925 1072 969 amplectimur,
1118 932 1148 957 et
1174 927 1277 957 corda

297 981 521 1025 acquiescunt
549 979 582 1010 iu
611 978 802 1009 mediatore
831 976 1022 1019 promisso,
1057 987 1116 1009 seu
1143 976 1177 1008 in
1203 975 1279 1008 Deo

298 1032 522 1075 promittente
539 1035 680 1072 propter
704 1027 942 1060 mediatorem.
990 1027 1073 1059 Ideo
1093 1033 1125 1060 et
1149 1026 1281 1059 Paulus

296 1095 374 1115 mox
401 1083 436 1114 in
455 1079 520 1113 hoc
540 1080 650 1123 capite
667 1078 934 1122 promissionem
954 1084 986 1110 et
1010 1077 1112 1109 fidem
1131 1078 1282 1120 copulat,

300 1141 337 1166 ut
362 1133 521 1165 ostendat
546 1142 580 1164 se
605 1131 647 1161 de
675 1141 710 1160 ea
737 1129 802 1160 fide
827 1128 942 1173 loqui,
970 1140 1057 1172 quae
1079 1128 1279 1171 promissio-

300 1196 380 1216 nem
408 1182 552 1225 accipit,
581 1193 646 1225 qua
670 1179 764 1211 Deus
789 1187 930 1222 propter
954 1179 1180 1212 mediatorem
1206 1192 1281 1211 om-

299 1236 402 1266 nihus
432 1232 654 1266 credentibus
680 1230 852 1273 promittit
888 1229 1127 1262 remissionem
1164 1242 1280 1272 peeca-

299 1294 435 1323 torum,
463 1282 803 1319 reconciliationem,
829 1281 1095 1323 imputationem
1114 1281 1282 1317 iusticiam

300 1334 611 1369 sanctificationem
643 1343 703 1375 per
728 1331 898 1374 Spiritum
933 1337 1090 1363 sanctum
1116 1338 1148 1364 et
1177 1331 1282 1364 vitam

301 1394 488 1419 aeternam.

402 1435 492 1468 Cum
517 1434 624 1475 igitur
647 1432 868 1476 perspicuum
894 1431 956 1467 sit,
984 1431 1067 1475 quid
1098 1430 1228 1465 Moises
1253 1438 1284 1464 et

303 1487 436 1520 Paulus
459 1486 641 1518 nominent
661 1483 802 1519 Fidem,
831 1482 992 1514 refutatio
1010 1482 1286 1522 cavillationum,

305 1549 392 1582 quae
409 1536 626 1570 obiiciuntur
645 1534 824 1565 manifesta
845 1539 910 1571 est,
939 1533 1059 1576 quales
1078 1539 1169 1567 suut.

452 1587 647 1620 Daemones
667 1584 813 1616 creduut
835 1590 864 1615 et
886 1594 955 1614 oon
975 1590 1056 1614 sunt
1075 1583 1171 1621 iusti,

454 1637 532 1670 Non
550 1630 1067 1678 igituriustificanturhomiues
1079 1633 1154 1665 fide.
1185 1632 1287 1665 Item:

455 1688 561 1720 Nulla
580 1694 703 1718 natura
721 1692 770 1718 est
789 1685 876 1716 iusta
898 1684 968 1716 sola
987 1684 1136 1723 noticia,

455 1738 558 1771 Fides
578 1744 623 1769 est
644 1744 778 1769 tantum
799 1735 926 1767 noticia
940 1762 948 1774 ,
1314 1714 1319 1803 l

458 1789 568 1822 Nemo
587 1788 692 1830 igitur
709 1788 775 1818 fide
793 1786 901 1818 iustus
919 1792 979 1819 est.
1035 1784 1137 1816 Item:

458 1839 562 1872 Fides
581 1845 627 1871 est
648 1849 753 1881 opus,

459 1889 569 1933 Ergo:
597 1888 778 1932 Operibus
795 1887 877 1920 iusti
895 1897 1026 1919 sumus.

407 1941 542 1974 Harum
570 1939 808 1972 obiectionnm
839 1937 1024 1980 explicatio
1049 1936 1202 1968 declarat
1229 1947 1290 1966 vo-

308 1993 469 2026 cabulum
491 1991 611 2030 Fidei,
641 2002 701 2022 nec
724 1989 886 2031 fingimus
912 1987 1114 2031 praestigias
1132 1993 1192 2018 aut
1208 1987 1290 2017 sub-

308 2045 468 2079 tilitates,
498 2044 553 2074 sed
573 2042 788 2073 illustramus
807 2039 958 2072 nativam
979 2037 1140 2070 vocabuli
1159 2036 1291 2079 signifi-

309 2096 480 2127 cationem
515 2093 548 2124 in
592 2103 751 2124 sermone
787 2087 1040 2132 Prophetarum
1073 2095 1105 2120 et
1140 2086 1291 2130 Aposto-

311 2146 489 2187 lolorum,
528 2141 589 2176 Est
622 2142 729 2184 igitur
753 2140 935 2184 responsio
970 2140 1011 2172 ad
1046 2138 1195 2182 primam
1229 2139 1292 2170 oh-

313 2196 507 2238 jectionem.

414 2245 610 2277 Daemones
628 2245 788 2282 credunt,
818 2242 876 2274 sed
897 2240 1054 2273 mutilata
1074 2239 1151 2275 fide,
1181 2238 1214 2270 id
1233 2245 1295 2277 est,

313 2304 430 2330 tenent
458 2296 622 2328 noticiam
658 2292 824 2326 historiae
844 2319 853 2331 ,
895 2298 927 2324 et
956 2291 1204 2323 sciuntfilinm
1229 2288 1295 2321 Dei

316 2346 478 2380 horribili
501 2346 632 2378 iudicio
656 2345 862 2388 puniturum
880 2353 951 2374 esse
979 2352 1100 2373 omues
1125 2340 1296 2377 diabolos,

314 2408 534 2441 nequaquam
579 2402 693 2428 antem
736 2394 996 2437 amplectuntur
1035 2391 1297 2434 promissiones,

317 2460 388 2480 non
414 2454 571 2479 statuunt
595 2447 660 2478 sihi
687 2445 817 2478 remitti
847 2449 1002 2488 peccata:
1042 2443 1120 2474 ideo
1141 2442 1298 2474 furenter

317 2501 469 2532 oderunt
486 2495 597 2529 Deum
621 2504 651 2529 et
677 2494 879 2534 Christum,
916 2501 949 2527 et
975 2493 1131 2526 sentiunt
1157 2502 1298 2535 poenas,

318 2558 350 2582 et
370 2555 529 2581 metuunt
555 2546 723 2579 tristiores
747 2545 930 2578 cruciatus.
984 2543 1036 2576 De
1053 2541 1118 2576 'nac
1139 2543 1206 2575 fide
1226 2553 1296 2574 non

319 2600 476 2644 loquitur
500 2596 648 2635 Paulus,
674 2608 752 2628 cum
779 2596 913 2640 inquit,
943 2594 1121 2627 Iustificati
1149 2594 1216 2626 fide
1238 2604 1299 2636 pa-

322 2663 392 2683 cem
413 2647 580 2681 habemus
597 2658 675 2689 erga
691 2644 821 2679 Deum:
859 2647 916 2678 sed
938 2647 980 2678 de
999 2646 1083 2684 fide,
1112 2656 1199 2689 quae
1225 2654 1298 2675 non

883 77 1003 113 PIHL.
1033 75 1146 112 MEL.
1175 73 1383 111 SCRIPTA
1415 71 1711 110 EXEGETICA.

2237 77 2308 111 892

1330 161 1442 194 solum
1460 168 1507 194 est
1529 161 1656 194 noticia
1686 159 1869 204 historiae,
1897 164 1952 197 scd
1979 163 2081 197 ctiam
2109 162 2311 207 promissio-

1331 225 1408 244 nem
1441 213 1682 256 amplectitur,
1725 219 1757 245 et
1788 219 1838 246 est
1868 215 1990 247 fiducia
2024 215 2246 260 acquiescens
2274 214 2309 246 iu

1331 262 1530 298 mediatore.
1592 262 1674 296 ldeo
1701 263 1826 296 usitata
1855 265 1946 307 apud
1972 276 2035 298 nos
2061 265 2219 299 definitio
2244 271 2310 297 est:

1329 312 1434 346 Fides
1449 321 1499 347 est
1517 314 1679 346 assentiri
1703 314 1799 346 ouini
1826 315 1932 346 verbo
1951 313 2014 347 Dei
2044 316 2144 348 nobis
2169 315 2311 354 tradito,

1329 372 1432 408 atque
1459 364 1504 398 ita
1531 364 1754 408 promissioni
1779 365 1908 407 gratiae
1924 392 1933 404 ‚
1978 371 2007 397 et
2033 371 2081 398 est
2105 365 2228 399 fiducia
2253 377 2310 399 ac-

1330 415 1511 459 quiescens
1538 416 1573 447 in
1599 415 1848 458 promissione,
1873 416 1905 447 id
1930 423 1991 456 est,
2016 415 2050 447 iu
2068 414 2142 448 Deo
2161 418 2307 459 promit—

1330 472 1422 498 tente
1442 472 1583 510 propter
1602 466 1839 499 mediatorem.

1538 552 1769 583 Secundum
1800 560 2105 592 argumentum.

1485 614 1589 647 Nulla
1611 624 1733 648 natura
1756 623 1805 649 est
1826 616 1912 648 insta
1932 617 2002 648 sola
2026 616 2174 658 noticia,

1485 665 1587 697 Fides
1603 674 1652 699 est
1669 674 1805 699 tantum
1826 667 1971 704 noticia,

1483 715 1594 758 Ergo:
1624 716 1786 749 lN'ousola
1806 718 1872 749 fide
1890 730 2009 750 sumus
2034 717 2127 751 iusti.

1428 765 1638 810 Respondet)
1656 768 1878 811 simpliciter:
1898 768 1991 810 'Nego
2015 769 2199 801 minorem.
2225 765 2314 800 Nam

1335 824 1371 850 ut
1405 824 1504 849 autea
1533 820 1664 850 dictum
1699 825 1744 850 est
1773 818 1874 851 fiaes
1908 831 1995 862 quae
2024 819 2209 852 assentitur
2232 829 2315 860 pro-

1335 868 1491 899 missioni
1519 880 1589 899 non
1622 875 1670 900 est
1703 876 1836 901 tautum
1868 870 2013 910 noticia,
2049 871 2107 902 sed
2135 875 2185 902 est
2211 868 2315 901 simul

1335 918 1478 956 fiducia,
1513 930 1602 962 quae
1620 926 1669 951 est
1688 928 1801 951 motus
1819 933 1835 951 a
1855 920 1989 962 Spiritu
2006 927 2124 952 saucto
2142 930 2316 958 accensus,

1336 981 1404 1012 quo
1427 968 1588 1001 voluntas
1605 977 1636 1001 et
1655 981 1713 1001 cor
1732 970 1952 1003 vivificantur
1970 978 2000 1003 et
2019 971 2260 1007 laetificantur,
2279 976 2318 1002 ut

1336 1019 1555 1062 acquiescant
1580 1019 1613 1051 iu
1634 1018 1707 1052 Deo
1732 1028 1872 1063 propter
1898 1021 2140 1054 mediatorem:
2175 1027 2213 1053 ut
2237 1031 2315 1052 cum

1336 1070 1434 1102 audit
1451 1068 1564 1101 David
1585 1070 1861 1104 absolutionem:
1893 1070 2066 1104 Dominus
2079 1070 2222 1104 abstulit
2240 1082 2317 1114 pec-

1337 1128 1450 1153 catum
1470 1127 1566 1152 tuum
1582 1148 1590 1159 ,
1617 1133 1688 1153 nou
1709 1128 1843 1153 tautum
1861 1121 1896 1153 in
1921 1134 1961 1154 eo
1989 1122 2116 1155 noticia
2133 1128 2183 1154 est
2210 1118 2314 1154 huius

1338 1171 1612 1215 propositionis,
1653 1173 1710 1203 sed
1743 1172 1902 1204 voluutas
1935 1179 1967 1205 et
1991 1184 2051 1206 cor
2079 1180 2219 1205 ostenso
2252 1169 2317 1204 hoc

1339 1225 1431 1253 hono
1457 1233 1576 1254 rursus
1602 1233 1641 1254 ex
1671 1222 1817 1254 summis
1846 1223 2028 1255 doloribus
2060 1230 2092 1256 et
2122 1235 2162 1255 ex
2197 1222 2320 1255 inferis

1338 1280 1533 1314 emergunt.
1580 1273 1678 1304 Sicut
1709 1273 1854 1306 dicitur:
1898 1272 2076 1306 [ustificati
2103 1274 2170 1306 fide
2201 1284 2318 1316 pacem

1340 1321 1518 1355 habemus.
1570 1321 1617 1355 Et
1638 1322 1804 1355 Ezechias
1830 1324 1961 1368 inquit:
1991 1323 2046 1356 Tu
2064 1331 2178 1357 autem
2199 1323 2320 1356 eruisti

1339 1374 1491 1405 :iniinam
1511 1385 1621 1404 meam
1642 1381 1678 1405 ut
1697 1385 1767 1405 non
1786 1375 1933 1417 periret,
1961 1375 2135 1418 proiecisti
2156 1381 2231 1417 post
2250 1381 2319 1406 ter-

1339 1436 1420 1465 gum
1437 1432 1534 1456 tuum
1553 1424 1670 1455 omnia
1691 1432 1825 1467 peccata
1844 1437 1929 1456 mea.
1984 1425 2041 1458 Sic
2060 1425 2208 1458 ostendit
2232 1424 2320 1456 l'au-

1343 1475 1413 1513 lus,
1445 1486 1532 1518 quos
1549 1481 1664 1506 motus
1682 1475 1932 1518 complectatur
1957 1475 2059 1514 fides,
2085 1488 2162 1507 cum
2188 1475 2318 1519 iuquit:

1343 1524 1406 1557 Per
1432 1523 1525 1556 hunc
1549 1528 1719 1557 audemus
1738 1527 1900 1558 accedere
1927 1525 1963 1557 in
1986 1526 2110 1558 fiducia
2134 1537 2193 1568 per
2216 1526 2319 1557 fidem

1343 1575 1462 1618 ipsius.
1502 1574 1551 1606 lbi
1564 1576 1715 1607 ostendit
1733 1576 1936 1607 fidnciamet
1955 1587 2129 1608 accessum
2145 1577 2186 1608 ad
2205 1576 2320 1608 Deum

1342 1626 1378 1657 in
1409 1624 1470 1657 hac
1504 1625 1571 1657 fide
1599 1623 1869 1668 comprehendi,
1913 1626 1956 1659 de
1984 1638 2050 1670 qua
2075 1626 2251 1670 loquitur,
2277 1623 2324 1658 Et

1343 1687 1479 1708 necesse
1497 1684 1546 1708 est
1562 1673 1644 1707 haec
1663 1674 1935 1719 comprehendi,
1963 1676 2043 1720 quia
2062 1678 2104 1709 de
2130 1688 2167 1709 ea
2186 1677 2252 1709 fide
2269 1675 2324 1708 di-

1344 1727 1450 1765 citur,
1491 1738 1579 1770 quae
1604 1727 1793 1759 assentitur
1821 1727 2058 1770 promissioni.
2112 1727 2251 1761 Dictum
2275 1734 2325 1760 est

1344 1784 1459 1810 autem
1486 1789 1588 1820 supra
1617 1774 1704 1809 hanc
1731 1777 1851 1817 fidem,
1884 1789 1950 1821 qna
1977 1774 2083 1809 homo
2109 1778 2326 1817 iusfificatur,

1345 1829 1503 1860 assentiri
1523 1829 1757 1871 promissioni.
1805 1826 1865 1861 Est
1884 1828 1990 1871 igitur
2007 1835 2040 1861 et
2057 1829 2182 1861 fiducia
2201 1829 2238 1861 in
2263 1840 2327 1861 vo-

1347 1879 1479 1912 luntate
1503 1886 1534 1911 et
1561 1882 1666 1911 corde
1690 1878 1912 1922 acquiescens
1937 1879 1973 1910 in
2002 1879 2254 1922 promissione,
2289 1879 2326 1912 id

1346 1938 1414 1970 est,
1444 1930 1480 1961 in
1496 1929 1569 1961 Deo
1590 1930 1817 1972 promittente
1837 1936 1980 1972 propter
1996 1930 2236 1963 mediatorem.

1581 2018 1769 2049 Tertium
1793 2025 2094 2057 argumentum.

1501 2081 1586 2113 Fide.
1606 2082 1852 2121 iustificamur,

1503 2132 1605 2164 Fides
1621 2141 1668 2164 est
1689 2144 1776 2176 opus
1789 2159 1797 2171 ,

1505 2180 1619 2225 Ergo:
1651 2181 1831 2227 Operibus
1850 2183 2089 2216 iustificamur,

1448 2232 1677 2276 Respondeo:
1712 2234 1868 2276 Simplex
1894 2241 1926 2266 et
1958 2245 2036 2265 vera
2062 2232 2244 2275 explicatio
2269 2239 2329 2271 est,

1350 2296 1417 2330 qua
1433 2296 1555 2316 omnes
1581 2285 1805 2317 mediocriter
1830 2284 1921 2316 docti
1949 2284 1985 2315 iu
2012 2284 2139 2315 nostris
2163 2282 2328 2316 Ecclesiis

1350 2346 1484 2379 semper
1503 2335 1553 2368 usi
1572 2341 1673 2375 sunt,
1700 2336 1861 2367 videlicet
1886 2333 1945 2365 has
1962 2333 2235 2376 propositiones:

1454 2384 1539 2418 Fide
1557 2384 1724 2419 habemus
1742 2385 1981 2419 remissionem
1999 2390 2216 2427 peccatorum
2228 2411 2237 2424 ‚

1454 2435 1541 2469 Fide
1560 2437 1799 2469 iustificamur.

1352 2486 1580 2532 Nequaquam
1599 2488 1647 2520 sic
1664 2486 1833 2529 intelligi,
1863 2492 2004 2529 propter
2019 2482 2084 2518 hoc
2109 2497 2195 2530 opus
2212 2486 2249 2519 in
2266 2498 2330 2519 no-

1352 2538 1426 2577 bis,
1461 2538 1592 2571 scilicet
1617 2541 1773 2577 credere,
1804 2548 1864 2569 seu
1881 2542 2021 2579 propter
2039 2537 2242 2579 dignitatem
2262 2534 2331 2570 hu-

1354 2589 1408 2621 ius
1432 2589 1566 2633 operis,
1601 2586 1728 2621 habere
1746 2586 1915 2628 *homiues
1933 2587 2174 2620 remissionem
2199 2595 2256 2621 aut
2277 2588 2331 2619 io-

1354 2639 1507 2673 stifxcari.
1551 2638 1638 2671 Nam
1658 2637 1789 2671 Paulus
1803 2637 2050 2671 universaliter
2067 2636 2131 2671 hoc
2147 2639 2238 2678 vult,
2267 2635 2332 2671 ho-
