<?xml version="1.0" encoding="UTF-8"?>
<!DOCTYPE html PUBLIC "-//W3C//DTD XHTML 1.0 Transitional//EN"
    "http://www.w3.org/TR/xhtml1/DTD/xhtml1-transitional.dtd">
<html xmlns="http://www.w3.org/1999/xhtml" xml:lang="en" lang="en">
 <head>
  <title>
</title>
<meta http-equiv="Content-Type" content="text/html;charset=utf-8" />
  <meta name='ocr-system' content='tesseract 3.04.00' />
  <meta name='ocr-capabilities' content='ocr_page ocr_carea ocr_par ocr_line ocrx_word'/>
</head>
<body>
  <div class='ocr_page' id='page_1' title='image "./operaquaesupersu15melauoft/operaquaesupersu15melauoft_0380.png"; bbox 0 0 2415 2942; ppageno 0'>
   <div class='ocr_carea' id='block_1_1' title="bbox 267 102 343 139">
    <p class='ocr_par' dir='ltr' id='par_1_1' title="bbox 267 102 343 139">
     <span class='ocr_line' id='line_1_1' title="bbox 267 102 343 139; baseline 0 -1"><span class='ocrx_word' id='word_1_1' title='bbox 267 102 343 139; x_wconf 72' lang='lat'>743</span> 
     </span>
    </p>
   </div>
   <div class='ocr_carea' id='block_1_2' title="bbox 692 177 814 213">
    <p class='ocr_par' dir='ltr' id='par_1_2' title="bbox 692 177 814 213">
     <span class='ocr_line' id='line_1_2' title="bbox 692 177 814 213; baseline -0.008 0"><span class='ocrx_word' id='word_1_2' title='bbox 692 177 814 213; x_wconf 81' lang='lat' dir='ltr'>Aliud.</span> 
     </span>
    </p>
   </div>
   <div class='ocr_carea' id='block_1_3' title="bbox 268 239 1252 700">
    <p class='ocr_par' dir='ltr' id='par_1_3' title="bbox 268 239 1252 700">
     <span class='ocr_line' id='line_1_3' title="bbox 372 239 1250 289; baseline -0.015 -3"><span class='ocrx_word' id='word_1_3' title='bbox 372 252 497 286; x_wconf 86' lang='lat' dir='ltr'>Petrus</span> <span class='ocrx_word' id='word_1_4' title='bbox 521 246 785 283; x_wconf 82' lang='lat' dir='ltr'>Alexandrinus</span> <span class='ocrx_word' id='word_1_5' title='bbox 806 243 1004 289; x_wconf 79' lang='lat' dir='ltr'>Episcopus</span> <span class='ocrx_word' id='word_1_6' title='bbox 1028 249 1148 276; x_wconf 89' lang='lat' dir='ltr'>contra</span> <span class='ocrx_word' id='word_1_7' title='bbox 1170 239 1250 274; x_wconf 86' lang='lat' dir='ltr'>Me-</span> 
     </span>
     <span class='ocr_line' id='line_1_4' title="bbox 270 292 1250 343; baseline -0.015 -5"><span class='ocrx_word' id='word_1_8' title='bbox 270 304 388 338; x_wconf 84' lang='lat' dir='ltr'>letium</span> <span class='ocrx_word' id='word_1_9' title='bbox 406 302 586 336; x_wconf 76' lang='lat' dir='ltr'>contendit</span> <span class='ocrx_word' id='word_1_10' title='bbox 613 300 728 343; x_wconf 83' lang='lat' dir='ltr'>lapsos</span> <span class='ocrx_word' id='word_1_11' title='bbox 752 296 972 339; x_wconf 89' lang='lat' dir='ltr'>recipiendos</span> <span class='ocrx_word' id='word_1_12' title='bbox 995 306 1084 334; x_wconf 85' lang='lat' dir='ltr'>esse,</span> <span class='ocrx_word' id='word_1_13' title='bbox 1110 300 1142 326; x_wconf 91' lang='lat' dir='ltr'>et</span> <span class='ocrx_word' id='word_1_14' title='bbox 1164 292 1250 325; x_wconf 88' lang='lat' dir='ltr'>alle-</span> 
     </span>
     <span class='ocr_line' id='line_1_5' title="bbox 269 343 1250 398; baseline -0.013 -10"><span class='ocrx_word' id='word_1_15' title='bbox 269 362 324 398; x_wconf 78' lang='lat' dir='ltr'>gat</span> <span class='ocrx_word' id='word_1_16' title='bbox 342 362 491 387; x_wconf 76' lang='lat' dir='ltr'>veterem</span> <span class='ocrx_word' id='word_1_17' title='bbox 512 351 745 385; x_wconf 69' lang='lat' dir='ltr'>autoritatem.</span> <span class='ocrx_word' id='word_1_18' title='bbox 797 347 886 381; x_wconf 83' lang='lat' dir='ltr'>Nam</span> <span class='ocrx_word' id='word_1_19' title='bbox 905 344 990 379; x_wconf 86' lang='lat' dir='ltr'>haec</span> <span class='ocrx_word' id='word_1_20' title='bbox 1007 346 1112 378; x_wconf 84' lang='lat' dir='ltr'>verba</span> <span class='ocrx_word' id='word_1_21' title='bbox 1130 343 1250 377; x_wconf 77' lang='lat' dir='ltr'>recitat</span> 
     </span>
     <span class='ocr_line' id='line_1_6' title="bbox 268 398 1250 449; baseline -0.013 -10"><span class='ocrx_word' id='word_1_22' title='bbox 268 403 507 449; x_wconf 68' lang='lat' dir='ltr'>Epiphanius:</span> <span class='ocrx_word' id='word_1_23' title='bbox 536 410 575 436; x_wconf 87' lang='lat' dir='ltr'>ut</span> <span class='ocrx_word' id='word_1_24' title='bbox 592 401 770 438; x_wconf 82' lang='lat' dir='ltr'>doctrina,</span> <span class='ocrx_word' id='word_1_25' title='bbox 798 409 886 444; x_wconf 85' lang='lat' dir='ltr'>quae</span> <span class='ocrx_word' id='word_1_26' title='bbox 906 398 950 430; x_wconf 84' lang='lat' dir='ltr'>ad</span> <span class='ocrx_word' id='word_1_27' title='bbox 969 409 1031 430; x_wconf 90' lang='lat' dir='ltr'>nos</span> <span class='ocrx_word' id='word_1_28' title='bbox 1044 408 1154 440; x_wconf 87' lang='lat' dir='ltr'>usqne</span> <span class='ocrx_word' id='word_1_29' title='bbox 1173 406 1250 438; x_wconf 87' lang='lat' dir='ltr'>per-</span> 
     </span>
     <span class='ocr_line' id='line_1_7' title="bbox 268 445 1251 496; baseline -0.012 -8"><span class='ocrx_word' id='word_1_30' title='bbox 268 457 382 496; x_wconf 85' lang='lat' dir='ltr'>venit,</span> <span class='ocrx_word' id='word_1_31' title='bbox 409 455 526 488; x_wconf 87' lang='lat' dir='ltr'>tradit.</span> <span class='ocrx_word' id='word_1_32' title='bbox 597 453 703 486; x_wconf 89' lang='lat' dir='ltr'>Docet</span> <span class='ocrx_word' id='word_1_33' title='bbox 728 450 834 493; x_wconf 86' lang='lat' dir='ltr'>igitur</span> <span class='ocrx_word' id='word_1_34' title='bbox 857 455 890 482; x_wconf 88' lang='lat' dir='ltr'>et</span> <span class='ocrx_word' id='word_1_35' title='bbox 914 454 1034 481; x_wconf 90' lang='lat' dir='ltr'>monet</span> <span class='ocrx_word' id='word_1_36' title='bbox 1056 445 1251 491; x_wconf 80' lang='lat' dir='ltr'>Episcopus</span> 
     </span>
     <span class='ocr_line' id='line_1_8' title="bbox 269 497 1252 545; baseline -0.012 -5"><span class='ocrx_word' id='word_1_37' title='bbox 269 507 328 539; x_wconf 92' lang='lat' dir='ltr'>ille</span> <span class='ocrx_word' id='word_1_38' title='bbox 342 505 604 539; x_wconf 81' lang='lat' dir='ltr'>Alexandrinus</span> <span class='ocrx_word' id='word_1_39' title='bbox 619 502 838 545; x_wconf 87' lang='lat' dir='ltr'>recipiendos</span> <span class='ocrx_word' id='word_1_40' title='bbox 856 511 927 532; x_wconf 89' lang='lat' dir='ltr'>esse</span> <span class='ocrx_word' id='word_1_41' title='bbox 943 499 1069 543; x_wconf 86' lang='lat' dir='ltr'>lapsos.</span> <span class='ocrx_word' id='word_1_42' title='bbox 1120 497 1158 529; x_wconf 92' lang='lat' dir='ltr'>ld</span> <span class='ocrx_word' id='word_1_43' title='bbox 1177 508 1252 528; x_wconf 86' lang='lat' dir='ltr'>cre-</span> 
     </span>
     <span class='ocr_line' id='line_1_9' title="bbox 270 546 1250 600; baseline -0.012 -9"><span class='ocrx_word' id='word_1_44' title='bbox 270 558 386 590; x_wconf 83' lang='lat' dir='ltr'>dimus</span> <span class='ocrx_word' id='word_1_45' title='bbox 411 568 483 589; x_wconf 91' lang='lat' dir='ltr'>non</span> <span class='ocrx_word' id='word_1_46' title='bbox 517 562 659 600; x_wconf 89' lang='lat' dir='ltr'>propter</span> <span class='ocrx_word' id='word_1_47' title='bbox 690 551 783 585; x_wconf 80' lang='lat' dir='ltr'>hune</span> <span class='ocrx_word' id='word_1_48' title='bbox 809 550 1044 594; x_wconf 73' lang='lat' dir='ltr'>Episcopum,</span> <span class='ocrx_word' id='word_1_49' title='bbox 1079 548 1138 582; x_wconf 86' lang='lat' dir='ltr'>sed</span> <span class='ocrx_word' id='word_1_50' title='bbox 1171 546 1250 591; x_wconf 87' lang='lat' dir='ltr'>quia</span> 
     </span>
     <span class='ocr_line' id='line_1_10' title="bbox 268 598 1251 641; baseline -0.01 -2"><span class='ocrx_word' id='word_1_51' title='bbox 268 608 428 641; x_wconf 88' lang='lat' dir='ltr'>videmus</span> <span class='ocrx_word' id='word_1_52' title='bbox 452 605 539 640; x_wconf 85' lang='lat' dir='ltr'>hanc</span> <span class='ocrx_word' id='word_1_53' title='bbox 564 604 772 639; x_wconf 88' lang='lat' dir='ltr'>sententiam</span> <span class='ocrx_word' id='word_1_54' title='bbox 797 601 958 636; x_wconf 83' lang='lat' dir='ltr'>traditam</span> <span class='ocrx_word' id='word_1_55' title='bbox 984 612 1055 632; x_wconf 88' lang='lat' dir='ltr'>esse</span> <span class='ocrx_word' id='word_1_56' title='bbox 1080 599 1118 631; x_wconf 90' lang='lat' dir='ltr'>iu</span> <span class='ocrx_word' id='word_1_57' title='bbox 1144 598 1251 630; x_wconf 84' lang='lat' dir='ltr'>verbo</span> 
     </span>
     <span class='ocr_line' id='line_1_11' title="bbox 268 649 1180 700; baseline -0.014 -7"><span class='ocrx_word' id='word_1_58' title='bbox 268 660 348 693; x_wconf 89' lang='lat' dir='ltr'>Deo</span> <span class='ocrx_word' id='word_1_59' title='bbox 361 686 370 700; x_wconf 96' lang='lat'>,</span> <span class='ocrx_word' id='word_1_60' title='bbox 398 667 430 692; x_wconf 91' lang='lat' dir='ltr'>et</span> <span class='ocrx_word' id='word_1_61' title='bbox 447 658 615 691; x_wconf 87' lang='lat' dir='ltr'>accedunt</span> <span class='ocrx_word' id='word_1_62' title='bbox 632 653 830 689; x_wconf 86' lang='lat' dir='ltr'>testimonia</span> <span class='ocrx_word' id='word_1_63' title='bbox 847 651 973 685; x_wconf 86' lang='lat' dir='ltr'>veteris</span> <span class='ocrx_word' id='word_1_64' title='bbox 990 649 1180 683; x_wconf 73' lang='lat' dir='ltr'>Ecclesiae.</span> 
     </span>
    </p>
   </div>
   <div class='ocr_carea' id='block_1_4' title="bbox 269 704 1253 1119">
    <p class='ocr_par' dir='ltr' id='par_1_4' title="bbox 269 704 1253 1119">
     <span class='ocr_line' id='line_1_12' title="bbox 374 704 1252 761; baseline -0.015 -10"><span class='ocrx_word' id='word_1_65' title='bbox 374 716 469 751; x_wconf 87' lang='lat' dir='ltr'>ldem</span> <span class='ocrx_word' id='word_1_66' title='bbox 494 717 536 749; x_wconf 88' lang='lat' dir='ltr'>de</span> <span class='ocrx_word' id='word_1_67' title='bbox 561 714 703 761; x_wconf 85' lang='lat' dir='ltr'>synodis</span> <span class='ocrx_word' id='word_1_68' title='bbox 727 713 826 752; x_wconf 89' lang='lat' dir='ltr'>dico,</span> <span class='ocrx_word' id='word_1_69' title='bbox 856 709 1064 744; x_wconf 85' lang='lat' dir='ltr'>Audiendas</span> <span class='ocrx_word' id='word_1_70' title='bbox 1089 719 1161 740; x_wconf 89' lang='lat' dir='ltr'>esse</span> <span class='ocrx_word' id='word_1_71' title='bbox 1184 704 1252 739; x_wconf 88' lang='lat' dir='ltr'>Ec-</span> 
     </span>
     <span class='ocr_line' id='line_1_13' title="bbox 272 758 1251 813; baseline -0.014 -10"><span class='ocrx_word' id='word_1_72' title='bbox 272 769 396 803; x_wconf 86' lang='lat' dir='ltr'>clesiae</span> <span class='ocrx_word' id='word_1_73' title='bbox 413 768 587 813; x_wconf 76' lang='lat' dir='ltr'>synodos,</span> <span class='ocrx_word' id='word_1_74' title='bbox 616 776 722 810; x_wconf 90' lang='lat' dir='ltr'>quae,</span> <span class='ocrx_word' id='word_1_75' title='bbox 750 774 827 795; x_wconf 92' lang='lat' dir='ltr'>cum</span> <span class='ocrx_word' id='word_1_76' title='bbox 854 762 897 794; x_wconf 92' lang='lat' dir='ltr'>de</span> <span class='ocrx_word' id='word_1_77' title='bbox 921 761 1029 792; x_wconf 88' lang='lat' dir='ltr'>verbo</span> <span class='ocrx_word' id='word_1_78' title='bbox 1049 758 1114 792; x_wconf 83' lang='lat' dir='ltr'>Dei</span> <span class='ocrx_word' id='word_1_79' title='bbox 1130 758 1251 800; x_wconf 89' lang='lat' dir='ltr'>dispu-</span> 
     </span>
     <span class='ocr_line' id='line_1_14' title="bbox 270 810 1253 859; baseline -0.014 -5"><span class='ocrx_word' id='word_1_80' title='bbox 270 828 364 859; x_wconf 84' lang='lat' dir='ltr'>tant,</span> <span class='ocrx_word' id='word_1_81' title='bbox 385 821 512 852; x_wconf 87' lang='lat' dir='ltr'>docent</span> <span class='ocrx_word' id='word_1_82' title='bbox 530 824 562 850; x_wconf 91' lang='lat' dir='ltr'>et</span> <span class='ocrx_word' id='word_1_83' title='bbox 582 820 726 848; x_wconf 87' lang='lat' dir='ltr'>monent</span> <span class='ocrx_word' id='word_1_84' title='bbox 744 823 819 852; x_wconf 79' lang='lat'>110⁵,</span> <span class='ocrx_word' id='word_1_85' title='bbox 836 812 895 844; x_wconf 90' lang='lat' dir='ltr'>sed</span> <span class='ocrx_word' id='word_1_86' title='bbox 912 810 1081 844; x_wconf 87' lang='lat' dir='ltr'>iudicium</span> <span class='ocrx_word' id='word_1_87' title='bbox 1102 810 1253 848; x_wconf 89' lang='lat' dir='ltr'>accedat,</span> 
     </span>
     <span class='ocr_line' id='line_1_15' title="bbox 271 860 1251 905; baseline -0.014 -1"><span class='ocrx_word' id='word_1_88' title='bbox 271 878 304 905; x_wconf 83' lang='lat' dir='ltr'>ct</span> <span class='ocrx_word' id='word_1_89' title='bbox 327 882 404 903; x_wconf 90' lang='lat' dir='ltr'>cum</span> <span class='ocrx_word' id='word_1_90' title='bbox 433 881 511 901; x_wconf 87' lang='lat' dir='ltr'>vera</span> <span class='ocrx_word' id='word_1_91' title='bbox 536 864 698 904; x_wconf 82' lang='lat' dir='ltr'>trabunt,</span> <span class='ocrx_word' id='word_1_92' title='bbox 727 863 910 897; x_wconf 77' lang='lat' dir='ltr'>credamus</span> <span class='ocrx_word' id='word_1_93' title='bbox 934 867 1078 905; x_wconf 86' lang='lat' dir='ltr'>propter</span> <span class='ocrx_word' id='word_1_94' title='bbox 1105 860 1251 892; x_wconf 87' lang='lat' dir='ltr'>verbum</span> 
     </span>
     <span class='ocr_line' id='line_1_16' title="bbox 269 910 1252 962; baseline -0.013 -7"><span class='ocrx_word' id='word_1_95' title='bbox 269 920 354 955; x_wconf 85' lang='lat' dir='ltr'>Dei:</span> <span class='ocrx_word' id='word_1_96' title='bbox 384 927 423 953; x_wconf 88' lang='lat' dir='ltr'>ut</span> <span class='ocrx_word' id='word_1_97' title='bbox 438 919 567 952; x_wconf 72' lang='lat' dir='ltr'>Nicena</span> <span class='ocrx_word' id='word_1_98' title='bbox 594 916 750 962; x_wconf 79' lang='lat' dir='ltr'>synodus</span> <span class='ocrx_word' id='word_1_99' title='bbox 775 914 830 957; x_wconf 91' lang='lat' dir='ltr'>pie</span> <span class='ocrx_word' id='word_1_100' title='bbox 855 919 887 946; x_wconf 86' lang='lat' dir='ltr'>et</span> <span class='ocrx_word' id='word_1_101' title='bbox 903 912 1038 945; x_wconf 75' lang='lat' dir='ltr'>utiliter</span> <span class='ocrx_word' id='word_1_102' title='bbox 1055 910 1192 951; x_wconf 87' lang='lat' dir='ltr'>docuit,</span> <span class='ocrx_word' id='word_1_103' title='bbox 1221 915 1252 942; x_wconf 89' lang='lat' dir='ltr'>et</span> 
     </span>
     <span class='ocr_line' id='line_1_17' title="bbox 270 961 1251 1010; baseline -0.014 -4"><span class='ocrx_word' id='word_1_104' title='bbox 270 971 454 1006; x_wconf 81' lang='lat' dir='ltr'>admonuit</span> <span class='ocrx_word' id='word_1_105' title='bbox 479 980 618 1002; x_wconf 90' lang='lat' dir='ltr'>omnem</span> <span class='ocrx_word' id='word_1_106' title='bbox 644 965 882 1010; x_wconf 72' lang='lat' dir='ltr'>posteritatem</span> <span class='ocrx_word' id='word_1_107' title='bbox 906 964 949 995; x_wconf 89' lang='lat' dir='ltr'>de</span> <span class='ocrx_word' id='word_1_108' title='bbox 975 961 1048 996; x_wconf 89' lang='lat' dir='ltr'>filio</span> <span class='ocrx_word' id='word_1_109' title='bbox 1073 961 1159 1002; x_wconf 90' lang='lat' dir='ltr'>Dei,</span> <span class='ocrx_word' id='word_1_110' title='bbox 1194 961 1251 993; x_wconf 90' lang='lat' dir='ltr'>sed</span> 
     </span>
     <span class='ocr_line' id='line_1_18' title="bbox 270 1012 1252 1059; baseline -0.012 -3"><span class='ocrx_word' id='word_1_111' title='bbox 270 1022 458 1056; x_wconf 88' lang='lat' dir='ltr'>articulum</span> <span class='ocrx_word' id='word_1_112' title='bbox 480 1019 655 1052; x_wconf 90' lang='lat' dir='ltr'>credimus</span> <span class='ocrx_word' id='word_1_113' title='bbox 679 1028 751 1050; x_wconf 92' lang='lat' dir='ltr'>non</span> <span class='ocrx_word' id='word_1_114' title='bbox 782 1020 925 1059; x_wconf 83' lang='lat' dir='ltr'>propter</span> <span class='ocrx_word' id='word_1_115' title='bbox 957 1013 1150 1058; x_wconf 83' lang='lat' dir='ltr'>synodum,</span> <span class='ocrx_word' id='word_1_116' title='bbox 1195 1012 1252 1045; x_wconf 92' lang='lat' dir='ltr'>sed</span> 
     </span>
     <span class='ocr_line' id='line_1_19' title="bbox 271 1063 1151 1119; baseline -0.014 -12"><span class='ocrx_word' id='word_1_117' title='bbox 271 1074 352 1119; x_wconf 87' lang='lat' dir='ltr'>quia</span> <span class='ocrx_word' id='word_1_118' title='bbox 370 1073 527 1104; x_wconf 78' lang='lat' dir='ltr'>videmus</span> <span class='ocrx_word' id='word_1_119' title='bbox 544 1070 592 1103; x_wconf 87' lang='lat' dir='ltr'>sie</span> <span class='ocrx_word' id='word_1_120' title='bbox 608 1069 775 1102; x_wconf 87' lang='lat' dir='ltr'>traditum</span> <span class='ocrx_word' id='word_1_121' title='bbox 793 1077 865 1099; x_wconf 88' lang='lat' dir='ltr'>esse</span> <span class='ocrx_word' id='word_1_122' title='bbox 885 1065 923 1097; x_wconf 89' lang='lat' dir='ltr'>in</span> <span class='ocrx_word' id='word_1_123' title='bbox 944 1065 1051 1097; x_wconf 88' lang='lat' dir='ltr'>verbo</span> <span class='ocrx_word' id='word_1_124' title='bbox 1073 1063 1151 1098; x_wconf 85' lang='lat' dir='ltr'>Dei.</span> 
     </span>
    </p>
   </div>
   <div class='ocr_carea' id='block_1_5' title="bbox 271 1122 1256 1376">
    <p class='ocr_par' dir='ltr' id='par_1_5' title="bbox 271 1122 1256 1376">
     <span class='ocr_line' id='line_1_20' title="bbox 375 1122 1255 1174; baseline -0.013 -9"><span class='ocrx_word' id='word_1_125' title='bbox 375 1131 519 1164; x_wconf 78' lang='lat' dir='ltr'>Caetera</span> <span class='ocrx_word' id='word_1_126' title='bbox 546 1140 635 1174; x_wconf 86' lang='lat' dir='ltr'>quac</span> <span class='ocrx_word' id='word_1_127' title='bbox 660 1134 741 1160; x_wconf 91' lang='lat' dir='ltr'>sunt</span> <span class='ocrx_word' id='word_1_128' title='bbox 766 1131 859 1158; x_wconf 88' lang='lat' dir='ltr'>extra</span> <span class='ocrx_word' id='word_1_129' title='bbox 878 1124 1088 1167; x_wconf 87' lang='lat' dir='ltr'>scripturas,</span> <span class='ocrx_word' id='word_1_130' title='bbox 1116 1134 1189 1155; x_wconf 89' lang='lat' dir='ltr'>non</span> <span class='ocrx_word' id='word_1_131' title='bbox 1207 1122 1255 1155; x_wconf 91' lang='lat' dir='ltr'>sic</span> 
     </span>
     <span class='ocr_line' id='line_1_21' title="bbox 271 1173 1256 1227; baseline -0.011 -11"><span class='ocrx_word' id='word_1_132' title='bbox 271 1182 510 1227; x_wconf 78' lang='lat' dir='ltr'>amplectenda</span> <span class='ocrx_word' id='word_1_133' title='bbox 537 1186 637 1219; x_wconf 88' lang='lat' dir='ltr'>sunt,</span> <span class='ocrx_word' id='word_1_134' title='bbox 678 1184 718 1211; x_wconf 89' lang='lat' dir='ltr'>ut</span> <span class='ocrx_word' id='word_1_135' title='bbox 748 1176 904 1222; x_wconf 87' lang='lat' dir='ltr'>synodus</span> <span class='ocrx_word' id='word_1_136' title='bbox 927 1174 1060 1207; x_wconf 73' lang='lat' dir='ltr'>Nicena</span> <span class='ocrx_word' id='word_1_137' title='bbox 1094 1173 1256 1207; x_wconf 88' lang='lat' dir='ltr'>condidit</span> 
     </span>
     <span class='ocr_line' id='line_1_22' title="bbox 273 1221 1255 1276; baseline -0.012 -8"><span class='ocrx_word' id='word_1_138' title='bbox 273 1234 433 1269; x_wconf 86' lang='lat' dir='ltr'>Canones</span> <span class='ocrx_word' id='word_1_139' title='bbox 458 1229 712 1276; x_wconf 85' lang='lat' dir='ltr'>poenitentiae,</span> <span class='ocrx_word' id='word_1_140' title='bbox 753 1227 815 1272; x_wconf 86' lang='lat' dir='ltr'>qui</span> <span class='ocrx_word' id='word_1_141' title='bbox 845 1231 926 1259; x_wconf 89' lang='lat' dir='ltr'>sunt</span> <span class='ocrx_word' id='word_1_142' title='bbox 951 1225 1156 1259; x_wconf 78' lang='lat' dir='ltr'>traditiones</span> <span class='ocrx_word' id='word_1_143' title='bbox 1188 1221 1255 1257; x_wconf 90' lang='lat' dir='ltr'>hu-</span> 
     </span>
     <span class='ocr_line' id='line_1_23' title="bbox 272 1275 1256 1324; baseline -0.011 -6"><span class='ocrx_word' id='word_1_144' title='bbox 272 1297 396 1317; x_wconf 85' lang='lat' dir='ltr'>manae</span> <span class='ocrx_word' id='word_1_145' title='bbox 413 1290 506 1316; x_wconf 76' lang='lat' dir='ltr'>extra</span> <span class='ocrx_word' id='word_1_146' title='bbox 531 1282 757 1324; x_wconf 85' lang='lat' dir='ltr'>scripturam,</span> <span class='ocrx_word' id='word_1_147' title='bbox 786 1284 819 1310; x_wconf 90' lang='lat' dir='ltr'>et</span> <span class='ocrx_word' id='word_1_148' title='bbox 837 1277 982 1309; x_wconf 81' lang='lat' dir='ltr'>suerunt</span> <span class='ocrx_word' id='word_1_149' title='bbox 1005 1275 1137 1309; x_wconf 85' lang='lat' dir='ltr'>semina</span> <span class='ocrx_word' id='word_1_150' title='bbox 1163 1275 1256 1308; x_wconf 83' lang='lat' dir='ltr'>rnul-</span> 
     </span>
     <span class='ocr_line' id='line_1_24' title="bbox 273 1328 965 1376; baseline -0.012 -7"><span class='ocrx_word' id='word_1_151' title='bbox 273 1343 387 1369; x_wconf 82' lang='lat' dir='ltr'>tarum</span> <span class='ocrx_word' id='word_1_152' title='bbox 406 1333 724 1376; x_wconf 85' lang='lat' dir='ltr'>snperstitiosarum</span> <span class='ocrx_word' id='word_1_153' title='bbox 743 1328 965 1372; x_wconf 81' lang='lat' dir='ltr'>opinionum.</span> 
     </span>
    </p>
   </div>
   <div class='ocr_carea' id='block_1_6' title="bbox 275 1384 1263 1935">
    <p class='ocr_par' dir='ltr' id='par_1_6' title="bbox 275 1384 1263 1935">
     <span class='ocr_line' id='line_1_25' title="bbox 376 1384 1257 1430; baseline -0.011 -4"><span class='ocrx_word' id='word_1_154' title='bbox 376 1392 557 1427; x_wconf 87' lang='lat' dir='ltr'>Samsonis</span> <span class='ocrx_word' id='word_1_155' title='bbox 581 1389 748 1423; x_wconf 90' lang='lat' dir='ltr'>convivae</span> <span class='ocrx_word' id='word_1_156' title='bbox 765 1398 837 1420; x_wconf 88' lang='lat' dir='ltr'>non</span> <span class='ocrx_word' id='word_1_157' title='bbox 855 1391 1016 1430; x_wconf 89' lang='lat' dir='ltr'>poterant</span> <span class='ocrx_word' id='word_1_158' title='bbox 1034 1384 1257 1427; x_wconf 88' lang='lat' dir='ltr'>interpretari</span> 
     </span>
     <span class='ocr_line' id='line_1_26' title="bbox 276 1434 1256 1488; baseline -0.011 -9"><span class='ocrx_word' id='word_1_159' title='bbox 276 1445 435 1488; x_wconf 85' lang='lat' dir='ltr'>aenigma</span> <span class='ocrx_word' id='word_1_160' title='bbox 460 1444 495 1475; x_wconf 92' lang='lat' dir='ltr'>in</span> <span class='ocrx_word' id='word_1_161' title='bbox 513 1441 676 1475; x_wconf 81' lang='lat' dir='ltr'>convivio</span> <span class='ocrx_word' id='word_1_162' title='bbox 694 1437 931 1483; x_wconf 89' lang='lat' dir='ltr'>propositum,</span> <span class='ocrx_word' id='word_1_163' title='bbox 958 1434 1027 1468; x_wconf 86' lang='lat' dir='ltr'>nisi</span> <span class='ocrx_word' id='word_1_164' title='bbox 1045 1435 1256 1477; x_wconf 85' lang='lat' dir='ltr'>interrogata</span> 
     </span>
     <span class='ocr_line' id='line_1_27' title="bbox 276 1484 1258 1536; baseline -0.011 -6"><span class='ocrx_word' id='word_1_165' title='bbox 276 1497 350 1530; x_wconf 80' lang='lat' dir='ltr'>eius</span> <span class='ocrx_word' id='word_1_166' title='bbox 375 1495 532 1536; x_wconf 79' lang='lat' dir='ltr'>coniuge.</span> <span class='ocrx_word' id='word_1_167' title='bbox 587 1491 705 1534; x_wconf 82' lang='lat' dir='ltr'>Quare</span> <span class='ocrx_word' id='word_1_168' title='bbox 726 1489 874 1523; x_wconf 88' lang='lat' dir='ltr'>Samson</span> <span class='ocrx_word' id='word_1_169' title='bbox 898 1486 1030 1531; x_wconf 89' lang='lat' dir='ltr'>inquit:</span> <span class='ocrx_word' id='word_1_170' title='bbox 1068 1484 1145 1518; x_wconf 66' lang='lat' dir='ltr'>Nisi</span> <span class='ocrx_word' id='word_1_171' title='bbox 1164 1498 1258 1519; x_wconf 87' lang='lat' dir='ltr'>aras-</span> 
     </span>
     <span class='ocr_line' id='line_1_28' title="bbox 275 1536 1257 1581; baseline -0.013 -1"><span class='ocrx_word' id='word_1_172' title='bbox 275 1547 356 1581; x_wconf 86' lang='lat' dir='ltr'>setis</span> <span class='ocrx_word' id='word_1_173' title='bbox 377 1545 484 1578; x_wconf 87' lang='lat' dir='ltr'>vitula</span> <span class='ocrx_word' id='word_1_174' title='bbox 503 1554 595 1581; x_wconf 81' lang='lat' dir='ltr'>mea,</span> <span class='ocrx_word' id='word_1_175' title='bbox 625 1553 696 1574; x_wconf 89' lang='lat' dir='ltr'>non</span> <span class='ocrx_word' id='word_1_176' title='bbox 715 1538 938 1572; x_wconf 83' lang='lat' dir='ltr'>invenissetis</span> <span class='ocrx_word' id='word_1_177' title='bbox 955 1548 1066 1569; x_wconf 87' lang='lat' dir='ltr'>meam</span> <span class='ocrx_word' id='word_1_178' title='bbox 1085 1536 1257 1580; x_wconf 84' lang='lat' dir='ltr'>quaestio-</span> 
     </span>
     <span class='ocr_line' id='line_1_29' title="bbox 275 1586 1259 1635; baseline -0.012 -4"><span class='ocrx_word' id='word_1_179' title='bbox 275 1610 368 1631; x_wconf 85' lang='lat' dir='ltr'>nem.</span> <span class='ocrx_word' id='word_1_180' title='bbox 427 1595 484 1628; x_wconf 85' lang='lat' dir='ltr'>Sic</span> <span class='ocrx_word' id='word_1_181' title='bbox 509 1590 860 1635; x_wconf 84' lang='lat' dir='ltr'>circumspiciendum</span> <span class='ocrx_word' id='word_1_182' title='bbox 885 1594 954 1628; x_wconf 88' lang='lat' dir='ltr'>est,</span> <span class='ocrx_word' id='word_1_183' title='bbox 978 1587 1040 1620; x_wconf 86' lang='lat' dir='ltr'>ubi</span> <span class='ocrx_word' id='word_1_184' title='bbox 1062 1586 1106 1620; x_wconf 89' lang='lat' dir='ltr'>sit</span> <span class='ocrx_word' id='word_1_185' title='bbox 1131 1593 1259 1626; x_wconf 86' lang='lat' dir='ltr'>coetus,</span> 
     </span>
     <span class='ocr_line' id='line_1_30' title="bbox 277 1637 1260 1694; baseline -0.012 -13"><span class='ocrx_word' id='word_1_186' title='bbox 277 1645 457 1694; x_wconf 82' lang='lat' dir='ltr'>quihabet</span> <span class='ocrx_word' id='word_1_187' title='bbox 475 1645 619 1677; x_wconf 78' lang='lat' dir='ltr'>verbum</span> <span class='ocrx_word' id='word_1_188' title='bbox 636 1642 722 1686; x_wconf 79' lang='lat' dir='ltr'>Dei,</span> <span class='ocrx_word' id='word_1_189' title='bbox 750 1647 782 1674; x_wconf 91' lang='lat' dir='ltr'>et</span> <span class='ocrx_word' id='word_1_190' title='bbox 807 1639 1020 1676; x_wconf 86' lang='lat' dir='ltr'>videndum,</span> <span class='ocrx_word' id='word_1_191' title='bbox 1047 1637 1107 1681; x_wconf 89' lang='lat' dir='ltr'>qui</span> <span class='ocrx_word' id='word_1_192' title='bbox 1132 1644 1260 1676; x_wconf 87' lang='lat' dir='ltr'>coetus,</span> 
     </span>
     <span class='ocr_line' id='line_1_31' title="bbox 278 1686 1260 1742; baseline -0.012 -10"><span class='ocrx_word' id='word_1_193' title='bbox 278 1706 416 1742; x_wconf 86' lang='lat' dir='ltr'>patrum</span> <span class='ocrx_word' id='word_1_194' title='bbox 435 1708 473 1730; x_wconf 87' lang='lat' dir='ltr'>ac</span> <span class='ocrx_word' id='word_1_195' title='bbox 492 1696 705 1740; x_wconf 85' lang='lat' dir='ltr'>synodorum</span> <span class='ocrx_word' id='word_1_196' title='bbox 725 1693 766 1726; x_wconf 91' lang='lat' dir='ltr'>sit</span> <span class='ocrx_word' id='word_1_197' title='bbox 785 1690 922 1735; x_wconf 88' lang='lat' dir='ltr'>purior,</span> <span class='ocrx_word' id='word_1_198' title='bbox 950 1686 1017 1721; x_wconf 90' lang='lat' dir='ltr'>hoc</span> <span class='ocrx_word' id='word_1_199' title='bbox 1041 1694 1108 1727; x_wconf 87' lang='lat' dir='ltr'>est,</span> <span class='ocrx_word' id='word_1_200' title='bbox 1143 1689 1260 1721; x_wconf 90' lang='lat' dir='ltr'>minus</span> 
     </span>
     <span class='ocr_line' id='line_1_32' title="bbox 279 1737 1261 1790; baseline -0.012 -7"><span class='ocrx_word' id='word_1_201' title='bbox 279 1749 413 1783; x_wconf 87' lang='lat' dir='ltr'>habens</span> <span class='ocrx_word' id='word_1_202' title='bbox 432 1747 639 1790; x_wconf 89' lang='lat' dir='ltr'>opinionum</span> <span class='ocrx_word' id='word_1_203' title='bbox 667 1752 760 1777; x_wconf 82' lang='lat' dir='ltr'>extra</span> <span class='ocrx_word' id='word_1_204' title='bbox 783 1742 929 1774; x_wconf 82' lang='lat' dir='ltr'>verbum</span> <span class='ocrx_word' id='word_1_205' title='bbox 947 1738 1026 1774; x_wconf 80' lang='lat' dir='ltr'>Dei.</span> <span class='ocrx_word' id='word_1_206' title='bbox 1078 1737 1173 1772; x_wconf 81' lang='lat' dir='ltr'>Haec</span> <span class='ocrx_word' id='word_1_207' title='bbox 1192 1737 1261 1772; x_wconf 88' lang='lat' dir='ltr'>Ec-</span> 
     </span>
     <span class='ocr_line' id='line_1_33' title="bbox 281 1789 1260 1837; baseline -0.012 -4"><span class='ocrx_word' id='word_1_208' title='bbox 281 1800 384 1833; x_wconf 80' lang='lat' dir='ltr'>clesia</span> <span class='ocrx_word' id='word_1_209' title='bbox 410 1800 532 1837; x_wconf 86' lang='lat' dir='ltr'>docet,</span> <span class='ocrx_word' id='word_1_210' title='bbox 565 1802 705 1836; x_wconf 84' lang='lat' dir='ltr'>monet,</span> <span class='ocrx_word' id='word_1_211' title='bbox 737 1800 892 1827; x_wconf 84' lang='lat' dir='ltr'>testatur.</span> <span class='ocrx_word' id='word_1_212' title='bbox 969 1789 1038 1824; x_wconf 86' lang='lat' dir='ltr'>Sed</span> <span class='ocrx_word' id='word_1_213' title='bbox 1069 1790 1260 1823; x_wconf 76' lang='lat' dir='ltr'>videndum</span> 
     </span>
     <span class='ocr_line' id='line_1_34' title="bbox 283 1841 1263 1892; baseline -0.013 -7"><span class='ocrx_word' id='word_1_214' title='bbox 283 1859 354 1891; x_wconf 82' lang='lat' dir='ltr'>est,</span> <span class='ocrx_word' id='word_1_215' title='bbox 388 1862 432 1882; x_wconf 89' lang='lat' dir='ltr'>an</span> <span class='ocrx_word' id='word_1_216' title='bbox 457 1860 492 1882; x_wconf 87' lang='lat' dir='ltr'>ea</span> <span class='ocrx_word' id='word_1_217' title='bbox 519 1859 606 1892; x_wconf 70' lang='lat' dir='ltr'>qnae</span> <span class='ocrx_word' id='word_1_218' title='bbox 628 1845 812 1890; x_wconf 85' lang='lat' dir='ltr'>proponit,</span> <span class='ocrx_word' id='word_1_219' title='bbox 853 1841 1007 1876; x_wconf 82' lang='lat' dir='ltr'>habeant</span> <span class='ocrx_word' id='word_1_220' title='bbox 1032 1841 1131 1874; x_wconf 88' lang='lat' dir='ltr'>firma</span> <span class='ocrx_word' id='word_1_221' title='bbox 1165 1841 1263 1874; x_wconf 77' lang='lat' dir='ltr'>testi-</span> 
     </span>
     <span class='ocr_line' id='line_1_35' title="bbox 282 1898 609 1935; baseline -0.021 1"><span class='ocrx_word' id='word_1_222' title='bbox 282 1901 400 1935; x_wconf 86' lang='lat' dir='ltr'>monia</span> <span class='ocrx_word' id='word_1_223' title='bbox 419 1899 516 1933; x_wconf 74' lang='lat' dir='ltr'>verbi</span> <span class='ocrx_word' id='word_1_224' title='bbox 534 1898 609 1931; x_wconf 88' lang='lat' dir='ltr'>Dei.</span> 
     </span>
    </p>
   </div>
   <div class='ocr_carea' id='block_1_7' title="bbox 285 1949 1264 2451">
    <p class='ocr_par' dir='ltr' id='par_1_7' title="bbox 285 1949 1264 2451">
     <span class='ocr_line' id='line_1_36' title="bbox 385 1949 1262 2002; baseline -0.013 -10"><span class='ocrx_word' id='word_1_225' title='bbox 385 1961 437 1993; x_wconf 80' lang='lat' dir='ltr'>Ac</span> <span class='ocrx_word' id='word_1_226' title='bbox 461 1958 615 2002; x_wconf 85' lang='lat' dir='ltr'>profecto</span> <span class='ocrx_word' id='word_1_227' title='bbox 646 1956 722 2000; x_wconf 91' lang='lat' dir='ltr'>pios</span> <span class='ocrx_word' id='word_1_228' title='bbox 745 1954 845 1988; x_wconf 85' lang='lat' dir='ltr'>fateri</span> <span class='ocrx_word' id='word_1_229' title='bbox 871 1954 989 1993; x_wconf 89' lang='lat' dir='ltr'>decet,</span> <span class='ocrx_word' id='word_1_230' title='bbox 1030 1950 1151 1985; x_wconf 86' lang='lat' dir='ltr'>Patres</span> <span class='ocrx_word' id='word_1_231' title='bbox 1172 1949 1262 1983; x_wconf 88' lang='lat' dir='ltr'>bene</span> 
     </span>
     <span class='ocr_line' id='line_1_37' title="bbox 285 2002 1258 2051; baseline -0.012 -7"><span class='ocrx_word' id='word_1_232' title='bbox 285 2012 429 2045; x_wconf 83' lang='lat' dir='ltr'>meritos</span> <span class='ocrx_word' id='word_1_233' title='bbox 448 2021 519 2043; x_wconf 86' lang='lat' dir='ltr'>esse</span> <span class='ocrx_word' id='word_1_234' title='bbox 539 2009 581 2040; x_wconf 92' lang='lat' dir='ltr'>de</span> <span class='ocrx_word' id='word_1_235' title='bbox 598 2007 816 2051; x_wconf 77' lang='lat' dir='ltr'>posteritate,</span> <span class='ocrx_word' id='word_1_236' title='bbox 844 2005 904 2050; x_wconf 92' lang='lat' dir='ltr'>qui</span> <span class='ocrx_word' id='word_1_237' title='bbox 919 2002 1098 2036; x_wconf 89' lang='lat' dir='ltr'>accerimis</span> <span class='ocrx_word' id='word_1_238' title='bbox 1116 2008 1258 2035; x_wconf 83' lang='lat' dir='ltr'>conten-</span> 
     </span>
     <span class='ocr_line' id='line_1_38' title="bbox 286 2052 1263 2103; baseline -0.013 -7"><span class='ocrx_word' id='word_1_239' title='bbox 286 2063 442 2096; x_wconf 87' lang='lat' dir='ltr'>tionibus</span> <span class='ocrx_word' id='word_1_240' title='bbox 464 2064 790 2103; x_wconf 80' lang='lat' dir='ltr'>propugnaverunt‚</span> <span class='ocrx_word' id='word_1_241' title='bbox 817 2063 850 2089; x_wconf 87' lang='lat' dir='ltr'>et</span> <span class='ocrx_word' id='word_1_242' title='bbox 867 2055 1089 2088; x_wconf 89' lang='lat' dir='ltr'>retinuerunt</span> <span class='ocrx_word' id='word_1_243' title='bbox 1106 2053 1159 2095; x_wconf 85' lang='lat' dir='ltr'>pia</span> <span class='ocrx_word' id='word_1_244' title='bbox 1179 2052 1263 2093; x_wconf 84' lang='lat' dir='ltr'>dog-</span> 
     </span>
     <span class='ocr_line' id='line_1_39' title="bbox 287 2103 1263 2153; baseline -0.014 -6"><span class='ocrx_word' id='word_1_245' title='bbox 287 2121 403 2153; x_wconf 85' lang='lat' dir='ltr'>mata,</span> <span class='ocrx_word' id='word_1_246' title='bbox 448 2112 481 2143; x_wconf 90' lang='lat' dir='ltr'>id</span> <span class='ocrx_word' id='word_1_247' title='bbox 513 2109 719 2143; x_wconf 84' lang='lat' dir='ltr'>beneficium</span> <span class='ocrx_word' id='word_1_248' title='bbox 755 2119 827 2140; x_wconf 90' lang='lat' dir='ltr'>non</span> <span class='ocrx_word' id='word_1_249' title='bbox 858 2112 907 2138; x_wconf 88' lang='lat' dir='ltr'>est</span> <span class='ocrx_word' id='word_1_250' title='bbox 939 2105 1013 2137; x_wconf 90' lang='lat' dir='ltr'>leve</span> <span class='ocrx_word' id='word_1_251' title='bbox 1051 2103 1263 2136; x_wconf 88' lang='lat' dir='ltr'>ducendum.</span> 
     </span>
     <span class='ocr_line' id='line_1_40' title="bbox 286 2152 1263 2207; baseline -0.014 -9"><span class='ocrx_word' id='word_1_252' title='bbox 286 2164 364 2197; x_wconf 80' lang='lat' dir='ltr'>Huc</span> <span class='ocrx_word' id='word_1_253' title='bbox 389 2162 541 2207; x_wconf 83' lang='lat' dir='ltr'>pertinet</span> <span class='ocrx_word' id='word_1_254' title='bbox 566 2158 754 2202; x_wconf 80' lang='lat' dir='ltr'>Augustini</span> <span class='ocrx_word' id='word_1_255' title='bbox 780 2159 936 2191; x_wconf 90' lang='lat' dir='ltr'>dictum:</span> <span class='ocrx_word' id='word_1_256' title='bbox 974 2152 1168 2196; x_wconf 82' lang='lat' dir='ltr'>Evangelio</span> <span class='ocrx_word' id='word_1_257' title='bbox 1191 2164 1263 2185; x_wconf 91' lang='lat' dir='ltr'>non</span> 
     </span>
     <span class='ocr_line' id='line_1_41' title="bbox 288 2203 1262 2252; baseline -0.014 -4"><span class='ocrx_word' id='word_1_258' title='bbox 288 2216 484 2252; x_wconf 77' lang='lat' dir='ltr'>crederem,</span> <span class='ocrx_word' id='word_1_259' title='bbox 526 2212 592 2244; x_wconf 88' lang='lat' dir='ltr'>nisi</span> <span class='ocrx_word' id='word_1_260' title='bbox 619 2222 671 2242; x_wconf 87' lang='lat' dir='ltr'>me</span> <span class='ocrx_word' id='word_1_261' title='bbox 696 2208 870 2242; x_wconf 76' lang='lat' dir='ltr'>Ecclesiae</span> <span class='ocrx_word' id='word_1_262' title='bbox 901 2211 1057 2238; x_wconf 82' lang='lat' dir='ltr'>moveret</span> <span class='ocrx_word' id='word_1_263' title='bbox 1084 2203 1262 2238; x_wconf 76' lang='lat' dir='ltr'>autoritas,</span> 
     </span>
     <span class='ocr_line' id='line_1_42' title="bbox 292 2253 1263 2304; baseline -0.014 -5"><span class='ocrx_word' id='word_1_264' title='bbox 292 2267 367 2298; x_wconf 69' lang='lat' dir='ltr'>Non</span> <span class='ocrx_word' id='word_1_265' title='bbox 389 2264 493 2297; x_wconf 85' lang='lat' dir='ltr'>sentit</span> <span class='ocrx_word' id='word_1_266' title='bbox 520 2261 757 2304; x_wconf 76' lang='lat' dir='ltr'>Augustinus,</span> <span class='ocrx_word' id='word_1_267' title='bbox 795 2258 962 2291; x_wconf 87' lang='lat' dir='ltr'>maiorem</span> <span class='ocrx_word' id='word_1_268' title='bbox 992 2266 1063 2287; x_wconf 86' lang='lat' dir='ltr'>esse</span> <span class='ocrx_word' id='word_1_269' title='bbox 1086 2253 1263 2287; x_wconf 76' lang='lat' dir='ltr'>Ecclesiae</span> 
     </span>
     <span class='ocr_line' id='line_1_43' title="bbox 289 2303 1263 2357; baseline -0.014 -8"><span class='ocrx_word' id='word_1_270' title='bbox 289 2317 531 2353; x_wconf 65' lang='lat' dir='ltr'>autoritatem,</span> <span class='ocrx_word' id='word_1_271' title='bbox 571 2324 674 2357; x_wconf 87' lang='lat' dir='ltr'>quam</span> <span class='ocrx_word' id='word_1_272' title='bbox 702 2310 797 2342; x_wconf 78' lang='lat' dir='ltr'>verbi</span> <span class='ocrx_word' id='word_1_273' title='bbox 824 2307 954 2347; x_wconf 79' lang='lat' dir='ltr'>divini,</span> <span class='ocrx_word' id='word_1_274' title='bbox 988 2312 1047 2338; x_wconf 85' lang='lat' dir='ltr'>aut</span> <span class='ocrx_word' id='word_1_275' title='bbox 1072 2303 1263 2338; x_wconf 80' lang='lat' dir='ltr'>Ecclesiam</span> 
     </span>
     <span class='ocr_line' id='line_1_44' title="bbox 287 2356 1264 2410; baseline -0.013 -11"><span class='ocrx_word' id='word_1_276' title='bbox 287 2378 385 2410; x_wconf 82' lang='lat' dir='ltr'>posse</span> <span class='ocrx_word' id='word_1_277' title='bbox 401 2366 539 2398; x_wconf 76' lang='lat' dir='ltr'>abolere</span> <span class='ocrx_word' id='word_1_278' title='bbox 557 2362 720 2396; x_wconf 82' lang='lat' dir='ltr'>articulos</span> <span class='ocrx_word' id='word_1_279' title='bbox 739 2362 773 2393; x_wconf 93' lang='lat' dir='ltr'>in</span> <span class='ocrx_word' id='word_1_280' title='bbox 793 2360 898 2392; x_wconf 72' lang='lat' dir='ltr'>verbo</span> <span class='ocrx_word' id='word_1_281' title='bbox 917 2356 1081 2395; x_wconf 84' lang='lat' dir='ltr'>traditos,</span> <span class='ocrx_word' id='word_1_282' title='bbox 1109 2356 1165 2387; x_wconf 77' lang='lat' dir='ltr'>sed</span> <span class='ocrx_word' id='word_1_283' title='bbox 1184 2367 1264 2388; x_wconf 90' lang='lat' dir='ltr'>sen-</span> 
     </span>
     <span class='ocr_line' id='line_1_45' title="bbox 288 2405 1263 2451; baseline -0.015 0"><span class='ocrx_word' id='word_1_284' title='bbox 288 2419 329 2451; x_wconf 86' lang='lat' dir='ltr'>tit</span> <span class='ocrx_word' id='word_1_285' title='bbox 345 2415 534 2449; x_wconf 66' lang='lat' dir='ltr'>Eccl·&gt;si·:m</span> <span class='ocrx_word' id='word_1_286' title='bbox 554 2426 624 2447; x_wconf 90' lang='lat' dir='ltr'>esse</span> <span class='ocrx_word' id='word_1_287' title='bbox 641 2412 828 2445; x_wconf 78' lang='lat' dir='ltr'>doctricem</span> <span class='ocrx_word' id='word_1_288' title='bbox 856 2417 886 2442; x_wconf 88' lang='lat' dir='ltr'>et</span> <span class='ocrx_word' id='word_1_289' title='bbox 910 2415 1051 2441; x_wconf 85' lang='lat' dir='ltr'>testem:</span> <span class='ocrx_word' id='word_1_290' title='bbox 1086 2405 1165 2438; x_wconf 75' lang='lat' dir='ltr'>Non</span> <span class='ocrx_word' id='word_1_291' title='bbox 1191 2417 1263 2437; x_wconf 87' lang='lat' dir='ltr'>cre-</span> 
     </span>
    </p>
   </div>
   <div class='ocr_carea' id='block_1_8' title="bbox 832 82 1681 128">
    <p class='ocr_par' dir='ltr' id='par_1_8' title="bbox 832 82 1681 128">
     <span class='ocr_line' id='line_1_46' title="bbox 832 82 1681 128; baseline -0.006 -2"><span class='ocrx_word' id='word_1_292' title='bbox 832 90 958 127; x_wconf 83' lang='lat' dir='ltr'><strong>PHIL.</strong></span> <span class='ocrx_word' id='word_1_293' title='bbox 985 88 1101 127; x_wconf 80' lang='lat' dir='ltr'><strong>MEL.</strong></span> <span class='ocrx_word' id='word_1_294' title='bbox 1127 84 1340 124; x_wconf 86' lang='lat' dir='ltr'><strong>SCRIPTA</strong></span> <span class='ocrx_word' id='word_1_295' title='bbox 1367 82 1681 128; x_wconf 73' lang='lat' dir='ltr'>ExEGETIOA.t</span> 
     </span>
    </p>
   </div>
   <div class='ocr_carea' id='block_1_9' title="bbox 2208 87 2282 124">
    <p class='ocr_par' dir='ltr' id='par_1_9' title="bbox 2208 87 2282 124">
     <span class='ocr_line' id='line_1_47' title="bbox 2208 87 2282 124; baseline -0.014 0"><span class='ocrx_word' id='word_1_296' title='bbox 2208 87 2282 124; x_wconf 73' lang='lat'>744</span> 
     </span>
    </p>
   </div>
   <div class='ocr_carea' id='block_1_10' title="bbox 1299 168 2288 620">
    <p class='ocr_par' dir='ltr' id='par_1_10' title="bbox 1299 168 2288 620">
     <span class='ocr_line' id='line_1_48' title="bbox 1299 168 2286 217; baseline 0.002 -12"><span class='ocrx_word' id='word_1_297' title='bbox 1299 172 1386 206; x_wconf 88' lang='lat' dir='ltr'>sicut</span> <span class='ocrx_word' id='word_1_298' title='bbox 1427 168 1631 205; x_wconf 87' lang='lat' dir='ltr'>Manichaei</span> <span class='ocrx_word' id='word_1_299' title='bbox 1673 182 1766 205; x_wconf 83' lang='lat' dir='ltr'>nova</span> <span class='ocrx_word' id='word_1_300' title='bbox 1797 172 2027 208; x_wconf 83' lang='lat' dir='ltr'>deliramenta</span> <span class='ocrx_word' id='word_1_301' title='bbox 2068 173 2286 217; x_wconf 81' lang='lat' dir='ltr'>excogitave-</span> 
     </span>
     <span class='ocr_line' id='line_1_49' title="bbox 1299 222 2285 268; baseline 0.002 -12"><span class='ocrx_word' id='word_1_302' title='bbox 1299 230 1393 259; x_wconf 86' lang='lat' dir='ltr'>runt.</span> <span class='ocrx_word' id='word_1_303' title='bbox 1458 222 1547 255; x_wconf 85' lang='lat' dir='ltr'>Nam</span> <span class='ocrx_word' id='word_1_304' title='bbox 1579 223 1741 264; x_wconf 82' lang='lat' dir='ltr'>dogmata</span> <span class='ocrx_word' id='word_1_305' title='bbox 1772 225 1964 258; x_wconf 79' lang='lat' dir='ltr'>necessaria</span> <span class='ocrx_word' id='word_1_306' title='bbox 1999 225 2116 268; x_wconf 87' lang='lat' dir='ltr'>pietati</span> <span class='ocrx_word' id='word_1_307' title='bbox 2147 236 2285 258; x_wconf 80' lang='lat' dir='ltr'>necesse</span> 
     </span>
     <span class='ocr_line' id='line_1_50' title="bbox 1300 273 2284 319; baseline 0.002 -12"><span class='ocrx_word' id='word_1_308' title='bbox 1300 282 1350 308; x_wconf 84' lang='lat' dir='ltr'>est</span> <span class='ocrx_word' id='word_1_309' title='bbox 1390 274 1493 307; x_wconf 88' lang='lat' dir='ltr'>initio</span> <span class='ocrx_word' id='word_1_310' title='bbox 1536 273 1689 307; x_wconf 86' lang='lat' dir='ltr'>extitisse</span> <span class='ocrx_word' id='word_1_311' title='bbox 1733 273 1771 306; x_wconf 89' lang='lat' dir='ltr'>in</span> <span class='ocrx_word' id='word_1_312' title='bbox 1804 275 2062 317; x_wconf 84' lang='lat' dir='ltr'>praedicatione</span> <span class='ocrx_word' id='word_1_313' title='bbox 2092 274 2284 319; x_wconf 87' lang='lat' dir='ltr'>Apostolo-</span> 
     </span>
     <span class='ocr_line' id='line_1_51' title="bbox 1300 325 2282 368; baseline 0.001 -10"><span class='ocrx_word' id='word_1_314' title='bbox 1300 336 1403 358; x_wconf 88' lang='lat' dir='ltr'>rum:</span> <span class='ocrx_word' id='word_1_315' title='bbox 1453 335 1533 367; x_wconf 75' lang='lat' dir='ltr'>ergo</span> <span class='ocrx_word' id='word_1_316' title='bbox 1573 335 1664 357; x_wconf 87' lang='lat' dir='ltr'>nova</span> <span class='ocrx_word' id='word_1_317' title='bbox 1699 330 1733 357; x_wconf 84' lang='lat' dir='ltr'>et</span> <span class='ocrx_word' id='word_1_318' title='bbox 1763 336 1906 367; x_wconf 89' lang='lat' dir='ltr'>prorsus</span> <span class='ocrx_word' id='word_1_319' title='bbox 1944 325 2062 368; x_wconf 84' lang='lat' dir='ltr'>ignota</span> <span class='ocrx_word' id='word_1_320' title='bbox 2105 325 2282 359; x_wconf 83' lang='lat' dir='ltr'>Ecclesiae</span> 
     </span>
     <span class='ocr_line' id='line_1_52' title="bbox 1301 374 2283 420; baseline 0.001 -11"><span class='ocrx_word' id='word_1_321' title='bbox 1301 376 1510 419; x_wconf 84' lang='lat' dir='ltr'>apostolicae</span> <span class='ocrx_word' id='word_1_322' title='bbox 1535 382 1615 408; x_wconf 91' lang='lat' dir='ltr'>sunt</span> <span class='ocrx_word' id='word_1_323' title='bbox 1641 374 1844 409; x_wconf 88' lang='lat' dir='ltr'>reiicienda.</span> <span class='ocrx_word' id='word_1_324' title='bbox 1895 375 1963 409; x_wconf 91' lang='lat' dir='ltr'>Sed</span> <span class='ocrx_word' id='word_1_325' title='bbox 1984 377 2027 408; x_wconf 90' lang='lat' dir='ltr'>de</span> <span class='ocrx_word' id='word_1_326' title='bbox 2048 376 2140 409; x_wconf 89' lang='lat' dir='ltr'>dicto</span> <span class='ocrx_word' id='word_1_327' title='bbox 2161 376 2283 420; x_wconf 86' lang='lat' dir='ltr'>Augu·</span> 
     </span>
     <span class='ocr_line' id='line_1_53' title="bbox 1302 426 2283 470; baseline 0.004 -12"><span class='ocrx_word' id='word_1_328' title='bbox 1302 427 1385 459; x_wconf 88' lang='lat' dir='ltr'>stini</span> <span class='ocrx_word' id='word_1_329' title='bbox 1414 427 1499 459; x_wconf 86' lang='lat' dir='ltr'>alias</span> <span class='ocrx_word' id='word_1_330' title='bbox 1523 427 1738 468; x_wconf 87' lang='lat' dir='ltr'>disputatum</span> <span class='ocrx_word' id='word_1_331' title='bbox 1771 433 1821 459; x_wconf 89' lang='lat' dir='ltr'>est</span> <span class='ocrx_word' id='word_1_332' title='bbox 1851 426 2046 470; x_wconf 85' lang='lat' dir='ltr'>copiosius,</span> <span class='ocrx_word' id='word_1_333' title='bbox 2087 433 2178 460; x_wconf 86' lang='lat' dir='ltr'>certe</span> <span class='ocrx_word' id='word_1_334' title='bbox 2208 440 2283 462; x_wconf 87' lang='lat' dir='ltr'>nou</span> 
     </span>
     <span class='ocr_line' id='line_1_54' title="bbox 1301 475 2287 511; baseline 0.001 -1"><span class='ocrx_word' id='word_1_335' title='bbox 1301 478 1460 511; x_wconf 86' lang='lat' dir='ltr'>concedit</span> <span class='ocrx_word' id='word_1_336' title='bbox 1490 475 1666 509; x_wconf 85' lang='lat' dir='ltr'>Ecclesiae</span> <span class='ocrx_word' id='word_1_337' title='bbox 1701 477 1922 510; x_wconf 84' lang='lat' dir='ltr'>autoritatem</span> <span class='ocrx_word' id='word_1_338' title='bbox 1957 477 2133 511; x_wconf 86' lang='lat' dir='ltr'>statuendi</span> <span class='ocrx_word' id='word_1_339' title='bbox 2167 485 2287 511; x_wconf 81' lang='lat' dir='ltr'>contra</span> 
     </span>
     <span class='ocr_line' id='line_1_55' title="bbox 1306 525 2288 568; baseline 0.001 -9"><span class='ocrx_word' id='word_1_340' title='bbox 1306 529 1451 561; x_wconf 82' lang='lat' dir='ltr'>verbum</span> <span class='ocrx_word' id='word_1_341' title='bbox 1470 525 1557 568; x_wconf 81' lang='lat' dir='ltr'>Dei,</span> <span class='ocrx_word' id='word_1_342' title='bbox 1584 534 1642 560; x_wconf 87' lang='lat' dir='ltr'>aut</span> <span class='ocrx_word' id='word_1_343' title='bbox 1659 528 1825 560; x_wconf 82' lang='lat' dir='ltr'>abolendi</span> <span class='ocrx_word' id='word_1_344' title='bbox 1843 528 2009 561; x_wconf 83' lang='lat' dir='ltr'>articulos</span> <span class='ocrx_word' id='word_1_345' title='bbox 2033 528 2070 560; x_wconf 87' lang='lat' dir='ltr'>in</span> <span class='ocrx_word' id='word_1_346' title='bbox 2094 527 2202 561; x_wconf 89' lang='lat' dir='ltr'>verbo</span> <span class='ocrx_word' id='word_1_347' title='bbox 2217 528 2288 562; x_wconf 85' lang='lat' dir='ltr'>Dei</span> 
     </span>
     <span class='ocr_line' id='line_1_56' title="bbox 1303 577 2172 620; baseline -0.001 -8"><span class='ocrx_word' id='word_1_348' title='bbox 1303 579 1469 620; x_wconf 84' lang='lat' dir='ltr'>traditos,</span> <span class='ocrx_word' id='word_1_349' title='bbox 1496 585 1557 613; x_wconf 89' lang='lat' dir='ltr'>aut</span> <span class='ocrx_word' id='word_1_350' title='bbox 1575 579 1752 611; x_wconf 85' lang='lat' dir='ltr'>condendi</span> <span class='ocrx_word' id='word_1_351' title='bbox 1769 590 1880 612; x_wconf 89' lang='lat' dir='ltr'>novos</span> <span class='ocrx_word' id='word_1_352' title='bbox 1899 578 2065 613; x_wconf 86' lang='lat' dir='ltr'>articulos</span> <span class='ocrx_word' id='word_1_353' title='bbox 2080 577 2172 616; x_wconf 84' lang='lat' dir='ltr'>fidei.</span> 
     </span>
    </p>
   </div>
   <div class='ocr_carea' id='block_1_11' title="bbox 1698 660 1897 707">
    <p class='ocr_par' dir='ltr' id='par_1_11' title="bbox 1698 660 1897 707">
     <span class='ocr_line' id='line_1_57' title="bbox 1698 660 1897 707; baseline 0 -11"><span class='ocrx_word' id='word_1_354' title='bbox 1698 660 1897 707; x_wconf 82' lang='lat' dir='ltr'>Catalogus.</span> 
     </span>
    </p>
   </div>
   <div class='ocr_carea' id='block_1_12' title="bbox 1304 730 2297 2141">
    <p class='ocr_par' dir='ltr' id='par_1_12' title="bbox 1304 730 2295 1282">
     <span class='ocr_line' id='line_1_58' title="bbox 1406 730 2292 776; baseline 0 -13"><span class='ocrx_word' id='word_1_355' title='bbox 1406 730 1555 775; x_wconf 84' lang='lat' dir='ltr'>Aliquot</span> <span class='ocrx_word' id='word_1_356' title='bbox 1580 731 1796 776; x_wconf 89' lang='lat' dir='ltr'>synodorum</span> <span class='ocrx_word' id='word_1_357' title='bbox 1825 737 1859 764; x_wconf 92' lang='lat' dir='ltr'>et</span> <span class='ocrx_word' id='word_1_358' title='bbox 1884 737 2022 775; x_wconf 86' lang='lat' dir='ltr'>patrum</span> <span class='ocrx_word' id='word_1_359' title='bbox 2040 732 2196 775; x_wconf 80' lang='lat' dir='ltr'>exempla</span> <span class='ocrx_word' id='word_1_360' title='bbox 2217 732 2292 766; x_wconf 73' lang='lat' dir='ltr'>col-</span> 
     </span>
     <span class='ocr_line' id='line_1_59' title="bbox 1305 780 2292 825; baseline 0.005 -13"><span class='ocrx_word' id='word_1_361' title='bbox 1305 780 1429 823; x_wconf 80' lang='lat' dir='ltr'>ligam,</span> <span class='ocrx_word' id='word_1_362' title='bbox 1466 789 1504 815; x_wconf 89' lang='lat' dir='ltr'>ut</span> <span class='ocrx_word' id='word_1_363' title='bbox 1535 789 1699 825; x_wconf 81' lang='lat' dir='ltr'>appareat</span> <span class='ocrx_word' id='word_1_364' title='bbox 1734 782 1771 814; x_wconf 91' lang='lat' dir='ltr'>in</span> <span class='ocrx_word' id='word_1_365' title='bbox 1797 782 1868 814; x_wconf 88' lang='lat' dir='ltr'>illis</span> <span class='ocrx_word' id='word_1_366' title='bbox 1899 783 2073 816; x_wconf 86' lang='lat' dir='ltr'>contineri</span> <span class='ocrx_word' id='word_1_367' title='bbox 2103 783 2292 817; x_wconf 75' lang='lat' dir='ltr'>dissimiles</span> 
     </span>
     <span class='ocr_line' id='line_1_60' title="bbox 1304 832 2290 876; baseline 0.004 -12"><span class='ocrx_word' id='word_1_368' title='bbox 1304 832 1478 872; x_wconf 88' lang='lat' dir='ltr'>materias,</span> <span class='ocrx_word' id='word_1_369' title='bbox 1507 844 1550 865; x_wconf 91' lang='lat' dir='ltr'>ne</span> <span class='ocrx_word' id='word_1_370' title='bbox 1566 834 1641 865; x_wconf 89' lang='lat' dir='ltr'>sine</span> <span class='ocrx_word' id='word_1_371' title='bbox 1659 832 1862 865; x_wconf 78' lang='lat' dir='ltr'>discrImine</span> <span class='ocrx_word' id='word_1_372' title='bbox 1876 833 1994 866; x_wconf 90' lang='lat' dir='ltr'>omnia</span> <span class='ocrx_word' id='word_1_373' title='bbox 2011 833 2170 867; x_wconf 89' lang='lat' dir='ltr'>omnium</span> <span class='ocrx_word' id='word_1_374' title='bbox 2186 833 2290 876; x_wconf 80' lang='lat' dir='ltr'>dicta,</span> 
     </span>
     <span class='ocr_line' id='line_1_61' title="bbox 1305 883 2292 928; baseline 0.003 -13"><span class='ocrx_word' id='word_1_375' title='bbox 1305 890 1363 916; x_wconf 90' lang='lat' dir='ltr'>aut</span> <span class='ocrx_word' id='word_1_376' title='bbox 1382 894 1504 916; x_wconf 81' lang='lat' dir='ltr'>omnes</span> <span class='ocrx_word' id='word_1_377' title='bbox 1524 890 1678 916; x_wconf 86' lang='lat' dir='ltr'>veterum</span> <span class='ocrx_word' id='word_1_378' title='bbox 1698 883 1785 916; x_wconf 90' lang='lat' dir='ltr'>ritus</span> <span class='ocrx_word' id='word_1_379' title='bbox 1803 895 1865 927; x_wconf 88' lang='lat' dir='ltr'>pro</span> <span class='ocrx_word' id='word_1_380' title='bbox 1892 884 2094 917; x_wconf 82' lang='lat' dir='ltr'>necessariis</span> <span class='ocrx_word' id='word_1_381' title='bbox 2118 885 2292 928; x_wconf 88' lang='lat' dir='ltr'>recipian-</span> 
     </span>
     <span class='ocr_line' id='line_1_62' title="bbox 1304 932 2291 979; baseline 0.002 -13"><span class='ocrx_word' id='word_1_382' title='bbox 1304 939 1372 967; x_wconf 90' lang='lat' dir='ltr'>tur.</span> <span class='ocrx_word' id='word_1_383' title='bbox 1427 932 1525 967; x_wconf 92' lang='lat' dir='ltr'>Sicut</span> <span class='ocrx_word' id='word_1_384' title='bbox 1543 934 1653 977; x_wconf 90' lang='lat' dir='ltr'>inepti</span> <span class='ocrx_word' id='word_1_385' title='bbox 1670 934 1812 978; x_wconf 89' lang='lat' dir='ltr'>quidam</span> <span class='ocrx_word' id='word_1_386' title='bbox 1833 934 1878 967; x_wconf 87' lang='lat' dir='ltr'>ita</span> <span class='ocrx_word' id='word_1_387' title='bbox 1895 934 2118 968; x_wconf 89' lang='lat' dir='ltr'>admirantur</span> <span class='ocrx_word' id='word_1_388' title='bbox 2133 935 2291 979; x_wconf 85' lang='lat' dir='ltr'>antiqui-</span> 
     </span>
     <span class='ocr_line' id='line_1_63' title="bbox 1305 983 2290 1027; baseline 0.002 -10"><span class='ocrx_word' id='word_1_389' title='bbox 1305 991 1432 1022; x_wconf 82' lang='lat' dir='ltr'>tatem,</span> <span class='ocrx_word' id='word_1_390' title='bbox 1473 990 1512 1017; x_wconf 91' lang='lat' dir='ltr'>ut</span> <span class='ocrx_word' id='word_1_391' title='bbox 1542 995 1664 1016; x_wconf 88' lang='lat' dir='ltr'>omnes</span> <span class='ocrx_word' id='word_1_392' title='bbox 1695 991 1835 1027; x_wconf 82' lang='lat' dir='ltr'>veteres¹</span> <span class='ocrx_word' id='word_1_393' title='bbox 1859 984 1947 1017; x_wconf 93' lang='lat' dir='ltr'>ritus</span> <span class='ocrx_word' id='word_1_394' title='bbox 1982 983 2156 1018; x_wconf 84' lang='lat' dir='ltr'>humanos</span> <span class='ocrx_word' id='word_1_395' title='bbox 2179 985 2290 1020; x_wconf 87' lang='lat' dir='ltr'>velint</span> 
     </span>
     <span class='ocr_line' id='line_1_64' title="bbox 1307 1034 2290 1079; baseline 0.001 -11"><span class='ocrx_word' id='word_1_396' title='bbox 1307 1034 1456 1073; x_wconf 86' lang='lat' dir='ltr'>restitui,</span> <span class='ocrx_word' id='word_1_397' title='bbox 1482 1034 1628 1077; x_wconf 90' lang='lat' dir='ltr'>perinde</span> <span class='ocrx_word' id='word_1_398' title='bbox 1641 1046 1680 1067; x_wconf 85' lang='lat' dir='ltr'>ac</span> <span class='ocrx_word' id='word_1_399' title='bbox 1698 1035 1727 1067; x_wconf 90' lang='lat' dir='ltr'>si</span> <span class='ocrx_word' id='word_1_400' title='bbox 1746 1047 1840 1068; x_wconf 92' lang='lat' dir='ltr'>nunc</span> <span class='ocrx_word' id='word_1_401' title='bbox 1857 1035 1967 1068; x_wconf 85' lang='lat' dir='ltr'>velint</span> <span class='ocrx_word' id='word_1_402' title='bbox 1984 1035 2149 1079; x_wconf 83' lang='lat' dir='ltr'>Spartani</span> <span class='ocrx_word' id='word_1_403' title='bbox 2167 1048 2290 1070; x_wconf 88' lang='lat' dir='ltr'>omnes</span> 
     </span>
     <span class='ocr_line' id='line_1_65' title="bbox 1307 1083 2290 1128; baseline 0.003 -10"><span class='ocrx_word' id='word_1_404' title='bbox 1307 1092 1438 1118; x_wconf 77' lang='lat' dir='ltr'>veteres</span> <span class='ocrx_word' id='word_1_405' title='bbox 1465 1085 1554 1117; x_wconf 89' lang='lat' dir='ltr'>ritus</span> <span class='ocrx_word' id='word_1_406' title='bbox 1577 1097 1658 1118; x_wconf 90' lang='lat' dir='ltr'>suae</span> <span class='ocrx_word' id='word_1_407' title='bbox 1682 1083 1835 1128; x_wconf 87' lang='lat' dir='ltr'>Reipub.</span> <span class='ocrx_word' id='word_1_408' title='bbox 1860 1085 2065 1127; x_wconf 80' lang='lat' dir='ltr'>instituere,</span> <span class='ocrx_word' id='word_1_409' title='bbox 2099 1099 2178 1120; x_wconf 83' lang='lat' dir='ltr'>curn</span> <span class='ocrx_word' id='word_1_410' title='bbox 2201 1087 2290 1121; x_wconf 83' lang='lat' dir='ltr'>ritus</span> 
     </span>
     <span class='ocr_line' id='line_1_66' title="bbox 1307 1134 2292 1180; baseline 0.002 -11"><span class='ocrx_word' id='word_1_411' title='bbox 1307 1137 1350 1169; x_wconf 81' lang='lat' dir='ltr'>ab</span> <span class='ocrx_word' id='word_1_412' title='bbox 1370 1134 1574 1169; x_wconf 83' lang='lat' dir='ltr'>hominibus</span> <span class='ocrx_word' id='word_1_413' title='bbox 1592 1135 1776 1178; x_wconf 85' lang='lat' dir='ltr'>excogitati</span> <span class='ocrx_word' id='word_1_414' title='bbox 1801 1136 1929 1179; x_wconf 88' lang='lat' dir='ltr'>partim</span> <span class='ocrx_word' id='word_1_415' title='bbox 1954 1136 2024 1170; x_wconf 88' lang='lat' dir='ltr'>sint</span> <span class='ocrx_word' id='word_1_416' title='bbox 2047 1137 2183 1178; x_wconf 86' lang='lat' dir='ltr'>vitiosi,</span> <span class='ocrx_word' id='word_1_417' title='bbox 2210 1149 2292 1180; x_wconf 85' lang='lat' dir='ltr'>par-</span> 
     </span>
     <span class='ocr_line' id='line_1_67' title="bbox 1309 1186 2295 1231; baseline 0.002 -11"><span class='ocrx_word' id='word_1_418' title='bbox 1309 1187 1370 1220; x_wconf 90' lang='lat' dir='ltr'>tim</span> <span class='ocrx_word' id='word_1_419' title='bbox 1392 1187 1525 1220; x_wconf 82' lang='lat' dir='ltr'>etiamsi</span> <span class='ocrx_word' id='word_1_420' title='bbox 1549 1194 1633 1220; x_wconf 91' lang='lat' dir='ltr'>sunt</span> <span class='ocrx_word' id='word_1_421' title='bbox 1658 1186 1876 1231; x_wconf 85' lang='lat' dir='ltr'>probabiles,</span> <span class='ocrx_word' id='word_1_422' title='bbox 1903 1193 2020 1221; x_wconf 87' lang='lat' dir='ltr'>tamen</span> <span class='ocrx_word' id='word_1_423' title='bbox 2037 1200 2110 1221; x_wconf 92' lang='lat' dir='ltr'>non</span> <span class='ocrx_word' id='word_1_424' title='bbox 2127 1188 2295 1223; x_wconf 81' lang='lat' dir='ltr'>omnibus</span> 
     </span>
     <span class='ocr_line' id='line_1_68' title="bbox 1309 1237 1754 1282; baseline -0.002 -11"><span class='ocrx_word' id='word_1_425' title='bbox 1309 1237 1525 1282; x_wconf 88' lang='lat' dir='ltr'>temporibus</span> <span class='ocrx_word' id='word_1_426' title='bbox 1544 1244 1754 1279; x_wconf 88' lang='lat' dir='ltr'>congruunt.</span> 
     </span>
    </p>

    <p class='ocr_par' dir='ltr' id='par_1_13' title="bbox 1309 1287 2295 1583">
     <span class='ocr_line' id='line_1_69' title="bbox 1407 1287 2295 1333; baseline 0.005 -13"><span class='ocrx_word' id='word_1_427' title='bbox 1407 1288 1573 1333; x_wconf 84' lang='lat' dir='ltr'>Synodus</span> <span class='ocrx_word' id='word_1_428' title='bbox 1597 1287 1901 1322; x_wconf 75' lang='lat' dir='ltr'>&#39;Neocaesariensis</span> <span class='ocrx_word' id='word_1_429' title='bbox 1927 1294 2037 1326; x_wconf 87' lang='lat' dir='ltr'>vetat,</span> <span class='ocrx_word' id='word_1_430' title='bbox 2064 1300 2108 1322; x_wconf 88' lang='lat' dir='ltr'>ne</span> <span class='ocrx_word' id='word_1_431' title='bbox 2132 1290 2295 1324; x_wconf 86' lang='lat' dir='ltr'>sacerdo-</span> 
     </span>
     <span class='ocr_line' id='line_1_70' title="bbox 1309 1338 2293 1385; baseline 0.003 -14"><span class='ocrx_word' id='word_1_432' title='bbox 1309 1345 1359 1372; x_wconf 86' lang='lat' dir='ltr'>tes</span> <span class='ocrx_word' id='word_1_433' title='bbox 1375 1340 1541 1371; x_wconf 82' lang='lat' dir='ltr'>accedant</span> <span class='ocrx_word' id='word_1_434' title='bbox 1561 1339 1602 1371; x_wconf 91' lang='lat' dir='ltr'>ad</span> <span class='ocrx_word' id='word_1_435' title='bbox 1633 1338 1794 1371; x_wconf 84' lang='lat' dir='ltr'>convivia</span> <span class='ocrx_word' id='word_1_436' title='bbox 1821 1340 2051 1372; x_wconf 89' lang='lat' dir='ltr'>secundarum</span> <span class='ocrx_word' id='word_1_437' title='bbox 2076 1340 2293 1385; x_wconf 83' lang='lat' dir='ltr'>nuptiarum,</span> 
     </span>
     <span class='ocr_line' id='line_1_71' title="bbox 1309 1388 2292 1432; baseline 0.001 -10"><span class='ocrx_word' id='word_1_438' title='bbox 1309 1401 1352 1422; x_wconf 89' lang='lat' dir='ltr'>ne</span> <span class='ocrx_word' id='word_1_439' title='bbox 1369 1400 1424 1421; x_wconf 86' lang='lat' dir='ltr'>eas</span> <span class='ocrx_word' id='word_1_440' title='bbox 1442 1389 1629 1421; x_wconf 86' lang='lat' dir='ltr'>videantur</span> <span class='ocrx_word' id='word_1_441' title='bbox 1647 1389 1852 1432; x_wconf 85' lang='lat' dir='ltr'>approbare.</span> <span class='ocrx_word' id='word_1_442' title='bbox 1896 1388 2000 1421; x_wconf 89' lang='lat' dir='ltr'>Tales</span> <span class='ocrx_word' id='word_1_443' title='bbox 2018 1388 2188 1422; x_wconf 82' lang='lat' dir='ltr'>ridiculae</span> <span class='ocrx_word' id='word_1_444' title='bbox 2207 1402 2292 1423; x_wconf 89' lang='lat' dir='ltr'>con-</span> 
     </span>
     <span class='ocr_line' id='line_1_72' title="bbox 1309 1439 2292 1483; baseline 0.003 -11"><span class='ocrx_word' id='word_1_445' title='bbox 1309 1439 1509 1473; x_wconf 89' lang='lat' dir='ltr'>stitutiones</span> <span class='ocrx_word' id='word_1_446' title='bbox 1537 1439 1666 1472; x_wconf 82' lang='lat' dir='ltr'>multae</span> <span class='ocrx_word' id='word_1_447' title='bbox 1691 1440 1794 1472; x_wconf 90' lang='lat' dir='ltr'>bonis</span> <span class='ocrx_word' id='word_1_448' title='bbox 1823 1439 1996 1472; x_wconf 74' lang='lat' dir='ltr'>admixtae</span> <span class='ocrx_word' id='word_1_449' title='bbox 2020 1446 2114 1475; x_wconf 91' lang='lat' dir='ltr'>sunt.</span> <span class='ocrx_word' id='word_1_450' title='bbox 2173 1439 2292 1483; x_wconf 85' lang='lat' dir='ltr'>Quare</span> 
     </span>
     <span class='ocr_line' id='line_1_73' title="bbox 1310 1487 2294 1528; baseline 0.002 -6"><span class='ocrx_word' id='word_1_451' title='bbox 1310 1491 1462 1523; x_wconf 75' lang='lat' dir='ltr'>delectus</span> <span class='ocrx_word' id='word_1_452' title='bbox 1485 1487 1668 1522; x_wconf 83' lang='lat' dir='ltr'>habendus</span> <span class='ocrx_word' id='word_1_453' title='bbox 1694 1497 1762 1528; x_wconf 89' lang='lat' dir='ltr'>est,</span> <span class='ocrx_word' id='word_1_454' title='bbox 1798 1502 1862 1523; x_wconf 88' lang='lat' dir='ltr'>nec</span> <span class='ocrx_word' id='word_1_455' title='bbox 1893 1496 2023 1523; x_wconf 85' lang='lat' dir='ltr'>temere</span> <span class='ocrx_word' id='word_1_456' title='bbox 2047 1490 2213 1524; x_wconf 89' lang='lat' dir='ltr'>omnibus</span> <span class='ocrx_word' id='word_1_457' title='bbox 2238 1491 2294 1525; x_wconf 89' lang='lat' dir='ltr'>di-</span> 
     </span>
     <span class='ocr_line' id='line_1_74' title="bbox 1310 1541 1865 1583; baseline -0.004 -9"><span class='ocrx_word' id='word_1_458' title='bbox 1310 1541 1372 1574; x_wconf 87' lang='lat' dir='ltr'>ctis</span> <span class='ocrx_word' id='word_1_459' title='bbox 1391 1548 1545 1573; x_wconf 81' lang='lat' dir='ltr'>veterum</span> <span class='ocrx_word' id='word_1_460' title='bbox 1565 1541 1865 1583; x_wconf 86' lang='lat' dir='ltr'>applaudendum.</span> 
     </span>
    </p>

    <p class='ocr_par' dir='ltr' id='par_1_14' title="bbox 1311 1589 2297 1990">
     <span class='ocr_line' id='line_1_75' title="bbox 1414 1589 2297 1635; baseline 0.003 -12"><span class='ocrx_word' id='word_1_461' title='bbox 1414 1589 1520 1623; x_wconf 83' lang='lat' dir='ltr'>Anno</span> <span class='ocrx_word' id='word_1_462' title='bbox 1546 1590 1691 1623; x_wconf 82' lang='lat' dir='ltr'>Domini</span> <span class='ocrx_word' id='word_1_463' title='bbox 1717 1591 1800 1625; x_wconf 74' lang='lat'><strong>324.</strong></span> <span class='ocrx_word' id='word_1_464' title='bbox 1828 1590 1959 1623; x_wconf 84' lang='lat' dir='ltr'>Nicena</span> <span class='ocrx_word' id='word_1_465' title='bbox 1983 1590 2138 1635; x_wconf 89' lang='lat' dir='ltr'>synodus</span> <span class='ocrx_word' id='word_1_466' title='bbox 2159 1602 2178 1624; x_wconf 85' lang='lat' dir='ltr'>a</span> <span class='ocrx_word' id='word_1_467' title='bbox 2201 1590 2297 1626; x_wconf 93' lang='lat' dir='ltr'>Con-</span> 
     </span>
     <span class='ocr_line' id='line_1_76' title="bbox 1311 1640 2295 1686; baseline 0.003 -12"><span class='ocrx_word' id='word_1_468' title='bbox 1311 1642 1465 1674; x_wconf 89' lang='lat' dir='ltr'>stantino</span> <span class='ocrx_word' id='word_1_469' title='bbox 1484 1648 1673 1674; x_wconf 88' lang='lat' dir='ltr'>convocata</span> <span class='ocrx_word' id='word_1_470' title='bbox 1692 1648 1759 1681; x_wconf 89' lang='lat' dir='ltr'>est,</span> <span class='ocrx_word' id='word_1_471' title='bbox 1786 1641 1823 1674; x_wconf 91' lang='lat' dir='ltr'>in</span> <span class='ocrx_word' id='word_1_472' title='bbox 1848 1652 1916 1686; x_wconf 92' lang='lat' dir='ltr'>qua</span> <span class='ocrx_word' id='word_1_473' title='bbox 1934 1641 2083 1684; x_wconf 80' lang='lat' dir='ltr'>praefuit</span> <span class='ocrx_word' id='word_1_474' title='bbox 2100 1640 2295 1677; x_wconf 79' lang='lat' dir='ltr'>Antioche-</span> 
     </span>
     <span class='ocr_line' id='line_1_77' title="bbox 1313 1689 2296 1737; baseline 0.003 -13"><span class='ocrx_word' id='word_1_475' title='bbox 1313 1704 1378 1725; x_wconf 89' lang='lat' dir='ltr'>nus</span> <span class='ocrx_word' id='word_1_476' title='bbox 1399 1690 1595 1736; x_wconf 87' lang='lat' dir='ltr'>Episcopus</span> <span class='ocrx_word' id='word_1_477' title='bbox 1621 1690 1838 1725; x_wconf 82' lang='lat' dir='ltr'>Eustathius.</span> <span class='ocrx_word' id='word_1_478' title='bbox 1902 1690 1943 1723; x_wconf 92' lang='lat' dir='ltr'>ln</span> <span class='ocrx_word' id='word_1_479' title='bbox 1969 1689 2033 1724; x_wconf 83' lang='lat' dir='ltr'>hac</span> <span class='ocrx_word' id='word_1_480' title='bbox 2057 1693 2194 1737; x_wconf 93' lang='lat' dir='ltr'>synodo</span> <span class='ocrx_word' id='word_1_481' title='bbox 2217 1704 2296 1736; x_wconf 85' lang='lat' dir='ltr'>gra-</span> 
     </span>
     <span class='ocr_line' id='line_1_78' title="bbox 1313 1741 2295 1786; baseline 0.004 -12"><span class='ocrx_word' id='word_1_482' title='bbox 1313 1743 1472 1776; x_wconf 83' lang='lat' dir='ltr'>vissimae</span> <span class='ocrx_word' id='word_1_483' title='bbox 1488 1743 1747 1775; x_wconf 84' lang='lat' dir='ltr'>controversiae</span> <span class='ocrx_word' id='word_1_484' title='bbox 1762 1744 1964 1785; x_wconf 85' lang='lat' dir='ltr'>dogmatum</span> <span class='ocrx_word' id='word_1_485' title='bbox 1980 1741 2190 1776; x_wconf 87' lang='lat' dir='ltr'>diiudicatae</span> <span class='ocrx_word' id='word_1_486' title='bbox 2202 1751 2295 1786; x_wconf 87' lang='lat' dir='ltr'>suut,</span> 
     </span>
     <span class='ocr_line' id='line_1_79' title="bbox 1313 1792 2294 1831; baseline 0.002 -5"><span class='ocrx_word' id='word_1_487' title='bbox 1313 1801 1346 1826; x_wconf 90' lang='lat' dir='ltr'>et</span> <span class='ocrx_word' id='word_1_488' title='bbox 1364 1801 1455 1827; x_wconf 89' lang='lat' dir='ltr'>recte</span> <span class='ocrx_word' id='word_1_489' title='bbox 1471 1793 1629 1826; x_wconf 89' lang='lat' dir='ltr'>damnati</span> <span class='ocrx_word' id='word_1_490' title='bbox 1647 1800 1728 1826; x_wconf 89' lang='lat' dir='ltr'>sunt</span> <span class='ocrx_word' id='word_1_491' title='bbox 1750 1805 1884 1826; x_wconf 91' lang='lat' dir='ltr'>errores</span> <span class='ocrx_word' id='word_1_492' title='bbox 1901 1792 2120 1826; x_wconf 86' lang='lat' dir='ltr'>Samosateni</span> <span class='ocrx_word' id='word_1_493' title='bbox 2137 1800 2170 1827; x_wconf 83' lang='lat' dir='ltr'>et</span> <span class='ocrx_word' id='word_1_494' title='bbox 2185 1792 2294 1831; x_wconf 86' lang='lat' dir='ltr'>Arrii.</span> 
     </span>
     <span class='ocr_line' id='line_1_80' title="bbox 1313 1842 2295 1889; baseline 0 -11"><span class='ocrx_word' id='word_1_495' title='bbox 1313 1844 1398 1878; x_wconf 88' lang='lat' dir='ltr'>Item</span> <span class='ocrx_word' id='word_1_496' title='bbox 1425 1842 1677 1884; x_wconf 89' lang='lat' dir='ltr'>Catharorum‚</span> <span class='ocrx_word' id='word_1_497' title='bbox 1704 1845 1765 1888; x_wconf 89' lang='lat' dir='ltr'>qui</span> <span class='ocrx_word' id='word_1_498' title='bbox 1788 1844 1903 1889; x_wconf 86' lang='lat' dir='ltr'>lapsos</span> <span class='ocrx_word' id='word_1_499' title='bbox 1927 1844 2099 1886; x_wconf 82' lang='lat' dir='ltr'>negabant</span> <span class='ocrx_word' id='word_1_500' title='bbox 2123 1845 2295 1888; x_wconf 87' lang='lat' dir='ltr'>recipien-</span> 
     </span>
     <span class='ocr_line' id='line_1_81' title="bbox 1314 1894 2292 1938; baseline 0.001 -10"><span class='ocrx_word' id='word_1_501' title='bbox 1314 1897 1375 1929; x_wconf 90' lang='lat' dir='ltr'>dos</span> <span class='ocrx_word' id='word_1_502' title='bbox 1402 1907 1493 1936; x_wconf 87' lang='lat' dir='ltr'>esse,</span> <span class='ocrx_word' id='word_1_503' title='bbox 1521 1907 1558 1928; x_wconf 92' lang='lat' dir='ltr'>ac</span> <span class='ocrx_word' id='word_1_504' title='bbox 1583 1895 1758 1938; x_wconf 85' lang='lat' dir='ltr'>negabant</span> <span class='ocrx_word' id='word_1_505' title='bbox 1781 1907 1839 1928; x_wconf 93' lang='lat' dir='ltr'>eos</span> <span class='ocrx_word' id='word_1_506' title='bbox 1862 1894 2026 1938; x_wconf 89' lang='lat' dir='ltr'>consequi</span> <span class='ocrx_word' id='word_1_507' title='bbox 2052 1894 2292 1929; x_wconf 89' lang='lat' dir='ltr'>remissionem</span> 
     </span>
     <span class='ocr_line' id='line_1_82' title="bbox 1314 1953 1549 1990; baseline -0.017 -10"><span class='ocrx_word' id='word_1_508' title='bbox 1314 1953 1549 1990; x_wconf 85' lang='lat' dir='ltr'>peccatorum.</span> 
     </span>
    </p>

    <p class='ocr_par' dir='ltr' id='par_1_15' title="bbox 1314 1994 2297 2141">
     <span class='ocr_line' id='line_1_83' title="bbox 1413 1994 2295 2040; baseline 0.001 -11"><span class='ocrx_word' id='word_1_509' title='bbox 1413 1996 1536 2029; x_wconf 85' lang='lat' dir='ltr'>Postea</span> <span class='ocrx_word' id='word_1_510' title='bbox 1561 1995 1702 2039; x_wconf 89' lang='lat' dir='ltr'>politica</span> <span class='ocrx_word' id='word_1_511' title='bbox 1729 1995 1898 2040; x_wconf 86' lang='lat' dir='ltr'>quaedam</span> <span class='ocrx_word' id='word_1_512' title='bbox 1929 1994 2090 2028; x_wconf 85' lang='lat' dir='ltr'>ordinata</span> <span class='ocrx_word' id='word_1_513' title='bbox 2117 2002 2217 2033; x_wconf 89' lang='lat' dir='ltr'>sunt,</span> <span class='ocrx_word' id='word_1_514' title='bbox 2251 1997 2295 2030; x_wconf 89' lang='lat' dir='ltr'>de</span> 
     </span>
     <span class='ocr_line' id='line_1_84' title="bbox 1314 2044 2294 2091; baseline 0 -11"><span class='ocrx_word' id='word_1_515' title='bbox 1314 2047 1566 2091; x_wconf 83' lang='lat' dir='ltr'>gubernatione</span> <span class='ocrx_word' id='word_1_516' title='bbox 1583 2045 1837 2085; x_wconf 89' lang='lat' dir='ltr'>Ecclesiarum,</span> <span class='ocrx_word' id='word_1_517' title='bbox 1864 2051 1900 2077; x_wconf 87' lang='lat' dir='ltr'>ut</span> <span class='ocrx_word' id='word_1_518' title='bbox 1926 2045 2189 2079; x_wconf 81' lang='lat' dir='ltr'>Alexandrinus</span> <span class='ocrx_word' id='word_1_519' title='bbox 2205 2044 2294 2091; x_wconf 85' lang='lat' dir='ltr'>Epi-</span> 
     </span>
     <span class='ocr_line' id='line_1_85' title="bbox 1314 2093 2297 2141; baseline -0.001 -10"><span class='ocrx_word' id='word_1_520' title='bbox 1314 2110 1437 2141; x_wconf 87' lang='lat' dir='ltr'>scopus</span> <span class='ocrx_word' id='word_1_521' title='bbox 1463 2103 1632 2140; x_wconf 76' lang='lat' dir='ltr'>praeesset</span> <span class='ocrx_word' id='word_1_522' title='bbox 1655 2094 1832 2129; x_wconf 81' lang='lat' dir='ltr'>Ecclesiae</span> <span class='ocrx_word' id='word_1_523' title='bbox 1851 2093 2031 2136; x_wconf 86' lang='lat' dir='ltr'>Orientis,</span> <span class='ocrx_word' id='word_1_524' title='bbox 2065 2103 2096 2129; x_wconf 88' lang='lat' dir='ltr'>et</span> <span class='ocrx_word' id='word_1_525' title='bbox 2114 2094 2297 2130; x_wconf 80' lang='lat' dir='ltr'>Romanus</span> 
     </span>
    </p>
   </div>
   <div class='ocr_carea' id='block_1_13' title="bbox 1285 2145 2296 2192">
    <p class='ocr_par' dir='ltr' id='par_1_16' title="bbox 1285 2145 2296 2192">
     <span class='ocr_line' id='line_1_86' title="bbox 1285 2145 2296 2192; baseline -0.001 -10"><span class='ocrx_word' id='word_1_526' title='bbox 1285 2161 1287 2163; x_wconf 66' lang='grc'><strong><em>’</em></strong></span> <span class='ocrx_word' id='word_1_527' title='bbox 1312 2148 1475 2183; x_wconf 86' lang='lat' dir='ltr'>Ecclesiis</span> <span class='ocrx_word' id='word_1_528' title='bbox 1500 2147 1682 2180; x_wconf 83' lang='lat' dir='ltr'>nationum</span> <span class='ocrx_word' id='word_1_529' title='bbox 1702 2146 1915 2180; x_wconf 70' lang='lat' dir='ltr'>vicinarum:</span> <span class='ocrx_word' id='word_1_530' title='bbox 1944 2146 2045 2184; x_wconf 87' lang='lat' dir='ltr'>item,</span> <span class='ocrx_word' id='word_1_531' title='bbox 2069 2153 2107 2179; x_wconf 90' lang='lat' dir='ltr'>ut</span> <span class='ocrx_word' id='word_1_532' title='bbox 2129 2145 2296 2192; x_wconf 87' lang='lat' dir='ltr'>Episcopi</span> 
     </span>
    </p>
   </div>
   <div class='ocr_carea' id='block_1_14' title="bbox 1313 2195 2295 2446">
    <p class='ocr_par' dir='ltr' id='par_1_17' title="bbox 1314 2195 2295 2334">
     <span class='ocr_line' id='line_1_87' title="bbox 1314 2195 2294 2241; baseline -0.001 -9"><span class='ocrx_word' id='word_1_533' title='bbox 1314 2199 1523 2232; x_wconf 86' lang='lat' dir='ltr'>ordinentur</span> <span class='ocrx_word' id='word_1_534' title='bbox 1555 2210 1573 2230; x_wconf 88' lang='lat' dir='ltr'>a</span> <span class='ocrx_word' id='word_1_535' title='bbox 1602 2198 1727 2230; x_wconf 74' lang='lat' dir='ltr'>vicinis</span> <span class='ocrx_word' id='word_1_536' title='bbox 1754 2195 1951 2241; x_wconf 80' lang='lat' dir='ltr'>EpiscopiS.</span> <span class='ocrx_word' id='word_1_537' title='bbox 2026 2196 2121 2229; x_wconf 86' lang='lat' dir='ltr'>Haec</span> <span class='ocrx_word' id='word_1_538' title='bbox 2154 2198 2294 2241; x_wconf 82' lang='lat' dir='ltr'>politica</span> 
     </span>
     <span class='ocr_line' id='line_1_88' title="bbox 1314 2244 2295 2293; baseline -0.001 -10"><span class='ocrx_word' id='word_1_539' title='bbox 1314 2250 1376 2283; x_wconf 87' lang='lat' dir='ltr'>etsi</span> <span class='ocrx_word' id='word_1_540' title='bbox 1401 2256 1481 2282; x_wconf 89' lang='lat' dir='ltr'>sunt</span> <span class='ocrx_word' id='word_1_541' title='bbox 1509 2249 1628 2289; x_wconf 85' lang='lat' dir='ltr'>utilia,</span> <span class='ocrx_word' id='word_1_542' title='bbox 1665 2255 1780 2282; x_wconf 87' lang='lat' dir='ltr'>tamen</span> <span class='ocrx_word' id='word_1_543' title='bbox 1806 2259 1879 2280; x_wconf 90' lang='lat' dir='ltr'>non</span> <span class='ocrx_word' id='word_1_544' title='bbox 1907 2247 2070 2280; x_wconf 78' lang='lat' dir='ltr'>volebant</span> <span class='ocrx_word' id='word_1_545' title='bbox 2090 2244 2211 2281; x_wconf 86' lang='lat' dir='ltr'>haberi</span> <span class='ocrx_word' id='word_1_546' title='bbox 2232 2261 2295 2293; x_wconf 93' lang='lat' dir='ltr'>pro</span> 
     </span>
     <span class='ocr_line' id='line_1_89' title="bbox 1314 2300 1586 2334; baseline -0.011 0"><span class='ocrx_word' id='word_1_547' title='bbox 1314 2300 1471 2334; x_wconf 80' lang='lat' dir='ltr'>articulis</span> <span class='ocrx_word' id='word_1_548' title='bbox 1494 2300 1586 2331; x_wconf 83' lang='lat' dir='ltr'>fidei.</span> 
     </span>
    </p>

    <p class='ocr_par' dir='ltr' id='par_1_18' title="bbox 1313 2348 2294 2446">
     <span class='ocr_line' id='line_1_90' title="bbox 1416 2348 2294 2393; baseline -0.001 -9"><span class='ocrx_word' id='word_1_549' title='bbox 1416 2350 1538 2383; x_wconf 84' lang='lat' dir='ltr'>Tertio</span> <span class='ocrx_word' id='word_1_550' title='bbox 1578 2349 1791 2382; x_wconf 83' lang='lat' dir='ltr'>addiderunt</span> <span class='ocrx_word' id='word_1_551' title='bbox 1827 2348 1997 2393; x_wconf 86' lang='lat' dir='ltr'>quaedam</span> <span class='ocrx_word' id='word_1_552' title='bbox 2036 2349 2294 2391; x_wconf 87' lang='lat' dir='ltr'>ceremonialia,</span> 
     </span>
     <span class='ocr_line' id='line_1_91' title="bbox 1313 2399 2290 2446; baseline 0 -12"><span class='ocrx_word' id='word_1_553' title='bbox 1313 2402 1474 2434; x_wconf 85' lang='lat' dir='ltr'>videlicet</span> <span class='ocrx_word' id='word_1_554' title='bbox 1493 2400 1653 2434; x_wconf 87' lang='lat' dir='ltr'>Canones</span> <span class='ocrx_word' id='word_1_555' title='bbox 1672 2399 1924 2443; x_wconf 86' lang='lat' dir='ltr'>poenitentiae,</span> <span class='ocrx_word' id='word_1_556' title='bbox 1953 2404 1991 2431; x_wconf 89' lang='lat' dir='ltr'>ut</span> <span class='ocrx_word' id='word_1_557' title='bbox 2012 2399 2202 2439; x_wconf 80' lang='lat' dir='ltr'>vocabant,</span> <span class='ocrx_word' id='word_1_558' title='bbox 2231 2401 2290 2446; x_wconf 86' lang='lat' dir='ltr'>qui</span> 
     </span>
    </p>
   </div>
   <div class='ocr_carea' id='block_1_15' title="bbox 286 2446 2291 2506">
    <p class='ocr_par' dir='ltr' id='par_1_19' title="bbox 286 2446 2291 2506">
     <span class='ocr_line' id='line_1_92' title="bbox 286 2446 2291 2506; baseline -0.008 -6"><span class='ocrx_word' id='word_1_559' title='bbox 286 2470 445 2500; x_wconf 71' lang='lat' dir='ltr'>(lerenius</span> <span class='ocrx_word' id='word_1_560' title='bbox 471 2464 680 2506; x_wconf 76' lang='lat' dir='ltr'>Evangelio,</span> <span class='ocrx_word' id='word_1_561' title='bbox 710 2463 776 2495; x_wconf 91' lang='lat' dir='ltr'>nisi</span> <span class='ocrx_word' id='word_1_562' title='bbox 802 2459 956 2494; x_wconf 85' lang='lat' dir='ltr'>Ecclesia</span> <span class='ocrx_word' id='word_1_563' title='bbox 982 2458 1121 2490; x_wconf 86' lang='lat' dir='ltr'>doceret</span> <span class='ocrx_word' id='word_1_564' title='bbox 1144 2468 1208 2488; x_wconf 89' lang='lat' dir='ltr'>nos</span> <span class='ocrx_word' id='word_1_565' title='bbox 1233 2462 1265 2489; x_wconf 87' lang='lat' dir='ltr'>et</span> <span class='ocrx_word' id='word_1_566' title='bbox 1289 2446 1293 2484; x_wconf 78' lang='lat' dir='ltr'>l</span> <span class='ocrx_word' id='word_1_567' title='bbox 1314 2453 1414 2485; x_wconf 92' lang='lat' dir='ltr'>initio</span> <span class='ocrx_word' id='word_1_568' title='bbox 1436 2452 1553 2484; x_wconf 92' lang='lat' dir='ltr'>minus</span> <span class='ocrx_word' id='word_1_569' title='bbox 1571 2451 1648 2483; x_wconf 89' lang='lat' dir='ltr'>duri</span> <span class='ocrx_word' id='word_1_570' title='bbox 1669 2457 1785 2490; x_wconf 88' lang='lat' dir='ltr'>erant,</span> <span class='ocrx_word' id='word_1_571' title='bbox 1813 2457 1846 2483; x_wconf 84' lang='lat' dir='ltr'>et</span> <span class='ocrx_word' id='word_1_572' title='bbox 1863 2449 2007 2482; x_wconf 88' lang='lat' dir='ltr'>sortasse</span> <span class='ocrx_word' id='word_1_573' title='bbox 2024 2450 2141 2482; x_wconf 89' lang='lat' dir='ltr'>miuus</span> <span class='ocrx_word' id='word_1_574' title='bbox 2158 2447 2291 2484; x_wconf 85' lang='lat' dir='ltr'>habue-</span> 
     </span>
    </p>
   </div>
   <div class='ocr_carea' id='block_1_16' title="bbox 284 2507 1263 2555">
    <p class='ocr_par' dir='ltr' id='par_1_20' title="bbox 284 2507 1263 2555">
     <span class='ocr_line' id='line_1_93' title="bbox 284 2507 1263 2555; baseline -0.014 -4"><span class='ocrx_word' id='word_1_575' title='bbox 284 2524 485 2555; x_wconf 57' lang='lat' dir='ltr'>testaretur,</span> <span class='ocrx_word' id='word_1_576' title='bbox 533 2513 620 2547; x_wconf 80' lang='lat' dir='ltr'>lianc</span> <span class='ocrx_word' id='word_1_577' title='bbox 645 2514 841 2547; x_wconf 84' lang='lat' dir='ltr'>doctrinam</span> <span class='ocrx_word' id='word_1_578' title='bbox 879 2512 921 2544; x_wconf 89' lang='lat' dir='ltr'>ab</span> <span class='ocrx_word' id='word_1_579' title='bbox 947 2508 1126 2552; x_wconf 84' lang='lat' dir='ltr'>Apostolis</span> <span class='ocrx_word' id='word_1_580' title='bbox 1155 2507 1263 2540; x_wconf 88' lang='lat' dir='ltr'>tradi-</span> 
     </span>
    </p>
   </div>
   <div class='ocr_carea' id='block_1_17' title="bbox 280 2576 1258 2713">
    <p class='ocr_par' dir='ltr' id='par_1_21' title="bbox 280 2576 1258 2713">
     <span class='ocr_line' id='line_1_94' title="bbox 280 2576 459 2603; baseline -0.011 0"><span class='ocrx_word' id='word_1_581' title='bbox 280 2576 349 2603; x_wconf 85' lang='lat' dir='ltr'>tam</span> <span class='ocrx_word' id='word_1_582' title='bbox 376 2579 459 2601; x_wconf 83' lang='lat' dir='ltr'>esse.</span> 
     </span>
     <span class='ocr_line' id='line_1_95' title="bbox 382 2609 1258 2650; baseline -0.009 -2"><span class='ocrx_word' id='word_1_583' title='bbox 382 2617 484 2650; x_wconf 71' lang='lat' dir='ltr'>Valet</span> <span class='ocrx_word' id='word_1_584' title='bbox 505 2615 606 2647; x_wconf 84' lang='lat' dir='ltr'>ctiam</span> <span class='ocrx_word' id='word_1_585' title='bbox 639 2612 702 2646; x_wconf 85' lang='lat' dir='ltr'>hoc</span> <span class='ocrx_word' id='word_1_586' title='bbox 729 2614 859 2645; x_wconf 85' lang='lat' dir='ltr'>dictum</span> <span class='ocrx_word' id='word_1_587' title='bbox 884 2612 925 2644; x_wconf 85' lang='lat' dir='ltr'>ad</span> <span class='ocrx_word' id='word_1_588' title='bbox 953 2609 1136 2643; x_wconf 82' lang='lat' dir='ltr'>refutanda</span> <span class='ocrx_word' id='word_1_589' title='bbox 1169 2619 1258 2640; x_wconf 59' lang='lat' dir='ltr'>nova</span> 
     </span>
     <span class='ocr_line' id='line_1_96' title="bbox 282 2660 1257 2713; baseline -0.012 -9"><span class='ocrx_word' id='word_1_590' title='bbox 282 2672 462 2713; x_wconf 76' lang='lat' dir='ltr'>dogmata,</span> <span class='ocrx_word' id='word_1_591' title='bbox 492 2678 578 2711; x_wconf 87' lang='lat' dir='ltr'>quae</span> <span class='ocrx_word' id='word_1_592' title='bbox 605 2675 785 2709; x_wconf 81' lang='lat' dir='ltr'>nunquam</span> <span class='ocrx_word' id='word_1_593' title='bbox 813 2664 848 2694; x_wconf 85' lang='lat' dir='ltr'>in</span> <span class='ocrx_word' id='word_1_594' title='bbox 874 2661 1026 2696; x_wconf 80' lang='lat' dir='ltr'>Ecclesia</span> <span class='ocrx_word' id='word_1_595' title='bbox 1056 2660 1257 2700; x_wconf 77' lang='lat' dir='ltr'>extiterunt,</span> 
     </span>
    </p>
   </div>
   <div class='ocr_carea' id='block_1_18' title="bbox 1310 2499 2289 2698">
    <p class='ocr_par' dir='ltr' id='par_1_22' title="bbox 1310 2499 2289 2698">
     <span class='ocr_line' id='line_1_97' title="bbox 1313 2499 2287 2546; baseline -0.001 -10"><span class='ocrx_word' id='word_1_596' title='bbox 1313 2510 1396 2537; x_wconf 90' lang='lat' dir='ltr'>runt</span> <span class='ocrx_word' id='word_1_597' title='bbox 1425 2502 1722 2546; x_wconf 67' lang='lat' dir='ltr'>superstitionum.</span> <span class='ocrx_word' id='word_1_598' title='bbox 1798 2499 1865 2533; x_wconf 89' lang='lat' dir='ltr'>Sed</span> <span class='ocrx_word' id='word_1_599' title='bbox 1909 2506 2026 2543; x_wconf 80' lang='lat' dir='ltr'>postea</span> <span class='ocrx_word' id='word_1_600' title='bbox 2059 2502 2168 2534; x_wconf 83' lang='lat' dir='ltr'>crevit</span> <span class='ocrx_word' id='word_1_601' title='bbox 2197 2513 2287 2535; x_wconf 84' lang='lat' dir='ltr'>onus</span> 
     </span>
     <span class='ocr_line' id='line_1_98' title="bbox 1314 2551 2286 2597; baseline -0.001 -11"><span class='ocrx_word' id='word_1_602' title='bbox 1314 2555 1426 2597; x_wconf 83' lang='lat' dir='ltr'>ipsum</span> <span class='ocrx_word' id='word_1_603' title='bbox 1439 2580 1447 2593; x_wconf 84' lang='lat'>,</span> <span class='ocrx_word' id='word_1_604' title='bbox 1475 2559 1507 2585; x_wconf 90' lang='lat' dir='ltr'>et</span> <span class='ocrx_word' id='word_1_605' title='bbox 1528 2553 1635 2585; x_wconf 80' lang='lat' dir='ltr'>crevit</span> <span class='ocrx_word' id='word_1_606' title='bbox 1649 2551 1861 2592; x_wconf 80' lang='lat' dir='ltr'>superstitio,</span> <span class='ocrx_word' id='word_1_607' title='bbox 1890 2557 1922 2583; x_wconf 88' lang='lat' dir='ltr'>et</span> <span class='ocrx_word' id='word_1_608' title='bbox 1943 2556 1992 2583; x_wconf 87' lang='lat' dir='ltr'>est</span> <span class='ocrx_word' id='word_1_609' title='bbox 2008 2551 2191 2585; x_wconf 81' lang='lat' dir='ltr'>obscurata</span> <span class='ocrx_word' id='word_1_610' title='bbox 2208 2563 2286 2595; x_wconf 83' lang='lat' dir='ltr'>gra-</span> 
     </span>
     <span class='ocr_line' id='line_1_99' title="bbox 1310 2599 2288 2644; baseline -0.002 -7"><span class='ocrx_word' id='word_1_611' title='bbox 1310 2605 1395 2637; x_wconf 87' lang='lat' dir='ltr'>tuita</span> <span class='ocrx_word' id='word_1_612' title='bbox 1414 2603 1641 2636; x_wconf 59' lang='lat' dir='ltr'>condonatio:</span> <span class='ocrx_word' id='word_1_613' title='bbox 1671 2601 1789 2644; x_wconf 85' lang='lat' dir='ltr'>Quare</span> <span class='ocrx_word' id='word_1_614' title='bbox 1803 2602 1838 2633; x_wconf 91' lang='lat' dir='ltr'>in</span> <span class='ocrx_word' id='word_1_615' title='bbox 1858 2599 1920 2634; x_wconf 82' lang='lat' dir='ltr'>hac</span> <span class='ocrx_word' id='word_1_616' title='bbox 1935 2613 1971 2633; x_wconf 88' lang='lat' dir='ltr'>re</span> <span class='ocrx_word' id='word_1_617' title='bbox 1987 2607 2100 2644; x_wconf 89' lang='lat' dir='ltr'>patres</span> <span class='ocrx_word' id='word_1_618' title='bbox 2119 2614 2188 2635; x_wconf 89' lang='lat' dir='ltr'>non</span> <span class='ocrx_word' id='word_1_619' title='bbox 2205 2603 2288 2635; x_wconf 71' lang='lat' dir='ltr'>sati·</span> 
     </span>
     <span class='ocr_line' id='line_1_100' title="bbox 1311 2652 2289 2698; baseline -0.001 -9"><span class='ocrx_word' id='word_1_620' title='bbox 1311 2655 1401 2689; x_wconf 89' lang='lat' dir='ltr'>cauti</span> <span class='ocrx_word' id='word_1_621' title='bbox 1428 2655 1582 2688; x_wconf 80' lang='lat' dir='ltr'>suerunt.</span> <span class='ocrx_word' id='word_1_622' title='bbox 1642 2652 1802 2698; x_wconf 78' lang='lat' dir='ltr'>Cumque</span> <span class='ocrx_word' id='word_1_623' title='bbox 1824 2659 1966 2686; x_wconf 88' lang='lat' dir='ltr'>eventus</span> <span class='ocrx_word' id='word_1_624' title='bbox 1994 2659 2112 2696; x_wconf 84' lang='lat' dir='ltr'>postea</span> <span class='ocrx_word' id='word_1_625' title='bbox 2136 2654 2289 2688; x_wconf 76' lang='lat' dir='ltr'>ostendit</span> 
     </span>
    </p>
   </div>
   <div class='ocr_carea' id='block_1_19' title="bbox 2353 0 2415 2799">
    <p class='ocr_par' dir='ltr' id='par_1_23' title="bbox 2353 0 2415 2799">
     <span class='ocr_line' id='line_1_101' title="bbox 2353 0 2415 2799; baseline 0 0"><span class='ocrx_word' id='word_1_626' title='bbox 2353 0 2415 2799; x_wconf 95' lang='lat' dir='ltr'> </span> 
     </span>
    </p>
   </div>
  </div>
 </body>
</html>
