2415 2942
141 76 239 113 1349
370 76 474 113 XIII.
524 77 559 113 7.
586 76 884 115 ENARRATIO
911 76 1068 116 EPIST.
1095 77 1298 117 PRIORIS
1325 78 1393 116 AD
1421 80 1750 120 TIMOTHEUM.
1805 85 1910 124 CAP.
1939 88 2005 127 111.
2087 92 2186 130 1350

239 162 400 197 Primum
432 170 525 198 recte
551 161 619 199 hoc
655 165 725 200 dici
762 172 900 210 potest,
940 165 1129 201 Ministros
1184 164 1313 201 Ariani
1329 174 1447 212 postea
1466 182 1607 215 quoque
1623 169 1777 206 Nicenae
1793 173 1940 221 Synodo
1957 180 2177 215 contradice-

137 212 324 258 Evangelii
361 215 489 249 debere
524 228 682 260 praeesse
719 217 879 258 iudiciis,
930 224 963 251 et
1000 215 1129 252 habere
1182 219 1287 254 bant:
1322 231 1387 254 nec
1416 221 1509 255 valet
1532 222 1722 257 declaratio
1747 233 1892 270 propter
1914 227 2072 263 iudicum
2087 231 2173 275 'gra-

137 268 344 299 mandatum
363 267 582 300 convocandi
601 266 795 302 Ecclesiam
815 269 857 301 ad
877 269 1126 313 cognitionem,

136 323 175 350 ut
190 318 227 350 in
243 315 342 352 Actis
368 330 440 361 cap.
460 315 519 352 15.
542 318 705 363 Apostoli
726 327 892 364 praesunt
919 320 1126 368 cognitioni,

135 375 167 402 et
184 366 356 403 adhibent
374 369 461 402 alios
478 381 517 403 ex
534 377 632 404 coetu
649 371 840 404 seniorum.
890 371 1024 405 Norma
1041 384 1124 405 vero

134 426 184 452 est
207 420 355 453 verbum
385 420 477 461 Dei,
520 427 555 454 et
576 422 752 467 symbola,
797 434 886 467 quae
920 429 1011 456 certe
1042 429 1124 457 sunt

132 471 255 504 breves
271 472 430 513 articuli,
457 472 564 506 sumti
582 479 717 506 tantum
735 485 775 506 ex
793 474 902 507 verbo
920 472 1007 515 Dei,
1027 474 1121 507 iuxta

132 518 225 555 hanc
251 534 413 555 normam
438 535 535 556 nunc
558 524 700 568 quidem
725 531 801 568 post
820 522 1009 568 Apostolos
1024 525 1121 558 iudi-

133 584 211 605 care
228 585 369 607 necesse
388 581 458 615 est,
486 575 581 607 iuxta
600 572 665 608 hoc
686 575 838 614 dictum,
875 575 957 609 Gal.
978 577 1011 611 1.
1028 588 1119 620 cap.:

133 622 172 657 Si
191 624 270 669 quis
286 625 382 657 aliud
401 623 634 669 Evangelium
659 627 777 666 docet,
809 625 994 660 anathema
1012 627 1068 661 sit.

235 674 305 709 Sed
326 676 411 720 quid
429 677 458 709 si
476 677 518 709 sit
539 677 772 720 ambiguitas?
805 676 873 710 Hic
893 678 1044 721 primum
1063 690 1117 711 re-

133 727 308 770 spondeo:
337 727 417 759 Non
435 734 485 760 est
507 728 718 770 ambiguitas
741 729 777 761 in
799 730 1049 767 fundamento,
1082 729 1117 762 id

132 784 202 818 est,
241 777 279 809 in
306 779 465 821 partibus
490 779 672 811 doctrinae
698 780 920 820 necessariis,
955 780 991 812 in
1017 780 1118 813 libris

130 825 365 872 propheticis,
393 829 595 873 apostolicis
624 837 656 863 et
675 831 860 875 symbolis,
890 832 1009 864 dextre
1033 843 1117 863 con-

131 879 293 912 sideratis
312 881 496 914 sententiis
519 881 594 913 sine
619 879 828 923 sophistica,
856 889 889 915 et
907 882 1036 916 collato
1058 882 1115 914 in-

132 938 228 974 tegro
246 931 428 964 doctrinae
446 944 612 974 corpore,
641 931 700 969 Ut,
721 933 856 966 etiamsi
870 932 1118 967 Samosatenus

131 983 314 1015 contendit
340 994 411 1015 esse
428 983 693 1025 ambiguitatam
720 984 756 1016 in
782 984 892 1017 dicto:
923 982 964 1016 ln
986 984 1119 1027 priuci-

131 1032 188 1076 pio
207 1032 461 1072 eratVerbum‚
491 1043 607 1066 tamen
626 1035 886 1068 circumstantia
906 1042 1018 1068 textus
1039 1047 1116 1067 eum
1145 1046 1147 1078 ᾗ

129 1084 328 1122 convincit,
371 1097 460 1129 quae
491 1085 663 1125 ostendit,
700 1085 857 1119 Verbum
883 1086 933 1118 ibi
967 1086 1118 1128 intelligi
1144 1079 1147 1152 i

128 1141 290 1177 oportere
318 1147 522 1178 personam,
566 1137 646 1180 quia
674 1144 785 1170 textus
815 1138 946 1181 inquit:
984 1134 1117 1170 Omnia
1144 1157 1147 1203 Ι

128 1197 190 1228 per
223 1185 337 1230 ipsum
365 1187 453 1219 sacta
482 1194 574 1220 sunt.
631 1187 732 1220 ltem:
768 1186 813 1221 Et
844 1188 999 1220 Verbum
1037 1200 1118 1221 caro

125 1237 255 1270 sactum
284 1244 345 1270 est.
397 1236 483 1271 Item
512 1235 586 1272 lob.
610 1238 662 1274 8.:
700 1239 901 1283 Antequam
935 1237 1116 1272 Abraham

126 1294 229 1321 natus
254 1295 322 1330 est,
359 1300 422 1332 ego
449 1300 539 1324 sum.
588 1288 652 1324 Et:
687 1288 868 1323 Abraham
905 1290 993 1323 vidit
1025 1291 1116 1323 diem

125 1350 254 1374 meum.

227 1389 410 1424 Praeterea
438 1391 576 1424 etiamsi
600 1390 680 1435 quis
715 1388 904 1434 sophistice
934 1392 1117 1425 contendit

126 1452 198 1473 esse
222 1441 504 1484 ambiguitatem,
538 1449 577 1476 ut
599 1442 852 1484 Anabaptistae
874 1443 915 1474 de
940 1442 1116 1476 infantum

125 1491 307 1535 Baptismo
327 1493 574 1531 vociferantur,
592 1500 709 1526 tamen
727 1505 803 1526 cum
823 1505 959 1537 semper
973 1493 1016 1526 sit
1036 1506 1115 1527 vera

126 1541 302 1581 Ecclesia,
330 1554 467 1586 semper
484 1544 521 1576 in
537 1544 716 1587 aliquibus
735 1556 794 1576 seu
813 1544 931 1576 multis
949 1556 1009 1577 seu
1027 1557 1115 1587 pau-

126 1594 174 1626 cis
190 1601 307 1626 manet
324 1605 404 1627 vera
422 1595 492 1628 lux.
535 1593 583 1627 Hi
603 1595 639 1626 in
658 1594 847 1627 iudicando
867 1595 1116 1637 pronunciant,

126 1645 318 1678 ostendunt
342 1656 440 1677 suam
466 1646 742 1687 confessionem,
772 1643 927 1678 Narrant
950 1646 1034 1689 quid
1061 1645 1116 1678 in-

127 1696 308 1739 telligant,
347 1702 378 1728 et
404 1704 486 1729 sunt
511 1697 594 1728 certi
617 1708 657 1728 ex
683 1696 758 1739 ipso
783 1707 944 1728 sermone
963 1694 1115 1740 proplie-

127 1747 195 1780 tico
220 1754 253 1781 et
273 1747 488 1790 apostolico,
529 1754 563 1780 et
588 1746 800 1779 testimoniis
823 1746 978 1789 Spiritus
1005 1747 1115 1781 sancti

126 1799 164 1830 in
187 1798 290 1841 ipsis,
332 1798 426 1830 iuxta
453 1798 541 1831 illud
566 1795 695 1841 Ephes.
721 1798 772 1831 1.:
817 1795 1008 1841 Obsignati
1035 1798 1116 1831 estis

126 1848 263 1892 Spiritu
288 1856 420 1883 sancto.

227 1899 274 1933 Et
297 1900 468 1933 sententia
493 1897 620 1932 horum
645 1911 705 1932 seu
730 1899 921 1931 multorum
942 1911 1000 1932 seu
1028 1912 1116 1944 pau-

127 1963 249 1984 corum
271 1951 442 1984 consessio
461 1958 528 1991 est,
557 1949 608 1983 Ac
628 1957 772 1994 possunt
792 1948 828 1982 hi
847 1951 1007 1983 adiuvari
1032 1964 1115 1984 con-

128 2002 279 2035 sessione
303 2009 521 2040 sanctorum,
550 2002 611 2046 qui
632 2008 732 2034 antea
756 2002 918 2041 fuerunt,
947 2003 1036 2035 sicut
1053 2014 1116 2035 nos

128 2055 170 2085 de
195 2053 308 2086 tribus
332 2053 491 2097 personis
507 2053 719 2086 adiuvamur
736 2065 752 2084 a
772 2051 945 2094 Gregorio
964 2052 1114 2086 Neocae-

128 2105 293 2143 sarieiisi,
335 2105 379 2137 ab
405 2103 569 2144 Irenan,
597 2116 614 2136 a
634 2103 852 2136 confessione
873 2103 1025 2137 Niccnae
1050 2103 1116 2149 Sy-

128 2156 234 2195 nodi,
262 2156 342 2187 item
363 2156 405 2188 de
431 2155 606 2198 baptismo
622 2155 795 2187 infantum
814 2155 1025 2187 adiuvamur
1044 2156 1118 2188 sin-

128 2206 215 2239 ceris
233 2206 444 2240 testimoniis
461 2206 626 2250 antiquae
637 2204 823 2245 Ecclesiae,
842 2206 931 2240 sicut
948 2206 1116 2249 scriptum

129 2265 179 2290 est
203 2254 318 2290 Lucae
336 2258 413 2293 22:
448 2256 495 2291 Et
524 2264 560 2291 tu
585 2268 774 2290 conversus
800 2256 968 2290 confirma
993 2257 1118 2291 fratres

128 2315 218 2343 tuos.

231 2359 303 2392 lam
327 2359 386 2404 qni
404 2358 560 2402 agnoscit
579 2370 613 2390 se
634 2358 795 2390 convinci
817 2359 923 2390 verbo
941 2356 1006 2391 Dei
1021 2385 1028 2398 ‚
1056 2359 1119 2391 ob-
1146 2403 1147 2406 Ἰ

131 2418 299 2453 temperat
326 2411 481 2444 iudicato
508 2416 650 2452 propter
669 2411 813 2442 verbum
836 2408 918 2449 Dei,
948 2421 1019 2442 non
1040 2422 1118 2453 pro-
1146 2411 1149 2440 ἱ

130 2468 208 2505 pter
228 2463 373 2505 gradum
401 2462 577 2494 iudicum:
615 2467 647 2493 ct
670 2472 871 2504 quanquam
900 2461 1123 2493 commonefit
1148 2478 1149 2482 =

129 2513 272 2546 auditor
297 2513 455 2546 iudicum
489 2524 590 2549 voce,
619 2519 736 2544 tamen
763 2512 846 2543 fides
876 2511 1001 2544 nititur
1026 2512 1123 2545 testi-
1148 2527 1150 2549 ι

128 2564 251 2596 monio
276 2563 418 2601 divino,
457 2570 495 2596 ut
515 2564 549 2594 in
569 2561 634 2595 boc
653 2563 764 2596 dicto:
795 2561 835 2595 Iu
856 2562 1030 2606 principio
1050 2569 1124 2595 erat
1148 2553 1151 2606 ⁴]

131 2613 298 2648 Verbum.
354 2614 464 2648 Multi
485 2621 600 2646 autem
627 2614 709 2657 quia
729 2626 799 2646 non
820 2613 945 2646 volunt
961 2614 1124 2647 convinci

130 2666 237 2699 verbo
272 2666 358 2705 Dei,
397 2672 519 2710 postea
556 2677 697 2710 quoque
734 2665 998 2702 contradicunt,
1037 2665 1151 2698 sicut'

1181 270 1269 304 dum
1286 277 1347 305 aut
1363 283 1552 306 numerum
1565 299 1575 314 ,
1598 273 1688 308 sicut
1705 275 1741 308 in
1760 276 1892 312 iudicio
1910 279 2069 324 politic0.

1281 330 1351 365 Sed
1374 331 1465 366 dicat
1487 329 1544 366 hic
1571 333 1715 379 aliquis:
1743 335 1934 382 Nunquam
1957 340 2066 384 igitur
2088 342 2168 376 finis

1178 380 1242 415 erit
1260 382 1521 417 dissensionum
1540 384 1576 417 in
1591 383 1774 420 Ecclesia?
1825 388 2058 434 Respondeo:
2084 392 2165 427 Non

1177 439 1226 466 est
1251 433 1331 466 finis
1356 440 1395 468 ut
1422 434 1458 467 in
1484 435 1663 479 imperiis,
1700 439 1760 471 sed
1787 442 1929 474 tandem
1954 440 2048 477 Deus
2071 445 2165 480 tollit

1176 482 1421 528 blasphemos,
1458 486 1547 519 sicut
1571 487 1698 522 delevit
1724 490 1946 535 Synagogam
1972 492 2164 536 Iudaicam,

1176 532 1426 574 Manichaeos‚
1462 535 1616 570 Arianos
1631 545 1665 571 et
1683 539 1781 575 alios.
1833 541 1950 576 Etiam
1970 553 2046 588 post
2064 544 2163 591 Apo-

1174 586 1346 620 stolorum
1375 588 1554 621 decretum
1589 589 1633 621 de
1665 589 1757 633 lege,
1802 599 1920 628 tamen
1955 605 2162 633 manserunt

1174 637 1296 678 multi,
1339 638 1399 683 qui
1428 638 1731 673 circumcisionem
1761 649 1793 676 et
1827 645 1913 679 alias
1946 650 2163 683 ceremonias

1174 686 1349 722 Mosaicas
1376 689 1611 725 retinuerunt.

1465 762 1557 798 Alia
1585 763 1870 804 dissimilitudo.

1275 829 1316 864 ln
1333 831 1473 865 iudiciis
1491 832 1645 877 politicis
1659 842 1810 881 utraque
1831 849 1911 881 pars
1929 840 2079 885 obligari
2098 857 2162 888 po·

1172 887 1334 916 testante
1357 884 1588 924 sententiam,
1616 892 1654 919 ut
1676 888 1858 930 promittat
1879 901 1914 924 se
1936 892 2161 939 obtempera—

1172 939 1286 965 turam
1307 945 1378 967 esse
1394 935 1561 970 iudicato,
1614 935 1684 970 Sed
1705 938 1742 970 in
1761 939 1902 974 iudiciis
1918 943 2100 979 doctrinae
2122 947 2161 980 in

1170 982 1329 1017 Ecclesia
1353 983 1516 1019 homines
1539 987 1587 1031 pii
1611 999 1832 1034 nequaquam
1851 1003 1886 1025 se
1904 994 2061 1038 obligent
2079 1005 2160 1032 ante

1172 1036 1395 1078 sententiam,
1418 1037 1500 1082 quia
1519 1035 1679 1072 homines
1696 1052 1811 1074 errare
1827 1052 1992 1086 possunt,
2011 1054 2042 1080 et
2059 1060 2161 1092 saepe

1172 1086 1286 1119 maior
1302 1099 1381 1131 pars
1398 1087 1435 1120 in
1451 1087 1605 1133 Synodis
1631 1098 1680 1123 est
1703 1091 1869 1127 fascinata
1895 1096 1996 1129 malis
2017 1099 2160 1143 opinio-

1172 1137 1296 1178 nibus,
1324 1144 1362 1171 ut
1379 1138 1415 1171 in
1438 1133 1582 1184 Synodo
1601 1140 1816 1186 Syrmiensi,
1851 1157 2054 1192 quanquam
2079 1163 2159 1194 spe-

1171 1189 1265 1221 ciosa
1281 1196 1365 1230 erat,
1383 1196 1415 1223 et
1432 1191 1549 1234 magni
1566 1192 1633 1224 viri
1651 1205 1690 1225 ex
1702 1192 1835 1228 Graeca
1854 1203 1885 1229 et
1900 1196 2026 1233 Latina
2037 1199 2160 1235 Eccle-
2201 1208 2205 1213 “

1172 1239 1221 1272 sia
1247 1248 1505 1282 convenerant,
1537 1249 1655 1276 tamen
1682 1244 1819 1288 insigne
1843 1255 1996 1282 erratum
2023 1253 2162 1293 accidit,

1170 1290 1389 1325 sustulerunt
1406 1304 1445 1324 ex
1461 1292 1633 1337 Symbolo
1652 1297 1863 1330 vocabulum
1887 1296 2101 1344 ᾇιιοούσιος,
2127 1311 2161 1338 et

1171 1352 1234 1384 pro
1256 1353 1296 1374 eo
1318 1341 1426 1375 inseri
1451 1344 1642 1378 voluerunt
1674 1343 1818 1390 ὅμοιος,
1858 1349 1894 1382 id
1919 1358 1986 1392 est,
2020 1354 2159 1395 similis,

1169 1398 1208 1425 ut
1236 1389 1293 1425 hic
1318 1390 1514 1427 cothurnus
1535 1395 1673 1429 tolleret
1697 1397 1971 1442 dissensionem,
1998 1405 2055 1436 sed
2076 1406 2159 1450 quia

1170 1443 1382 1486 ambiguitas
1411 1445 1620 1479 obscurabat
1652 1448 1833 1483 veritatem
1861 1459 1892 1485 et
1929 1455 2159 1491 confirmabat

1170 1492 1323 1527 Arianos
1337 1521 1344 1534 ‚
1374 1502 1449 1538 post
1466 1495 1651 1540 Synodum
1667 1496 1844 1534 Ecclesiae
1862 1510 1953 1536 recte
1968 1507 2159 1541 sentientes

1168 1542 1260 1577 hanc
1285 1546 1519 1588 corruptelam
1544 1548 1728 1582 admittere
1747 1552 1950 1590 noluerunt.

1271 1594 1350 1628 Non
1385 1603 1436 1629 est
1466 1598 1560 1630 enim
1593 1599 1733 1642 alligata
1764 1603 1891 1637 veritas
1918 1607 1960 1638 ad
1987 1608 2156 1642 maiorem

1170 1657 1378 1687 numerum,
1407 1659 1470 1680 nec
1490 1650 1532 1681 ad
1551 1648 1752 1684 Romanum
1769 1653 2002 1700 Episcopum,
2030 1667 2090 1693 aut
2112 1662 2157 1694 ad

1170 1697 1311 1730 titulum
1329 1696 1605 1742 Episcoporum‚
1623 1702 1704 1746 quia
1722 1705 1889 1748 scriptum
1909 1715 1957 1740 est
1973 1707 2088 1743 Roma
2104 1712 2157 1745 2:

1169 1746 1264 1780 Deus
1281 1760 1467 1791 personam
1486 1748 1640 1784 hominis
1654 1765 1726 1786 non
1744 1756 1880 1800 accipit.
1919 1757 1965 1793 Et
1982 1758 2106 1797 lohan.
2125 1763 2157 1799 1,

1169 1799 1335 1842 scriptum
1360 1807 1427 1840 est,
1469 1814 1586 1834 veram
1613 1801 1805 1839 Ecclesiam
1826 1820 1899 1841 non
1924 1821 1995 1843 esse
2018 1819 2157 1847 coetum

1170 1851 1420 1893 propagatione
1436 1854 1589 1886 naturali
1609 1861 1723 1887 ortum
1738 1884 1746 1896 ,
1778 1865 1837 1892 aut
1860 1857 2025 1895 humanis
2047 1865 2157 1897 colle-

1169 1901 1233 1943 giis
1252 1908 1283 1934 et
1301 1902 1587 1937 ordinationibus
1605 1906 1808 1949 collectum,
1836 1917 1874 1944 ut
1899 1920 1981 1946 sunt
2006 1912 2156 1957 Episco-

1170 1964 1295 1996 porum
1318 1953 1479 1996 collegia:
1524 1956 1582 1988 sed
1612 1968 1651 1989 ex
1677 1956 1753 1991 Deo
1778 1967 1916 2003 natum,
1951 1964 2046 1998 iuxta
2073 1964 2156 2000 'naec

1169 2003 1291 2035 verba:
1321 2002 1393 2046 Qui
1413 2017 1485 2038 non
1509 2018 1549 2038 ex
1566 2008 1815 2052 sanguinibus,
1840 2025 1955 2058 neque
1972 2027 2010 2048 ex
2027 2017 2157 2050 volun-

1169 2061 1239 2087 tate
1264 2055 1399 2097 carnis,
1434 2068 1549 2102 neque
1565 2070 1603 2091 ex
1624 2059 1805 2096 voluntate
1825 2064 1911 2106 viri,
1941 2067 2000 2099 sed
2020 2079 2058 2100 ex
2077 2068 2157 2102 Deo

1169 2112 1242 2138 nati
1272 2112 1364 2141 sunt.

1271 2154 1317 2190 Et
1341 2157 1471 2191 multae
1500 2160 1644 2195 fuerunt
1675 2161 1811 2208 Synodi
1844 2165 1992 2208 impiae,
2029 2170 2157 2214 quibus

1170 2214 1288 2241 tamen
1307 2208 1373 2241 viri
1390 2211 1506 2253 magni
1525 2212 1782 2255 interfuerunt,
1811 2223 1849 2249 ut
1867 2218 1926 2250 illa
1944 2218 2158 2265 Syrmiensis

1144 2286 1146 2296 Α
1172 2265 1203 2291 et
1221 2257 1455 2294 Seleuciensis
1472 2263 1537 2295 sub
1557 2262 1786 2306 Constantio,
1821 2269 1880 2311 qui
1901 2282 1977 2302 cum
2004 2280 2158 2306 vocasset

1173 2308 1367 2353 Episcopos
1386 2310 1546 2354 Niceam,
1573 2314 1726 2348 facturos
1743 2320 1958 2352 contrarium
1977 2323 2157 2357 decretum

1174 2361 1282 2400 priori
1303 2360 1448 2407 Synodo
1459 2362 1631 2406 Nicenae,
1660 2373 1874 2403 terraemotu
1892 2372 2049 2416 dissipati
2067 2383 2158 2409 sunt.

1175 2411 1297 2444 Postea
1322 2425 1403 2446 vero
1428 2423 1668 2450 convenerunt
1692 2417 1730 2450 in
1754 2418 1930 2462 Seleucia,
1956 2423 2018 2457 ubi
2045 2426 2158 2459 maxi-

1176 2463 1240 2494 mis
1264 2465 1549 2499 contentionibus
1573 2467 1681 2512 impia
1703 2470 1841 2504 decreta
1864 2473 1952 2507 facta
1971 2483 2054 2510 sunt
2073 2488 2159 2510 con-

1175 2521 1227 2547 tra
1256 2510 1473 2557 ὁμοούσιον.

1279 2564 1382 2598 Talia
1409 2567 1565 2610 exempla
1592 2575 1707 2603 vetera
1733 2572 1843 2607 multa
1869 2581 1962 2608 sunt.
1999 2574 2094 2610 Utile
2112 2586 2162 2612 est

1178 2621 1214 2648 et
1237 2617 1431 2650 recentium
1449 2617 1675 2664 Synodorum
1694 2630 1807 2657 errata
1831 2625 2064 2663 considerare.
2121 2628 2163 2662 In

1183 2665 1346 2700 Concilio
1367 2667 1611 2711 wiennensi,
1637 2675 1734 2717 quod
1753 2675 1856 2709 valde
1876 2676 2070 2713 celebratur
2087 2686 2166 2714 tan-

1332 2717 1414 2752 85*
