2415 2942
268 75 338 109 531

271 168 302 194 et
319 158 505 193 babeamus
530 154 664 185 sirmam
687 146 964 182 consolationem
984 152 1106 180 contra
1125 147 1250 194 despe-

273 212 454 244 rationem.
508 202 595 236 Erat
613 200 719 243 igitur
733 206 765 233 et
787 199 825 231 in
848 198 987 231 latrone
1007 196 1189 231 conversio
1215 197 1253 230 in

274 271 374 294 cruce
391 266 480 289 nova
497 250 717 289 obedientia,
741 250 860 283 aderat
878 247 1112 292 poenitentia:
1147 259 1258 293 quae-

275 312 364 344 ritur
388 306 482 339 enim
507 315 540 336 se
559 312 726 347 peccasse.
779 299 825 334 Et
848 299 937 332 mira
961 299 1021 332 lux
1040 299 1120 332 fidei
1138 299 1175 331 in
1193 297 1260 332 hoc

275 361 409 393 abiecto
434 355 578 388 bomine
599 359 716 385 exorta
742 357 811 390 est,
840 350 1066 395 ostenditque
1084 349 1179 383 Deus
1195 347 1263 383 hoc

277 408 436 452 exemplo
461 417 496 438 se
521 403 732 437 mirabiliter
757 401 793 434 in
813 401 977 434 extremis
994 401 1264 435 difficultatibus

276 459 468 495 Ecclesiam
487 465 693 488 conservare
717 459 750 485 et
772 452 968 485 restituere.
1021 451 1183 496 Apostoli
1211 451 1266 484 di-

279 511 366 553 lapsi
393 507 603 541 dubitabant
626 505 669 537 de
689 502 879 546 Magistro,
908 502 1071 536 viderant
1089 502 1268 545 maguitu-

281 563 401 594 diuem
436 555 662 595 calamitatis,
703 566 810 599 quare
850 553 1051 596 cogitabant
1092 554 1267 586 desertum

282 623 353 645 esse
381 622 397 642 a
419 607 510 641 Deo:
546 608 603 639 sed
628 603 691 637 hac
716 604 829 648 specie
854 616 926 637 non
950 605 1145 637 deterretur
1170 604 1270 642 latro,

283 674 353 706 quo
380 660 496 692 minus
521 658 564 690 ab
586 668 626 689 eo
651 656 797 689 salutem
826 661 938 698 petat,
982 654 1141 688 audierat
1166 653 1270 697 paulo

284 720 364 745 ante
383 722 500 743 vocem
519 706 625 740 hanc:
663 705 765 739 Pater
792 706 929 737 remitte
947 705 1006 740 eis.
1048 703 1222 738 Audierat
1238 709 1271 736 et

286 763 455 807 quaedam
483 759 554 792 eius
579 758 665 789 facta
692 763 723 788 et
741 767 848 798 genus
867 755 1106 797 professionis.
1163 753 1272 786 Vide-

285 815 373 847 baut
400 818 559 843 naturam
595 818 711 840 rerum
734 830 742 843 ,
783 806 969 838 obscurato
1002 805 1075 838 sole
1104 811 1139 838 et
1160 812 1273 838 terrae

288 871 385 896 motu
411 863 453 894 de
478 872 517 892 eo
543 856 781 891 testimouium
809 855 938 891 dicere.
1008 855 1141 898 Magno
1166 855 1273 899 igitur

291 916 423 955 impetu
447 922 524 943 eum
560 909 718 947 invocat,
761 906 944 950 inquiens:
987 905 1171 939 Memento
1205 906 1273 938 mei

289 963 456 1001 Domine,
485 971 563 993 cum
590 959 625 990 in
650 969 795 999 regnum
813 964 911 990 tuum
930 956 1079 989 veneris.
1133 955 1274 998 Quanta

288 1013 372 1047 haec
395 1011 473 1044 fidei
494 1011 553 1043 lux
572 1016 660 1042 erat:
691 1006 786 1040 hunc
803 1006 965 1050 supplicii
984 1006 1116 1039 socium
1141 1013 1173 1040 et
1198 1018 1275 1039 mo·-

291 1066 439 1098 rientem
469 1061 538 1093 iam
571 1059 727 1102 agnoscit
750 1069 822 1090 esse
850 1056 1015 1090 Messiam
1039 1056 1274 1091 remittentem

292 1121 449 1160 peccata,
490 1118 522 1144 et
556 1111 720 1143 (laturum
756 1108 863 1142 vitam
905 1115 1102 1146 aeternam,
1143 1108 1275 1141 abolita

292 1172 404 1198 morte
428 1170 461 1195 et
484 1167 709 1203 regnaturum
736 1166 813 1202 post
835 1156 924 1191 hanc
940 1159 1059 1194 vitam.
1112 1157 1276 1203 Apostoli

293 1223 394 1249 antea
414 1214 449 1246 in
468 1214 539 1245 reb.
555 1210 716 1244 secundis
726 1210 1043 1252 cogitaverantsore
1055 1221 1179 1252 regem,
1198 1209 1277 1253 pul-

294 1268 339 1300 sis
364 1264 544 1299 Romanis.
615 1262 662 1294 At
688 1258 744 1293 hic
768 1272 836 1293 una
864 1261 1071 1292 morientem
1100 1261 1279 1305 praedicat

294 1322 521 1357 regnaturum
539 1324 612 1346 esse
628 1318 700 1353 post
722 1317 880 1345 mortem.
934 1309 1097 1343 Vicissim
1123 1311 1230 1353 igitur
1246 1317 1279 1343 et

295 1366 455 1401 Christus
473 1370 616 1397 testatur
633 1373 668 1394 se
692 1368 918 1403 regnaturum
942 1372 1031 1400 esse,
1060 1373 1095 1394 se
1118 1373 1190 1394 esse
1217 1361 1278 1393 da·-

298 1426 406 1452 torem
426 1416 514 1448 vitae
532 1421 711 1452 aeternae,
737 1419 770 1444 et
794 1411 960 1455 proponit
982 1412 1112 1445 latroni
1136 1411 1279 1445 absolu-

299 1470 429 1502 tionem
456 1473 486 1498 et
505 1463 736 1505 Evangelium
764 1463 806 1494 de
833 1461 902 1493 vita
931 1468 1089 1501 aeterna,
1116 1468 1156 1496 ut
1176 1462 1278 1495 fidem

300 1520 374 1550 eius
390 1517 554 1549 accendat
572 1521 604 1548 et
621 1513 817 1546 confirmet:
854 1510 970 1544 Hodie
995 1512 1062 1545 eris
1084 1525 1220 1545 mecum
1244 1513 1279 1545 in

300 1568 479 1601 l’aradiso.
532 1564 607 1597 Hac
635 1575 718 1596 voce
742 1562 968 1595 confirmatus
993 1562 1101 1603 latro,
1126 1564 1282 1605 agnoscit

299 1632 333 1652 se
352 1630 422 1651 non
441 1622 582 1661 propter
599 1626 659 1648 sua
680 1614 821 1653 merita,
848 1613 906 1645 sed
935 1619 1078 1657 propter
1101 1611 1195 1646 hunc
1219 1615 1284 1646 do-

301 1671 436 1702 minum
462 1665 590 1699 habere
615 1666 721 1697 vitam
747 1672 935 1698 aeternam.
1002 1662 1049 1697 Et
1072 1664 1177 1697 simul
1204 1676 1282 1697 cum

299 1718 364 1753 hac
392 1719 458 1751 fide
494 1724 526 1750 et
559 1715 823 1756 consolatione,
871 1714 1033 1748 incoatur
1063 1715 1100 1747 in
1136 1727 1176 1748 eo
1213 1715 1282 1748 vita

301 1778 461 1809 aeterna,
501 1779 588 1812 qnae
619 1773 669 1799 est
700 1777 790 1798 nova
824 1765 1023 1798 obedientia
1046 1776 1126 1808 erga
1154 1766 1284 1800 Deum.

307 1820 428 1853 Videte
460 1829 607 1863 quaeso,
651 1828 731 1849 narn
760 1813 816 1848 liic
839 1816 1030 1859 Apostolus
1060 1817 1239 1860 pendens,
1268 1829 1285 1849 e

303 1871 447 1905 sublimi
465 1869 693 1901 concionatus
712 1873 761 1900 est
777 1878 849 1898 non
867 1872 1004 1899 tantum
1023 1867 1075 1899 itti
1092 1868 1206 1901 coetui
1225 1869 1285 1912 qui

304 1929 388 1954 tunc
415 1922 559 1958 aderat,
600 1919 658 1950 sed
690 1918 873 1950 universae
903 1915 1079 1951 Ecclesiae
1109 1925 1286 1951 venturae.

304 1972 420 2015 Quam
443 1970 588 2004 illustris
606 1970 719 2015 imago
739 1967 966 2012 proponitur,
993 1980 1033 2001 ex
1059 1980 1126 2013 qua
1148 1969 1285 2002 discen-

304 2025 388 2056 dum
409 2029 473 2062 est,
500 2020 606 2063 gratis
625 2031 687 2051 nos
705 2019 832 2051 salvari
849 2025 990 2063 propter
1007 2016 1187 2052 Christum
1206 2020 1284 2060 fide,

305 2080 469 2106 ettamen
495 2072 612 2103 adesse
630 2076 791 2113 oportere
817 2069 1086 2112 poenitentiam,
1113 2082 1152 2102 ac
1175 2076 1286 2103 caete-

305 2136 362 2156 ros
389 2124 500 2155 bonos
522 2122 667 2154 fructus,
722 2118 762 2152 lu
782 2117 847 2152 boc
866 2119 1000 2152 latrone
1023 2120 1290 2163 conspiciuntur

305 2173 539 2217 poenitentia,
564 2172 667 2208 fides,
696 2170 892 2209 invocatio,
920 2170 1092 2203 confessio
1119 2182 1178 2204 seu
1203 2183 1286 2204 con-

304 2225 368 2259 cio.
436 2223 582 2257 Constat
614 2228 729 2254 autern
761 2218 844 2252 haec
877 2232 947 2253 esse
978 2221 1162 2264 praecipua
1194 2222 1285 2254 bona

306 2286 410 2316 opera
434 2281 466 2307 et
491 2284 647 2306 summos
668 2272 782 2304 cultus
806 2270 883 2303 Dei.
959 2269 1111 2305 Addidit
1133 2280 1166 2305 et
1189 2273 1284 2305 aliud

307 2324 441 2366 insigne
458 2336 562 2366 opus,
588 2335 627 2356 ac
645 2321 828 2366 praecipue
848 2321 1102 2363 necessarium,
1126 2325 1286 2367 quando-

306 2386 445 2418 cunque
463 2373 603 2406 Christo
623 2373 854 2406 maledicitur.
895 2371 1039 2405 Duriter
1056 2374 1195 2416 castigat
1213 2387 1285 2407 ma-

308 2425 479 2462 ledicum,
507 2431 539 2456 et
559 2424 715 2456 defendit
738 2423 885 2466 gloriam
902 2420 1044 2456 Christi.
1100 2422 1150 2457 lta
1174 2432 1205 2458 et
1222 2437 1286 2457 nos

308 2487 389 2507 xero
415 2474 522 2507 animi
547 2475 671 2506 ardore
698 2481 813 2507 taxare
830 2475 996 2506 debemus
1022 2474 1147 2517 impios
1164 2477 1283 2508 docto-

309 2537 381 2563 res,
423 2532 590 2569 tyrannos
620 2531 652 2557 et
684 2537 804 2556 eorum
838 2526 1020 2565 satellites,
1058 2525 1116 2569 qui
1144 2524 1283 2559 Christo

305 2576 462 2607 convicia
480 2575 612 2608 dicunt.
674 2574 726 2607 Ac
745 2572 829 2607 mihi
847 2587 948 2619 saepe
967 2576 1001 2607 in
1022 2583 1171 2608 mentem
1190 2577 1283 2610 venit

303 2624 395 2659 bunc
420 2625 703 2659 concionatorem
721 2626 906 2669 praecipue
931 2626 1124 2670 significare
1148 2635 1281 2672 postre—

876 61 1000 95 PHlL.
1029 58 1144 95 MEL.
1172 59 1381 97 SCRIPTA
1406 58 1708 96 EXEGETICA.

2225 62 2299 97 532

1312 147 1378 181 mis
1402 144 1578 181 Ecclesiae
1605 146 1843 190 temporibus,
1870 159 1978 193 quare
2005 147 2300 192 eum‘diligenter

1312 198 1509 238 audiamus,
1525 203 1558 231 et
1574 196 1772 241 exemplum
1790 197 1864 231 eius
1880 205 2010 233 attente
2027 199 2301 241 consideremus,

1313 261 1353 283 ac
1369 249 1561 284 imitemur.
1588 244 1591 249 “

1414 298 1604 344 Postquam
1633 304 1748 331 autem
1783 297 1812 330 si
1840 298 1971 342 placet,
2006 305 2045 333 ut
2079 301 2178 343 dixi,
2209 312 2302 334 nova

1314 350 1537 390 obedientia,
1576 349 1639 382 etsi
1667 349 1736 382 vita
1771 356 1912 383 aeterna
1945 356 2087 393 propter
2121 349 2301 386 Christum

1316 401 1423 445 gratis
1453 402 1625 439 donatur,
1661 407 1779 433 tamen
1806 400 1910 433 etiam
1936 408 2138 443 compensat
2163 409 2303 436 nostros

1318 453 1473 493 labores,
1514 452 1667 484 actiones
1700 457 1732 483 et
1764 461 1961 485 aerumnas.
2040 450 2121 484 tdeo
2144 450 2304 486 Christus

1320 503 1453 547 inquit:
1481 501 1618 535 Merces
1645 507 1757 534 vestra
1782 501 1920 545 copiosa
1943 507 1992 534 est
2020 500 2057 533 in
2082 502 2198 536 coelis.
2258 500 2306 536 Et

1321 565 1523 599 quanquam
1544 565 1615 585 non
1635 558 1815 585 merentur
1832 551 1939 584 vitam
1963 557 2160 591 aeternam,
2187 559 2305 586 tamen

1322 610 1501 637 merentur
1532 615 1592 636 sua
1629 603 1781 647 praemia
1805 602 2002 645 corporalia
2032 609 2064 635 et
2095 603 2307 646 spiritualia,

1322 666 1411 699 quae
1436 654 1646 697 contingunt
1671 661 1744 687 tum
1771 653 1806 685 in
1832 651 1896 685 hac
1916 653 1998 693 vita,
2026 659 2099 686 tum
2120 660 2199 698 post
2217 651 2308 687 hanc

1323 706 1442 740 vitam.
1494 702 1584 738 Cum
1602 704 1696 737 enim
1713 704 1796 737 velit
1814 702 1910 736 Deus
1928 703 2020 737 inter
2044 701 2204 737 homines
2222 716 2307 738 con-

1323 767 1460 788 servare
1476 754 1689 796 Ecclesiam,
1718 755 1872 798 impertit
1890 754 2000 788 miilta
2025 755 2222 799 corporalia
2243 756 2307 789 be-

1324 806 1455 839 neficia.
1509 803 1572 839 Est
1589 817 1676 849 opus
1692 805 1804 843 victu,
1833 817 1915 849 pace
1932 805 2047 846 civili,
2071 812 2106 839 et
2122 806 2200 838 aliis
2216 806 2307 839 vitae

1324 856 1528 890 commodis.
1595 856 1657 888 Est
1681 863 1714 889 et
1738 856 1982 900 spiritualibus
2008 856 2185 890 beneficiis
2208 868 2310 900 opus,

1325 906 1510 950 prudentia
1527 933 1537 947 ,
1570 907 1787 947 eruditione,
1827 907 2053 947 fortitudine,
2093 907 2308 941 successibus

1326 957 1361 989 in
1390 957 1583 991 vocatione.
1664 957 1744 989 ldeo
1775 955 1937 991 Christus
1966 957 2105 1002 inquit:
2147 956 2308 990 Primum

1325 1007 1480 1051 quaerite
1498 1018 1644 1049 regnum
1665 1006 1750 1047 Dei,
1772 1015 1805 1041 et
1822 1015 1954 1041 caetera
1971 1008 2184 1042 adiicientur
2201 1008 2313 1044 vobis.

1329 1055 1375 1090 Et
1403 1056 1549 1090 Paulus:
1579 1057 1693 1090 Pietas
1717 1055 1824 1091 habet
1849 1058 2096 1102 promissiones
2119 1059 2311 1103 praesentis

1329 1115 1362 1140 et
1388 1108 1525 1141 suturae
1550 1109 1654 1141 vitae.
1705 1107 1750 1141 Et
1769 1108 1881 1141 Marci
1903 1109 1978 1144 10.:
2013 1108 2173 1154 Recipiet
2190 1116 2312 1143 centu-

1328 1158 1425 1202 plum
1442 1159 1479 1190 in
1496 1156 1560 1191 hac
1578 1158 1647 1191 vita
1659 1183 1667 1196 ,
1689 1159 1749 1191 sed
1765 1171 1842 1191 cum
1861 1160 2109 1202 persecutione.
2152 1159 2198 1194 Et
2213 1172 2312 1205 prae-

1329 1216 1466 1253 ceptum
1488 1215 1652 1254 quartum
1671 1208 1734 1241 ait:
1770 1215 1810 1241 ut
1831 1208 1877 1241 sis
1899 1209 2090 1252 longaevus
2116 1222 2221 1254 super
2243 1218 2313 1245 ter-

1330 1272 1415 1294 ram.
1468 1259 1513 1294 Et
1529 1257 1706 1293 Christus:
1741 1258 1849 1300 Date,
1878 1267 1911 1294 et
1934 1260 2078 1294 dabitur
2101 1261 2213 1295 vobis,
2263 1259 2312 1295 Et

1331 1308 1458 1345 Matth.
1477 1310 1549 1342 10.:
1578 1309 1650 1352 Qui
1669 1310 1803 1343 dederit
1820 1317 1940 1353 potum
1960 1323 2089 1355 aquae,
2110 1312 2172 1344 uni
2191 1324 2231 1345 ex
2245 1312 2314 1345 mi—

1331 1361 1456 1400 nimis,
1484 1369 1625 1404 propter
1639 1361 1857 1401 doctrinam,
1882 1373 1953 1394 non
1971 1363 2091 1404 perdet
2106 1364 2315 1398 mercedem.

1332 1410 1493 1456 Denique
1518 1411 1645 1455 passim
1669 1418 1784 1444 extant
1811 1411 1847 1443 in
1872 1412 2101 1444 concionibus
2121 1410 2314 1456 Propheta-

1334 1473 1410 1494 rum
1430 1462 1678 1506 promissiones
1695 1463 1737 1494 de
1756 1462 1996 1505 corporalibus
2015 1468 2046 1495 et
2072 1463 2315 1506 spiritualibus

1334 1513 1529 1552 beneficiis,
1569 1519 1606 1544 ut
1630 1510 1754 1545 Esaiae
1774 1513 1835 1547 33.
1867 1513 1997 1547 dicitur
2021 1513 2064 1546 de
2091 1514 2172 1557 piis:
2209 1512 2315 1547 Panis

1335 1563 1383 1595 eis
1399 1564 1562 1602 dabitur,
1590 1570 1621 1595 et
1647 1574 1760 1606 regem
1779 1564 1952 1596 videbunt
1967 1564 2168 1605 florentem,
2195 1564 2230 1597 id
2254 1572 2316 1607 est,

1335 1611 1517 1646 habebunt
1551 1612 1682 1645 victum
1703 1639 1713 1652 ,
1754 1613 1966 1660 tranquillas
1999 1615 2215 1657 respublicas
2251 1623 2315 1649 etc.

1336 1663 1456 1697 Vidua
1474 1663 1665 1706 Sareptana
1688 1663 1820 1707 excepit
1845 1661 1999 1707 hospitio
2025 1662 2141 1697 Etiam
2160 1664 2318 1710 Prophe-

1336 1722 1405 1748 tam
1420 1741 1428 1754 ,
1456 1726 1534 1747 cum
1553 1726 1693 1747 annona
1716 1722 1802 1747 esset
1820 1714 2024 1749 arctissima.
2076 1714 2144 1748 Hic
2164 1715 2316 1760 primum

1337 1765 1494 1798 mulieris
1519 1765 1622 1798 sidem
1654 1771 1793 1809 specta,
1832 1765 1961 1798 deinde
1993 1777 2097 1810 opus:
2139 1774 2316 1810 postremo

1335 1816 1489 1861 praemia
1512 1816 1730 1849 admiranda.
1803 1814 1979 1860 Propheta
2003 1817 2101 1851 iubet
2121 1816 2186 1850 sibi
2217 1830 2320 1862 prae-

1338 1867 1411 1901 beri
1429 1867 1639 1912 quantulum
1657 1873 1730 1899 erat
1746 1866 1815 1899 cibi
1837 1867 2030 1911 reliquum,
2057 1874 2090 1900 et
2113 1868 2210 1901 addit
2232 1881 2316 1912 pro-

1337 1918 1558 1958 missionem,
1591 1923 1631 1950 ut
1663 1917 1816 1950 ostendit
1852 1917 1953 1950 lectio
1988 1915 2164 1951 historiae.
2226 1917 2320 1954 Huic

1338 1968 1415 2000 voci
1442 1970 1660 2011 obtemperat
1683 1968 1830 2011 mulier,
1858 1968 1995 2001 tametsi
2022 1969 2163 2003 videbat
2183 1977 2318 2012 praeter

1339 2016 1401 2051 has
1420 2019 1585 2063 reliquias
1602 2016 1692 2051 nihil
1711 2030 1901 2062 superesse.
1954 2017 2056 2052 Hanc
2073 2019 2316 2054 liberalitatem

1338 2081 1410 2102 non
1433 2069 1639 2102 exercuisset
1659 2069 1806 2110 mulier,
1833 2069 1900 2102 nisi
1927 2069 1995 2102 fide
2018 2077 2147 2109 erecta,
2173 2071 2320 2114 cogitas-

1337 2127 1386 2153 set
1396 2119 1469 2153 Deo
1487 2120 1723 2153 obediendum
1742 2132 1824 2160 esse,
1841 2121 2034 2154 iuvandum
2047 2118 2266 2165 prophetam,
2284 2129 2316 2156 et

1339 2171 1488 2204 vicissim
1505 2171 1757 2215 expectandum
1776 2170 1981 2204 beneficium
2006 2184 2023 2204 a
2043 2171 2127 2204 Deo.
2177 2170 2318 2220 Accipit

1339 2222 1445 2265 igitur
1481 2222 1674 2266 praemium
1710 2222 1789 2255 fidei
1824 2229 1857 2255 et
1893 2222 2132 2267 eleemosynae
2148 2248 2157 2262 ‚
2210 2223 2318 2257 alitur

1339 2273 1468 2306 familia
1501 2273 1671 2305 divinitus
1702 2275 1814 2306 doner.
1837 2273 1949 2305 laxior
1977 2273 2063 2305 facta
2091 2280 2140 2305 est
2164 2285 2318 2316 annona,

1339 2324 1534 2357 restituitur
1552 2331 1585 2357 et
1602 2331 1761 2356 mortuus
1783 2323 1893 2363 filius,
1920 2335 1989 2367 quo
2013 2323 2184 2357 miraculo
2207 2325 2315 2368 magis

1338 2375 1540 2408 confirmata
1561 2382 1607 2408 est
1627 2374 1708 2406 fides
1726 2374 1861 2411 matris,
1891 2381 1923 2407 et
1948 2373 2147 2407 adolescens
2170 2376 2211 2407 ad
2243 2376 2315 2419 pie-

1338 2432 1440 2458 tatem
1466 2433 1623 2464 vocatus,
1655 2437 1757 2469 quom
1785 2424 1925 2469 quidem
1954 2421 2174 2467 Epiphanius
2196 2427 2316 2460 scribit

1338 2477 1441 2508 fuisse
1463 2476 1581 2508 lonam
1601 2473 1808 2518 Prophetam
1822 2502 1830 2515 ,
1859 2476 1917 2519 qui
1935 2481 2053 2518 postea
2078 2476 2150 2519 regi
2170 2475 2314 2522 Assyrio

1337 2527 1370 2559 in
1390 2526 1518 2559 Ninive
1541 2526 1766 2559 concionatus
1790 2532 1858 2567 est,
1887 2533 1918 2559 et
1942 2526 2086 2558 verbum
2103 2525 2167 2560 Dei
2194 2527 2260 2560 late
2283 2535 2314 2560 et

1335 2578 1481 2611 feliciter
1498 2577 1710 2621 propagavit.
1752 2576 1802 2609 Ita
1820 2577 1985 2609 omnibns
2004 2578 2219 2621 temporibus
2236 2590 2313 2610 san-

1334 2629 1378 2662 cti
1395 2634 1601 2672 acceperunt
1618 2639 1690 2659 non
1712 2627 1824 2660 solum
1843 2627 2038 2671 spiritualia
2057 2627 2234 2669 beneficia,
2253 2629 2312 2661 sed
