2415 2942
101 121 175 156 535
508 115 587 156 XII.

641 115 938 154 ENARRATIO
967 115 1016 154 ΙΝ
1045 114 1227 154 EVANG.
1255 115 1465 154 IOANNIS.
1524 116 1628 157 CAP.
1656 118 1735 156 XV.

2071 121 2147 157 534

105 219 170 241 nos
195 203 376 243 Christus,
410 204 591 250 inquiens:
621 203 760 238 Patrem
785 204 967 238 coelestem
994 205 1093 245 scire,
1118 207 1122 228 ¹
1147 216 1304 248 pugnare
1321 217 1399 238 cum
1418 206 1610 254 praeceptis
1629 206 1712 246 Dei,
1748 214 1780 241 et
1798 219 1884 253 quae
1905 205 1995 241 vitae
2018 219 2140 242 neces·

106 271 145 292 ac
163 258 280 291 videre
298 256 427 300 quibus
445 257 548 289 rebus
565 256 669 289 nobis
685 267 773 299 opus
788 256 850 295 sit,
877 262 940 288 etc.

206 308 297 341 Cum
316 307 424 350 igitur
441 318 504 339 nos
522 308 807 340 commendamus
827 304 901 338 Deo
914 331 921 345 ,
960 311 1093 337 mentes

105 360 230 393 fiducia
250 358 465 403 praesentiae
487 365 519 391 et
545 358 665 391 auxilii
683 357 770 394 Dei,
805 357 895 389 fiunt
917 356 1093 399 tranquil-

103 412 176 451 lae,
192 410 327 443 etiamsi
345 421 527 454 nunquam
547 409 627 442 satis
644 408 871 450 intelligimus
889 406 971 450 ipsi,
988 418 1092 450 quam

104 462 226 494 multis
246 467 278 493 et
294 460 441 493 diversis
460 461 565 493 rebus
584 471 670 506 opus
687 458 740 491 sit.
786 456 880 490 Hinc
897 464 980 490 sunt
995 469 1093 490 sum-

105 520 158 546 tae
176 512 344 551 fabellae,
381 511 509 556 quibus
527 510 707 543 deridetur
727 506 878 541 bumana
909 508 1093 552 sapientia,

105 576 184 596 cum
204 563 337 596 abiecta
358 562 440 602 fide,
468 561 585 594 omnia
604 560 800 604 perspicere
819 559 912 600 vult,
945 571 1022 591 cum
1049 559 1093 591 sit

106 612 261 647 hominis
294 613 444 645 fideliter
477 611 607 644 servire
639 610 836 651 vocationi,
866 617 899 643 et
928 610 1093 653 pericula,

106 677 145 698 ac
169 664 305 704 media,
340 675 428 707 quae
453 662 601 696 consilio
626 669 746 694 nostro
770 673 844 693 non
868 661 950 694 satis
973 672 1093 704 regere

104 726 308 759 possumus,
350 712 426 747 Deo
459 715 724 753 commendare,
764 719 797 745 et
820 713 888 745 fide
913 719 1093 759 expectare

104 778 222 799 rerum
259 764 360 798 nobis
398 765 598 808 ignotarum
641 763 952 806 gubernationem,
1003 763 1094 796 sicut

105 817 234 852 Psalm.
257 816 317 851 26.
348 816 480 862 inquit:
514 813 733 848 Commeuda
758 813 833 847 Deo
866 815 959 847 viam
985 821 1094 854 tuam,

105 875 137 901 et
160 868 234 911 ipse
257 867 369 900 faciet.
428 865 519 899 Nota
544 872 595 898 est
618 866 745 899 fabella
772 866 815 898 de
846 865 996 906 rustico,
1037 864 1093 897 cui

102 917 198 951 Deus
231 923 446 950 concesserat
479 923 595 960 petere
625 923 845 959 tempestates
871 916 1034 957 idoneas,
1065 916 1094 948 is

101 975 217 1002 tamen
233 968 338 1001 utiles
356 976 476 1002 ventos
495 975 613 1012 petere
635 968 766 1001 oblitus
788 975 875 1002 erat.

201 1042 367 1077 Petamus
384 1043 509 1087 igitur,
540 1050 575 1077 et
590 1043 784 1087 corporalia
802 1043 912 1086 bona,
950 1042 1032 1088 quia
1058 1042 1091 1076 id

100 1094 269 1138 praecipit
292 1093 409 1138 Deus,
452 1101 484 1127 et
517 1094 660 1139 quidem
695 1102 838 1138 propter
876 1092 936 1126 lias
962 1105 1093 1132 causas,

102 1145 178 1178 vult
197 1157 262 1179 nos
278 1157 483 1188 agnoscere,
512 1157 584 1177 non
602 1156 681 1177 casu
700 1152 759 1178 aut
782 1145 935 1179 naturali
958 1145 1094 1185 ordine,

104 1196 179 1229 sine
196 1196 265 1229 Dei
283 1208 347 1238 ope
365 1196 468 1228 nobis
485 1196 689 1238 contingere
708 1196 814 1228 vitam
827 1223 836 1236 ,
861 1196 992 1229 victum
1005 1222 1014 1236 ,
1040 1196 1093 1227 vi-

102 1258 158 1279 res
189 1247 364 1289 corporis,
405 1247 607 1278 felicitatem
633 1246 844 1286 liberorum,
878 1247 989 1279 bonos
1015 1258 1092 1279 suc-

103 1308 218 1329 cessus
237 1297 466 1329 consiliorum
485 1296 520 1328 in
539 1295 681 1339 Repub.
698 1303 729 1329 et
749 1297 974 1337 oeconomia,
1004 1298 1093 1330 sicut

102 1347 208 1380 Deut.
227 1347 287 1379 30.
303 1347 448 1380 dicitur:
477 1346 572 1379 Deus
590 1354 639 1380 est
656 1347 725 1380 vita
745 1354 823 1388 tua,
857 1355 890 1381 et
906 1347 1091 1390 longitudo

101 1398 239 1430 dierum
256 1404 408 1432 tuorum.
462 1395 599 1430 Deinde
617 1404 762 1431 testatur
778 1405 810 1431 et
829 1395 912 1439 hoc,
941 1398 1092 1442 promis-

105 1448 204 1480 sione
221 1448 457 1491 corporalium
474 1448 670 1489 honorum,
697 1461 732 1481 se
758 1449 795 1481 in
821 1446 885 1482 hac
907 1449 976 1482 vita
1002 1461 1092 1481 sem-

102 1511 165 1543 per
183 1499 335 1544 aliquam
360 1497 552 1531 Ecclesiam
584 1507 804 1533 servaturum
831 1511 920 1539 esse,
956 1500 989 1532 id
1016 1500 1091 1533 vult

101 1549 214 1590 credi,
257 1557 289 1583 et
323 1547 387 1582 hac
419 1549 545 1583 fiducia
579 1562 644 1583 nos
668 1562 860 1594 propagare
883 1551 1092 1591 doctrinam,

101 1613 166 1633 nec
196 1601 439 1643 desperatione
471 1601 586 1635 studia
618 1613 656 1634 ac
680 1602 973 1644 gubernationem
1001 1602 1091 1634 abii-

103 1663 189 1683 cere.
257 1651 380 1684 Tertio
413 1652 488 1685 vult
519 1652 622 1686 etiam
657 1653 761 1685 fidem
794 1653 1091 1686 reconciliationis

104 1701 254 1734 exerceri
278 1702 447 1745 petitione
470 1703 719 1746 corporalium.
781 1702 863 1736 Non
889 1704 982 1735 enim
1010 1715 1090 1747 pos·

104 1759 185 1785 sunt
216 1753 412 1796 corporalia
442 1753 529 1796 peti,
568 1753 637 1786 nisi
671 1753 894 1797 praelucente
925 1752 988 1787 hac
1014 1755 1092 1794 fide,

105 1803 200 1847 quod
222 1803 321 1836 Deus
345 1816 408 1836 nos
433 1803 598 1846 recipiat,
634 1804 813 1845 exaudiat,
850 1811 954 1838 curet.
1015 1803 1091 1837 De·—

103 1854 211 1898 nique
230 1855 392 1886 accedere
409 1854 450 1886 ad
471 1853 583 1887 Deum
599 1867 672 1886 non
691 1866 894 1898 possumus,
922 1855 1090 1900 quicquid

104 1905 292 1948 petendum
313 1911 378 1944 est,
408 1904 474 1936 nisi
495 1904 560 1937 fide
578 1905 782 1938 mediatoris
800 1904 944 1941 Christi.
996 1905 1092 1939 Haec

104 1955 167 1987 tria
205 1955 279 1987 vult
306 1953 400 1987 Deus
426 1966 563 1998 semper
594 1956 630 1988 in
662 1957 831 1999 petitione
854 1957 1090 2000 corporalium

104 2006 263 2049 cogitari,
297 2012 330 2039 et
346 2006 489 2038 accendi
506 2006 607 2038 fidem
627 2004 710 2040 haec
727 2009 946 2047 credentem,
980 2020 998 2040 a
1017 2007 1091 2041 Deo

103 2063 295 2100 petentem,
324 2064 355 2090 et
374 2055 489 2089 Deum
505 2057 738 2091 celebrantem
757 2065 900 2102 propter
926 2057 1008 2091 haec
1031 2060 1091 2092 be-

103 2107 239 2142 neficia.
300 2106 349 2140 Ita
385 2107 507 2151 petitio
541 2109 777 2153 corporalium
809 2110 847 2142 fit
878 2110 992 2143 cultus
1017 2110 1091 2143 Deo

104 2158 255 2201 placens.
307 2156 365 2191 Sic
381 2158 579 2201 petiverunt
597 2171 718 2193 omnes
734 2161 844 2194 sancti
862 2161 1091 2194 necessariam

103 2209 344 2241 defensionem
380 2215 412 2241 et
443 2210 753 2251 sustentationem,
795 2212 879 2244 inde
912 2223 1023 2256 usque
1047 2213 1093 2245 ab

103 2260 238 2303 Adam,
281 2266 313 2293 et
343 2266 462 2304 petent
493 2260 530 2292 in
563 2258 626 2294 bac
657 2263 798 2295 mortali
823 2263 892 2296 vita
914 2275 1024 2308 usque
1047 2263 1091 2296 ad

103 2311 220 2346 finem.

205 2387 277 2421 Hic
308 2386 462 2421 breviter
493 2388 620 2422 adiicio
650 2389 782 2422 dictum
812 2389 842 2424 1.
868 2389 1011 2424 loannis
1035 2390 1092 2424 ul-

104 2437 207 2471 timo:
235 2438 377 2483 Siquid
402 2439 630 2482 petiverimus
655 2442 847 2474 secundum
873 2442 1091 2476 voluntatem

106 2488 196 2529 eius,
223 2483 363 2524 exaudit
389 2501 464 2524 nos.
519 2489 561 2523 In
581 2489 648 2525 hoc
675 2492 768 2525 dicto
792 2501 910 2526 monet
929 2492 1092 2534 loannes,

104 2552 148 2572 ne
171 2545 329 2583 petamus
354 2552 408 2574 res
433 2553 450 2574 a
469 2540 544 2575 Deo
566 2541 782 2586 prohibitas,
815 2551 854 2578 ut
878 2543 993 2577 David
1018 2556 1092 2577 non

103 2597 198 2632 petat
215 2602 232 2623 a
250 2588 344 2632 Deo,
369 2599 408 2625 ut
426 2592 526 2626 tollat
543 2592 684 2636 Uriam,
711 2601 743 2628 et
763 2601 879 2628 tamen
897 2595 934 2628 in
957 2596 1091 2629 mundo

102 2639 186 2675 baec
203 2647 283 2675 vota
299 2653 317 2675 a
336 2643 436 2676 matis
451 2643 635 2679 affectibus
654 2653 730 2680 orta
749 2646 972 2680 usitatissima
998 2653 1091 2680 sunt.

103 2692 171 2726 Sed
197 2693 248 2738 pii
271 2693 444 2728 admoniti
469 2695 600 2738 sciant,
633 2697 838 2741 petitionem
865 2710 937 2731 nou
965 2698 1090 2732 debere

1146 256 1236 288 saria
1255 262 1356 297 sunt,
1384 257 1440 300 pie
1459 264 1490 289 et
1507 265 1596 290 recte
1616 258 1684 302 peti
1703 265 1735 292 et
1753 260 1902 301 petenda
1926 270 2008 292 esse.

1247 305 1342 339 Haec
1367 308 1409 339 de
1435 309 1637 350 precatione
1662 310 1817 343 breviter
1843 308 1909 343 hoc
1934 310 2138 353 loco'repe-

1146 355 1222 389 tivi.
1286 355 1379 398 Quia
1410 357 1559 399 insignis
1585 361 1769 402 promissio
1794 361 1828 393 in
1856 359 1922 394 lioc
1947 367 2042 394 textu
2067 368 2139 394 tra-

1146 406 1219 438 dita
1244 413 1304 439 est.
1357 406 1439 440 Dixi
1467 416 1582 441 autem
1607 407 1663 442 hic
1689 412 1839 444 describi
1864 410 2077 451 Ecclesiam,
2105 419 2139 445 et

1146 456 1216 489 dici
1239 457 1282 489 de
1307 457 1551 496 invocatione,
1589 472 1678 504 quae
1702 469 1751 494 est
1779 463 1987 505 praecipuus
2012 463 2138 498 cultus,

1146 507 1249 540 Nunc
1274 508 1418 541 additur
1448 515 1481 542 et
1514 509 1603 542 alius
1629 511 1763 553 cultus,
1805 513 1936 546 scilicet
1965 525 2139 558 propaga·

1147 558 1195 592 tio
1212 559 1394 593 doctrinae
1406 586 1414 600 ‚
1443 567 1477 594 et
1495 561 1681 596 confessio.

1325 640 1375 676 In
1395 640 1461 677 hoc
1474 641 1710 690 glorificatur
1726 650 1832 693 paler
1847 658 1959 682 meus,

1248 708 1447 754 Diligenter
1465 713 1625 747 observet
1642 714 1751 748 lector
1768 715 1805 747 in
1825 712 1889 748 hac
1901 715 2138 759 descriptione

1146 759 1341 803 Ecclesiae,
1369 763 1587 796 mentionem
1605 765 1681 797 fieri
1698 766 1849 799 duorum
1867 767 2138 810 praecipuorum

1147 813 1326 853 cultuum,
1353 813 1414 857 qui
1432 821 1514 848 sunt
1536 816 1671 858 proprii
1689 815 1884 857 Ecclesiae,
1918 818 2050 850 scilicet
2077 829 2137 850 ve-

1147 876 1205 897 rae
1232 864 1486 903 invocationis,
1521 873 1553 899 et
1576 867 1776 906 doctrinae,
1811 880 1872 901 seu
1897 868 2138 904 consessionis.

1148 914 1221 947 Hos
1241 915 1330 947 duos
1346 915 1461 949 cultus
1486 917 1559 950 sola
1577 916 1732 951 Ecclesia
1758 918 1942 962 intelligit,
1979 926 2011 952 et
2036 931 2138 963 prae-

1147 973 1230 1009 stat,
1260 972 1414 999 caeterae
1430 974 1549 1009 gentes
1575 976 1722 1011 possunt
1746 966 1875 1003 habere
1900 970 1986 1003 alias
2008 970 2138 1003 multas

1147 1017 1311 1055 virtutes,
1339 1024 1377 1050 ut
1395 1029 1561 1060 magnum
1581 1019 1686 1052 decus
1714 1020 1893 1062 iusticiae,
1919 1021 2086 1054 castitatis
2104 1027 2137 1054 et

1148 1068 1338 1101 modestiae
1353 1068 1420 1102 suit
1444 1069 1481 1101 in
1498 1068 1672 1111 Aristide,
1706 1070 1894 1114 Scipione,
1928 1073 1987 1104 sed
2013 1072 2136 1105 defue-

1147 1125 1230 1152 runt
1250 1119 1428 1152 invocatio
1448 1132 1528 1153 vera
1545 1119 1628 1161 Dei,
1657 1128 1690 1155 et
1715 1122 1919 1165 propagatio
1943 1122 2136 1157 doctrinae.

1147 1169 1223 1202 Hoc
1240 1169 1428 1202 discrimen
1446 1169 1642 1211 Ecclesiae,
1660 1179 1692 1205 et
1708 1170 1967 1213 Ethnicorum,
1992 1184 2051 1205 seu
2067 1172 2137 1205 im-

1147 1220 1305 1262 piorum,
1339 1231 1440 1264 saepe
1465 1222 1695 1264 repetendum
1717 1230 1787 1263 est,
1821 1230 1861 1257 ut
1886 1235 1950 1256 nos
1975 1223 2067 1267 ipsos
2090 1225 2135 1256 ad

1146 1268 1210 1303 hos
1230 1270 1433 1314 praecipuos
1451 1272 1564 1306 cultus
1581 1273 1781 1315 excitemus,
1797 1286 1835 1307 ac
1852 1281 1890 1308 ut
1907 1274 1974 1306 iam
1992 1275 2034 1307 de
2052 1286 2136 1318 pro-

1145 1322 1331 1365 pagatione
1366 1322 1547 1356 doctrinae
1583 1323 1760 1365 dicamus,
1801 1325 2024 1358 considerent
2059 1332 2136 1358 stu-

1144 1372 1235 1405 diosi
1254 1370 1438 1405 hominum
1458 1374 1657 1408 voluntates
1671 1387 1750 1419 erga
1765 1375 2001 1409 ministerium
2014 1373 2136 1409 Evau-

1144 1423 1236 1466 gelii.
1297 1422 1453 1457 Maxima
1484 1436 1564 1468 pars
1595 1427 1733 1468 generis
1764 1424 1913 1460 humani
1936 1428 2135 1460 doctrinam

1143 1473 1329 1517 Evangelii
1361 1482 1589 1519 aspernatur,
1632 1483 1798 1523 tanquam
1822 1478 2038 1518 fabulosam,
2079 1484 2135 1523 ty-

1145 1526 1248 1558 ranui
1270 1525 1372 1559 multi
1395 1526 1499 1560 etiam
1521 1528 1638 1560 delere
1662 1540 1737 1561 eam
1762 1536 1955 1570 conantur,
1997 1529 2134 1573 reliqua

1145 1577 1336 1609 multitudo
1355 1588 1426 1609 non
1445 1578 1558 1610 solum
1583 1585 1678 1612 extra
1696 1577 1908 1620 Ecclesiam,
1942 1580 2001 1612 sed
2027 1580 2134 1613 etiarn

1145 1628 1181 1659 iu
1199 1626 1354 1659 Ecclesia
1374 1628 1520 1671 negligit
1545 1629 1723 1663 ministros
1749 1637 1782 1663 et
1805 1631 1918 1664 studia
1936 1628 2135 1673 Evangelii,

1145 1689 1223 1710 cum
1244 1675 1334 1710 hanc
1352 1678 1501 1722 primam
1524 1691 1643 1713 curam
1668 1680 1829 1713 omnium
1856 1681 2134 1724 gubernatorum

1144 1735 1178 1762 et
1209 1729 1370 1762 omnium
1396 1727 1583 1763 hominum
1614 1741 1686 1764 esse
1708 1732 1925 1775 oportuerit,
1959 1732 2135 1773 videlicet,

1146 1786 1182 1812 ut
1200 1779 1387 1813 consilium
1407 1786 1439 1813 et
1456 1793 1597 1824 operam
1616 1793 1679 1815 suo
1702 1782 1851 1828 quisque
1876 1783 1952 1816 loco
1976 1784 2133 1816 conferat

1145 1831 1187 1862 ad
1207 1831 1431 1864 retinendum
1448 1832 1684 1866 ministerium
1700 1831 1903 1876 Evangelii,
1932 1834 1968 1866 in
1993 1833 2133 1877 publica

1145 1881 1453 1914 administratione
1474 1881 1733 1922 Eccleshurum,
1774 1886 1817 1917 ad
1843 1885 1993 1917 fovenda
2016 1885 2132 1918 studia

1147 1932 1339 1965 necessaria
1362 1930 1558 1974 Ecclesiae,
1584 1935 1628 1967 ad
1648 1935 1848 1975 ministros,
1882 1936 2065 1975 doctores,
2099 1943 2132 1969 et

1145 1983 1336 2026 discipulos
1353 1985 1502 2017 tuendos
1520 1992 1551 2018 et
1578 1985 1731 2020 alendos.
1786 1985 1882 2019 Haec
1910 1987 2021 2019 officia
2047 1998 2132 2020 con-

1145 2041 1211 2067 stat
1237 2035 1272 2066 in
1299 2034 1455 2078 imperiis
1479 2042 1511 2068 et
1528 2036 1731 2070 civitatibus
1747 2049 1764 2069 a
1782 2038 2077 2080 gubernatoribus
2100 2045 2133 2071 et

1145 2097 1162 2118 a
1179 2085 1324 2128 privatis
1343 2086 1470 2129 passim
1487 2087 1633 2131 negligi,
1661 2100 1733 2120 non
1754 2088 1874 2132 quaeri
1898 2090 2044 2121 idoneos
2070 2101 2132 2132 pa-

1145 2144 1254 2170 stores
1271 2133 1456 2178 Ecclesiis,
1491 2150 1563 2170 non
1587 2138 1665 2171 dari
1689 2140 1881 2179 mercedes,
1914 2151 1974 2172 seu
1997 2139 2134 2181 stipen-

1145 2188 1201 2220 dia
1227 2187 1435 2227 mediocria,
1478 2201 1551 2221 non
1572 2190 1665 2233 adigi
1693 2190 1911 2223 iuventutem
1940 2190 1983 2222 ad
2017 2191 2132 2223 studia

1145 2239 1336 2271 necessaria
1363 2237 1539 2272 Ecclesiae
1561 2238 1646 2280 Dei,
1689 2241 1757 2273 imo
1782 2241 1896 2283 regiae
1918 2240 2018 2273 aulae
2040 2253 2133 2274 mer-

1145 2290 1245 2322 cedes
1264 2290 1398 2321 debitas
1416 2290 1620 2324 doctoribus
1640 2289 1843 2334 Evangelii,
1869 2291 1903 2324 id
1926 2297 1992 2333 est,
2019 2303 2133 2325 sacer-

1144 2340 1239 2373 dotia
1259 2340 1294 2372 in
1312 2340 1467 2383 collegiis
1482 2342 1681 2375 attribuunt
1699 2342 1740 2374 iis
1753 2368 1764 2382 ‚
1789 2354 1941 2387 quorum
1960 2354 2065 2387 opera
2093 2343 2132 2375 in

1143 2392 1220 2425 foro
1236 2398 1267 2424 et
1287 2392 1442 2435 profanis
1460 2393 1610 2435 negotiis
1627 2399 1787 2428 utuntur.

1244 2441 1339 2475 Haec
1355 2449 1491 2476 tantum
1509 2456 1550 2476 eo
1568 2444 1693 2483 recito,
1726 2450 1764 2477 ut
1782 2443 1916 2477 dictum
1935 2441 2041 2477 huius
2058 2451 2131 2478 tex-

1143 2500 1198 2527 tus
1216 2494 1357 2538 proprie
1375 2494 1614 2536 intelligatur,
1641 2501 1671 2528 et
1696 2495 1740 2527 ad
1764 2506 1867 2528 usum
1890 2497 2135 2528 accommode-

1143 2553 1221 2587 tur,
1258 2545 1295 2578 id
1319 2551 1387 2585 est,
1428 2542 1493 2578 hae
1515 2557 1601 2578 voce
1621 2557 1825 2579 accusemus
1847 2552 2037 2591 tyrannos,
2070 2548 2134 2591 qui

1143 2596 1260 2629 delere
1283 2595 1519 2629 ministerium
1541 2594 1728 2640 Evangelii
1753 2604 1951 2638 conantur,
1987 2604 2019 2631 et
2044 2597 2134 2630 alios

1143 2647 1203 2692 qui
1226 2647 1422 2690 negligunt.
1482 2645 1553 2680 Nos
1578 2660 1663 2680 vero
1688 2647 1876 2680 excitemus
1907 2649 1949 2680 ad
1983 2648 2133 2681 audieu-

1143 2699 1246 2739 dum,
1273 2698 1497 2739 discendum,
1523 2698 1710 2733 colendum
1730 2696 1983 2742 &ang-lium,
2000 2699 2041 2732 ad
2060 2707 2134 2732 stu-
