<?xml version="1.0" encoding="UTF-8"?>
<!DOCTYPE html PUBLIC "-//W3C//DTD XHTML 1.0 Transitional//EN"
    "http://www.w3.org/TR/xhtml1/DTD/xhtml1-transitional.dtd">
<html xmlns="http://www.w3.org/1999/xhtml" xml:lang="en" lang="en">
 <head>
  <title>
</title>
<meta http-equiv="Content-Type" content="text/html;charset=utf-8" />
  <meta name='ocr-system' content='tesseract 3.04.00' />
  <meta name='ocr-capabilities' content='ocr_page ocr_carea ocr_par ocr_line ocrx_word'/>
</head>
<body>
  <div class='ocr_page' id='page_1' title='image "./operaquaesupersu15melauoft/operaquaesupersu15melauoft_0259.png"; bbox 0 0 2415 2942; ppageno 0'>
   <div class='ocr_carea' id='block_1_1' title="bbox 95 105 560 144">
    <p class='ocr_par' dir='ltr' id='par_1_1' title="bbox 95 105 560 144">
     <span class='ocr_line' id='line_1_1' title="bbox 95 105 560 144; baseline -0.004 0"><span class='ocrx_word' id='word_1_1' title='bbox 95 107 117 144; x_wconf 85' lang='lat'><em>5</em></span> <span class='ocrx_word' id='word_1_2' title='bbox 131 109 176 143; x_wconf 85' lang='lat'>01</span> <span class='ocrx_word' id='word_1_3' title='bbox 458 105 560 143; x_wconf 89' lang='lat' dir='ltr'>XIII.</span> 
     </span>
    </p>
   </div>
   <div class='ocr_carea' id='block_1_2' title="bbox 88 190 1079 538">
    <p class='ocr_par' dir='ltr' id='par_1_2' title="bbox 88 190 1079 538">
     <span class='ocr_line' id='line_1_2' title="bbox 91 190 1078 236; baseline -0.001 -8"><span class='ocrx_word' id='word_1_4' title='bbox 91 202 164 228; x_wconf 85' lang='lat' dir='ltr'>stus</span> <span class='ocrx_word' id='word_1_5' title='bbox 181 218 190 233; x_wconf 91' lang='lat'>,</span> <span class='ocrx_word' id='word_1_6' title='bbox 232 200 270 227; x_wconf 86' lang='lat' dir='ltr'>ut</span> <span class='ocrx_word' id='word_1_7' title='bbox 294 192 461 227; x_wconf 87' lang='lat' dir='ltr'>convenit</span> <span class='ocrx_word' id='word_1_8' title='bbox 487 190 636 232; x_wconf 86' lang='lat' dir='ltr'>artifici,</span> <span class='ocrx_word' id='word_1_9' title='bbox 675 191 854 236; x_wconf 75' lang='lat' dir='ltr'><strong>aptissime</strong></span> <span class='ocrx_word' id='word_1_10' title='bbox 877 193 1078 235; x_wconf 89' lang='lat' dir='ltr'>complexus</span> 
     </span>
     <span class='ocr_line' id='line_1_3' title="bbox 90 239 1079 287; baseline 0 -9"><span class='ocrx_word' id='word_1_11' title='bbox 90 244 276 287; x_wconf 80' lang='lat' dir='ltr'>Evangelii</span> <span class='ocrx_word' id='word_1_12' title='bbox 314 256 487 277; x_wconf 91' lang='lat' dir='ltr'>summam</span> <span class='ocrx_word' id='word_1_13' title='bbox 520 255 559 276; x_wconf 91' lang='lat' dir='ltr'>ac</span> <span class='ocrx_word' id='word_1_14' title='bbox 594 239 825 282; x_wconf 77' lang='lat' dir='ltr'>methodum,</span> <span class='ocrx_word' id='word_1_15' title='bbox 866 254 944 275; x_wconf 87' lang='lat' dir='ltr'>cum</span> <span class='ocrx_word' id='word_1_16' title='bbox 982 243 1079 278; x_wconf 86' lang='lat' dir='ltr'>iubet</span> 
     </span>
     <span class='ocr_line' id='line_1_4' title="bbox 90 292 1078 340; baseline -0.002 -12"><span class='ocrx_word' id='word_1_17' title='bbox 90 297 294 340; x_wconf 87' lang='lat' dir='ltr'>praedicare</span> <span class='ocrx_word' id='word_1_18' title='bbox 321 294 573 339; x_wconf 85' lang='lat' dir='ltr'>poenitentiam</span> <span class='ocrx_word' id='word_1_19' title='bbox 594 301 626 327; x_wconf 90' lang='lat' dir='ltr'>et</span> <span class='ocrx_word' id='word_1_20' title='bbox 648 292 892 326; x_wconf 77' lang='lat' dir='ltr'>remissionem</span> <span class='ocrx_word' id='word_1_21' title='bbox 919 301 1078 337; x_wconf 84' lang='lat' dir='ltr'>peccato-</span> 
     </span>
     <span class='ocr_line' id='line_1_5' title="bbox 549 343 1075 390; baseline -0.013 -11"><span class='ocrx_word' id='word_1_22' title='bbox 549 344 671 390; x_wconf 87' lang='lat' dir='ltr'>Itaque</span> <span class='ocrx_word' id='word_1_23' title='bbox 697 343 931 376; x_wconf 85' lang='lat' dir='ltr'>ministerium</span> <span class='ocrx_word' id='word_1_24' title='bbox 958 343 1075 377; x_wconf 76' lang='lat' dir='ltr'>Evan-</span> 
     </span>
     <span class='ocr_line' id='line_1_6' title="bbox 89 392 1073 442; baseline -0.003 -12"><span class='ocrx_word' id='word_1_25' title='bbox 89 398 172 441; x_wconf 86' lang='lat' dir='ltr'>gelii</span> <span class='ocrx_word' id='word_1_26' title='bbox 201 398 354 442; x_wconf 86' lang='lat' dir='ltr'>primum</span> <span class='ocrx_word' id='word_1_27' title='bbox 380 397 494 440; x_wconf 85' lang='lat' dir='ltr'>arguit</span> <span class='ocrx_word' id='word_1_28' title='bbox 522 402 679 440; x_wconf 88' lang='lat' dir='ltr'>peccata,</span> <span class='ocrx_word' id='word_1_29' title='bbox 717 394 806 427; x_wconf 88' lang='lat' dir='ltr'>sicut</span> <span class='ocrx_word' id='word_1_30' title='bbox 829 392 994 427; x_wconf 73' lang='lat' dir='ltr'>Christus</span> <span class='ocrx_word' id='word_1_31' title='bbox 1019 395 1073 427; x_wconf 92' lang='lat' dir='ltr'>in-</span> 
     </span>
     <span class='ocr_line' id='line_1_7' title="bbox 88 445 1072 493; baseline -0.002 -12"><span class='ocrx_word' id='word_1_32' title='bbox 88 449 190 493; x_wconf 85' lang='lat' dir='ltr'>quit:</span> <span class='ocrx_word' id='word_1_33' title='bbox 236 447 390 492; x_wconf 78' lang='lat' dir='ltr'>Spiritus</span> <span class='ocrx_word' id='word_1_34' title='bbox 416 453 556 480; x_wconf 88' lang='lat' dir='ltr'>sanctus</span> <span class='ocrx_word' id='word_1_35' title='bbox 582 451 704 488; x_wconf 78' lang='lat' dir='ltr'><strong>arguet</strong></span> <span class='ocrx_word' id='word_1_36' title='bbox 730 445 904 477; x_wconf 88' lang='lat' dir='ltr'>mundum</span> <span class='ocrx_word' id='word_1_37' title='bbox 928 446 971 477; x_wconf 90' lang='lat' dir='ltr'>de</span> <span class='ocrx_word' id='word_1_38' title='bbox 995 457 1072 489; x_wconf 71' lang='lat' dir='ltr'>pec-</span> 
     </span>
     <span class='ocr_line' id='line_1_8' title="bbox 325 495 1073 538; baseline -0.003 -6"><span class='ocrx_word' id='word_1_39' title='bbox 325 497 393 532; x_wconf 78' lang='lat' dir='ltr'>Hic</span> <span class='ocrx_word' id='word_1_40' title='bbox 418 510 496 531; x_wconf 91' lang='lat' dir='ltr'>cum</span> <span class='ocrx_word' id='word_1_41' title='bbox 523 508 620 529; x_wconf 87' lang='lat' dir='ltr'>mens</span> <span class='ocrx_word' id='word_1_42' title='bbox 651 495 806 538; x_wconf 82' lang='lat' dir='ltr'>agnoscit</span> <span class='ocrx_word' id='word_1_43' title='bbox 834 502 1010 538; x_wconf 86' lang='lat' dir='ltr'>peccatum</span> <span class='ocrx_word' id='word_1_44' title='bbox 1041 504 1073 530; x_wconf 88' lang='lat' dir='ltr'>et</span> 
     </span>
    </p>
   </div>
   <div class='ocr_carea' id='block_1_3' title="bbox 83 545 1072 739">
    <p class='ocr_par' dir='ltr' id='par_1_3' title="bbox 83 545 1072 739">
     <span class='ocr_line' id='line_1_9' title="bbox 88 545 1072 591; baseline -0.002 -9"><span class='ocrx_word' id='word_1_45' title='bbox 88 549 176 582; x_wconf 82' lang='lat' dir='ltr'>iram</span> <span class='ocrx_word' id='word_1_46' title='bbox 196 550 283 591; x_wconf 88' lang='lat' dir='ltr'>Dei,</span> <span class='ocrx_word' id='word_1_47' title='bbox 319 561 358 582; x_wconf 89' lang='lat' dir='ltr'>ac</span> <span class='ocrx_word' id='word_1_48' title='bbox 383 549 473 582; x_wconf 90' lang='lat' dir='ltr'>veris</span> <span class='ocrx_word' id='word_1_49' title='bbox 492 547 686 581; x_wconf 87' lang='lat' dir='ltr'>terroribus</span> <span class='ocrx_word' id='word_1_50' title='bbox 711 546 926 590; x_wconf 81' lang='lat' dir='ltr'>expavescit,</span> <span class='ocrx_word' id='word_1_51' title='bbox 953 545 1072 580; x_wconf 87' lang='lat' dir='ltr'>Evan-</span> 
     </span>
     <span class='ocr_line' id='line_1_10' title="bbox 86 598 1069 644; baseline -0.001 -12"><span class='ocrx_word' id='word_1_52' title='bbox 86 601 216 643; x_wconf 74' lang='lat' dir='ltr'>gelinm</span> <span class='ocrx_word' id='word_1_53' title='bbox 248 599 413 644; x_wconf 84' lang='lat' dir='ltr'>proponit</span> <span class='ocrx_word' id='word_1_54' title='bbox 440 598 735 637; x_wconf 71' lang='lat' dir='ltr'>consolationem,</span> <span class='ocrx_word' id='word_1_55' title='bbox 778 603 810 630; x_wconf 89' lang='lat' dir='ltr'>et</span> <span class='ocrx_word' id='word_1_56' title='bbox 841 609 916 630; x_wconf 82' lang='lat' dir='ltr'>eam</span> <span class='ocrx_word' id='word_1_57' title='bbox 949 609 1069 631; x_wconf 85' lang='lat' dir='ltr'>vocem</span> 
     </span>
     <span class='ocr_line' id='line_1_11' title="bbox 83 647 1069 695; baseline 0 -13"><span class='ocrx_word' id='word_1_58' title='bbox 83 663 173 695; x_wconf 80' lang='lat' dir='ltr'>qnae</span> <span class='ocrx_word' id='word_1_59' title='bbox 198 658 247 684; x_wconf 90' lang='lat' dir='ltr'>est</span> <span class='ocrx_word' id='word_1_60' title='bbox 276 651 385 695; x_wconf 86' lang='lat' dir='ltr'>ipsius</span> <span class='ocrx_word' id='word_1_61' title='bbox 407 648 591 691; x_wconf 77' lang='lat' dir='ltr'>Evangelii</span> <span class='ocrx_word' id='word_1_62' title='bbox 626 647 786 691; x_wconf 86' lang='lat' dir='ltr'>propria,</span> <span class='ocrx_word' id='word_1_63' title='bbox 829 648 962 681; x_wconf 86' lang='lat' dir='ltr'>scilicet</span> <span class='ocrx_word' id='word_1_64' title='bbox 986 660 1069 692; x_wconf 89' lang='lat' dir='ltr'>pro-</span> 
     </span>
     <span class='ocr_line' id='line_1_12' title="bbox 84 697 1068 739; baseline 0.001 -7"><span class='ocrx_word' id='word_1_65' title='bbox 84 702 289 735; x_wconf 78' lang='lat' dir='ltr'>missionem</span> <span class='ocrx_word' id='word_1_66' title='bbox 316 700 475 734; x_wconf 85' lang='lat' dir='ltr'>beneficii</span> <span class='ocrx_word' id='word_1_67' title='bbox 501 697 651 739; x_wconf 75' lang='lat' dir='ltr'>Christi,</span> <span class='ocrx_word' id='word_1_68' title='bbox 691 705 861 732; x_wconf 90' lang='lat' dir='ltr'>monstrat</span> <span class='ocrx_word' id='word_1_69' title='bbox 896 699 1068 733; x_wconf 86' lang='lat' dir='ltr'>mediato-</span> 
     </span>
    </p>
   </div>
   <div class='ocr_carea' id='block_1_4' title="bbox 89 346 496 380">
    <p class='ocr_par' dir='ltr' id='par_1_4' title="bbox 89 346 496 380">
     <span class='ocr_line' id='line_1_13' title="bbox 89 346 496 380; baseline 0.002 -1"><span class='ocrx_word' id='word_1_70' title='bbox 89 359 169 379; x_wconf 86' lang='lat' dir='ltr'>rum</span> <span class='ocrx_word' id='word_1_71' title='bbox 192 347 228 379; x_wconf 93' lang='lat' dir='ltr'>in</span> <span class='ocrx_word' id='word_1_72' title='bbox 254 358 315 379; x_wconf 90' lang='lat' dir='ltr'>suo</span> <span class='ocrx_word' id='word_1_73' title='bbox 340 346 496 380; x_wconf 88' lang='lat' dir='ltr'>nomine.</span> 
     </span>
    </p>
   </div>
   <div class='ocr_carea' id='block_1_5' title="bbox 86 505 251 534">
    <p class='ocr_par' dir='ltr' id='par_1_5' title="bbox 86 505 251 534">
     <span class='ocr_line' id='line_1_14' title="bbox 86 505 251 534; baseline 0.018 -3"><span class='ocrx_word' id='word_1_74' title='bbox 86 506 163 532; x_wconf 89' lang='lat' dir='ltr'>cato</span> <span class='ocrx_word' id='word_1_75' title='bbox 188 505 251 534; x_wconf 90' lang='lat' dir='ltr'>etc.</span> 
     </span>
    </p>
   </div>
   <div class='ocr_carea' id='block_1_6' title="bbox 82 749 1064 847">
    <p class='ocr_par' dir='ltr' id='par_1_6' title="bbox 82 749 1064 847">
     <span class='ocr_line' id='line_1_15' title="bbox 83 749 1064 792; baseline 0.001 -9"><span class='ocrx_word' id='word_1_76' title='bbox 83 764 155 784; x_wconf 88' lang='lat' dir='ltr'>rem</span> <span class='ocrx_word' id='word_1_77' title='bbox 184 753 293 786; x_wconf 89' lang='lat' dir='ltr'>filium</span> <span class='ocrx_word' id='word_1_78' title='bbox 321 751 406 792; x_wconf 84' lang='lat' dir='ltr'>Dei,</span> <span class='ocrx_word' id='word_1_79' title='bbox 437 751 527 784; x_wconf 90' lang='lat' dir='ltr'>sicut</span> <span class='ocrx_word' id='word_1_80' title='bbox 552 749 702 782; x_wconf 86' lang='lat' dir='ltr'>Ioannes</span> <span class='ocrx_word' id='word_1_81' title='bbox 728 761 807 782; x_wconf 89' lang='lat' dir='ltr'>eum</span> <span class='ocrx_word' id='word_1_82' title='bbox 833 750 1064 791; x_wconf 81' lang='lat' dir='ltr'>monstrabat,</span> 
     </span>
     <span class='ocr_line' id='line_1_16' title="bbox 82 800 1061 847; baseline 0.001 -13"><span class='ocrx_word' id='word_1_83' title='bbox 82 803 270 847; x_wconf 86' lang='lat' dir='ltr'>inquiens:</span> <span class='ocrx_word' id='word_1_84' title='bbox 311 800 398 835; x_wconf 89' lang='lat' dir='ltr'>Ecce</span> <span class='ocrx_word' id='word_1_85' title='bbox 429 812 538 845; x_wconf 85' lang='lat' dir='ltr'>agnus</span> <span class='ocrx_word' id='word_1_86' title='bbox 571 800 662 840; x_wconf 92' lang='lat' dir='ltr'>Dei,</span> <span class='ocrx_word' id='word_1_87' title='bbox 705 800 763 844; x_wconf 91' lang='lat' dir='ltr'>qui</span> <span class='ocrx_word' id='word_1_88' title='bbox 799 800 892 835; x_wconf 90' lang='lat' dir='ltr'>tollit</span> <span class='ocrx_word' id='word_1_89' title='bbox 924 808 1061 845; x_wconf 89' lang='lat' dir='ltr'>peccata</span> 
     </span>
    </p>
   </div>
   <div class='ocr_carea' id='block_1_7' title="bbox 77 848 1065 946">
    <p class='ocr_par' dir='ltr' id='par_1_7' title="bbox 77 848 1065 946">
     <span class='ocr_line' id='line_1_17' title="bbox 79 848 1065 896; baseline 0 -11"><span class='ocrx_word' id='word_1_90' title='bbox 79 854 222 894; x_wconf 87' lang='lat' dir='ltr'>mundi,</span> <span class='ocrx_word' id='word_1_91' title='bbox 240 854 336 886; x_wconf 89' lang='lat' dir='ltr'>iubet</span> <span class='ocrx_word' id='word_1_92' title='bbox 353 859 519 892; x_wconf 79' lang='lat' dir='ltr'>statuere,</span> <span class='ocrx_word' id='word_1_93' title='bbox 546 852 640 896; x_wconf 91' lang='lat' dir='ltr'>quod</span> <span class='ocrx_word' id='word_1_94' title='bbox 658 858 801 895; x_wconf 90' lang='lat' dir='ltr'>propter</span> <span class='ocrx_word' id='word_1_95' title='bbox 819 848 915 884; x_wconf 92' lang='lat' dir='ltr'>hunc</span> <span class='ocrx_word' id='word_1_96' title='bbox 932 852 1065 885; x_wconf 90' lang='lat' dir='ltr'>media—</span> 
     </span>
     <span class='ocr_line' id='line_1_18' title="bbox 77 901 1065 946; baseline -0.001 -9"><span class='ocrx_word' id='word_1_97' title='bbox 77 910 189 937; x_wconf 86' lang='lat' dir='ltr'>torem</span> <span class='ocrx_word' id='word_1_98' title='bbox 210 904 319 937; x_wconf 84' lang='lat' dir='ltr'>filium</span> <span class='ocrx_word' id='word_1_99' title='bbox 338 904 420 946; x_wconf 87' lang='lat' dir='ltr'>Dei,</span> <span class='ocrx_word' id='word_1_100' title='bbox 438 902 635 936; x_wconf 87' lang='lat' dir='ltr'>Dominum</span> <span class='ocrx_word' id='word_1_101' title='bbox 652 908 811 935; x_wconf 89' lang='lat' dir='ltr'>nostrum</span> <span class='ocrx_word' id='word_1_102' title='bbox 829 901 942 935; x_wconf 89' lang='lat' dir='ltr'>lesum</span> <span class='ocrx_word' id='word_1_103' title='bbox 959 901 1065 936; x_wconf 86' lang='lat' dir='ltr'>Chri-</span> 
     </span>
    </p>
   </div>
   <div class='ocr_carea' id='block_1_8' title="bbox 76 952 1063 1048">
    <p class='ocr_par' dir='ltr' id='par_1_8' title="bbox 76 952 1063 1048">
     <span class='ocr_line' id='line_1_19' title="bbox 76 952 1063 997; baseline 0 -11"><span class='ocrx_word' id='word_1_104' title='bbox 76 960 189 993; x_wconf 84' lang='lat' dir='ltr'>stum,</span> <span class='ocrx_word' id='word_1_105' title='bbox 224 961 319 987; x_wconf 89' lang='lat' dir='ltr'>certo</span> <span class='ocrx_word' id='word_1_106' title='bbox 342 955 445 988; x_wconf 89' lang='lat' dir='ltr'>nohis</span> <span class='ocrx_word' id='word_1_107' title='bbox 470 955 623 987; x_wconf 91' lang='lat' dir='ltr'>donetur</span> <span class='ocrx_word' id='word_1_108' title='bbox 644 952 804 986; x_wconf 88' lang='lat' dir='ltr'>remissio</span> <span class='ocrx_word' id='word_1_109' title='bbox 830 960 1063 997; x_wconf 89' lang='lat' dir='ltr'>peccatorum,</span> 
     </span>
     <span class='ocr_line' id='line_1_20' title="bbox 581 1003 1062 1048; baseline 0.004 -12"><span class='ocrx_word' id='word_1_110' title='bbox 581 1016 653 1037; x_wconf 88' lang='lat' dir='ltr'>non</span> <span class='ocrx_word' id='word_1_111' title='bbox 677 1010 822 1048; x_wconf 90' lang='lat' dir='ltr'>propter</span> <span class='ocrx_word' id='word_1_112' title='bbox 845 1003 917 1037; x_wconf 92' lang='lat' dir='ltr'>ulla</span> <span class='ocrx_word' id='word_1_113' title='bbox 945 1012 1062 1038; x_wconf 89' lang='lat' dir='ltr'>nostra</span> 
     </span>
    </p>
   </div>
   <div class='ocr_carea' id='block_1_9' title="bbox 73 1005 1060 1149">
    <p class='ocr_par' dir='ltr' id='par_1_9' title="bbox 73 1005 1060 1149">
     <span class='ocr_line' id='line_1_21' title="bbox 75 1005 535 1049; baseline 0 -12"><span class='ocrx_word' id='word_1_114' title='bbox 75 1010 109 1038; x_wconf 89' lang='lat' dir='ltr'>et</span> <span class='ocrx_word' id='word_1_115' title='bbox 137 1005 322 1049; x_wconf 84' lang='lat' dir='ltr'>imputatio</span> <span class='ocrx_word' id='word_1_116' title='bbox 354 1005 535 1038; x_wconf 87' lang='lat' dir='ltr'>iusticiae:</span> 
     </span>
     <span class='ocr_line' id='line_1_22' title="bbox 75 1054 1060 1098; baseline 0 -10"><span class='ocrx_word' id='word_1_117' title='bbox 75 1067 180 1098; x_wconf 90' lang='lat' dir='ltr'>opera</span> <span class='ocrx_word' id='word_1_118' title='bbox 202 1067 262 1089; x_wconf 91' lang='lat' dir='ltr'>seu</span> <span class='ocrx_word' id='word_1_119' title='bbox 287 1056 430 1096; x_wconf 87' lang='lat' dir='ltr'>merita,</span> <span class='ocrx_word' id='word_1_120' title='bbox 462 1056 520 1088; x_wconf 89' lang='lat' dir='ltr'>sed</span> <span class='ocrx_word' id='word_1_121' title='bbox 546 1054 653 1098; x_wconf 85' lang='lat' dir='ltr'>gratis</span> <span class='ocrx_word' id='word_1_122' title='bbox 679 1054 766 1095; x_wconf 85' lang='lat' dir='ltr'>fide,</span> <span class='ocrx_word' id='word_1_123' title='bbox 807 1055 843 1087; x_wconf 91' lang='lat' dir='ltr'>id</span> <span class='ocrx_word' id='word_1_124' title='bbox 867 1061 936 1093; x_wconf 90' lang='lat' dir='ltr'>est,</span> <span class='ocrx_word' id='word_1_125' title='bbox 982 1068 1060 1088; x_wconf 92' lang='lat' dir='ltr'>cum</span> 
     </span>
     <span class='ocr_line' id='line_1_23' title="bbox 73 1103 1060 1149; baseline 0 -11"><span class='ocrx_word' id='word_1_126' title='bbox 73 1106 249 1140; x_wconf 89' lang='lat' dir='ltr'>credimus</span> <span class='ocrx_word' id='word_1_127' title='bbox 282 1107 342 1140; x_wconf 87' lang='lat' dir='ltr'>illa</span> <span class='ocrx_word' id='word_1_128' title='bbox 368 1118 450 1139; x_wconf 86' lang='lat' dir='ltr'>vere</span> <span class='ocrx_word' id='word_1_129' title='bbox 473 1106 576 1138; x_wconf 92' lang='lat' dir='ltr'>nobis</span> <span class='ocrx_word' id='word_1_130' title='bbox 602 1117 640 1138; x_wconf 91' lang='lat' dir='ltr'>ac</span> <span class='ocrx_word' id='word_1_131' title='bbox 665 1112 759 1138; x_wconf 90' lang='lat' dir='ltr'>certo</span> <span class='ocrx_word' id='word_1_132' title='bbox 787 1112 930 1149; x_wconf 86' lang='lat' dir='ltr'>propter</span> <span class='ocrx_word' id='word_1_133' title='bbox 954 1103 1060 1146; x_wconf 42' lang='lat' dir='ltr'>Chri,-</span> 
     </span>
    </p>
   </div>
   <div class='ocr_carea' id='block_1_10' title="bbox 74 1154 1060 1251">
    <p class='ocr_par' dir='ltr' id='par_1_10' title="bbox 74 1154 1060 1251">
     <span class='ocr_line' id='line_1_24' title="bbox 74 1154 1060 1198; baseline 0 -8"><span class='ocrx_word' id='word_1_134' title='bbox 74 1164 167 1190; x_wconf 89' lang='lat' dir='ltr'>stum</span> <span class='ocrx_word' id='word_1_135' title='bbox 186 1158 323 1191; x_wconf 87' lang='lat' dir='ltr'>donari.</span> <span class='ocrx_word' id='word_1_136' title='bbox 364 1156 452 1191; x_wconf 84' lang='lat' dir='ltr'>Cum</span> <span class='ocrx_word' id='word_1_137' title='bbox 469 1154 532 1189; x_wconf 91' lang='lat' dir='ltr'>hac</span> <span class='ocrx_word' id='word_1_138' title='bbox 551 1156 618 1189; x_wconf 87' lang='lat' dir='ltr'>fide</span> <span class='ocrx_word' id='word_1_139' title='bbox 636 1166 701 1189; x_wconf 91' lang='lat' dir='ltr'>nos</span> <span class='ocrx_word' id='word_1_140' title='bbox 723 1155 908 1198; x_wconf 84' lang='lat' dir='ltr'>erigimus,</span> <span class='ocrx_word' id='word_1_141' title='bbox 935 1163 968 1190; x_wconf 86' lang='lat' dir='ltr'>et</span> <span class='ocrx_word' id='word_1_142' title='bbox 984 1168 1060 1190; x_wconf 91' lang='lat' dir='ltr'>sus—</span> 
     </span>
     <span class='ocr_line' id='line_1_25' title="bbox 74 1205 1059 1251; baseline -0.001 -11"><span class='ocrx_word' id='word_1_143' title='bbox 74 1214 251 1242; x_wconf 74' lang='lat' dir='ltr'>tentamus</span> <span class='ocrx_word' id='word_1_144' title='bbox 275 1209 451 1242; x_wconf 89' lang='lat' dir='ltr'>intuentes</span> <span class='ocrx_word' id='word_1_145' title='bbox 475 1205 675 1245; x_wconf 90' lang='lat' dir='ltr'>Christum,</span> <span class='ocrx_word' id='word_1_146' title='bbox 704 1207 953 1251; x_wconf 87' lang='lat' dir='ltr'>consequimur</span> <span class='ocrx_word' id='word_1_147' title='bbox 978 1219 1059 1240; x_wconf 90' lang='lat' dir='ltr'>vere</span> 
     </span>
    </p>
   </div>
   <div class='ocr_carea' id='block_1_11' title="bbox 72 1257 1056 1301">
    <p class='ocr_par' dir='ltr' id='par_1_11' title="bbox 72 1257 1056 1301">
     <span class='ocr_line' id='line_1_26' title="bbox 72 1257 1056 1301; baseline 0.001 -11"><span class='ocrx_word' id='word_1_148' title='bbox 72 1259 314 1292; x_wconf 88' lang='lat' dir='ltr'>remissionem</span> <span class='ocrx_word' id='word_1_149' title='bbox 333 1265 574 1301; x_wconf 86' lang='lat' dir='ltr'>peccatorum,</span> <span class='ocrx_word' id='word_1_150' title='bbox 603 1265 635 1292; x_wconf 93' lang='lat' dir='ltr'>et</span> <span class='ocrx_word' id='word_1_151' title='bbox 659 1264 864 1300; x_wconf 90' lang='lat' dir='ltr'>reputamur</span> <span class='ocrx_word' id='word_1_152' title='bbox 891 1257 994 1297; x_wconf 88' lang='lat' dir='ltr'>iusti,</span> <span class='ocrx_word' id='word_1_153' title='bbox 1021 1258 1056 1291; x_wconf 90' lang='lat' dir='ltr'>id</span> 
     </span>
    </p>
   </div>
   <div class='ocr_carea' id='block_1_12' title="bbox 72 1307 1058 1352">
    <p class='ocr_par' dir='ltr' id='par_1_12' title="bbox 72 1307 1058 1352">
     <span class='ocr_line' id='line_1_27' title="bbox 72 1307 1058 1352; baseline -0.001 -11"><span class='ocrx_word' id='word_1_154' title='bbox 72 1316 140 1349; x_wconf 88' lang='lat' dir='ltr'>est,</span> <span class='ocrx_word' id='word_1_155' title='bbox 169 1310 300 1352; x_wconf 89' lang='lat' dir='ltr'>accepti</span> <span class='ocrx_word' id='word_1_156' title='bbox 317 1322 433 1343; x_wconf 89' lang='lat' dir='ltr'>coram</span> <span class='ocrx_word' id='word_1_157' title='bbox 454 1307 548 1349; x_wconf 86' lang='lat' dir='ltr'>Deo,</span> <span class='ocrx_word' id='word_1_158' title='bbox 576 1315 608 1341; x_wconf 89' lang='lat' dir='ltr'>et</span> <span class='ocrx_word' id='word_1_159' title='bbox 632 1309 808 1341; x_wconf 87' lang='lat' dir='ltr'>donamur</span> <span class='ocrx_word' id='word_1_160' title='bbox 824 1307 959 1350; x_wconf 87' lang='lat' dir='ltr'>Spiritu</span> <span class='ocrx_word' id='word_1_161' title='bbox 977 1319 1058 1340; x_wconf 85' lang='lat' dir='ltr'>san-</span> 
     </span>
    </p>
   </div>
   <div class='ocr_carea' id='block_1_13' title="bbox 53 1358 1054 2725">
    <p class='ocr_par' dir='ltr' id='par_1_13' title="bbox 53 1358 1054 2725">
     <span class='ocr_line' id='line_1_28' title="bbox 70 1358 1054 1400; baseline 0 -9"><span class='ocrx_word' id='word_1_162' title='bbox 70 1366 124 1392; x_wconf 92' lang='lat' dir='ltr'>cto</span> <span class='ocrx_word' id='word_1_163' title='bbox 137 1386 145 1400; x_wconf 90' lang='lat'>,</span> <span class='ocrx_word' id='word_1_164' title='bbox 172 1367 205 1393; x_wconf 89' lang='lat' dir='ltr'>et</span> <span class='ocrx_word' id='word_1_165' title='bbox 221 1359 392 1393; x_wconf 87' lang='lat' dir='ltr'>efficimur</span> <span class='ocrx_word' id='word_1_166' title='bbox 407 1359 470 1391; x_wconf 85' lang='lat' dir='ltr'>filii</span> <span class='ocrx_word' id='word_1_167' title='bbox 487 1359 568 1399; x_wconf 86' lang='lat' dir='ltr'>Dei,</span> <span class='ocrx_word' id='word_1_168' title='bbox 594 1370 632 1391; x_wconf 89' lang='lat' dir='ltr'>ac</span> <span class='ocrx_word' id='word_1_169' title='bbox 649 1358 817 1390; x_wconf 87' lang='lat' dir='ltr'>haeredes</span> <span class='ocrx_word' id='word_1_170' title='bbox 832 1358 924 1390; x_wconf 85' lang='lat' dir='ltr'>vitae</span> <span class='ocrx_word' id='word_1_171' title='bbox 943 1366 1054 1391; x_wconf 90' lang='lat' dir='ltr'>aeter-</span> 
     </span>
     <span class='ocr_line' id='line_1_29' title="bbox 68 1407 1053 1450; baseline -0.001 -9"><span class='ocrx_word' id='word_1_172' title='bbox 68 1421 149 1450; x_wconf 86' lang='lat' dir='ltr'>nae,</span> <span class='ocrx_word' id='word_1_173' title='bbox 184 1417 222 1443; x_wconf 87' lang='lat' dir='ltr'>ut</span> <span class='ocrx_word' id='word_1_174' title='bbox 244 1409 340 1445; x_wconf 88' lang='lat' dir='ltr'>Ioan.</span> <span class='ocrx_word' id='word_1_175' title='bbox 361 1412 390 1443; x_wconf 90' lang='lat'>1.</span> <span class='ocrx_word' id='word_1_176' title='bbox 411 1410 599 1442; x_wconf 88' lang='lat' dir='ltr'>scribitur:</span> <span class='ocrx_word' id='word_1_177' title='bbox 640 1407 746 1441; x_wconf 85' lang='lat' dir='ltr'>Dedit</span> <span class='ocrx_word' id='word_1_178' title='bbox 771 1408 819 1440; x_wconf 90' lang='lat' dir='ltr'>eis</span> <span class='ocrx_word' id='word_1_179' title='bbox 849 1414 1053 1450; x_wconf 72' lang='lat' dir='ltr'>potestatem</span> 
     </span>
     <span class='ocr_line' id='line_1_30' title="bbox 66 1457 1054 1501; baseline -0.002 -8"><span class='ocrx_word' id='word_1_180' title='bbox 66 1460 157 1493; x_wconf 88' lang='lat' dir='ltr'>filios</span> <span class='ocrx_word' id='word_1_181' title='bbox 175 1458 240 1493; x_wconf 86' lang='lat' dir='ltr'>Dei</span> <span class='ocrx_word' id='word_1_182' title='bbox 258 1461 350 1501; x_wconf 86' lang='lat' dir='ltr'>fieri,</span> <span class='ocrx_word' id='word_1_183' title='bbox 372 1460 596 1493; x_wconf 87' lang='lat' dir='ltr'>credentibus</span> <span class='ocrx_word' id='word_1_184' title='bbox 613 1459 650 1492; x_wconf 91' lang='lat' dir='ltr'>in</span> <span class='ocrx_word' id='word_1_185' title='bbox 668 1458 812 1491; x_wconf 87' lang='lat' dir='ltr'>nomine</span> <span class='ocrx_word' id='word_1_186' title='bbox 832 1457 914 1491; x_wconf 90' lang='lat' dir='ltr'>eius.</span> <span class='ocrx_word' id='word_1_187' title='bbox 959 1457 1054 1492; x_wconf 87' lang='lat' dir='ltr'>Ilaec</span> 
     </span>
     <span class='ocr_line' id='line_1_31' title="bbox 66 1509 1051 1555; baseline -0.001 -12"><span class='ocrx_word' id='word_1_188' title='bbox 66 1518 149 1545; x_wconf 85' lang='lat' dir='ltr'>sunt</span> <span class='ocrx_word' id='word_1_189' title='bbox 165 1511 269 1555; x_wconf 92' lang='lat' dir='ltr'>plana</span> <span class='ocrx_word' id='word_1_190' title='bbox 287 1517 321 1546; x_wconf 87' lang='lat' dir='ltr'>et</span> <span class='ocrx_word' id='word_1_191' title='bbox 343 1511 544 1554; x_wconf 88' lang='lat' dir='ltr'>perspicua,</span> <span class='ocrx_word' id='word_1_192' title='bbox 571 1517 603 1544; x_wconf 88' lang='lat' dir='ltr'>et</span> <span class='ocrx_word' id='word_1_193' title='bbox 627 1510 667 1542; x_wconf 88' lang='lat' dir='ltr'>ad</span> <span class='ocrx_word' id='word_1_194' title='bbox 692 1521 794 1542; x_wconf 89' lang='lat' dir='ltr'>usum</span> <span class='ocrx_word' id='word_1_195' title='bbox 820 1509 1051 1542; x_wconf 86' lang='lat' dir='ltr'>conscientia-</span> 
     </span>
     <span class='ocr_line' id='line_1_32' title="bbox 65 1560 1051 1606; baseline -0.001 -12"><span class='ocrx_word' id='word_1_196' title='bbox 65 1572 143 1594; x_wconf 85' lang='lat' dir='ltr'>rum</span> <span class='ocrx_word' id='word_1_197' title='bbox 168 1563 448 1606; x_wconf 87' lang='lat' dir='ltr'>accommodata,</span> <span class='ocrx_word' id='word_1_198' title='bbox 476 1573 515 1594; x_wconf 91' lang='lat' dir='ltr'>ac</span> <span class='ocrx_word' id='word_1_199' title='bbox 538 1560 692 1605; x_wconf 89' lang='lat' dir='ltr'>conspici</span> <span class='ocrx_word' id='word_1_200' title='bbox 715 1560 751 1592; x_wconf 95' lang='lat' dir='ltr'>in</span> <span class='ocrx_word' id='word_1_201' title='bbox 778 1560 943 1604; x_wconf 86' lang='lat' dir='ltr'>exemplis</span> <span class='ocrx_word' id='word_1_202' title='bbox 971 1572 1051 1603; x_wconf 91' lang='lat' dir='ltr'>pos-</span> 
     </span>
     <span class='ocr_line' id='line_1_33' title="bbox 64 1610 1050 1650; baseline 0 -6"><span class='ocrx_word' id='word_1_203' title='bbox 64 1619 155 1648; x_wconf 82' lang='lat' dir='ltr'>sunt.</span> <span class='ocrx_word' id='word_1_204' title='bbox 207 1612 318 1646; x_wconf 88' lang='lat' dir='ltr'>David</span> <span class='ocrx_word' id='word_1_205' title='bbox 339 1625 418 1645; x_wconf 87' lang='lat' dir='ltr'>rens</span> <span class='ocrx_word' id='word_1_206' title='bbox 437 1612 599 1646; x_wconf 86' lang='lat' dir='ltr'>adulterii</span> <span class='ocrx_word' id='word_1_207' title='bbox 618 1619 651 1645; x_wconf 88' lang='lat' dir='ltr'>et</span> <span class='ocrx_word' id='word_1_208' title='bbox 668 1611 800 1650; x_wconf 78' lang='lat' dir='ltr'>caedis,</span> <span class='ocrx_word' id='word_1_209' title='bbox 828 1622 905 1643; x_wconf 91' lang='lat' dir='ltr'>cum</span> <span class='ocrx_word' id='word_1_210' title='bbox 924 1623 940 1643; x_wconf 89' lang='lat' dir='ltr'>a</span> <span class='ocrx_word' id='word_1_211' title='bbox 962 1610 1050 1644; x_wconf 83' lang='lat' dir='ltr'>Pro-</span> 
     </span>
     <span class='ocr_line' id='line_1_34' title="bbox 68 1660 1049 1707; baseline -0.001 -12"><span class='ocrx_word' id='word_1_212' title='bbox 68 1660 170 1706; x_wconf 81' lang='lat' dir='ltr'>pheta</span> <span class='ocrx_word' id='word_1_213' title='bbox 197 1671 435 1704; x_wconf 86' lang='lat' dir='ltr'>accusaretur,</span> <span class='ocrx_word' id='word_1_214' title='bbox 462 1674 648 1707; x_wconf 87' lang='lat' dir='ltr'>oppressus</span> <span class='ocrx_word' id='word_1_215' title='bbox 674 1668 723 1695; x_wconf 90' lang='lat' dir='ltr'>est</span> <span class='ocrx_word' id='word_1_216' title='bbox 751 1661 954 1703; x_wconf 81' lang='lat' dir='ltr'>ingentibus</span> <span class='ocrx_word' id='word_1_217' title='bbox 980 1668 1049 1695; x_wconf 87' lang='lat' dir='ltr'>ter-</span> 
     </span>
     <span class='ocr_line' id='line_1_35' title="bbox 66 1712 1047 1757; baseline 0 -12"><span class='ocrx_word' id='word_1_218' title='bbox 66 1714 217 1748; x_wconf 85' lang='lat' dir='ltr'>roribus.</span> <span class='ocrx_word' id='word_1_219' title='bbox 269 1714 392 1748; x_wconf 88' lang='lat' dir='ltr'>Postea</span> <span class='ocrx_word' id='word_1_220' title='bbox 418 1714 564 1757; x_wconf 85' lang='lat' dir='ltr'>erigitur</span> <span class='ocrx_word' id='word_1_221' title='bbox 588 1725 672 1746; x_wconf 88' lang='lat' dir='ltr'>voce</span> <span class='ocrx_word' id='word_1_222' title='bbox 689 1712 941 1749; x_wconf 87' lang='lat' dir='ltr'>absolutionis,</span> <span class='ocrx_word' id='word_1_223' title='bbox 968 1725 1047 1745; x_wconf 89' lang='lat' dir='ltr'>cum</span> 
     </span>
     <span class='ocr_line' id='line_1_36' title="bbox 64 1763 1047 1810; baseline -0.002 -13"><span class='ocrx_word' id='word_1_224' title='bbox 64 1765 112 1799; x_wconf 90' lang='lat' dir='ltr'>ait</span> <span class='ocrx_word' id='word_1_225' title='bbox 137 1763 330 1810; x_wconf 75' lang='lat' dir='ltr'>Propheta:</span> <span class='ocrx_word' id='word_1_226' title='bbox 360 1765 536 1800; x_wconf 88' lang='lat' dir='ltr'>Dominus</span> <span class='ocrx_word' id='word_1_227' title='bbox 560 1764 703 1798; x_wconf 86' lang='lat' dir='ltr'>abstulit</span> <span class='ocrx_word' id='word_1_228' title='bbox 731 1770 908 1807; x_wconf 83' lang='lat' dir='ltr'>peccatum</span> <span class='ocrx_word' id='word_1_229' title='bbox 935 1771 1047 1806; x_wconf 83' lang='lat' dir='ltr'>tuum,</span> 
     </span>
     <span class='ocr_line' id='line_1_37' title="bbox 64 1814 1046 1856; baseline -0.003 -7"><span class='ocrx_word' id='word_1_230' title='bbox 64 1827 137 1849; x_wconf 88' lang='lat' dir='ltr'>non</span> <span class='ocrx_word' id='word_1_231' title='bbox 159 1817 331 1851; x_wconf 83' lang='lat' dir='ltr'>morieris.</span> <span class='ocrx_word' id='word_1_232' title='bbox 385 1816 487 1850; x_wconf 87' lang='lat' dir='ltr'>Hanc</span> <span class='ocrx_word' id='word_1_233' title='bbox 504 1828 622 1849; x_wconf 85' lang='lat' dir='ltr'>vocem</span> <span class='ocrx_word' id='word_1_234' title='bbox 649 1814 817 1856; x_wconf 82' lang='lat' dir='ltr'>audiens,</span> <span class='ocrx_word' id='word_1_235' title='bbox 845 1814 955 1847; x_wconf 90' lang='lat' dir='ltr'>credit</span> <span class='ocrx_word' id='word_1_236' title='bbox 979 1815 1046 1847; x_wconf 89' lang='lat' dir='ltr'>sibi</span> 
     </span>
     <span class='ocr_line' id='line_1_38' title="bbox 62 1865 1044 1911; baseline -0.002 -12"><span class='ocrx_word' id='word_1_237' title='bbox 62 1873 239 1910; x_wconf 89' lang='lat' dir='ltr'>peccatum</span> <span class='ocrx_word' id='word_1_238' title='bbox 263 1868 412 1908; x_wconf 87' lang='lat' dir='ltr'>remitti,</span> <span class='ocrx_word' id='word_1_239' title='bbox 448 1878 521 1900; x_wconf 91' lang='lat' dir='ltr'>non</span> <span class='ocrx_word' id='word_1_240' title='bbox 547 1873 690 1911; x_wconf 89' lang='lat' dir='ltr'>propter</span> <span class='ocrx_word' id='word_1_241' title='bbox 713 1876 810 1898; x_wconf 86' lang='lat' dir='ltr'>suam</span> <span class='ocrx_word' id='word_1_242' title='bbox 839 1865 1044 1908; x_wconf 84' lang='lat' dir='ltr'>dignitatem</span> 
     </span>
     <span class='ocr_line' id='line_1_39' title="bbox 58 1915 1045 1962; baseline -0.001 -12"><span class='ocrx_word' id='word_1_243' title='bbox 58 1924 117 1951; x_wconf 85' lang='lat' dir='ltr'>aut</span> <span class='ocrx_word' id='word_1_244' title='bbox 135 1918 278 1957; x_wconf 89' lang='lat' dir='ltr'>merita,</span> <span class='ocrx_word' id='word_1_245' title='bbox 306 1920 361 1951; x_wconf 77' lang='lat' dir='ltr'>sed</span> <span class='ocrx_word' id='word_1_246' title='bbox 380 1918 487 1962; x_wconf 84' lang='lat' dir='ltr'>gratis</span> <span class='ocrx_word' id='word_1_247' title='bbox 504 1929 568 1961; x_wconf 88' lang='lat' dir='ltr'>per</span> <span class='ocrx_word' id='word_1_248' title='bbox 590 1915 888 1955; x_wconf 85' lang='lat' dir='ltr'>misericordiam,</span> <span class='ocrx_word' id='word_1_249' title='bbox 916 1928 954 1948; x_wconf 84' lang='lat' dir='ltr'>ac</span> <span class='ocrx_word' id='word_1_250' title='bbox 982 1917 1045 1949; x_wconf 86' lang='lat' dir='ltr'>scit</span> 
     </span>
     <span class='ocr_line' id='line_1_40' title="bbox 59 1968 1042 2012; baseline -0.002 -11"><span class='ocrx_word' id='word_1_251' title='bbox 59 1968 264 2012; x_wconf 80' lang='lat' dir='ltr'>promissam</span> <span class='ocrx_word' id='word_1_252' title='bbox 283 1981 354 2002; x_wconf 92' lang='lat' dir='ltr'>esse</span> <span class='ocrx_word' id='word_1_253' title='bbox 373 1969 618 2003; x_wconf 78' lang='lat' dir='ltr'>liberationem</span> <span class='ocrx_word' id='word_1_254' title='bbox 638 1980 656 2000; x_wconf 88' lang='lat' dir='ltr'>a</span> <span class='ocrx_word' id='word_1_255' title='bbox 677 1974 814 2010; x_wconf 89' lang='lat' dir='ltr'>peccato</span> <span class='ocrx_word' id='word_1_256' title='bbox 827 1994 835 2006; x_wconf 91' lang='lat'>,</span> <span class='ocrx_word' id='word_1_257' title='bbox 860 1974 893 2000; x_wconf 87' lang='lat' dir='ltr'>et</span> <span class='ocrx_word' id='word_1_258' title='bbox 909 1979 925 1999; x_wconf 95' lang='lat' dir='ltr'>a</span> <span class='ocrx_word' id='word_1_259' title='bbox 948 1979 1042 1999; x_wconf 84' lang='lat' dir='ltr'>mor-</span> 
     </span>
     <span class='ocr_line' id='line_1_41' title="bbox 60 2014 1040 2063; baseline -0.002 -11"><span class='ocrx_word' id='word_1_260' title='bbox 60 2026 113 2060; x_wconf 84' lang='lat' dir='ltr'>te,</span> <span class='ocrx_word' id='word_1_261' title='bbox 138 2027 281 2063; x_wconf 89' lang='lat' dir='ltr'>propter</span> <span class='ocrx_word' id='word_1_262' title='bbox 299 2027 485 2054; x_wconf 87' lang='lat' dir='ltr'>venturum</span> <span class='ocrx_word' id='word_1_263' title='bbox 503 2020 745 2052; x_wconf 88' lang='lat' dir='ltr'>liberatorem:</span> <span class='ocrx_word' id='word_1_264' title='bbox 783 2018 845 2051; x_wconf 90' lang='lat' dir='ltr'>scit</span> <span class='ocrx_word' id='word_1_265' title='bbox 860 2014 1040 2051; x_wconf 84' lang='lat' dir='ltr'>Christum</span> 
     </span>
     <span class='ocr_line' id='line_1_42' title="bbox 59 2067 1041 2114; baseline 0.001 -13"><span class='ocrx_word' id='word_1_266' title='bbox 59 2069 135 2101; x_wconf 85' lang='lat' dir='ltr'>fore</span> <span class='ocrx_word' id='word_1_267' title='bbox 158 2067 307 2102; x_wconf 87' lang='lat' dir='ltr'>hostiam</span> <span class='ocrx_word' id='word_1_268' title='bbox 332 2082 395 2113; x_wconf 88' lang='lat' dir='ltr'>pro</span> <span class='ocrx_word' id='word_1_269' title='bbox 420 2070 569 2114; x_wconf 86' lang='lat' dir='ltr'>peccatis</span> <span class='ocrx_word' id='word_1_270' title='bbox 590 2067 737 2103; x_wconf 89' lang='lat' dir='ltr'>humani</span> <span class='ocrx_word' id='word_1_271' title='bbox 759 2068 916 2111; x_wconf 80' lang='lat' dir='ltr'>generis,</span> <span class='ocrx_word' id='word_1_272' title='bbox 953 2069 1041 2102; x_wconf 90' lang='lat' dir='ltr'>sicut</span> 
     </span>
     <span class='ocr_line' id='line_1_43' title="bbox 59 2118 1040 2154; baseline 0.003 -3"><span class='ocrx_word' id='word_1_273' title='bbox 59 2119 97 2152; x_wconf 89' lang='lat' dir='ltr'>in</span> <span class='ocrx_word' id='word_1_274' title='bbox 122 2118 262 2153; x_wconf 86' lang='lat' dir='ltr'>Psalmo</span> <span class='ocrx_word' id='word_1_275' title='bbox 286 2120 350 2153; x_wconf 86' lang='lat' dir='ltr'>ait:</span> <span class='ocrx_word' id='word_1_276' title='bbox 385 2120 443 2154; x_wconf 89' lang='lat' dir='ltr'>Tu</span> <span class='ocrx_word' id='word_1_277' title='bbox 467 2132 501 2152; x_wconf 91' lang='lat' dir='ltr'>es</span> <span class='ocrx_word' id='word_1_278' title='bbox 524 2121 685 2153; x_wconf 87' lang='lat' dir='ltr'>sacerdos</span> <span class='ocrx_word' id='word_1_279' title='bbox 709 2120 746 2152; x_wconf 91' lang='lat' dir='ltr'>in</span> <span class='ocrx_word' id='word_1_280' title='bbox 771 2127 952 2153; x_wconf 88' lang='lat' dir='ltr'>aeternum</span> <span class='ocrx_word' id='word_1_281' title='bbox 975 2127 1040 2154; x_wconf 87' lang='lat' dir='ltr'>etc.</span> 
     </span>
     <span class='ocr_line' id='line_1_44' title="bbox 58 2170 1039 2213; baseline -0.002 -9"><span class='ocrx_word' id='word_1_282' title='bbox 58 2170 137 2204; x_wconf 85' lang='lat' dir='ltr'>Hac</span> <span class='ocrx_word' id='word_1_283' title='bbox 161 2170 228 2203; x_wconf 88' lang='lat' dir='ltr'>fide</span> <span class='ocrx_word' id='word_1_284' title='bbox 252 2182 287 2204; x_wconf 92' lang='lat' dir='ltr'>se</span> <span class='ocrx_word' id='word_1_285' title='bbox 312 2177 530 2211; x_wconf 84' lang='lat' dir='ltr'>sustentans,</span> <span class='ocrx_word' id='word_1_286' title='bbox 556 2171 595 2204; x_wconf 87' lang='lat' dir='ltr'>fit</span> <span class='ocrx_word' id='word_1_287' title='bbox 617 2171 745 2212; x_wconf 81' lang='lat' dir='ltr'>iustus,</span> <span class='ocrx_word' id='word_1_288' title='bbox 772 2171 807 2204; x_wconf 91' lang='lat' dir='ltr'>id</span> <span class='ocrx_word' id='word_1_289' title='bbox 825 2177 894 2211; x_wconf 90' lang='lat' dir='ltr'>est,</span> <span class='ocrx_word' id='word_1_290' title='bbox 920 2182 1039 2213; x_wconf 86' lang='lat' dir='ltr'>accep-</span> 
     </span>
     <span class='ocr_line' id='line_1_45' title="bbox 58 2220 1039 2256; baseline 0.001 -2"><span class='ocrx_word' id='word_1_291' title='bbox 58 2228 114 2254; x_wconf 90' lang='lat' dir='ltr'>tus</span> <span class='ocrx_word' id='word_1_292' title='bbox 130 2233 245 2254; x_wconf 89' lang='lat' dir='ltr'>coram</span> <span class='ocrx_word' id='word_1_293' title='bbox 263 2220 338 2255; x_wconf 91' lang='lat' dir='ltr'>Deo</span> <span class='ocrx_word' id='word_1_294' title='bbox 355 2223 398 2255; x_wconf 88' lang='lat' dir='ltr'>ad</span> <span class='ocrx_word' id='word_1_295' title='bbox 420 2221 527 2254; x_wconf 83' lang='lat' dir='ltr'>vitam</span> <span class='ocrx_word' id='word_1_296' title='bbox 546 2227 733 2256; x_wconf 85' lang='lat' dir='ltr'>aeternam.</span> <span class='ocrx_word' id='word_1_297' title='bbox 786 2221 844 2255; x_wconf 87' lang='lat' dir='ltr'>Sic</span> <span class='ocrx_word' id='word_1_298' title='bbox 858 2221 974 2255; x_wconf 92' lang='lat' dir='ltr'>Lucae</span> <span class='ocrx_word' id='word_1_299' title='bbox 990 2221 1039 2255; x_wconf 82' lang='lat'>7.:</span> 
     </span>
     <span class='ocr_line' id='line_1_46' title="bbox 58 2269 1038 2318; baseline 0.001 -13"><span class='ocrx_word' id='word_1_300' title='bbox 58 2270 193 2305; x_wconf 87' lang='lat' dir='ltr'>Mulier</span> <span class='ocrx_word' id='word_1_301' title='bbox 217 2273 313 2307; x_wconf 89' lang='lat' dir='ltr'>venit</span> <span class='ocrx_word' id='word_1_302' title='bbox 339 2273 536 2318; x_wconf 88' lang='lat' dir='ltr'>lacrymans</span> <span class='ocrx_word' id='word_1_303' title='bbox 554 2273 597 2305; x_wconf 92' lang='lat' dir='ltr'>ad</span> <span class='ocrx_word' id='word_1_304' title='bbox 620 2269 822 2312; x_wconf 86' lang='lat' dir='ltr'>Christum,</span> <span class='ocrx_word' id='word_1_305' title='bbox 848 2283 1038 2315; x_wconf 84' lang='lat' dir='ltr'>agnoscens</span> 
     </span>
     <span class='ocr_line' id='line_1_47' title="bbox 56 2320 1038 2368; baseline 0 -12"><span class='ocrx_word' id='word_1_306' title='bbox 56 2333 117 2356; x_wconf 85' lang='lat' dir='ltr'>sua</span> <span class='ocrx_word' id='word_1_307' title='bbox 135 2330 288 2367; x_wconf 86' lang='lat' dir='ltr'>peccata:</span> <span class='ocrx_word' id='word_1_308' title='bbox 320 2331 437 2368; x_wconf 89' lang='lat' dir='ltr'>postea</span> <span class='ocrx_word' id='word_1_309' title='bbox 459 2323 514 2356; x_wconf 85' lang='lat' dir='ltr'>illi</span> <span class='ocrx_word' id='word_1_310' title='bbox 537 2323 655 2368; x_wconf 91' lang='lat' dir='ltr'>inquit</span> <span class='ocrx_word' id='word_1_311' title='bbox 670 2320 848 2356; x_wconf 85' lang='lat' dir='ltr'>Christus:</span> <span class='ocrx_word' id='word_1_312' title='bbox 879 2322 975 2356; x_wconf 84' lang='lat' dir='ltr'>Vade</span> <span class='ocrx_word' id='word_1_313' title='bbox 1002 2324 1038 2356; x_wconf 91' lang='lat' dir='ltr'>in</span> 
     </span>
     <span class='ocr_line' id='line_1_48' title="bbox 57 2370 1037 2417; baseline 0 -11"><span class='ocrx_word' id='word_1_314' title='bbox 57 2385 158 2417; x_wconf 81' lang='lat' dir='ltr'>pace,</span> <span class='ocrx_word' id='word_1_315' title='bbox 183 2374 266 2408; x_wconf 88' lang='lat' dir='ltr'>fides</span> <span class='ocrx_word' id='word_1_316' title='bbox 281 2381 340 2408; x_wconf 89' lang='lat' dir='ltr'>tua</span> <span class='ocrx_word' id='word_1_317' title='bbox 359 2375 490 2408; x_wconf 91' lang='lat' dir='ltr'>salvam</span> <span class='ocrx_word' id='word_1_318' title='bbox 507 2381 540 2408; x_wconf 90' lang='lat' dir='ltr'>te</span> <span class='ocrx_word' id='word_1_319' title='bbox 555 2375 650 2408; x_wconf 88' lang='lat' dir='ltr'>facit.</span> <span class='ocrx_word' id='word_1_320' title='bbox 709 2371 759 2407; x_wconf 91' lang='lat' dir='ltr'>Ita</span> <span class='ocrx_word' id='word_1_321' title='bbox 778 2370 815 2405; x_wconf 87' lang='lat' dir='ltr'>hi</span> <span class='ocrx_word' id='word_1_322' title='bbox 831 2374 902 2407; x_wconf 89' lang='lat' dir='ltr'>duo</span> <span class='ocrx_word' id='word_1_323' title='bbox 920 2381 1037 2408; x_wconf 89' lang='lat' dir='ltr'>motus</span> 
     </span>
     <span class='ocr_line' id='line_1_49' title="bbox 57 2423 1038 2468; baseline 0.002 -12"><span class='ocrx_word' id='word_1_324' title='bbox 57 2423 96 2456; x_wconf 91' lang='lat' dir='ltr'>in</span> <span class='ocrx_word' id='word_1_325' title='bbox 121 2426 345 2459; x_wconf 89' lang='lat' dir='ltr'>conversione</span> <span class='ocrx_word' id='word_1_326' title='bbox 373 2426 640 2466; x_wconf 78' lang='lat' dir='ltr'>descrIbuntur,</span> <span class='ocrx_word' id='word_1_327' title='bbox 682 2435 847 2468; x_wconf 85' lang='lat' dir='ltr'>pavores,</span> <span class='ocrx_word' id='word_1_328' title='bbox 880 2431 914 2457; x_wconf 88' lang='lat' dir='ltr'>et</span> <span class='ocrx_word' id='word_1_329' title='bbox 943 2425 1038 2458; x_wconf 83' lang='lat' dir='ltr'>fides.</span> 
     </span>
     <span class='ocr_line' id='line_1_50' title="bbox 57 2473 1037 2520; baseline 0 -12"><span class='ocrx_word' id='word_1_330' title='bbox 57 2473 174 2518; x_wconf 72' lang='lat' dir='ltr'>Vulgo</span> <span class='ocrx_word' id='word_1_331' title='bbox 203 2487 348 2520; x_wconf 85' lang='lat' dir='ltr'>pavores</span> <span class='ocrx_word' id='word_1_332' title='bbox 379 2484 506 2511; x_wconf 88' lang='lat' dir='ltr'>vocant</span> <span class='ocrx_word' id='word_1_333' title='bbox 535 2475 800 2510; x_wconf 85' lang='lat' dir='ltr'>contritionem:</span> <span class='ocrx_word' id='word_1_334' title='bbox 841 2475 901 2507; x_wconf 89' lang='lat' dir='ltr'>sed</span> <span class='ocrx_word' id='word_1_335' title='bbox 926 2475 1037 2508; x_wconf 89' lang='lat' dir='ltr'>scien-</span> 
     </span>
     <span class='ocr_line' id='line_1_51' title="bbox 55 2525 1037 2571; baseline 0.002 -13"><span class='ocrx_word' id='word_1_336' title='bbox 55 2525 140 2559; x_wconf 91' lang='lat' dir='ltr'>dum</span> <span class='ocrx_word' id='word_1_337' title='bbox 158 2533 226 2568; x_wconf 83' lang='lat' dir='ltr'>est,</span> <span class='ocrx_word' id='word_1_338' title='bbox 251 2540 396 2571; x_wconf 85' lang='lat' dir='ltr'>pavores</span> <span class='ocrx_word' id='word_1_339' title='bbox 411 2540 484 2562; x_wconf 86' lang='lat' dir='ltr'>non</span> <span class='ocrx_word' id='word_1_340' title='bbox 501 2528 627 2561; x_wconf 89' lang='lat' dir='ltr'>mereri</span> <span class='ocrx_word' id='word_1_341' title='bbox 643 2527 939 2561; x_wconf 84' lang='lat' dir='ltr'>condonationem</span> <span class='ocrx_word' id='word_1_342' title='bbox 958 2538 1037 2570; x_wconf 89' lang='lat' dir='ltr'>pec-</span> 
     </span>
     <span class='ocr_line' id='line_1_52' title="bbox 56 2577 1035 2622; baseline 0.002 -13"><span class='ocrx_word' id='word_1_343' title='bbox 56 2583 231 2619; x_wconf 84' lang='lat' dir='ltr'>catorum,</span> <span class='ocrx_word' id='word_1_344' title='bbox 254 2579 324 2612; x_wconf 88' lang='lat' dir='ltr'>imo</span> <span class='ocrx_word' id='word_1_345' title='bbox 342 2580 411 2612; x_wconf 88' lang='lat' dir='ltr'>nisi</span> <span class='ocrx_word' id='word_1_346' title='bbox 427 2580 603 2613; x_wconf 82' lang='lat' dir='ltr'>accederet</span> <span class='ocrx_word' id='word_1_347' title='bbox 623 2577 729 2619; x_wconf 87' lang='lat' dir='ltr'>fides,</span> <span class='ocrx_word' id='word_1_348' title='bbox 755 2588 855 2610; x_wconf 88' lang='lat' dir='ltr'>mens</span> <span class='ocrx_word' id='word_1_349' title='bbox 871 2589 1035 2622; x_wconf 89' lang='lat' dir='ltr'>oppressa</span> 
     </span>
     <span class='ocr_line' id='line_1_53' title="bbox 54 2628 1037 2669; baseline 0.004 -10"><span class='ocrx_word' id='word_1_350' title='bbox 54 2628 276 2669; x_wconf 87' lang='lat' dir='ltr'>terroribus,</span> <span class='ocrx_word' id='word_1_351' title='bbox 317 2637 435 2664; x_wconf 87' lang='lat' dir='ltr'>rueret</span> <span class='ocrx_word' id='word_1_352' title='bbox 463 2630 500 2663; x_wconf 91' lang='lat' dir='ltr'>in</span> <span class='ocrx_word' id='word_1_353' title='bbox 530 2637 706 2663; x_wconf 86' lang='lat' dir='ltr'>aeternam</span> <span class='ocrx_word' id='word_1_354' title='bbox 738 2635 905 2662; x_wconf 87' lang='lat' dir='ltr'>mortem:</span> <span class='ocrx_word' id='word_1_355' title='bbox 948 2628 1037 2663; x_wconf 90' lang='lat' dir='ltr'>sicut</span> 
     </span>
     <span class='ocr_line' id='line_1_54' title="bbox 53 2676 1036 2725; baseline 0.002 -13"><span class='ocrx_word' id='word_1_356' title='bbox 53 2676 157 2720; x_wconf 87' lang='lat' dir='ltr'>Saul,</span> <span class='ocrx_word' id='word_1_357' title='bbox 184 2678 290 2713; x_wconf 88' lang='lat' dir='ltr'>Iudas</span> <span class='ocrx_word' id='word_1_358' title='bbox 314 2681 515 2725; x_wconf 87' lang='lat' dir='ltr'>perierunt,</span> <span class='ocrx_word' id='word_1_359' title='bbox 542 2694 621 2716; x_wconf 89' lang='lat' dir='ltr'>cum</span> <span class='ocrx_word' id='word_1_360' title='bbox 639 2692 712 2714; x_wconf 92' lang='lat' dir='ltr'>non</span> <span class='ocrx_word' id='word_1_361' title='bbox 729 2679 902 2723; x_wconf 85' lang='lat' dir='ltr'>erigerent</span> <span class='ocrx_word' id='word_1_362' title='bbox 920 2690 954 2713; x_wconf 91' lang='lat' dir='ltr'>se</span> <span class='ocrx_word' id='word_1_363' title='bbox 969 2679 1036 2714; x_wconf 83' lang='lat' dir='ltr'>fide</span> 
     </span>
    </p>
   </div>
   <div class='ocr_carea' id='block_1_14' title="bbox 617 103 1862 154">
    <p class='ocr_par' dir='ltr' id='par_1_14' title="bbox 617 103 1862 154">
     <span class='ocr_line' id='line_1_55' title="bbox 617 103 1862 154; baseline 0.01 -14"><span class='ocrx_word' id='word_1_364' title='bbox 617 107 648 142; x_wconf 89' lang='lat'>1.</span> <span class='ocrx_word' id='word_1_365' title='bbox 678 103 1041 143; x_wconf 87' lang='lat' dir='ltr'>COMMENTARII</span> <span class='ocrx_word' id='word_1_366' title='bbox 1068 104 1119 143; x_wconf 87' lang='lat' dir='ltr'>IN</span> <span class='ocrx_word' id='word_1_367' title='bbox 1145 104 1302 144; x_wconf 77' lang='lat' dir='ltr'>EPIST,</span> <span class='ocrx_word' id='word_1_368' title='bbox 1328 107 1478 146; x_wconf 88' lang='lat' dir='ltr'>PAULI</span> <span class='ocrx_word' id='word_1_369' title='bbox 1504 109 1571 148; x_wconf 92' lang='lat' dir='ltr'>AD</span> <span class='ocrx_word' id='word_1_370' title='bbox 1599 111 1862 154; x_wconf 78' lang='lat' dir='ltr'>ROMANOS.</span> 
     </span>
    </p>
   </div>
   <div class='ocr_carea' id='block_1_15' title="bbox 2047 123 2122 163">
    <p class='ocr_par' dir='ltr' id='par_1_15' title="bbox 2047 123 2122 163">
     <span class='ocr_line' id='line_1_56' title="bbox 2047 123 2122 163; baseline 0.08 -6"><span class='ocrx_word' id='word_1_371' title='bbox 2047 123 2122 163; x_wconf 77' lang='lat'>502</span> 
     </span>
    </p>
   </div>
   <div class='ocr_carea' id='block_1_16' title="bbox 1087 194 2121 2737">
    <p class='ocr_par' dir='ltr' id='par_1_16' title="bbox 1117 194 2121 953">
     <span class='ocr_line' id='line_1_57' title="bbox 1132 194 2121 244; baseline 0.019 -19"><span class='ocrx_word' id='word_1_372' title='bbox 1132 199 1164 227; x_wconf 91' lang='lat' dir='ltr'>et</span> <span class='ocrx_word' id='word_1_373' title='bbox 1181 194 1362 237; x_wconf 86' lang='lat' dir='ltr'>agnitione</span> <span class='ocrx_word' id='word_1_374' title='bbox 1378 196 1640 233; x_wconf 84' lang='lat' dir='ltr'>misericordiae</span> <span class='ocrx_word' id='word_1_375' title='bbox 1659 200 1751 235; x_wconf 92' lang='lat' dir='ltr'>inter</span> <span class='ocrx_word' id='word_1_376' title='bbox 1767 211 1933 241; x_wconf 87' lang='lat' dir='ltr'>terrores.</span> <span class='ocrx_word' id='word_1_377' title='bbox 1988 207 2033 243; x_wconf 86' lang='lat' dir='ltr'>Et</span> <span class='ocrx_word' id='word_1_378' title='bbox 2054 207 2121 244; x_wconf 89' lang='lat' dir='ltr'>hoc</span> 
     </span>
     <span class='ocr_line' id='line_1_58' title="bbox 1131 245 2115 299; baseline 0.018 -23"><span class='ocrx_word' id='word_1_379' title='bbox 1131 245 1207 278; x_wconf 79' lang='lat' dir='ltr'>vult</span> <span class='ocrx_word' id='word_1_380' title='bbox 1234 245 1365 279; x_wconf 89' lang='lat' dir='ltr'>dictum</span> <span class='ocrx_word' id='word_1_381' title='bbox 1388 246 1485 280; x_wconf 89' lang='lat' dir='ltr'>Pauli</span> <span class='ocrx_word' id='word_1_382' title='bbox 1512 251 1554 282; x_wconf 90' lang='lat' dir='ltr'>de</span> <span class='ocrx_word' id='word_1_383' title='bbox 1579 251 1669 294; x_wconf 85' lang='lat' dir='ltr'>lege:</span> <span class='ocrx_word' id='word_1_384' title='bbox 1712 253 1781 287; x_wconf 83' lang='lat' dir='ltr'>Lex</span> <span class='ocrx_word' id='word_1_385' title='bbox 1808 256 1895 289; x_wconf 92' lang='lat' dir='ltr'>iram</span> <span class='ocrx_word' id='word_1_386' title='bbox 1921 258 2044 299; x_wconf 86' lang='lat' dir='ltr'>efficit,</span> <span class='ocrx_word' id='word_1_387' title='bbox 2081 262 2115 295; x_wconf 73' lang='lat' dir='ltr'>iil</span> 
     </span>
     <span class='ocr_line' id='line_1_59' title="bbox 1130 295 2117 354; baseline 0.021 -29"><span class='ocrx_word' id='word_1_388' title='bbox 1130 301 1199 334; x_wconf 87' lang='lat' dir='ltr'>est,</span> <span class='ocrx_word' id='word_1_389' title='bbox 1226 295 1353 329; x_wconf 88' lang='lat' dir='ltr'>incutit</span> <span class='ocrx_word' id='word_1_390' title='bbox 1373 295 1561 333; x_wconf 82' lang='lat' dir='ltr'>horribiles</span> <span class='ocrx_word' id='word_1_391' title='bbox 1588 309 1758 344; x_wconf 85' lang='lat' dir='ltr'>terrores,</span> <span class='ocrx_word' id='word_1_392' title='bbox 1786 307 1907 351; x_wconf 88' lang='lat' dir='ltr'>quales</span> <span class='ocrx_word' id='word_1_393' title='bbox 1931 320 2032 354; x_wconf 89' lang='lat' dir='ltr'>saepe</span> <span class='ocrx_word' id='word_1_394' title='bbox 2055 314 2117 345; x_wconf 91' lang='lat' dir='ltr'>de-</span> 
     </span>
     <span class='ocr_line' id='line_1_60' title="bbox 1128 345 2117 403; baseline 0.022 -28"><span class='ocrx_word' id='word_1_395' title='bbox 1128 345 1333 379; x_wconf 89' lang='lat' dir='ltr'>scribuntur</span> <span class='ocrx_word' id='word_1_396' title='bbox 1351 347 1386 379; x_wconf 91' lang='lat' dir='ltr'>in</span> <span class='ocrx_word' id='word_1_397' title='bbox 1405 347 1571 391; x_wconf 73' lang='lat' dir='ltr'>Psalmis,</span> <span class='ocrx_word' id='word_1_398' title='bbox 1599 361 1630 386; x_wconf 89' lang='lat' dir='ltr'>et</span> <span class='ocrx_word' id='word_1_399' title='bbox 1648 351 1814 389; x_wconf 76' lang='lat' dir='ltr'>Ezechias</span> <span class='ocrx_word' id='word_1_400' title='bbox 1843 358 1978 403; x_wconf 84' lang='lat' dir='ltr'>inquit:</span> <span class='ocrx_word' id='word_1_401' title='bbox 2017 362 2117 397; x_wconf 86' lang='lat' dir='ltr'>Sicut</span> 
     </span>
     <span class='ocr_line' id='line_1_61' title="bbox 1126 394 2116 455; baseline 0.022 -29"><span class='ocrx_word' id='word_1_402' title='bbox 1126 394 1180 427; x_wconf 89' lang='lat' dir='ltr'>leo</span> <span class='ocrx_word' id='word_1_403' title='bbox 1207 397 1375 430; x_wconf 72' lang='lat' dir='ltr'>contrivit</span> <span class='ocrx_word' id='word_1_404' title='bbox 1399 400 1518 432; x_wconf 82' lang='lat' dir='ltr'>omnia</span> <span class='ocrx_word' id='word_1_405' title='bbox 1547 413 1620 434; x_wconf 85' lang='lat' dir='ltr'>ossa</span> <span class='ocrx_word' id='word_1_406' title='bbox 1641 416 1728 438; x_wconf 86' lang='lat' dir='ltr'>mea.</span> <span class='ocrx_word' id='word_1_407' title='bbox 1792 409 1983 444; x_wconf 85' lang='lat' dir='ltr'>Adferrent</span> <span class='ocrx_word' id='word_1_408' title='bbox 2010 413 2116 455; x_wconf 86' lang='lat' dir='ltr'>igitur</span> 
     </span>
     <span class='ocr_line' id='line_1_62' title="bbox 1127 442 2116 500; baseline 0.021 -23"><span class='ocrx_word' id='word_1_409' title='bbox 1127 442 1163 477; x_wconf 89' lang='lat' dir='ltr'>hi</span> <span class='ocrx_word' id='word_1_410' title='bbox 1181 458 1325 488; x_wconf 81' lang='lat' dir='ltr'>pavores</span> <span class='ocrx_word' id='word_1_411' title='bbox 1346 449 1488 481; x_wconf 81' lang='lat' dir='ltr'>exitium</span> <span class='ocrx_word' id='word_1_412' title='bbox 1508 457 1539 483; x_wconf 87' lang='lat' dir='ltr'>et</span> <span class='ocrx_word' id='word_1_413' title='bbox 1562 460 1738 487; x_wconf 78' lang='lat' dir='ltr'>aeternam</span> <span class='ocrx_word' id='word_1_414' title='bbox 1765 466 1935 500; x_wconf 80' lang='lat' dir='ltr'>mortem,</span> <span class='ocrx_word' id='word_1_415' title='bbox 1964 463 2031 496; x_wconf 86' lang='lat' dir='ltr'>nisi</span> <span class='ocrx_word' id='word_1_416' title='bbox 2060 477 2116 498; x_wconf 87' lang='lat' dir='ltr'>ac-</span> 
     </span>
     <span class='ocr_line' id='line_1_63' title="bbox 1125 497 2114 549; baseline 0.022 -22"><span class='ocrx_word' id='word_1_417' title='bbox 1125 498 1262 530; x_wconf 86' lang='lat' dir='ltr'>cederet</span> <span class='ocrx_word' id='word_1_418' title='bbox 1286 497 1371 530; x_wconf 73' lang='lat' dir='ltr'>fides</span> <span class='ocrx_word' id='word_1_419' title='bbox 1395 501 1561 543; x_wconf 71' lang='lat' dir='ltr'>paulatim</span> <span class='ocrx_word' id='word_1_420' title='bbox 1582 504 1716 546; x_wconf 78' lang='lat' dir='ltr'>erigens</span> <span class='ocrx_word' id='word_1_421' title='bbox 1734 507 1890 549; x_wconf 86' lang='lat' dir='ltr'>animos,</span> <span class='ocrx_word' id='word_1_422' title='bbox 1918 512 2060 547; x_wconf 86' lang='lat' dir='ltr'>intuens</span> <span class='ocrx_word' id='word_1_423' title='bbox 2078 516 2114 549; x_wconf 88' lang='lat' dir='ltr'>in</span> 
     </span>
     <span class='ocr_line' id='line_1_64' title="bbox 1124 548 2113 609; baseline 0.022 -32"><span class='ocrx_word' id='word_1_424' title='bbox 1124 548 1373 589; x_wconf 89' lang='lat' dir='ltr'>promissiones</span> <span class='ocrx_word' id='word_1_425' title='bbox 1397 548 1547 591; x_wconf 77' lang='lat' dir='ltr'>Christi,</span> <span class='ocrx_word' id='word_1_426' title='bbox 1584 561 1687 598; x_wconf 90' lang='lat' dir='ltr'>atque</span> <span class='ocrx_word' id='word_1_427' title='bbox 1713 557 1758 589; x_wconf 90' lang='lat' dir='ltr'>ita</span> <span class='ocrx_word' id='word_1_428' title='bbox 1783 556 1964 595; x_wconf 86' lang='lat' dir='ltr'>Christum</span> <span class='ocrx_word' id='word_1_429' title='bbox 1987 576 2113 609; x_wconf 90' lang='lat' dir='ltr'>appre-</span> 
     </span>
     <span class='ocr_line' id='line_1_65' title="bbox 1123 595 2111 651; baseline 0.021 -22"><span class='ocrx_word' id='word_1_430' title='bbox 1123 595 1293 632; x_wconf 88' lang='lat' dir='ltr'>hendens.</span> <span class='ocrx_word' id='word_1_431' title='bbox 1356 598 1450 633; x_wconf 60' lang='lat' dir='ltr'>Haec</span> <span class='ocrx_word' id='word_1_432' title='bbox 1477 605 1667 637; x_wconf 82' lang='lat' dir='ltr'>certamina</span> <span class='ocrx_word' id='word_1_433' title='bbox 1693 615 1823 651; x_wconf 84' lang='lat' dir='ltr'>quanta</span> <span class='ocrx_word' id='word_1_434' title='bbox 1849 611 1937 650; x_wconf 89' lang='lat' dir='ltr'>sint,</span> <span class='ocrx_word' id='word_1_435' title='bbox 1966 624 2111 650; x_wconf 88' lang='lat' dir='ltr'>monent</span> 
     </span>
     <span class='ocr_line' id='line_1_66' title="bbox 1120 646 2110 700; baseline 0.02 -20"><span class='ocrx_word' id='word_1_436' title='bbox 1120 646 1263 684; x_wconf 85' lang='lat' dir='ltr'>Psalmi.</span> <span class='ocrx_word' id='word_1_437' title='bbox 1312 648 1501 693; x_wconf 84' lang='lat' dir='ltr'>Quomodo</span> <span class='ocrx_word' id='word_1_438' title='bbox 1522 655 1680 689; x_wconf 78' lang='lat' dir='ltr'>videmus</span> <span class='ocrx_word' id='word_1_439' title='bbox 1699 657 1889 695; x_wconf 87' lang='lat' dir='ltr'>luctantem</span> <span class='ocrx_word' id='word_1_440' title='bbox 1905 674 2021 697; x_wconf 88' lang='lat' dir='ltr'>secum</span> <span class='ocrx_word' id='word_1_441' title='bbox 2038 665 2110 700; x_wconf 84' lang='lat' dir='ltr'>Da-</span> 
     </span>
     <span class='ocr_line' id='line_1_67' title="bbox 1120 699 2109 750; baseline 0.02 -20"><span class='ocrx_word' id='word_1_442' title='bbox 1120 699 1255 740; x_wconf 89' lang='lat' dir='ltr'>videm,</span> <span class='ocrx_word' id='word_1_443' title='bbox 1293 713 1370 733; x_wconf 90' lang='lat' dir='ltr'>cum</span> <span class='ocrx_word' id='word_1_444' title='bbox 1396 702 1568 737; x_wconf 79' lang='lat' dir='ltr'>clamitat:</span> <span class='ocrx_word' id='word_1_445' title='bbox 1601 704 1755 741; x_wconf 90' lang='lat' dir='ltr'>Domine</span> <span class='ocrx_word' id='word_1_446' title='bbox 1780 722 1824 743; x_wconf 89' lang='lat' dir='ltr'>ne</span> <span class='ocrx_word' id='word_1_447' title='bbox 1851 712 1887 744; x_wconf 91' lang='lat' dir='ltr'>in</span> <span class='ocrx_word' id='word_1_448' title='bbox 1911 714 2029 748; x_wconf 89' lang='lat' dir='ltr'>furore</span> <span class='ocrx_word' id='word_1_449' title='bbox 2053 729 2109 750; x_wconf 87' lang='lat' dir='ltr'>ar-</span> 
     </span>
     <span class='ocr_line' id='line_1_68' title="bbox 1119 751 2106 805; baseline 0.019 -24"><span class='ocrx_word' id='word_1_450' title='bbox 1119 760 1202 792; x_wconf 86' lang='lat' dir='ltr'>guas</span> <span class='ocrx_word' id='word_1_451' title='bbox 1222 762 1289 785; x_wconf 88' lang='lat' dir='ltr'>me.</span> <span class='ocrx_word' id='word_1_452' title='bbox 1344 751 1514 787; x_wconf 83' lang='lat' dir='ltr'>Miserere</span> <span class='ocrx_word' id='word_1_453' title='bbox 1532 757 1599 788; x_wconf 89' lang='lat' dir='ltr'>mei</span> <span class='ocrx_word' id='word_1_454' title='bbox 1615 756 1780 793; x_wconf 88' lang='lat' dir='ltr'>Domine.</span> <span class='ocrx_word' id='word_1_455' title='bbox 1836 761 2014 805; x_wconf 83' lang='lat' dir='ltr'>Quoniam</span> <span class='ocrx_word' id='word_1_456' title='bbox 2034 779 2106 801; x_wconf 90' lang='lat' dir='ltr'>non</span> 
     </span>
     <span class='ocr_line' id='line_1_69' title="bbox 1120 801 2107 859; baseline 0.018 -26"><span class='ocrx_word' id='word_1_457' title='bbox 1120 808 1169 834; x_wconf 86' lang='lat' dir='ltr'>est</span> <span class='ocrx_word' id='word_1_458' title='bbox 1192 801 1228 834; x_wconf 93' lang='lat' dir='ltr'>in</span> <span class='ocrx_word' id='word_1_459' title='bbox 1256 809 1390 842; x_wconf 83' lang='lat' dir='ltr'>morte,</span> <span class='ocrx_word' id='word_1_460' title='bbox 1427 805 1487 848; x_wconf 88' lang='lat' dir='ltr'>qui</span> <span class='ocrx_word' id='word_1_461' title='bbox 1515 818 1648 840; x_wconf 88' lang='lat' dir='ltr'>memor</span> <span class='ocrx_word' id='word_1_462' title='bbox 1674 810 1715 842; x_wconf 88' lang='lat' dir='ltr'>sit</span> <span class='ocrx_word' id='word_1_463' title='bbox 1746 812 1816 852; x_wconf 89' lang='lat' dir='ltr'>tui,</span> <span class='ocrx_word' id='word_1_464' title='bbox 1852 825 1965 859; x_wconf 82' lang='lat' dir='ltr'>neque</span> <span class='ocrx_word' id='word_1_465' title='bbox 1988 816 2024 849; x_wconf 89' lang='lat' dir='ltr'>in</span> <span class='ocrx_word' id='word_1_466' title='bbox 2051 819 2107 851; x_wconf 92' lang='lat' dir='ltr'>in-</span> 
     </span>
     <span class='ocr_line' id='line_1_70' title="bbox 1117 851 2106 902; baseline 0.019 -19"><span class='ocrx_word' id='word_1_467' title='bbox 1117 851 1217 884; x_wconf 84' lang='lat' dir='ltr'>ferno</span> <span class='ocrx_word' id='word_1_468' title='bbox 1235 853 1296 898; x_wconf 88' lang='lat' dir='ltr'>qui</span> <span class='ocrx_word' id='word_1_469' title='bbox 1315 853 1432 887; x_wconf 88' lang='lat' dir='ltr'>laudet</span> <span class='ocrx_word' id='word_1_470' title='bbox 1450 862 1491 888; x_wconf 82' lang='lat' dir='ltr'>te.</span> <span class='ocrx_word' id='word_1_471' title='bbox 1543 856 1623 890; x_wconf 64' lang='lat' dir='ltr'>Non</span> <span class='ocrx_word' id='word_1_472' title='bbox 1651 861 1794 895; x_wconf 85' lang='lat' dir='ltr'>abiicias</span> <span class='ocrx_word' id='word_1_473' title='bbox 1815 875 1870 896; x_wconf 90' lang='lat' dir='ltr'>me</span> <span class='ocrx_word' id='word_1_474' title='bbox 1890 865 1982 899; x_wconf 88' lang='lat' dir='ltr'>inter</span> <span class='ocrx_word' id='word_1_475' title='bbox 2006 869 2106 902; x_wconf 86' lang='lat' dir='ltr'>dam-</span> 
     </span>
     <span class='ocr_line' id='line_1_71' title="bbox 1117 904 2091 953; baseline 0.017 -19"><span class='ocrx_word' id='word_1_476' title='bbox 1117 910 1236 944; x_wconf 81' lang='lat' dir='ltr'>natos,</span> <span class='ocrx_word' id='word_1_477' title='bbox 1264 904 1324 948; x_wconf 88' lang='lat' dir='ltr'>qui</span> <span class='ocrx_word' id='word_1_478' title='bbox 1347 913 1501 939; x_wconf 87' lang='lat' dir='ltr'>uruntur</span> <span class='ocrx_word' id='word_1_479' title='bbox 1523 905 1687 943; x_wconf 87' lang='lat' dir='ltr'>horribili</span> <span class='ocrx_word' id='word_1_480' title='bbox 1714 919 1747 946; x_wconf 91' lang='lat' dir='ltr'>et</span> <span class='ocrx_word' id='word_1_481' title='bbox 1769 920 1910 948; x_wconf 86' lang='lat' dir='ltr'>aeterno</span> <span class='ocrx_word' id='word_1_482' title='bbox 1935 918 2016 951; x_wconf 85' lang='lat' dir='ltr'>odio</span> <span class='ocrx_word' id='word_1_483' title='bbox 2041 921 2091 953; x_wconf 88' lang='lat' dir='ltr'>tui</span> 
     </span>
    </p>

    <p class='ocr_par' dir='ltr' id='par_1_17' title="bbox 1105 948 2104 1566">
     <span class='ocr_line' id='line_1_72' title="bbox 1117 948 2104 1003; baseline 0.019 -18"><span class='ocrx_word' id='word_1_484' title='bbox 1117 960 1150 986; x_wconf 90' lang='lat' dir='ltr'>et</span> <span class='ocrx_word' id='word_1_485' title='bbox 1168 954 1231 986; x_wconf 88' lang='lat' dir='ltr'>tibi</span> <span class='ocrx_word' id='word_1_486' title='bbox 1250 955 1478 990; x_wconf 85' lang='lat' dir='ltr'>maledicunt.</span> <span class='ocrx_word' id='word_1_487' title='bbox 1534 957 1584 991; x_wconf 83' lang='lat' dir='ltr'>Ne</span> <span class='ocrx_word' id='word_1_488' title='bbox 1606 960 1641 992; x_wconf 92' lang='lat' dir='ltr'>in</span> <span class='ocrx_word' id='word_1_489' title='bbox 1662 959 1757 996; x_wconf 89' lang='lat' dir='ltr'>hunc</span> <span class='ocrx_word' id='word_1_490' title='bbox 1783 972 1919 999; x_wconf 87' lang='lat' dir='ltr'>coetum</span> <span class='ocrx_word' id='word_1_491' title='bbox 1945 948 2104 1003; x_wconf 54' lang='lat' dir='ltr'>hostium,</span> 
     </span>
     <span class='ocr_line' id='line_1_73' title="bbox 1116 1006 2101 1058; baseline 0.019 -23"><span class='ocrx_word' id='word_1_492' title='bbox 1116 1010 1258 1037; x_wconf 87' lang='lat' dir='ltr'>tuorum</span> <span class='ocrx_word' id='word_1_493' title='bbox 1286 1006 1443 1042; x_wconf 83' lang='lat' dir='ltr'>abiiciar.</span> <span class='ocrx_word' id='word_1_494' title='bbox 1496 1006 1540 1041; x_wconf 88' lang='lat' dir='ltr'>Et</span> <span class='ocrx_word' id='word_1_495' title='bbox 1559 1009 1648 1046; x_wconf 83' lang='lat' dir='ltr'>Psal.</span> <span class='ocrx_word' id='word_1_496' title='bbox 1667 1012 1744 1048; x_wconf 82' lang='lat'>41.:</span> <span class='ocrx_word' id='word_1_497' title='bbox 1787 1014 1907 1058; x_wconf 85' lang='lat' dir='ltr'>Quare</span> <span class='ocrx_word' id='word_1_498' title='bbox 1930 1019 2040 1053; x_wconf 90' lang='lat' dir='ltr'>tristis</span> <span class='ocrx_word' id='word_1_499' title='bbox 2066 1033 2101 1055; x_wconf 83' lang='lat' dir='ltr'>es</span> 
     </span>
     <span class='ocr_line' id='line_1_74' title="bbox 1114 1055 2099 1113; baseline 0.019 -27"><span class='ocrx_word' id='word_1_500' title='bbox 1114 1055 1230 1088; x_wconf 92' lang='lat' dir='ltr'>anima</span> <span class='ocrx_word' id='word_1_501' title='bbox 1254 1068 1349 1095; x_wconf 89' lang='lat' dir='ltr'>mea,</span> <span class='ocrx_word' id='word_1_502' title='bbox 1388 1065 1420 1091; x_wconf 91' lang='lat' dir='ltr'>et</span> <span class='ocrx_word' id='word_1_503' title='bbox 1449 1071 1555 1103; x_wconf 89' lang='lat' dir='ltr'>quare</span> <span class='ocrx_word' id='word_1_504' title='bbox 1584 1065 1773 1099; x_wconf 87' lang='lat' dir='ltr'>conturbas</span> <span class='ocrx_word' id='word_1_505' title='bbox 1800 1068 1886 1100; x_wconf 78' lang='lat' dir='ltr'>me?</span> <span class='ocrx_word' id='word_1_506' title='bbox 1928 1069 2037 1113; x_wconf 86' lang='lat' dir='ltr'>Spera</span> <span class='ocrx_word' id='word_1_507' title='bbox 2062 1072 2099 1105; x_wconf 95' lang='lat' dir='ltr'>in</span> 
     </span>
     <span class='ocr_line' id='line_1_75' title="bbox 1113 1104 2099 1157; baseline 0.019 -20"><span class='ocrx_word' id='word_1_508' title='bbox 1113 1104 1247 1150; x_wconf 90' lang='lat' dir='ltr'>Deum,</span> <span class='ocrx_word' id='word_1_509' title='bbox 1287 1109 1454 1153; x_wconf 87' lang='lat' dir='ltr'>quoniam</span> <span class='ocrx_word' id='word_1_510' title='bbox 1486 1108 1601 1144; x_wconf 91' lang='lat' dir='ltr'>adhuc</span> <span class='ocrx_word' id='word_1_511' title='bbox 1632 1113 1785 1149; x_wconf 84' lang='lat' dir='ltr'>laudabo</span> <span class='ocrx_word' id='word_1_512' title='bbox 1811 1129 1902 1150; x_wconf 88' lang='lat' dir='ltr'>eum.</span> <span class='ocrx_word' id='word_1_513' title='bbox 1968 1120 2022 1154; x_wconf 91' lang='lat' dir='ltr'>De</span> <span class='ocrx_word' id='word_1_514' title='bbox 2045 1119 2099 1157; x_wconf 82' lang='lat' dir='ltr'>his</span> 
     </span>
     <span class='ocr_line' id='line_1_76' title="bbox 1112 1157 2099 1209; baseline 0.018 -21"><span class='ocrx_word' id='word_1_515' title='bbox 1112 1157 1219 1190; x_wconf 87' lang='lat' dir='ltr'>tantis</span> <span class='ocrx_word' id='word_1_516' title='bbox 1240 1159 1495 1192; x_wconf 84' lang='lat' dir='ltr'>certaminibus</span> <span class='ocrx_word' id='word_1_517' title='bbox 1522 1158 1578 1194; x_wconf 89' lang='lat' dir='ltr'>hic</span> <span class='ocrx_word' id='word_1_518' title='bbox 1596 1175 1736 1209; x_wconf 85' lang='lat' dir='ltr'>quoqne</span> <span class='ocrx_word' id='word_1_519' title='bbox 1753 1165 1884 1201; x_wconf 89' lang='lat' dir='ltr'>Paulus</span> <span class='ocrx_word' id='word_1_520' title='bbox 1909 1172 2099 1206; x_wconf 85' lang='lat' dir='ltr'>conciona-</span> 
     </span>
     <span class='ocr_line' id='line_1_77' title="bbox 1112 1210 2098 1260; baseline 0.018 -21"><span class='ocrx_word' id='word_1_521' title='bbox 1112 1213 1186 1248; x_wconf 87' lang='lat' dir='ltr'>tur,</span> <span class='ocrx_word' id='word_1_522' title='bbox 1213 1220 1276 1241; x_wconf 90' lang='lat' dir='ltr'>nec</span> <span class='ocrx_word' id='word_1_523' title='bbox 1291 1215 1427 1243; x_wconf 87' lang='lat' dir='ltr'>tantum</span> <span class='ocrx_word' id='word_1_524' title='bbox 1447 1210 1558 1254; x_wconf 80' lang='lat' dir='ltr'>litigat</span> <span class='ocrx_word' id='word_1_525' title='bbox 1575 1215 1617 1245; x_wconf 87' lang='lat' dir='ltr'>de</span> <span class='ocrx_word' id='word_1_526' title='bbox 1639 1215 1741 1249; x_wconf 88' lang='lat' dir='ltr'>suilla</span> <span class='ocrx_word' id='word_1_527' title='bbox 1763 1229 1888 1260; x_wconf 90' lang='lat' dir='ltr'>carne,</span> <span class='ocrx_word' id='word_1_528' title='bbox 1917 1229 1976 1255; x_wconf 89' lang='lat' dir='ltr'>aut</span> <span class='ocrx_word' id='word_1_529' title='bbox 1999 1224 2098 1257; x_wconf 84' lang='lat' dir='ltr'>sirni-</span> 
     </span>
     <span class='ocr_line' id='line_1_78' title="bbox 1109 1257 2096 1312; baseline 0.019 -23"><span class='ocrx_word' id='word_1_530' title='bbox 1109 1257 1171 1290; x_wconf 90' lang='lat' dir='ltr'>lib.</span> <span class='ocrx_word' id='word_1_531' title='bbox 1189 1258 1283 1294; x_wconf 85' lang='lat' dir='ltr'>ritib.</span> <span class='ocrx_word' id='word_1_532' title='bbox 1317 1257 1481 1293; x_wconf 87' lang='lat' dir='ltr'>Clamitat</span> <span class='ocrx_word' id='word_1_533' title='bbox 1501 1275 1622 1297; x_wconf 90' lang='lat' dir='ltr'>omnes</span> <span class='ocrx_word' id='word_1_534' title='bbox 1639 1277 1710 1299; x_wconf 90' lang='lat' dir='ltr'>esse</span> <span class='ocrx_word' id='word_1_535' title='bbox 1726 1269 1791 1301; x_wconf 90' lang='lat' dir='ltr'>sub</span> <span class='ocrx_word' id='word_1_536' title='bbox 1809 1280 1959 1312; x_wconf 84' lang='lat' dir='ltr'>peccato.</span> <span class='ocrx_word' id='word_1_537' title='bbox 2001 1273 2096 1309; x_wconf 84' lang='lat' dir='ltr'>Haec</span> 
     </span>
     <span class='ocr_line' id='line_1_79' title="bbox 1109 1309 2095 1358; baseline 0.019 -19"><span class='ocrx_word' id='word_1_538' title='bbox 1109 1309 1280 1341; x_wconf 86' lang='lat' dir='ltr'>sententia</span> <span class='ocrx_word' id='word_1_539' title='bbox 1298 1310 1340 1342; x_wconf 88' lang='lat' dir='ltr'>de</span> <span class='ocrx_word' id='word_1_540' title='bbox 1357 1312 1552 1346; x_wconf 84' lang='lat' dir='ltr'>terroribus</span> <span class='ocrx_word' id='word_1_541' title='bbox 1571 1317 1816 1352; x_wconf 87' lang='lat' dir='ltr'>concionatur:</span> <span class='ocrx_word' id='word_1_542' title='bbox 1846 1322 1973 1356; x_wconf 87' lang='lat' dir='ltr'>deinde</span> <span class='ocrx_word' id='word_1_543' title='bbox 1992 1337 2095 1358; x_wconf 89' lang='lat' dir='ltr'>mon-</span> 
     </span>
     <span class='ocr_line' id='line_1_80' title="bbox 1108 1357 2095 1411; baseline 0.02 -21"><span class='ocrx_word' id='word_1_544' title='bbox 1108 1364 1194 1391; x_wconf 88' lang='lat' dir='ltr'>strat</span> <span class='ocrx_word' id='word_1_545' title='bbox 1225 1357 1425 1402; x_wconf 78' lang='lat' dir='ltr'>Christum,</span> <span class='ocrx_word' id='word_1_546' title='bbox 1461 1362 1600 1408; x_wconf 89' lang='lat' dir='ltr'>inquit,</span> <span class='ocrx_word' id='word_1_547' title='bbox 1642 1379 1706 1401; x_wconf 87' lang='lat' dir='ltr'>nos</span> <span class='ocrx_word' id='word_1_548' title='bbox 1735 1371 1842 1411; x_wconf 78' lang='lat' dir='ltr'>gratis</span> <span class='ocrx_word' id='word_1_549' title='bbox 1871 1372 1937 1406; x_wconf 82' lang='lat' dir='ltr'>fide</span> <span class='ocrx_word' id='word_1_550' title='bbox 1969 1374 2095 1409; x_wconf 85' lang='lat' dir='ltr'>iustifi-</span> 
     </span>
     <span class='ocr_line' id='line_1_81' title="bbox 1107 1408 2093 1465; baseline 0.021 -26"><span class='ocrx_word' id='word_1_551' title='bbox 1107 1408 1176 1440; x_wconf 90' lang='lat' dir='ltr'>cari</span> <span class='ocrx_word' id='word_1_552' title='bbox 1195 1416 1258 1442; x_wconf 88' lang='lat' dir='ltr'>etc.</span> <span class='ocrx_word' id='word_1_553' title='bbox 1312 1409 1359 1444; x_wconf 83' lang='lat' dir='ltr'>Et</span> <span class='ocrx_word' id='word_1_554' title='bbox 1375 1419 1413 1445; x_wconf 91' lang='lat' dir='ltr'>ut</span> <span class='ocrx_word' id='word_1_555' title='bbox 1430 1413 1579 1448; x_wconf 89' lang='lat' dir='ltr'>sciamus</span> <span class='ocrx_word' id='word_1_556' title='bbox 1601 1429 1679 1450; x_wconf 90' lang='lat' dir='ltr'>eum</span> <span class='ocrx_word' id='word_1_557' title='bbox 1698 1419 1797 1465; x_wconf 89' lang='lat' dir='ltr'>loqui</span> <span class='ocrx_word' id='word_1_558' title='bbox 1816 1435 1887 1455; x_wconf 91' lang='lat' dir='ltr'>non</span> <span class='ocrx_word' id='word_1_559' title='bbox 1915 1425 1956 1457; x_wconf 89' lang='lat' dir='ltr'>de</span> <span class='ocrx_word' id='word_1_560' title='bbox 1970 1426 2093 1461; x_wconf 90' lang='lat' dir='ltr'>otiosis</span> 
     </span>
     <span class='ocr_line' id='line_1_82' title="bbox 1106 1459 2091 1519; baseline 0.021 -29"><span class='ocrx_word' id='word_1_561' title='bbox 1106 1459 1395 1502; x_wconf 83' lang='lat' dir='ltr'>cogitationibus,</span> <span class='ocrx_word' id='word_1_562' title='bbox 1423 1465 1479 1496; x_wconf 89' lang='lat' dir='ltr'>sed</span> <span class='ocrx_word' id='word_1_563' title='bbox 1509 1466 1552 1498; x_wconf 92' lang='lat' dir='ltr'>de</span> <span class='ocrx_word' id='word_1_564' title='bbox 1578 1467 1645 1501; x_wconf 87' lang='lat' dir='ltr'>fide</span> <span class='ocrx_word' id='word_1_565' title='bbox 1674 1470 1828 1506; x_wconf 87' lang='lat' dir='ltr'>luctante</span> <span class='ocrx_word' id='word_1_566' title='bbox 1851 1486 1929 1507; x_wconf 90' lang='lat' dir='ltr'>cum</span> <span class='ocrx_word' id='word_1_567' title='bbox 1949 1479 2091 1519; x_wconf 89' lang='lat' dir='ltr'>pavori-</span> 
     </span>
     <span class='ocr_line' id='line_1_83' title="bbox 1105 1509 2074 1566; baseline 0.022 -25"><span class='ocrx_word' id='word_1_568' title='bbox 1105 1509 1194 1550; x_wconf 88' lang='lat' dir='ltr'>bus,</span> <span class='ocrx_word' id='word_1_569' title='bbox 1229 1511 1372 1556; x_wconf 87' lang='lat' dir='ltr'>inquit:</span> <span class='ocrx_word' id='word_1_570' title='bbox 1411 1513 1593 1550; x_wconf 88' lang='lat' dir='ltr'>lustificati</span> <span class='ocrx_word' id='word_1_571' title='bbox 1627 1519 1712 1561; x_wconf 85' lang='lat' dir='ltr'>fide,</span> <span class='ocrx_word' id='word_1_572' title='bbox 1754 1535 1872 1566; x_wconf 90' lang='lat' dir='ltr'>pacem</span> <span class='ocrx_word' id='word_1_573' title='bbox 1907 1523 2074 1562; x_wconf 88' lang='lat' dir='ltr'>habemus</span> 
     </span>
    </p>

    <p class='ocr_par' dir='ltr' id='par_1_18' title="bbox 1087 1555 2090 2737">
     <span class='ocr_line' id='line_1_84' title="bbox 1103 1555 2090 1620; baseline 0.021 -28"><span class='ocrx_word' id='word_1_574' title='bbox 1103 1560 1202 1594; x_wconf 86' lang='lat' dir='ltr'>item:</span> <span class='ocrx_word' id='word_1_575' title='bbox 1220 1561 1407 1596; x_wconf 87' lang='lat' dir='ltr'>Accessum</span> <span class='ocrx_word' id='word_1_576' title='bbox 1425 1566 1466 1597; x_wconf 89' lang='lat' dir='ltr'>ad</span> <span class='ocrx_word' id='word_1_577' title='bbox 1481 1565 1593 1600; x_wconf 90' lang='lat' dir='ltr'>Deum</span> <span class='ocrx_word' id='word_1_578' title='bbox 1605 1577 1670 1604; x_wconf 86' lang='lat' dir='ltr'>etc.</span> <span class='ocrx_word' id='word_1_579' title='bbox 1705 1570 1808 1606; x_wconf 87' lang='lat' dir='ltr'>Item:</span> <span class='ocrx_word' id='word_1_580' title='bbox 1826 1574 1912 1609; x_wconf 83' lang='lat' dir='ltr'>Fide</span> <span class='ocrx_word' id='word_1_581' title='bbox 1930 1555 2090 1620; x_wconf 54' lang='lat' dir='ltr'>agnosci:</span> 
     </span>
     <span class='ocr_line' id='line_1_85' title="bbox 1102 1614 2085 1671; baseline 0.022 -29"><span class='ocrx_word' id='word_1_582' title='bbox 1102 1623 1179 1644; x_wconf 89' lang='lat' dir='ltr'>mus</span> <span class='ocrx_word' id='word_1_583' title='bbox 1204 1624 1268 1645; x_wconf 92' lang='lat' dir='ltr'>nos</span> <span class='ocrx_word' id='word_1_584' title='bbox 1288 1614 1388 1657; x_wconf 83' lang='lat' dir='ltr'>diligi</span> <span class='ocrx_word' id='word_1_585' title='bbox 1414 1627 1432 1648; x_wconf 91' lang='lat' dir='ltr'>a</span> <span class='ocrx_word' id='word_1_586' title='bbox 1451 1615 1538 1651; x_wconf 86' lang='lat' dir='ltr'>Deo.</span> <span class='ocrx_word' id='word_1_587' title='bbox 1591 1618 1680 1653; x_wconf 86' lang='lat' dir='ltr'>Cum</span> <span class='ocrx_word' id='word_1_588' title='bbox 1704 1622 1812 1666; x_wconf 88' lang='lat' dir='ltr'>igitur</span> <span class='ocrx_word' id='word_1_589' title='bbox 1831 1627 1917 1659; x_wconf 90' lang='lat' dir='ltr'>adeo</span> <span class='ocrx_word' id='word_1_590' title='bbox 1941 1636 2020 1671; x_wconf 90' lang='lat' dir='ltr'>apte</span> <span class='ocrx_word' id='word_1_591' title='bbox 2042 1632 2085 1663; x_wconf 90' lang='lat' dir='ltr'>ad</span> 
     </span>
     <span class='ocr_line' id='line_1_86' title="bbox 1102 1662 2086 1715; baseline 0.021 -22"><span class='ocrx_word' id='word_1_592' title='bbox 1102 1662 1272 1706; x_wconf 89' lang='lat' dir='ltr'>reliquam</span> <span class='ocrx_word' id='word_1_593' title='bbox 1291 1665 1498 1708; x_wconf 86' lang='lat' dir='ltr'>scripturam</span> <span class='ocrx_word' id='word_1_594' title='bbox 1518 1669 1759 1713; x_wconf 82' lang='lat' dir='ltr'>propheticam</span> <span class='ocrx_word' id='word_1_595' title='bbox 1777 1673 1860 1709; x_wconf 89' lang='lat' dir='ltr'>haec</span> <span class='ocrx_word' id='word_1_596' title='bbox 1876 1676 1977 1711; x_wconf 71' lang='lat' dir='ltr'>Pauli</span> <span class='ocrx_word' id='word_1_597' title='bbox 1994 1681 2086 1715; x_wconf 86' lang='lat' dir='ltr'>dicta</span> 
     </span>
     <span class='ocr_line' id='line_1_87' title="bbox 1100 1721 2084 1765; baseline 0.021 -21"><span class='ocrx_word' id='word_1_598' title='bbox 1100 1722 1316 1756; x_wconf 87' lang='lat' dir='ltr'>congruant,</span> <span class='ocrx_word' id='word_1_599' title='bbox 1343 1728 1430 1760; x_wconf 85' lang='lat' dir='ltr'>quae</span> <span class='ocrx_word' id='word_1_600' title='bbox 1449 1721 1655 1762; x_wconf 86' lang='lat' dir='ltr'>perversitas</span> <span class='ocrx_word' id='word_1_601' title='bbox 1672 1731 1721 1757; x_wconf 89' lang='lat' dir='ltr'>est</span> <span class='ocrx_word' id='word_1_602' title='bbox 1747 1726 1852 1759; x_wconf 83' lang='lat' dir='ltr'>aliam</span> <span class='ocrx_word' id='word_1_603' title='bbox 1876 1731 2084 1765; x_wconf 82' lang='lat' dir='ltr'>sententiam</span> 
     </span>
     <span class='ocr_line' id='line_1_88' title="bbox 1099 1763 2084 1815; baseline 0.021 -20"><span class='ocrx_word' id='word_1_604' title='bbox 1099 1763 1210 1797; x_wconf 80' lang='lat' dir='ltr'>Paulo</span> <span class='ocrx_word' id='word_1_605' title='bbox 1234 1766 1426 1811; x_wconf 81' lang='lat' dir='ltr'>affingere?</span> <span class='ocrx_word' id='word_1_606' title='bbox 1460 1768 1528 1803; x_wconf 90' lang='lat' dir='ltr'>Sed</span> <span class='ocrx_word' id='word_1_607' title='bbox 1556 1784 1672 1815; x_wconf 81' lang='lat' dir='ltr'>pergO.</span> <span class='ocrx_word' id='word_1_608' title='bbox 1725 1774 1814 1809; x_wconf 89' lang='lat' dir='ltr'>Cum</span> <span class='ocrx_word' id='word_1_609' title='bbox 1840 1775 1924 1812; x_wconf 88' lang='lat' dir='ltr'>haec</span> <span class='ocrx_word' id='word_1_610' title='bbox 1943 1789 2084 1815; x_wconf 90' lang='lat' dir='ltr'>senten-</span> 
     </span>
     <span class='ocr_line' id='line_1_89' title="bbox 1099 1815 2082 1872; baseline 0.022 -27"><span class='ocrx_word' id='word_1_611' title='bbox 1099 1815 1311 1872; x_wconf 41' lang='lat' dir='ltr'>tim-nquam</span> <span class='ocrx_word' id='word_1_612' title='bbox 1344 1819 1487 1852; x_wconf 70' lang='lat' dir='ltr'>recitavi</span> <span class='ocrx_word' id='word_1_613' title='bbox 1525 1822 1568 1855; x_wconf 89' lang='lat' dir='ltr'>de</span> <span class='ocrx_word' id='word_1_614' title='bbox 1603 1827 1831 1861; x_wconf 89' lang='lat' dir='ltr'>conversione</span> <span class='ocrx_word' id='word_1_615' title='bbox 1862 1827 2016 1865; x_wconf 89' lang='lat' dir='ltr'>hominis</span> <span class='ocrx_word' id='word_1_616' title='bbox 2049 1841 2082 1868; x_wconf 89' lang='lat' dir='ltr'>et</span> 
     </span>
     <span class='ocr_line' id='line_1_90' title="bbox 1099 1868 2078 1918; baseline 0.02 -21"><span class='ocrx_word' id='word_1_617' title='bbox 1099 1868 1366 1909; x_wconf 80' lang='lat' dir='ltr'>iustlncatione‚</span> <span class='ocrx_word' id='word_1_618' title='bbox 1401 1872 1581 1915; x_wconf 87' lang='lat' dir='ltr'>perspicua</span> <span class='ocrx_word' id='word_1_619' title='bbox 1604 1882 1636 1908; x_wconf 89' lang='lat' dir='ltr'>et</span> <span class='ocrx_word' id='word_1_620' title='bbox 1664 1877 1766 1918; x_wconf 83' lang='lat' dir='ltr'>plana</span> <span class='ocrx_word' id='word_1_621' title='bbox 1789 1879 1853 1917; x_wconf 77' lang='lat' dir='ltr'>sit,</span> <span class='ocrx_word' id='word_1_622' title='bbox 1887 1889 1919 1914; x_wconf 90' lang='lat' dir='ltr'>et</span> <span class='ocrx_word' id='word_1_623' title='bbox 1943 1883 1977 1915; x_wconf 92' lang='lat' dir='ltr'>in</span> <span class='ocrx_word' id='word_1_624' title='bbox 2007 1885 2078 1918; x_wconf 86' lang='lat' dir='ltr'>vita</span> 
     </span>
     <span class='ocr_line' id='line_1_91' title="bbox 1097 1915 2080 1968; baseline 0.02 -20"><span class='ocrx_word' id='word_1_625' title='bbox 1097 1928 1199 1950; x_wconf 90' lang='lat' dir='ltr'>usum</span> <span class='ocrx_word' id='word_1_626' title='bbox 1219 1915 1365 1960; x_wconf 87' lang='lat' dir='ltr'>haheat,</span> <span class='ocrx_word' id='word_1_627' title='bbox 1393 1928 1424 1954; x_wconf 85' lang='lat' dir='ltr'>et</span> <span class='ocrx_word' id='word_1_628' title='bbox 1449 1923 1493 1955; x_wconf 91' lang='lat' dir='ltr'>sit</span> <span class='ocrx_word' id='word_1_629' title='bbox 1511 1931 1583 1956; x_wconf 92' lang='lat' dir='ltr'>rata</span> <span class='ocrx_word' id='word_1_630' title='bbox 1604 1934 1636 1959; x_wconf 89' lang='lat' dir='ltr'>et</span> <span class='ocrx_word' id='word_1_631' title='bbox 1661 1927 1892 1963; x_wconf 84' lang='lat' dir='ltr'>immutabilis</span> <span class='ocrx_word' id='word_1_632' title='bbox 1908 1935 2080 1968; x_wconf 89' lang='lat' dir='ltr'>sententia</span> 
     </span>
     <span class='ocr_line' id='line_1_92' title="bbox 1096 1966 2080 2019; baseline 0.018 -18"><span class='ocrx_word' id='word_1_633' title='bbox 1096 1966 1307 2012; x_wconf 84' lang='lat' dir='ltr'>Evangelii,</span> <span class='ocrx_word' id='word_1_634' title='bbox 1361 1973 1526 2014; x_wconf 87' lang='lat' dir='ltr'>patefacta</span> <span class='ocrx_word' id='word_1_635' title='bbox 1562 1978 1720 2019; x_wconf 83' lang='lat' dir='ltr'>patribus</span> <span class='ocrx_word' id='word_1_636' title='bbox 1739 2006 1748 2019; x_wconf 90' lang='lat'>,</span> <span class='ocrx_word' id='word_1_637' title='bbox 1799 1982 2080 2019; x_wconf 78' lang='lat' dir='ltr'>adversariorum</span> 
     </span>
     <span class='ocr_line' id='line_1_93' title="bbox 1095 2019 2078 2074; baseline 0.02 -24"><span class='ocrx_word' id='word_1_638' title='bbox 1095 2019 1222 2062; x_wconf 89' lang='lat' dir='ltr'>partim</span> <span class='ocrx_word' id='word_1_639' title='bbox 1240 2021 1456 2065; x_wconf 85' lang='lat' dir='ltr'>deploranda</span> <span class='ocrx_word' id='word_1_640' title='bbox 1475 2032 1526 2058; x_wconf 89' lang='lat' dir='ltr'>est</span> <span class='ocrx_word' id='word_1_641' title='bbox 1543 2028 1704 2070; x_wconf 82' lang='lat' dir='ltr'>caecitas,</span> <span class='ocrx_word' id='word_1_642' title='bbox 1733 2032 1859 2074; x_wconf 86' lang='lat' dir='ltr'>partim</span> <span class='ocrx_word' id='word_1_643' title='bbox 1877 2034 2078 2069; x_wconf 88' lang='lat' dir='ltr'>detestanda</span> 
     </span>
     <span class='ocr_line' id='line_1_94' title="bbox 1095 2070 2079 2123; baseline 0.019 -22"><span class='ocrx_word' id='word_1_644' title='bbox 1095 2070 1304 2114; x_wconf 79' lang='lat' dir='ltr'>pertinacia,</span> <span class='ocrx_word' id='word_1_645' title='bbox 1347 2074 1406 2117; x_wconf 84' lang='lat' dir='ltr'>qui</span> <span class='ocrx_word' id='word_1_646' title='bbox 1436 2082 1593 2109; x_wconf 86' lang='lat' dir='ltr'>nostram</span> <span class='ocrx_word' id='word_1_647' title='bbox 1619 2079 1944 2123; x_wconf 88' lang='lat' dir='ltr'>interpretationem</span> <span class='ocrx_word' id='word_1_648' title='bbox 1977 2087 2079 2119; x_wconf 88' lang='lat' dir='ltr'>dam-</span> 
     </span>
     <span class='ocr_line' id='line_1_95' title="bbox 1094 2121 2077 2178; baseline 0.02 -26"><span class='ocrx_word' id='word_1_649' title='bbox 1094 2127 1192 2178; x_wconf 79' lang='lat' dir='ltr'>nant.</span> <span class='ocrx_word' id='word_1_650' title='bbox 1259 2121 1377 2168; x_wconf 88' lang='lat' dir='ltr'>Atque</span> <span class='ocrx_word' id='word_1_651' title='bbox 1403 2122 1459 2159; x_wconf 83' lang='lat' dir='ltr'>hic</span> <span class='ocrx_word' id='word_1_652' title='bbox 1488 2128 1645 2162; x_wconf 88' lang='lat' dir='ltr'>obtestor</span> <span class='ocrx_word' id='word_1_653' title='bbox 1671 2143 1733 2174; x_wconf 88' lang='lat' dir='ltr'>per</span> <span class='ocrx_word' id='word_1_654' title='bbox 1752 2130 1932 2167; x_wconf 86' lang='lat' dir='ltr'>Christum</span> <span class='ocrx_word' id='word_1_655' title='bbox 1955 2149 2077 2172; x_wconf 87' lang='lat' dir='ltr'>omnes</span> 
     </span>
     <span class='ocr_line' id='line_1_96' title="bbox 1093 2176 2076 2229; baseline 0.018 -25"><span class='ocrx_word' id='word_1_656' title='bbox 1093 2184 1188 2216; x_wconf 84' lang='lat' dir='ltr'>pios,</span> <span class='ocrx_word' id='word_1_657' title='bbox 1215 2180 1254 2207; x_wconf 92' lang='lat' dir='ltr'>ut</span> <span class='ocrx_word' id='word_1_658' title='bbox 1270 2176 1488 2219; x_wconf 89' lang='lat' dir='ltr'>expendant,</span> <span class='ocrx_word' id='word_1_659' title='bbox 1513 2179 1597 2223; x_wconf 90' lang='lat' dir='ltr'>quid</span> <span class='ocrx_word' id='word_1_660' title='bbox 1627 2181 1663 2213; x_wconf 91' lang='lat' dir='ltr'>in</span> <span class='ocrx_word' id='word_1_661' title='bbox 1689 2189 1836 2228; x_wconf 79' lang='lat' dir='ltr'>utraque</span> <span class='ocrx_word' id='word_1_662' title='bbox 1859 2193 1956 2229; x_wconf 83' lang='lat' dir='ltr'>parte</span> <span class='ocrx_word' id='word_1_663' title='bbox 1981 2189 2076 2222; x_wconf 91' lang='lat' dir='ltr'>dica-</span> 
     </span>
     <span class='ocr_line' id='line_1_97' title="bbox 1092 2224 2076 2275; baseline 0.018 -20"><span class='ocrx_word' id='word_1_664' title='bbox 1092 2230 1161 2256; x_wconf 92' lang='lat' dir='ltr'>tur.</span> <span class='ocrx_word' id='word_1_665' title='bbox 1215 2224 1421 2259; x_wconf 81' lang='lat' dir='ltr'>Adversarii</span> <span class='ocrx_word' id='word_1_666' title='bbox 1439 2227 1594 2263; x_wconf 86' lang='lat' dir='ltr'>fatentur</span> <span class='ocrx_word' id='word_1_667' title='bbox 1616 2239 1776 2275; x_wconf 91' lang='lat' dir='ltr'>oportere</span> <span class='ocrx_word' id='word_1_668' title='bbox 1794 2235 1939 2270; x_wconf 79' lang='lat' dir='ltr'>existere</span> <span class='ocrx_word' id='word_1_669' title='bbox 1962 2245 2076 2273; x_wconf 91' lang='lat' dir='ltr'>terro-</span> 
     </span>
     <span class='ocr_line' id='line_1_98' title="bbox 1092 2275 2076 2326; baseline 0.018 -20"><span class='ocrx_word' id='word_1_670' title='bbox 1092 2286 1166 2317; x_wconf 84' lang='lat' dir='ltr'>res,</span> <span class='ocrx_word' id='word_1_671' title='bbox 1197 2275 1255 2308; x_wconf 88' lang='lat' dir='ltr'>sed</span> <span class='ocrx_word' id='word_1_672' title='bbox 1279 2277 1323 2309; x_wconf 91' lang='lat' dir='ltr'>de</span> <span class='ocrx_word' id='word_1_673' title='bbox 1345 2277 1413 2311; x_wconf 88' lang='lat' dir='ltr'>fide</span> <span class='ocrx_word' id='word_1_674' title='bbox 1433 2278 1535 2312; x_wconf 89' lang='lat' dir='ltr'>aliter</span> <span class='ocrx_word' id='word_1_675' title='bbox 1557 2281 1768 2326; x_wconf 89' lang='lat' dir='ltr'>loquuntur:</span> <span class='ocrx_word' id='word_1_676' title='bbox 1809 2286 1934 2322; x_wconf 89' lang='lat' dir='ltr'>volunt</span> <span class='ocrx_word' id='word_1_677' title='bbox 1958 2291 2076 2324; x_wconf 79' lang='lat' dir='ltr'>adesse</span> 
     </span>
     <span class='ocr_line' id='line_1_99' title="bbox 1092 2324 2076 2375; baseline 0.019 -19"><span class='ocrx_word' id='word_1_678' title='bbox 1092 2326 1260 2358; x_wconf 85' lang='lat' dir='ltr'>noticiam</span> <span class='ocrx_word' id='word_1_679' title='bbox 1279 2324 1448 2362; x_wconf 88' lang='lat' dir='ltr'>historiae</span> <span class='ocrx_word' id='word_1_680' title='bbox 1460 2356 1468 2370; x_wconf 79' lang='lat'>‚</span> <span class='ocrx_word' id='word_1_681' title='bbox 1491 2331 1550 2364; x_wconf 89' lang='lat' dir='ltr'>sed</span> <span class='ocrx_word' id='word_1_682' title='bbox 1576 2332 1699 2367; x_wconf 89' lang='lat' dir='ltr'>iubent</span> <span class='ocrx_word' id='word_1_683' title='bbox 1716 2335 1876 2370; x_wconf 86' lang='lat' dir='ltr'>dubitare</span> <span class='ocrx_word' id='word_1_684' title='bbox 1892 2339 1935 2372; x_wconf 92' lang='lat' dir='ltr'>de</span> <span class='ocrx_word' id='word_1_685' title='bbox 1952 2341 2076 2375; x_wconf 87' lang='lat' dir='ltr'>remis-</span> 
     </span>
     <span class='ocr_line' id='line_1_100' title="bbox 1093 2375 2078 2429; baseline 0.019 -22"><span class='ocrx_word' id='word_1_686' title='bbox 1093 2375 1191 2408; x_wconf 90' lang='lat' dir='ltr'>sione</span> <span class='ocrx_word' id='word_1_687' title='bbox 1210 2385 1448 2421; x_wconf 88' lang='lat' dir='ltr'>peccatorum:</span> <span class='ocrx_word' id='word_1_688' title='bbox 1483 2388 1516 2414; x_wconf 89' lang='lat' dir='ltr'>et</span> <span class='ocrx_word' id='word_1_689' title='bbox 1536 2382 1564 2414; x_wconf 86' lang='lat' dir='ltr'>si</span> <span class='ocrx_word' id='word_1_690' title='bbox 1581 2384 1636 2417; x_wconf 90' lang='lat' dir='ltr'>cui</span> <span class='ocrx_word' id='word_1_691' title='bbox 1655 2386 1848 2429; x_wconf 83' lang='lat' dir='ltr'>contingit,</span> <span class='ocrx_word' id='word_1_692' title='bbox 1876 2389 1976 2424; x_wconf 92' lang='lat' dir='ltr'>aiunt</span> <span class='ocrx_word' id='word_1_693' title='bbox 1992 2403 2078 2425; x_wconf 83' lang='lat' dir='ltr'>con-</span> 
     </span>
     <span class='ocr_line' id='line_1_101' title="bbox 1091 2427 2077 2481; baseline 0.019 -23"><span class='ocrx_word' id='word_1_694' title='bbox 1091 2427 1226 2470; x_wconf 84' lang='lat' dir='ltr'>tingere</span> <span class='ocrx_word' id='word_1_695' title='bbox 1256 2438 1400 2474; x_wconf 87' lang='lat' dir='ltr'>propter</span> <span class='ocrx_word' id='word_1_696' title='bbox 1423 2433 1557 2467; x_wconf 87' lang='lat' dir='ltr'>merita.</span> <span class='ocrx_word' id='word_1_697' title='bbox 1632 2433 1682 2468; x_wconf 89' lang='lat' dir='ltr'>Ita</span> <span class='ocrx_word' id='word_1_698' title='bbox 1706 2436 1912 2481; x_wconf 85' lang='lat' dir='ltr'>simpliciter</span> <span class='ocrx_word' id='word_1_699' title='bbox 1934 2442 2077 2477; x_wconf 88' lang='lat' dir='ltr'>abolent</span> 
     </span>
     <span class='ocr_line' id='line_1_102' title="bbox 1091 2474 2076 2535; baseline 0.018 -26"><span class='ocrx_word' id='word_1_700' title='bbox 1091 2474 1344 2535; x_wconf 43' lang='lat' dir='ltr'>Issvangelium‚</span> <span class='ocrx_word' id='word_1_701' title='bbox 1380 2482 1474 2526; x_wconf 91' lang='lat' dir='ltr'>quod</span> <span class='ocrx_word' id='word_1_702' title='bbox 1498 2484 1600 2517; x_wconf 87' lang='lat' dir='ltr'>docet</span> <span class='ocrx_word' id='word_1_703' title='bbox 1624 2494 1767 2530; x_wconf 92' lang='lat' dir='ltr'>propter</span> <span class='ocrx_word' id='word_1_704' title='bbox 1790 2486 1969 2524; x_wconf 87' lang='lat' dir='ltr'>Christum</span> <span class='ocrx_word' id='word_1_705' title='bbox 1992 2505 2076 2527; x_wconf 89' lang='lat' dir='ltr'>con-</span> 
     </span>
     <span class='ocr_line' id='line_1_103' title="bbox 1090 2528 2075 2582; baseline 0.018 -22"><span class='ocrx_word' id='word_1_706' title='bbox 1090 2534 1223 2572; x_wconf 83' lang='lat' dir='ltr'>tingere</span> <span class='ocrx_word' id='word_1_707' title='bbox 1240 2528 1308 2564; x_wconf 84' lang='lat' dir='ltr'>hoc</span> <span class='ocrx_word' id='word_1_708' title='bbox 1321 2532 1546 2567; x_wconf 86' lang='lat' dir='ltr'>beneficium:</span> <span class='ocrx_word' id='word_1_709' title='bbox 1573 2541 1605 2568; x_wconf 86' lang='lat' dir='ltr'>et</span> <span class='ocrx_word' id='word_1_710' title='bbox 1624 2543 1659 2570; x_wconf 92' lang='lat' dir='ltr'>ut</span> <span class='ocrx_word' id='word_1_711' title='bbox 1678 2538 1723 2571; x_wconf 88' lang='lat' dir='ltr'>sit</span> <span class='ocrx_word' id='word_1_712' title='bbox 1739 2546 1872 2573; x_wconf 90' lang='lat' dir='ltr'>certum</span> <span class='ocrx_word' id='word_1_713' title='bbox 1885 2568 1893 2582; x_wconf 91' lang='lat'>,</span> <span class='ocrx_word' id='word_1_714' title='bbox 1915 2543 2007 2577; x_wconf 88' lang='lat' dir='ltr'>edita</span> <span class='ocrx_word' id='word_1_715' title='bbox 2026 2552 2075 2579; x_wconf 90' lang='lat' dir='ltr'>est</span> 
     </span>
     <span class='ocr_line' id='line_1_104' title="bbox 1090 2581 2075 2633; baseline 0.016 -21"><span class='ocrx_word' id='word_1_716' title='bbox 1090 2581 1298 2623; x_wconf 84' lang='lat' dir='ltr'>promissio,</span> <span class='ocrx_word' id='word_1_717' title='bbox 1326 2589 1357 2616; x_wconf 89' lang='lat' dir='ltr'>et</span> <span class='ocrx_word' id='word_1_718' title='bbox 1375 2584 1519 2618; x_wconf 89' lang='lat' dir='ltr'>mandat</span> <span class='ocrx_word' id='word_1_719' title='bbox 1542 2584 1654 2627; x_wconf 90' lang='lat' dir='ltr'>Deus,</span> <span class='ocrx_word' id='word_1_720' title='bbox 1681 2596 1720 2622; x_wconf 91' lang='lat' dir='ltr'>ut</span> <span class='ocrx_word' id='word_1_721' title='bbox 1746 2591 1972 2633; x_wconf 86' lang='lat' dir='ltr'>promissioni</span> <span class='ocrx_word' id='word_1_722' title='bbox 1999 2607 2075 2628; x_wconf 89' lang='lat' dir='ltr'>cre-</span> 
     </span>
     <span class='ocr_line' id='line_1_105' title="bbox 1087 2631 2076 2687; baseline 0.015 -24"><span class='ocrx_word' id='word_1_723' title='bbox 1087 2631 1211 2665; x_wconf 88' lang='lat' dir='ltr'>damus</span> <span class='ocrx_word' id='word_1_724' title='bbox 1236 2644 1276 2665; x_wconf 86' lang='lat' dir='ltr'>ac</span> <span class='ocrx_word' id='word_1_725' title='bbox 1298 2633 1548 2677; x_wconf 84' lang='lat' dir='ltr'>assentiamur,</span> <span class='ocrx_word' id='word_1_726' title='bbox 1575 2649 1721 2683; x_wconf 87' lang='lat' dir='ltr'>eamque</span> <span class='ocrx_word' id='word_1_727' title='bbox 1746 2642 1787 2673; x_wconf 90' lang='lat' dir='ltr'>ad</span> <span class='ocrx_word' id='word_1_728' title='bbox 1815 2654 1879 2675; x_wconf 89' lang='lat' dir='ltr'>nos</span> <span class='ocrx_word' id='word_1_729' title='bbox 1902 2645 2076 2687; x_wconf 85' lang='lat' dir='ltr'>pertinere</span> 
     </span>
     <span class='ocr_line' id='line_1_106' title="bbox 1088 2682 2075 2737; baseline 0.015 -22"><span class='ocrx_word' id='word_1_730' title='bbox 1088 2688 1293 2719; x_wconf 83' lang='lat' dir='ltr'>statuamus.</span> <span class='ocrx_word' id='word_1_731' title='bbox 1336 2682 1438 2718; x_wconf 81' lang='lat' dir='ltr'>Hanc</span> <span class='ocrx_word' id='word_1_732' title='bbox 1462 2697 1534 2720; x_wconf 86' lang='lat' dir='ltr'>esse</span> <span class='ocrx_word' id='word_1_733' title='bbox 1552 2700 1670 2723; x_wconf 81' lang='lat' dir='ltr'>veram</span> <span class='ocrx_word' id='word_1_734' title='bbox 1689 2697 1719 2724; x_wconf 89' lang='lat' dir='ltr'>et</span> <span class='ocrx_word' id='word_1_735' title='bbox 1736 2700 1939 2737; x_wconf 88' lang='lat' dir='ltr'>perpetuam</span> <span class='ocrx_word' id='word_1_736' title='bbox 1956 2694 2075 2729; x_wconf 87' lang='lat' dir='ltr'>Evan-</span> 
     </span>
    </p>
   </div>
   <div class='ocr_carea' id='block_1_17' title="bbox 1383 2733 1465 2771">
    <p class='ocr_par' dir='ltr' id='par_1_19' title="bbox 1383 2733 1465 2771">
     <span class='ocr_line' id='line_1_107' title="bbox 1383 2733 1465 2771; baseline -0.012 0"><span class='ocrx_word' id='word_1_737' title='bbox 1383 2733 1465 2771; x_wconf 75' lang='lat'>32*</span> 
     </span>
    </p>
   </div>
  </div>
 </body>
</html>
