2415 2942
123 94 193 129 821
400 91 500 129 XIII.

553 92 586 126 3.
614 87 912 126 ENARRATIO
940 89 1096 126 EPtS'r.
1125 89 1271 127 PAULI
1299 88 1366 126 AD
1394 90 1654 127 ROMANOS.

1714 93 1815 129 CAP.
1840 95 1868 133 Ι.
2086 101 2160 136 822

121 179 244 224 priori.
296 177 408 212 Natus
435 190 476 212 ex
508 178 641 212 semine
664 176 780 211 David
810 177 1002 210 secundum
1037 189 1112 210 car-
1166 176 1278 210 lesum
1307 174 1512 216 Christum,
1553 185 1586 212 et
1616 177 1790 222 Spiritum
1816 189 1993 225 sanctum,
2035 197 2158 228 proce-

122 242 225 273 nem,
255 230 290 262 id
308 236 380 274 est,
408 230 604 262 secundum
627 235 788 262 naturam
808 226 1019 268 humanam,
1046 229 1110 260 ob-

121 281 263 314 noxiam
282 281 409 319 morti‚
444 280 520 313 sine
544 286 684 324 peccato
708 286 772 314 etc.
823 277 974 322 Reliqua
997 290 1108 321 oppo-

121 339 259 366 nuntur
275 332 410 364 deliriis
430 330 656 372 ludaeorum,
689 330 749 375 qui
767 329 995 373 expectabant
1013 327 1108 361 Mes-

121 382 210 416 siam
235 389 412 427 potentem
438 382 561 422 armis,
594 381 770 421 victoriis,
805 379 1008 423 opulentia,
1040 379 1108 412 im-

120 434 229 478 periis
254 434 390 468 mundi.
445 431 493 467 At
515 432 646 466 Paulus
672 430 806 476 inquit,
833 436 1010 474 potentem
1034 441 1107 463 esse

121 485 314 518 secundum
339 484 513 528 Spiritum
537 483 830 522 sanctificantem,
858 481 893 513 id
921 487 989 522 est,
1023 481 1106 526 quia

120 536 180 570 dat
197 535 369 580 Spiritum
385 541 563 572 sanctum,
580 539 613 566 et
629 533 742 566 aufert
759 538 939 576 peccatum
959 538 992 565 et
1010 543 1106 564 mor—

122 592 212 630 tem,
263 593 295 620 et
330 586 446 619 reddit
489 583 662 618 iusticiam
703 590 737 617 et
771 582 880 616 vitam
915 589 1106 618 aeternam.

118 636 214 670 Haec
228 644 344 670 autem
362 636 480 669 omnia
501 635 643 679 propria
660 641 741 667 sunt
758 634 900 666 divinae
918 633 1105 676 potentiae.

118 686 179 722 Est
205 688 312 731 igitur
335 687 427 720 filius
451 693 574 719 natura
604 685 840 728 omnipotens.
894 683 952 718 Sic
972 685 1021 718 ait
1046 696 1104 717 co—

119 738 255 782 gnitum
288 749 360 771 esse
392 749 453 781 per
485 737 595 780 ipsius
628 735 943 775 resurrectionem,
985 741 1018 769 et
1044 747 1105 779 per

118 789 236 823 omnia
257 789 442 829 miracula,
470 799 531 831 per
547 786 848 820 resuscitationem
868 792 1103 824 mortuorum,

117 846 149 873 et
167 840 253 880 alia,
279 846 311 872 et
329 851 389 882 per
405 838 634 872 donationem
650 837 805 881 Spiritus
822 837 952 878 sancti,
979 837 1039 882 qui
1060 837 1103 869 de

116 901 157 923 eo
181 890 377 923 illustribus
400 889 580 923 miraculis
603 889 806 922 testificatus
830 895 891 924 est.

453 970 592 1007 Gratia
609 977 640 1006 et
655 984 748 1019 pax.

218 1042 339 1076 Gratia
358 1042 483 1076 usitate
503 1041 675 1084 significat
693 1040 838 1074 relative
857 1040 1100 1073 remissionem

115 1101 336 1139 peccatorum
373 1093 578 1136 gratuitam,
621 1099 654 1125 et
681 1092 1006 1125 reconciliationem
1040 1103 1101 1124 seu

115 1145 387 1189 acceptationem
407 1144 594 1186 gratuitam
612 1149 755 1187 propter
774 1143 885 1175 filium
906 1141 991 1182 Dei,
1020 1155 1099 1175 cum

115 1207 183 1241 qua
200 1196 386 1228 coniuncta
406 1202 454 1227 est
476 1194 663 1227 vivificatio
687 1206 748 1238 per
767 1193 878 1226 filium
893 1220 902 1234 ,
930 1200 962 1227 et
987 1194 1100 1226 dona-

116 1247 165 1280 tio
185 1246 339 1290 Spiritus
360 1246 481 1280 sancti.

218 1296 287 1330 Pax
318 1295 468 1329 Ebraico
496 1307 592 1329 more
618 1306 760 1338 prorsus
791 1300 980 1338 usurpatur
1009 1294 1099 1327 sicut

115 1348 207 1390 apud
229 1359 292 1379 nos
308 1347 410 1381 salus.
465 1346 646 1388 Significat
664 1352 779 1378 autem
799 1345 908 1388 ipsam
934 1345 1097 1377 donatio-

114 1410 194 1430 nem
217 1397 371 1442 Spiritus
395 1397 525 1437 sancti,
552 1404 585 1430 et
610 1396 751 1429 effectus
775 1396 926 1435 multos,
962 1395 1095 1428 scilicet

115 1461 233 1493 pacem
252 1448 506 1491 conscientiae,
535 1448 658 1487 fidem,
679 1458 794 1490 spem,
823 1446 1096 1485 invocationem,

113 1500 283 1533 auxilium
312 1499 473 1532 divinum
499 1499 534 1531 in
559 1498 834 1541 gubernatione,
867 1505 898 1530 et
922 1509 1096 1531 successus

114 1552 151 1584 in
171 1551 369 1591 vocatione,
398 1558 430 1583 et
450 1550 485 1582 in
503 1549 669 1583 omnihus
687 1549 777 1582 vitae
803 1549 973 1593 partibus.

139 1636 174 1669 Α
189 1631 272 1667 Deo
285 1638 390 1681 patre
409 1638 551 1675 nostro,
575 1638 606 1665 el
623 1631 791 1665 Domino
806 1630 890 1665 Iesu
907 1626 1071 1666 Christo.

216 1700 350 1736 Usitate
378 1701 559 1743 coniungit
579 1708 734 1744 patrem,
759 1706 792 1733 et
816 1699 1009 1733 Dominum
1034 1709 1098 1730 no-

115 1761 226 1787 strum
263 1752 376 1785 lesum
413 1750 605 1785 Christum.
660 1750 841 1790 Primum,
878 1756 915 1782 ut
939 1755 1100 1789 moneat,

116 1804 226 1837 filium
252 1815 392 1848 quoque
416 1809 538 1835 natura
560 1801 674 1834 Deum
701 1813 790 1841 esse,
823 1813 840 1832 a
861 1812 930 1845 quo
950 1801 1097 1843 petenda

116 1862 148 1888 et
167 1854 368 1897 accipienda
393 1853 463 1886 sint
486 1850 571 1885 haec
594 1853 699 1887 bona.
751 1851 932 1893 Secundo,
962 1857 999 1883 ut
1023 1863 1097 1883 mo-

115 1912 214 1943 neat,
242 1905 318 1936 dari
340 1902 422 1936 baec
444 1904 535 1936 bona
560 1910 701 1947 propter
719 1902 849 1942 filium,
879 1903 973 1935 iuxta
993 1901 1097 1934 illud:

114 1955 298 2001 Quidquid
327 1955 494 1999 petieritis
518 1962 650 1998 patrem
677 1954 713 1986 in
741 1954 884 1986 nomine
913 1964 1008 1993 men,
1044 1953 1096 1985 sa·
1122 1977 1124 1996 3

1122 2002 1124 2027 ἕ
1148 2003 1280 2036 tionem
1299 2000 1336 2033 in
1361 2000 1439 2032 aliis
1458 1999 1567 2033 Sectis
1585 2008 1616 2035 et
1636 2001 1879 2044 opinionibus,
1893 2005 1950 2036 sed
1968 2012 2131 2049 oportere

116 2008 218 2040 ciam.
273 2005 416 2048 Tertio,
443 2012 481 2038 ut
509 2012 665 2045 moneat,
699 2006 747 2037 sic
771 2011 933 2048 oportere
957 2003 1097 2046 agnosci

117 2055 230 2090 Deum
250 2083 258 2096 ,
306 2063 345 2090 ut
379 2056 422 2089 sit
455 2056 584 2089 directa
615 2068 714 2088 mens
740 2063 772 2089 et
798 2055 1021 2098 compellatio
1054 2055 1096 2086 ad

118 2105 212 2140 bunc
235 2118 355 2139 verum
378 2105 512 2149 Deum,
556 2107 616 2152 qui
642 2119 676 2139 se
701 2106 860 2150 patefecit
886 2106 990 2138 misso
1015 2105 1099 2145 filio,

118 2158 212 2191 iuxta
233 2158 337 2190 illud:
367 2157 477 2190 Nemo
505 2163 615 2201 potest
640 2157 759 2190 venire
784 2158 824 2190 ad
844 2163 995 2201 patrem,
1029 2156 1096 2188 nisi

117 2221 180 2254 per
202 2209 325 2242 filium.
379 2208 581 2250 Cogitemus
603 2215 718 2240 autem
743 2208 1014 2241 inenarrabilem
1035 2208 1098 2239 bo-

118 2260 260 2293 nitatem
283 2259 368 2299 Dei,
396 2259 456 2304 qui
479 2271 557 2292 cum
576 2259 722 2292 essentia
746 2257 811 2292 Dei
836 2260 880 2292 sit
898 2258 1099 2298 invisibilis,

119 2322 254 2355 semper
289 2310 429 2354 aliquod
462 2310 703 2343 testimonium
734 2321 797 2342 suo
823 2310 927 2343 verbo
952 2309 1100 2348 addidit,

120 2373 189 2406 quo
208 2362 465 2395 discerneretur
487 2373 589 2394 verus
614 2361 707 2395 Deus
726 2372 742 2393 a
760 2361 1008 2393 commentitiis
1031 2373 1100 2392 nu-

122 2412 288 2445 minibus.
330 2412 397 2445 Sed
417 2412 640 2456 praecipuum
660 2411 901 2445 testimonium
918 2418 985 2449 est,
1005 2412 1099 2456 quod
1125 2455 1127 2457 ι

122 2462 232 2496 filium
269 2463 389 2503 misit,
432 2475 534 2508 quem
571 2470 722 2496 assumta
764 2460 918 2495 humana
957 2469 1100 2502 natura,

123 2520 239 2546 mente
256 2513 383 2546 intueri
401 2526 465 2547 nos
479 2521 634 2559 oportet,
663 2521 695 2547 et
716 2514 781 2546 fide
798 2520 965 2552 statuere,
983 2525 1099 2546 veram
1125 2533 1127 2542 -,

124 2564 308 2597 essentiam
327 2564 482 2598 divinam
500 2566 727 2599 conditricem
747 2565 834 2598 coeli
852 2572 883 2598 et
902 2572 1034 2604 terrae,
1068 2572 1101 2598 et

122 2612 307 2648 hominum
334 2622 365 2648 et
389 2616 534 2649 aliarum
560 2625 821 2657 creaturarum,
867 2627 940 2649 esse
970 2622 1100 2659 patrem

124 2663 230 2699 liuius
247 2664 391 2699 Domini
408 2668 516 2701 nostri
538 2667 613 2702 lesu
631 2666 784 2706 Christi,
821 2674 852 2701 et
872 2664 965 2701 hunc
990 2667 1101 2699 filiurn

1164 229 1304 260 dentem
1329 230 1372 260 ab
1397 237 1540 261 aeterno
1566 236 1664 272 patre
1689 239 1720 264 et
1738 232 1824 266 fitio.
1878 232 1924 267 Et
1950 235 1986 267 in
2012 235 2155 269 invoca-

1164 279 1259 310 tione
1285 280 1534 322 p.·t‹·factioues
1560 281 1766 323 cogitandae
1792 290 1895 325 sunt,
1924 286 2038 331 qualis
2063 288 2152 320 sacta

1163 336 1212 362 est
1247 329 1284 361 in
1312 330 1484 373 baptismo
1524 328 1671 366 Christi.

1536 410 1790 444 Exordium.

1262 477 1463 522 Antequam
1499 478 1652 513 instituit
1682 481 1977 525 disputationem,
2019 488 2146 521 usitato

1159 541 1257 563 more
1282 528 1318 561 in
1344 529 1584 568 orationibus,
1616 532 1799 564 exordium
1820 536 2020 577 praeponit,
2049 540 2148 572 cuius

1159 581 1272 624 prima
1299 579 1493 624 propositio
1520 587 1569 613 est
1594 579 1815 624 Gratulafio,
1844 584 1933 618 sicut
1957 587 2147 622 usitatissi-

1158 643 1256 664 mum
1289 637 1357 671 est,
1407 642 1424 662 a
1450 631 1748 673 gratulationibus
1780 641 1812 667 et
1837 646 1854 666 a
1882 638 2146 678 precationibus

1158 682 1281 715 ordiri.
1349 679 1395 715 Et
1432 682 1701 724 gratulationem
1737 685 1896 730 sequitur
1930 687 1998 720 alia
2029 689 2144 724 vicina

1158 732 1375 777 propositio,
1411 732 1593 766 videlicet:
1636 731 1683 767 Et
1709 735 1780 778 ipse
1805 737 1847 768 ad
1881 749 1942 770 vos
1971 739 2144 781 proficisci

1157 796 1258 828 saepe
1282 783 1468 824 constitui,
1495 791 1532 817 ut
1557 796 1618 816 vos
1645 785 1805 819 docorem
1832 793 1864 820 et
1888 788 2143 825 confirmarem.

1155 834 1293 868 Deinde
1317 834 1477 879 sequitur
1510 835 1752 871 adversativa:
1796 837 1865 871 Sed
1889 850 1967 872 cum
1990 840 2143 884 impedi-

1156 893 1211 919 tus
1236 894 1297 921 etc.
1353 885 1489 927 Quarto
1523 886 1681 930 sequitur
1706 886 1928 936 αἰτιολογία,
1962 899 2075 925 sumta
2102 905 2140 927 ex

1155 938 1300 982 proprio
1335 937 1463 971 officio.
1518 935 1610 979 Quia
1647 939 1786 971 debitor
1819 951 1895 973 sum
1924 942 2141 985 sapientibus

1155 996 1186 1021 et
1204 987 1463 1032 insipientibus.
1506 987 1660 1030 Quinto,
1688 987 1903 1033 Occupatio,
1931 1004 1997 1036 qua
2017 1005 2140 1028 occur-

1154 1040 1199 1073 rit
1226 1046 1334 1072 tectae
1360 1038 1566 1071 obiectioni:
1607 1038 1755 1072 Etiamsi
1781 1041 1852 1073 scio
1887 1044 2139 1085 professionem

1153 1089 1338 1133 Evangelii
1355 1096 1387 1122 et
1403 1090 1598 1132 despectam
1619 1097 1649 1123 et
1670 1091 1816 1123 invisam
1834 1103 1904 1125 esse
1921 1095 2140 1137 sapientibus

1152 1142 1298 1181 mundi,
1350 1147 1465 1173 tamen
1492 1152 1544 1172 me
1572 1152 1644 1173 non
1673 1142 1779 1185 pudet
1811 1139 1916 1176 huius
1947 1146 2139 1183 doctrinae.

1153 1192 1206 1225 lbi
1251 1191 1350 1224 addit
1393 1191 1685 1224 asseverationem
1738 1194 1949 1227 contrariam
1995 1195 2136 1231 iudiciis

1150 1242 1294 1283 mundi,
1311 1249 1343 1276 et
1359 1241 1525 1279 affirmat,
1542 1241 1590 1274 sic
1608 1242 1727 1285 colligi
1747 1250 1921 1277 aeternam
1941 1244 2135 1281 Ecclesiam

1148 1292 1224 1326 Deo
1249 1305 1310 1336 per
1332 1292 1567 1325 ministerium
1592 1292 1797 1335 Evangelii,
1826 1303 1858 1328 et
1883 1297 1978 1329 addit
2004 1309 2135 1342 propo-

1148 1344 1314 1377 sitionem
1341 1342 1573 1387 principalem
1603 1341 1800 1388 Epistolae:
1840 1344 1955 1380 Iustus
1981 1348 2048 1381 fide
2074 1362 2134 1383 sua

1148 1403 1252 1428 vivet.

1377 1472 1451 1510 Cui
1464 1474 1581 1508 servio
1601 1476 1638 1508 in
1658 1475 1802 1523 Spiritu
1822 1489 1910 1512 meo.

1249 1542 1425 1576 Discernit
1445 1543 1558 1575 cultus
1578 1542 1753 1577 Leviticos
1772 1545 1815 1578 ab
1835 1546 2002 1579 interiore
2026 1549 2133 1588 cultu,

1149 1603 1180 1629 et
1200 1607 1216 1626 a
1237 1594 1496 1636 praedicatione
1511 1592 1695 1636 Evangelii
1723 1601 1753 1628 et
1779 1596 2016 1636 confessione,
2044 1600 2133 1634 sicut

1122 1674 1124 1684 ⁴
1149 1654 1181 1679 et
1198 1643 1360 1678 Clu-istus
1384 1644 1499 1688 inquit
1522 1643 1615 1677 loan.
1637 1644 1688 1679 4:
1718 1645 1801 1678 Veri
1827 1648 2028 1682 adoratores
2045 1651 2132 1683 ado-

1149 1697 1277 1730 rabunt
1300 1702 1430 1738 patrem
1452 1694 1487 1726 in
1507 1695 1643 1737 Spiritu
1662 1704 1693 1730 et
1711 1696 1877 1739 Veritate,
1897 1698 1931 1731 id
1951 1706 2012 1739 est,
2031 1708 2130 1735 motu

1149 1746 1264 1780 cordis
1289 1757 1434 1778 accenso
1459 1757 1519 1788 per
1536 1745 1707 1788 Spiritum
1733 1755 1910 1789 sanctum,
1937 1757 1968 1783 et
1986 1750 2022 1782 in
2040 1753 2132 1784 veri.

1122 1798 1124 1804 '
1148 1805 1236 1839 tate,
1273 1797 1306 1829 id
1333 1804 1399 1835 est,
1434 1807 1514 1829 vera
1540 1796 1718 1839 agnitione
1742 1796 1805 1831 Dei
1834 1806 1867 1832 et
1898 1800 2022 1834 fiducia
2053 1803 2129 1845 filii,

1150 1850 1242 1882 iuxta
1271 1848 1417 1881 verbum
1440 1859 1457 1879 a
1480 1845 1555 1879 Deo
1578 1848 1767 1888 traditum,
1796 1850 1883 1883 sicut
1906 1857 1938 1883 et
1963 1852 2047 1885 alibi
2075 1854 2131 1886 di-

1149 1901 1255 1934 citur:
1284 1898 1389 1932 Pater
1405 1898 1581 1931 sanctifica
1602 1910 1660 1931 eos
1678 1899 1714 1932 in
1733 1900 1898 1941 veritate,
1917 1912 2032 1936 sermo
2049 1910 2130 1938 tuus

1149 1959 1197 1984 est
1217 1951 1355 1984 veritas.
1408 1948 1590 1992 Significat
1614 1950 1723 1991 enim,
1752 1962 1825 1984 non
1843 1963 1914 1985 esse
1937 1954 2130 1988 sanctifica-

1148 2053 1287 2097 2gnosci
1304 2050 1556 2093 Evangelium‚
1584 2058 1616 2085 et
1632 2052 1742 2085 teneri
1759 2053 2014 2098 incorruptum.
2055 2055 2130 2090 No-

1149 2105 1260 2137 minat
1287 2102 1394 2146 igitur
1417 2109 1450 2136 et
1476 2099 1533 2134 hic
1557 2103 1689 2136 cultum
1714 2101 1801 2145 Dei,
1828 2105 1971 2145 docere,
1998 2106 2132 2142 discere

1149 2162 1181 2189 et
1202 2153 1359 2188 confiteri
1375 2150 1630 2195 Evangelium,
1664 2154 1753 2188 sicut
1778 2155 1866 2188 infra
1885 2155 2020 2201 inquit:
2064 2157 2131 2192 Sa-

1149 2206 1265 2239 crifico
1290 2202 1533 2247 Evangelium.
1586 2203 1681 2238 Haec
1706 2205 1796 2239 dicta
1820 2206 2018 2249 affirmant,
2052 2207 2130 2243 Deo

1150 2257 1287 2302 placere
1310 2256 1467 2288 laborem
1491 2255 1640 2288 docendi
1664 2262 1696 2289 et
1720 2256 1889 2290 discendi.
1941 2256 1987 2292 Et
2014 2271 2130 2304 quan-

1150 2320 1254 2352 quam
1280 2317 1405 2349 magna
1432 2312 1513 2339 sunt
1539 2306 1694 2350 pericula
1718 2307 1920 2341 docentium
1943 2315 1977 2343 et
1993 2310 2132 2345 discen-

1124 2360 1125 2364 ’
1149 2361 1258 2399 tium,
1282 2365 1400 2391 tamen
1425 2368 1498 2389 non
1520 2357 1726 2390 abiiciamus
1751 2354 1837 2391 haec
1864 2360 1997 2402 studia,
2029 2361 2131 2396 fracti

1152 2409 1365 2450 terroribus,
1393 2408 1454 2441 sed
1479 2414 1694 2448 statuamus,
1720 2406 1835 2442 Deum
1861 2410 1965 2444 nobis
1988 2411 2132 2448 adfutu-

1152 2474 1231 2495 rum
1258 2472 1349 2504 esse,
1392 2471 1457 2492 nec
1480 2458 1617 2492 labores
1644 2465 1784 2492 nostros
1806 2459 1924 2494 irritos
1957 2461 2057 2505 fore,
2100 2470 2134 2498 et

1153 2511 1266 2546 Deum
1285 2517 1506 2545 servaturum
1532 2520 1605 2542 esse
1622 2509 1760 2555 aliquos
1777 2517 1912 2554 coetus,
1939 2512 2056 2556 ipsum
2079 2514 2137 2547 in-

1152 2570 1335 2603 vocantes,
1364 2561 1424 2606 qui
1442 2560 1512 2593 sint
1528 2561 1689 2594 custodes
1710 2561 1903 2599 doctrinae.
1954 2562 2035 2598 Huc
2055 2575 2137 2609 per-

1154 2615 1267 2648 tinent
1295 2612 1404 2646 multa
1425 2610 1636 2645 testimonia.
1697 2610 1826 2648 Psalm.
1853 2614 1902 2649 1.:
1936 2613 2037 2648 Folia
2061 2616 2137 2649 eius

1154 2677 1227 2699 non
1243 2664 1409 2699 defluent.
1440 2658 1653 2746 5{tx'loham
1673 2661 1744 2697 15.:
1781 2662 1822 2697 ln
1841 2661 1908 2698 hoc
1923 2664 2139 2710 glorificatur
