2415 2942
321 113 395 149 983

903 112 1025 148 PIIlL.
1056 113 1169 149 MEL.
1211 113 1418 151 SCRIPTA
1444 117 1741 155 EXEGETICA.

2254 124 2328 159 984

422 196 460 229 ln
487 193 579 229 Osea
607 196 753 230 dicitur:
795 196 934 230 Vocabo
961 211 1019 232 eos
1043 200 1190 244 quinon
1217 207 1299 234 sunt
1350 204 1529 238 voluntate
1558 217 1657 239 causa
1692 207 1965 249 reprobationis:
2013 210 2061 244 ait
2093 210 2205 251 enim,
2247 209 2325 242 ideo

322 247 492 293 populus,
525 254 562 280 ut
579 247 647 280 siut
668 259 762 280 meus
782 249 942 291 populus.

421 295 464 329 Et
490 298 580 340 apud
609 296 746 330 Esaiam
773 299 902 331 dicitur
925 298 1007 342 Cap.
1036 301 1108 335 10‚:
1151 299 1297 333 Etiamsi

321 347 384 379 erit
403 359 568 379 uumerus
591 348 741 380 filiorum
764 347 869 382 lsrae'l
895 357 931 382 ut
953 362 1056 383 arena
1084 352 1206 391 maris,
1242 363 1297 384 re·

321 398 450 442 liquiae
476 398 590 430 salvae
616 406 738 438 erunt,
773 399 806 431 id
833 407 902 438 est,
937 402 997 433 etsi
1028 413 1150 443 magna
1177 402 1296 434 multi-

322 450 406 481 tudo
432 448 497 481 erit
525 450 644 491 populi
679 449 800 487 lsrael,
835 457 951 484 tamen
978 452 1088 484 maior
1113 464 1189 496 pars
1215 449 1298 485 hor—

321 499 471 531 ribiliter
489 499 642 541 peritura
662 506 711 532 est
730 501 840 533 deleta
867 502 1006 544 politia,
1034 509 1063 534 et
1083 509 1218 535 tantum
1245 515 1298 534 re-

322 549 467 593 liquiae,
496 549 530 580 id
549 556 616 587 est,
644 550 763 592 exigua
783 562 860 593 pars
877 559 1100 585 convertetur
1116 555 1157 585 ad
1176 551 1299 587 Deum.

322 599 379 633 Sic
398 599 490 631 enim
509 600 659 632 declarat
675 612 709 632 se
727 599 916 642 Propheta:
952 603 1297 636 Consummationem

323 657 354 682 et
373 649 649 693 praefinitionem
669 651 769 685 faciet
788 651 959 684 Dominus
980 654 1014 684 in
1036 654 1151 685 medio
1178 660 1299 691 terrae,

323 701 357 732 id
383 706 451 739 est,
500 700 601 733 faciet
626 701 726 733 finem
753 703 942 736 constituto
968 710 1123 746 tempore
1157 704 1300 747 politiae

322 749 448 786 lsrael,
478 757 508 783 et
528 758 609 783 tunc
634 753 889 784 consummatio
909 753 1088 794 praefinita
1109 754 1299 787 exundabit

324 801 516 837 iusticiam,
543 801 576 833 id
596 808 662 841 est,
692 802 727 833 in
753 802 813 834 illo
839 803 982 836 interitu
1009 804 1152 846 politiae
1176 805 1300 847 largis-

323 852 408 884 sime
423 851 613 884 donabitur
631 851 764 884 iusticia
785 851 921 886 ludaeis
937 861 970 887 et
982 852 1173 895 Gentibus,
1201 856 1299 887 vide-

322 902 419 934 licet:
456 900 532 944 Ipse
558 901 649 934 filius
676 901 740 934 Dei
765 910 797 935 et
824 904 896 936 eius
922 904 1105 945 beneficia,
1140 906 1298 938 remissio

323 957 563 995 peccatorum,
590 953 848 993 reconciliatio,
876 966 967 987 nova
986 962 1018 989 et
1035 963 1173 988 aeterna
1201 956 1299 990 iusti-

323 1002 373 1034 cia
397 1007 429 1034 et
456 1002 524 1035 vita
550 1003 713 1034 donanda
741 1015 801 1046 per
819 1005 945 1046 filium,
973 1007 1192 1040 sanctificatis
1218 1019 1300 1039 voce

323 1051 505 1094 Evangelii
523 1060 554 1086 et
571 1053 705 1096 Spiritu
723 1061 859 1095 sancto,
885 1068 1024 1098 prorsus
1042 1064 1078 1090 ut
1097 1057 1225 1090 Daniel
1245 1058 1299 1089 in-

324 1103 416 1147 quit,
444 1102 526 1145 Cap.
545 1103 596 1137 9.:
632 1102 706 1137 Fiet
731 1106 938 1149 propiciatio
966 1119 1028 1150 pro
1051 1115 1210 1150 peccato,
1239 1109 1300 1140 de·-

324 1153 453 1186 lebitur
478 1153 643 1198 iniquitas
663 1161 696 1188 et
711 1157 904 1190 adducetur
923 1157 1059 1190 iusticia
1077 1159 1300 1202 sempiterna,

324 1211 356 1237 et
380 1211 530 1246 ungetur
553 1203 701 1237 Sanctus
723 1213 942 1246 sanctorum,
977 1215 1009 1241 et
1035 1210 1186 1252 populus
1208 1209 1300 1242 desi—

326 1261 386 1287 net
403 1266 494 1293 esse,
529 1261 560 1287 et
585 1255 759 1289 civitatem
783 1265 814 1290 et
846 1259 1014 1301 templum
1040 1260 1171 1293 delebit
1190 1272 1300 1303 popu-

325 1304 378 1336 lus
398 1303 504 1337 Ducis
527 1306 686 1343 venturi,
714 1307 845 1341 scilicet
863 1307 977 1343 Titus.
1032 1308 1125 1342 Haec
1146 1309 1303 1342 Danielis

325 1355 429 1386 verba
453 1362 653 1396 congruunt
680 1368 757 1389 cum
789 1355 881 1390 Esai.
914 1359 1018 1393 dicto.
1072 1358 1171 1393 Hanc
1196 1361 1302 1402 igitur

324 1405 646 1448 interpretationem
673 1419 808 1446 veram,
843 1409 1015 1449 nativam,
1050 1410 1243 1454 simplicem
1270 1418 1300 1443 et

323 1456 539 1499 perspicuam
561 1456 783 1492 retineamus,

425 1505 468 1539 Et
484 1517 684 1550 quanquam
709 1507 809 1540 lectio
829 1508 865 1540 in
882 1508 990 1541 Paulo
1009 1517 1122 1543 sumta
1140 1517 1171 1544 et
1190 1516 1301 1543 trans·-

325 1556 456 1588 latione
475 1554 608 1589 Graeca
627 1555 881 1600 Prophetarum
903 1560 1086 1592 obscurior
1101 1568 1161 1599 est,
1186 1567 1300 1593 tamen

325 1606 494 1639 sententia
520 1619 557 1639 re
582 1619 659 1639 vera
684 1619 762 1640 cum
796 1607 930 1642 Ebraea
954 1610 1104 1643 lectione
1129 1612 1300 1653 congruit.

326 1655 483 1689 Verbum
522 1658 764 1691 abbreviatum
796 1660 896 1693 faciet
925 1660 1122 1700 Dominus,
1169 1662 1204 1694 id
1231 1668 1301 1702 est,

326 1719 398 1739 rem
422 1718 480 1739 seu
499 1709 677 1750 negotium
701 1710 961 1750 abbreviatum,
988 1722 1047 1744 seu
1065 1712 1299 1744 abbreviatio-

326 1769 426 1795 nem,
452 1758 484 1789 id
503 1766 570 1799 est,
595 1759 698 1791 finem
716 1760 857 1803 politiae
876 1760 981 1796 Israel
994 1789 1001 1802 ,
1027 1769 1056 1795 et
1074 1769 1157 1795 tunc
1173 1763 1302 1795 faciens

325 1807 418 1841 Deus
446 1805 536 1842 hanc
567 1809 885 1849 abbreviationem,
927 1824 986 1845 seu
1013 1813 1116 1845 finem
1149 1813 1302 1856 politiae,

327 1859 517 1892 exundabit
538 1859 730 1900 iusticiam,
758 1861 791 1893 id
807 1861 874 1900 est,
898 1870 981 1896 tunc
1007 1861 1187 1897 exhibebit
1206 1863 1300 1897 Mes—

326 1909 410 1942 siam
436 1916 468 1942 et
494 1910 567 1942 eius
591 1910 767 1946 beneficia.

426 1957 660 1994 Observanda
685 1969 737 1994 est
758 1968 871 1995 autem
898 1963 1010 1996 dulcis
1037 1961 1240 2007 metaphora
1265 1964 1300 1996 in

326 2009 432 2042 verbo
448 2008 633 2053 Exundat,
659 2013 750 2056 quod
767 2013 936 2055 significat
959 2014 1089 2058 largam
1115 2022 1147 2047 et
1169 2015 1300 2057 gratui-

326 2067 396 2093 tam
430 2060 603 2093 iusticiam
643 2063 806 2095 donatam
838 2064 1006 2098 immensa
1038 2066 1195 2099 bonitate
1231 2064 1299 2098 Dei

326 2117 468 2154 propter
488 2112 713 2144 mediatorem
735 2113 848 2155 gratiS.
900 2113 1176 2149 Commonesacti
1196 2117 1301 2157 igitur

325 2158 390 2193 hac
420 2162 513 2194 dulci
544 2160 771 2205 metaphora,
814 2164 1002 2206 cogitemus
1029 2167 1298 2209 amplitudinem

325 2211 473 2252 gratiae,
501 2219 538 2245 ut
562 2212 644 2246 fides
663 2220 694 2246 et
712 2214 887 2247 invocatio
907 2218 1161 2257 accendantur,
1189 2224 1220 2249 et
1239 2229 1298 2250 su-

325 2262 449 2293 menda
472 2269 522 2295 est
544 2263 730 2296 declaratio
756 2276 795 2296 ex
823 2266 1063 2307 superioribus
1083 2268 1125 2299 de
1149 2267 1298 2310 gratuita

325 2312 626 2354 reconciliatione,
658 2321 690 2347 et
713 2316 902 2348 universali
931 2318 1173 2359 promissione.

322 2391 448 2428 Israel
469 2394 640 2430 sectando
665 2395 777 2442 legem
803 2397 987 2441 iusticiae,
1029 2398 1085 2434 ad
1113 2400 1297 2436 iusticiam

674 2461 747 2482 non
772 2450 943 2496 pervenit.

421 2510 488 2545 Hic
526 2525 682 2556 expresse
715 2517 813 2559 ponit
847 2529 982 2550 causam
1018 2520 1296 2562 reprobationis,

323 2562 402 2607 quia
426 2563 526 2606 impii
557 2576 627 2595 non
653 2566 777 2600 volunt
803 2569 943 2601 credere
967 2567 1180 2613 Evangelio,
1216 2571 1294 2605 ideo

321 2625 423 2656 supra
448 2614 517 2645 dixi
543 2613 808 2648 similitudinem
835 2619 877 2650 de
901 2618 992 2651 Luto
1028 2632 1100 2653 non
1125 2621 1172 2654 sic
1204 2622 1295 2654 acci-

318 2664 481 2705 piendam
513 2675 600 2704 esse,
643 2666 739 2709 quasi
768 2679 838 2699 non
871 2669 913 2702 sit
939 2669 974 2702 in
1007 2670 1078 2714 ipsa
1107 2669 1291 2704 bominum

1321 1016 1328 1354 1

1350 255 1477 288 multos
1502 256 1538 289 in
1565 255 1670 289 lsrael
1697 258 1828 300 perire,
1856 259 1937 303 quia
1955 261 2117 293 sectando
2139 261 2246 303 legum
2272 261 2327 293 iu-

1350 306 1467 339 sticiae
1509 307 1731 351 pertinaciter
1770 310 1941 343 retineant
1978 307 2069 343 hanc
2110 312 2327 355 opinionem,

1351 357 1444 400 quod
1472 359 1542 391 suis
1567 359 1731 401 operibus
1754 366 1786 392 et
1810 359 1963 392 cultibus
1988 369 2186 394 mereantur
2202 361 2325 394 remis-

1350 407 1483 440 sionem
1510 416 1750 451 peccatorum‚
1785 416 1815 442 et
1835 410 1902 443 sint
1922 410 2019 449 iusti,
2048 411 2081 443 id
2103 418 2169 448 est,
2197 411 2325 455 accepti

1351 455 1443 499 Deo,
1470 467 1502 492 et
1526 457 1691 493 haeredes
1713 461 1803 494 vitae
1826 467 1985 493 aeternae
2008 468 2149 505 propter
2167 459 2227 494 has
2249 473 2327 494 um—

1350 507 1446 548 bras,
1483 509 1517 542 id
1539 516 1607 554 est,
1642 517 1784 555 propter
1810 523 1914 554 opera
1940 512 2104 550 moralia,
2146 523 2217 544 non
2244 522 2326 555 pro-

1351 565 1427 601 pter
1450 559 1626 596 Messiam.
1679 561 1737 595 Sic
1762 562 1979 605 intelligatur
2005 560 2157 606 phrasis:
2193 561 2327 596 Sectari

1350 609 1459 652 legem
1486 623 1524 644 ex
1548 612 1723 656 operibus.

1451 659 1492 694 In
1522 662 1590 694 fine
1621 663 1781 696 additum
1814 669 1864 696 est
1894 662 2134 696 dulcissimum
2171 662 2327 696 testimo-

1350 711 1468 746 nium:
1504 709 1632 745 Omnis
1651 714 1711 757 qui
1728 714 1839 747 credit
1856 714 1892 745 in
1911 725 2007 753 eum,
2040 725 2112 746 non
2133 714 2328 746 confunde-

1352 768 1426 802 tur,
1449 762 1483 795 id
1511 769 1576 803 est,
1615 776 1686 796 non
1712 764 1948 797 frustrabitur.
2000 762 2063 797 Est
2084 765 2178 797 enim
2202 763 2327 797 usitata

1351 809 1507 856 phrasis,
1556 814 1745 854 confundi,
1797 826 1859 858 pro
1890 815 2078 855 frustrari,
2114 813 2327 859 Quanquam

1350 864 1440 906 apud
1467 861 1606 896 Esaiam
1642 877 1714 909 cap.
1738 866 1796 900 28.
1847 864 2002 898 Verbum
2029 871 2079 898 est
2102 865 2139 898 in
2171 863 2327 904 Ebraeo,

1350 915 1443 958 quod
1461 914 1631 956 significat
1647 915 1917 955 festinationem,
1942 916 2222 956 trepidationem,
2242 927 2327 947 con-

1350 965 1618 1005 sternationem,
1646 977 1705 998 seu
1720 966 1851 1008 sugam.
1888 965 1955 999 Sed
1976 965 2104 999 Paulus
2119 965 2327 998 sententiam

1351 1015 1523 1056 reddidit,
1561 1015 1654 1048 iuxta
1681 1017 1811 1049 dictum
1838 1016 1875 1048 in
1899 1016 2097 1051 2.Psa1m.:
2134 1015 2234 1049 Beati
2251 1027 2328 1048 om-

1353 1076 1412 1097 nes
1436 1066 1497 1109 qui
1527 1067 1708 1100 confidunt
1733 1067 1770 1099 in
1797 1079 1849 1101 eo.
1896 1066 1939 1100 Et
1969 1073 2050 1100 sunt
2075 1066 2204 1100 similia
2236 1066 2330 1099 dicta

1351 1116 1471 1149 multa.

1451 1164 1636 1200 Discamus
1661 1174 1775 1200 autem
1803 1165 1908 1200 huius
1938 1168 2022 1201 dicti
2054 1167 2260 1202 sententiam
2292 1166 2330 1198 in

1352 1217 1567 1260 quotidianis
1591 1218 1911 1258 consolationibus,
1939 1225 1971 1252 et
1988 1218 2135 1251 sciamus
2152 1215 2209 1250 hic
2234 1228 2329 1250 com—

1354 1265 1542 1310 prehendi,
1560 1276 1590 1301 et
1612 1268 1776 1301 Messian
1790 1294 1797 1304 ‚
1815 1276 1846 1301 et
1868 1269 2071 1311 particulam
2091 1266 2222 1301 Gratis.
2264 1265 2326 1299 Fi-

1353 1319 1412 1350 des
1446 1318 1624 1352 intueatur
1659 1319 1843 1357 Messiam‚
1894 1326 1927 1353 et
1954 1319 2164 1352 fiirmissime
2201 1324 2328 1351 statuat

1353 1367 1473 1401 Gratis
1495 1377 1636 1413 propter
1668 1370 1799 1414 ipsum,
1843 1381 1914 1402 non
1947 1376 2089 1414 propter
2121 1369 2326 1412 dignitatem

1353 1425 1506 1452 nostram
1550 1431 1614 1453 nos
1655 1420 1788 1463 recipi,
1837 1426 1870 1453 et
1918 1431 1990 1454 esse
2030 1418 2195 1453 haeredes
2237 1418 2327 1452 vitae

1352 1476 1524 1506 aeternae.

1730 1600 1867 1654 Caput
1898 1601 1952 1640 X.

1455 1707 1554 1742 Nihil
1572 1709 1653 1743 novi
1672 1709 1841 1747 instituit,
1857 1710 1915 1742 sed
1934 1709 2059 1753 repetit
2078 1708 2228 1752 priorem
2249 1720 2327 1742 sen-

1354 1761 1498 1794 tentiam
1522 1762 1565 1793 de
1590 1773 1691 1793 causa
1716 1761 1919 1794 defectionis
1952 1759 2182 1800 Iudaeorum,
2221 1767 2253 1792 et
2283 1762 2326 1793 de

1354 1823 1475 1851 causa,
1523 1819 1666 1855 propter
1706 1824 1809 1856 quam
1853 1810 2046 1854 Evangelio
2088 1811 2327 1844 adversantur.

1357 1861 1437 1895 [deo
1455 1863 1705 1905 belligerantur
1721 1862 1883 1908 (inquit)
1907 1874 1984 1895 cum
2009 1861 2220 1903 Evangelio,
2246 1862 2328 1906 quia

1354 1913 1481 1946 nolunt
1506 1913 1683 1946 extenuari
1709 1913 1879 1946 iusticiam
1907 1913 2010 1955 legis,
2038 1925 2100 1944 nec
2126 1912 2328 1954 intelligunt

1355 1964 1450 1997 aliud
1479 1975 1550 1997 esse
1581 1964 1752 1998 iusticiam
1776 1962 1982 2005 Evangelii:
2026 1963 2193 1996 dimicant
2221 1963 2324 1995 etiam

1354 2015 1396 2047 de
1431 2027 1491 2048 sua
1521 2015 1667 2058 politia,
1720 2026 1823 2058 quam
1855 2014 2111 2058 praedicatione
2142 2011 2327 2055 Evangelii

1354 2066 1476 2099 vident
1500 2066 1655 2099 dissolvi.
1710 2064 1807 2098 Sicut
1825 2077 1920 2097 nunc
1946 2062 2110 2108 Episcopi
2135 2071 2168 2098 et
2197 2063 2327 2097 Mona-

1353 2113 1409 2149 chi
1438 2117 1606 2151 dimicant
1639 2117 1682 2149 de
1715 2116 1786 2148 suis
1813 2116 2038 2156 ceremoniis,
2080 2122 2119 2150 ut
2150 2121 2260 2148 status
2294 2121 2326 2148 et

1352 2167 1518 2211 splendor
1535 2178 1615 2200 suae
1635 2167 1776 2210 politiae
1795 2173 2054 2200 conserventur.

1453 2218 1563 2250 Addit
1580 2225 1693 2251 autem
1712 2218 1888 2262 querelam
1907 2219 1948 2250 de
1964 2216 2076 2261 gentis
2094 2215 2238 2249 interitu
2251 2242 2260 2256 ,
2287 2223 2326 2249 ut

1351 2280 1472 2311 supra,
1500 2277 1530 2301 et
1556 2269 1675 2301 tribuit
1700 2269 1748 2300 eis
1772 2268 1905 2306 zelum,
1932 2268 1966 2300 id
1992 2274 2061 2305 est,
2087 2267 2241 2301 studium
2264 2279 2324 2299 seu

1350 2321 1526 2352 ardentem
1553 2320 1791 2359 voluntatem,
1826 2330 1886 2352 seu
1911 2319 2107 2356 servorem,
2149 2317 2209 2362 qui
2241 2317 2324 2361 ipsis

1350 2370 1463 2403 bonus
1480 2371 1635 2408 videtur,
1663 2371 1721 2403 sed
1738 2381 1810 2403 non
1832 2376 1881 2403 est
1903 2369 2034 2409 bonus,
2062 2367 2144 2413 quia
2168 2379 2245 2401 cum
2269 2380 2324 2401 er-

1348 2421 1488 2453 roribus
1506 2422 1714 2455 coniunctus
1731 2428 1796 2454 est:
1824 2426 1856 2452 et
1874 2427 1954 2453 sunt
1971 2429 2106 2452 errores
2129 2417 2165 2450 in
2190 2418 2323 2451 articu-

1348 2471 1389 2504 lis
1413 2471 1490 2504 fnlei
1517 2471 1729 2515 praecipuis,
1756 2472 1799 2503 de
1815 2468 1944 2504 Christi
1969 2469 2123 2512 meritis,
2157 2480 2264 2511 regno
2289 2475 2323 2502 et

1347 2522 1486 2562 officiis,
1521 2523 1614 2555 unde
1639 2523 1682 2555 sit
1709 2521 1865 2555 remissio
1896 2527 2132 2563 peccatorum,
2166 2519 2251 2564 quid
2277 2519 2320 2554 sit

1346 2567 1542 2615 peccatum,
1569 2584 1658 2618 quae
1676 2573 1720 2605 sit
1738 2584 1815 2605 vera
1832 2571 1979 2605 iusticia.
2034 2569 2095 2603 Est
2111 2577 2225 2603 autem
2240 2581 2320 2613 gra·

1345 2622 1397 2654 vis
1413 2623 1637 2657 comminatio
1659 2624 1776 2657 addita
1796 2623 1962 2655 adversus
1978 2622 2178 2654 defensores
2194 2620 2318 2663 impia-

1316 2711 1318 2715 ,
1343 2684 1420 2705 rum
1452 2674 1661 2718 opinionum
1694 2675 1737 2707 de
1765 2673 1901 2708 iusticia
1932 2671 2042 2715 legis,
2083 2682 2161 2704 cum
2187 2670 2317 2715 inquit:
