2415 2942
277 109 350 146 637

281 196 386 233 ctari„
421 192 581 231 concuti,
611 199 643 225 et
671 189 835 235 dissipari
867 191 1028 234 respub.,
1062 191 1144 226 item
1169 190 1262 225 laedi

282 247 390 290 gloria
415 243 491 277 Dei.
547 242 632 276 lude
658 243 896 275 incenduntur
918 242 1018 281 odia,
1053 249 1085 276 et
1111 243 1264 277 existunt

283 295 436 338 ingentia
454 294 662 333 certamina,
694 293 795 326 valde
821 293 914 325 enim
931 301 1073 327 movent
1090 295 1263 328 rationem

282 346 472 380 humanam
499 345 660 378 scandala
688 344 768 381 illa,
810 344 939 388 quibus
964 351 997 378 et
1029 346 1117 378 laedi
1152 345 1263 389 gloria

280 397 346 431 Dei
367 398 522 433 videtur,
551 403 581 428 et
605 394 767 438 dissipari
792 395 989 428 communis
1005 396 1159 430 societas.
1211 396 1263 429 Ac

281 448 409 482 sanctis
428 446 570 480 difficile
590 453 639 479 est
657 446 702 479 ita
719 457 754 478 se
771 445 999 487 confirmare,
1026 459 1068 480 ne
1086 447 1144 480 illa
1162 459 1263 480 scan-

283 499 360 532 dala
379 498 553 531 excutiant
574 498 621 530 cis
639 497 754 531 sulem.

383 549 462 582 ldeo
489 548 618 582 Paulus
651 554 766 591 postea
795 547 926 592 inquit:
967 547 1094 581 Fateor
1119 546 1264 580 ludaeos

282 599 409 634 habere
427 599 549 632 zelum.
601 597 645 632 Et
673 596 885 632 inCorintli.
910 598 977 637 ait,
1008 598 1089 631 ldeo
1118 597 1264 631 ludaeos

282 664 354 684 non
371 651 511 683 credere
528 648 742 692 Evangelio,
775 649 856 693 quia
880 649 1051 692 aspiciant
1074 650 1182 691 legem
1206 661 1263 681 ve-

283 703 409 739 latam,
433 699 497 734 hoc
523 708 593 739 est,
619 701 700 743 quia
725 701 878 733 sentiant
903 700 1074 733 iusticiam
1093 699 1176 741 legis
1193 711 1265 732 esse

282 753 456 786 iusticiam
482 763 597 784 coram
624 751 713 784 Deo.
763 749 840 783 Hoc
866 750 946 795 quia
977 751 1198 794 improbatur
1222 751 1265 783 ab

283 803 496 845 Evangelio,
539 802 731 834 incitantur
766 801 808 833 ad
845 801 1137 844 persecutionem.
1216 799 1264 834 lta

282 852 446 888 Christus
464 853 499 886 fit
518 852 604 895 lapis
624 851 829 884 offensionis
847 858 1028 895 propterea
1041 878 1050 893 ,
1077 852 1156 897 quia
1177 852 1264 884 ratio

282 912 381 949 putat
406 915 478 936 esse
500 900 739 946 blasphemam
772 909 806 935 et
827 902 1027 936 seditiosam
1055 903 1266 943 doctrinam,

283 956 483 998 improbare
500 961 677 988 externam
697 953 870 986 iusticiam
895 960 927 987 et
943 954 1069 989 cultus.

308 1052 441 1090 Omnis
465 1054 530 1103 qui
547 1052 655 1088 credit
674 1054 712 1087 in
737 1066 813 1088 eum
831 1066 903 1088 non
922 1053 1164 1103 confundetur
1181 1060 1242 1093 etc.

386 1122 465 1156 Non
483 1123 738 1162 confundetur,
765 1122 799 1154 id
829 1129 898 1163 est,
927 1135 999 1156 non
1025 1123 1265 1164 frustrabitur,

285 1176 342 1208 sod
378 1172 443 1207 hoc
477 1174 589 1216 ipsum
623 1180 825 1216 assequetur
854 1175 946 1218 quod
980 1180 1143 1218 expectat.
1204 1173 1266 1208 Est

286 1227 379 1257 enim
400 1225 522 1257 usitata
542 1221 676 1266 phrasis
692 1223 879 1268 Hebraeis,
908 1224 1086 1258 Confundi
1112 1237 1175 1269 pro
1192 1227 1267 1259 fru-

285 1277 384 1310 strari
399 1303 407 1315 ‚
433 1283 468 1309 ut
486 1275 513 1307 si
533 1275 664 1307 dicam:
693 1274 850 1307 Nuncius
874 1276 1000 1308 missus
1015 1277 1056 1308 ad
1077 1277 1266 1319 petendum

286 1327 468 1372 pecuniun
502 1324 752 1364 confunditur,
788 1326 822 1357 id
851 1333 916 1366 est,
952 1326 1153 1361 frustratur.
1217 1326 1266 1359 lta

286 1390 387 1421 supra
415 1378 546 1409 dictum
575 1383 641 1409 est:
685 1374 770 1418 Spes
797 1388 867 1408 non
900 1376 1105 1417 confundit,
1147 1377 1181 1409 id
1207 1384 1269 1415 est,

285 1435 421 1462 nonest
447 1427 565 1464 irrita,
594 1438 665 1458 non
690 1426 886 1461 frustratur.
940 1425 1124 1460 Caeterum
1149 1427 1185 1460 in
1213 1425 1268 1460 his

285 1478 467 1513 sententiis
489 1478 532 1510 de
559 1478 642 1515 fide,
670 1489 807 1521 semper
830 1477 977 1521 intelligi
1002 1485 1139 1521 oportet
1157 1478 1268 1522 parti·

285 1530 398 1563 culam
428 1527 560 1562 Gratis.
620 1527 670 1560 Ne
695 1528 742 1560 sic
764 1529 974 1569 cogitemus,
1011 1528 1038 1560 si
1064 1529 1163 1561 fuero
1186 1529 1268 1562 satis

286 1581 431 1624 dignus,
459 1579 524 1611 erit
542 1579 776 1617 credendum,
804 1576 870 1611 lioc
886 1585 934 1611 est
953 1579 1066 1619 enim,
1093 1591 1164 1611 non
1184 1591 1267 1612 con-

286 1632 392 1664 fidere
409 1628 570 1672 Christo,
598 1629 655 1662 sed
674 1629 847 1663 confidere
865 1630 909 1673 ⁸in
930 1629 1070 1674 propria
1089 1630 1269 1672 dignitate.

287 1681 370 1714 Ideo
392 1681 491 1714 dicit:
522 1679 592 1723 Qui
610 1680 720 1713 credit
737 1679 773 1712 in
790 1680 923 1723 ipsum,
948 1681 982 1713 id
1011 1687 1077 1718 est,
1106 1681 1165 1726 qui
1185 1692 1269 1714 con--

286 1733 381 1771 fidit,
418 1732 510 1776 quod
545 1738 688 1775 propter
717 1730 830 1774 ipsum
853 1729 1056 1775 Christum,
1090 1743 1162 1764 non
1188 1744 1268 1775 pro-

286 1790 362 1826 pter
378 1790 532 1816 nostram
551 1781 755 1825 dignitatem
772 1780 867 1815 Deus
894 1781 936 1814 sit
959 1783 1063 1815 nobis
1082 1783 1270 1827 propicius,

287 1835 314 1867 is
335 1834 398 1867 erit
417 1833 543 1866 salvus.

662 1957 799 2011 Caput
843 1959 898 2000 X.

549 2046 678 2081 Zelum
698 2046 775 2081 Dei
796 2045 932 2081 habent
959 2052 1017 2082 etc.

389 2114 487 2151 Nihil
507 2117 589 2149 novi
610 2117 781 2156 instituit,
798 2117 855 2149 sed
878 2116 1003 2159 repetit
1019 2115 1171 2160 priorem
1193 2127 1272 2149 sen-

289 2168 455 2208 tentiam,
490 2169 532 2201 de
556 2179 656 2200 causa
681 2167 885 2200 desectionis
915 2166 1145 2204 Iudaeorum,
1173 2174 1205 2199 et
1230 2169 1272 2200 de

291 2231 391 2251 causa
410 2219 660 2261 persecutionis
677 2215 871 2260 Evangelii.
924 2216 1007 2250 Ideo
1032 2217 1164 2262 inquit:
1190 2215 1272 2250 Bel-

291 2270 484 2312 ligerantur
502 2281 579 2302 cum
598 2267 810 2311 Evangelio,
838 2268 920 2313 quia
946 2268 1073 2301 nolunt
1093 2269 1271 2301 extenuari

292 2320 463 2352 iusticiam
501 2320 605 2363 legis,
648 2331 711 2352 nec
745 2319 949 2362 intelligunt
982 2330 1054 2351 esse
1086 2331 1174 2362 opus
1205 2319 1272 2352 alia

291 2370 426 2402 iusticia
448 2382 565 2403 coram
591 2369 687 2410 Deo,
715 2381 822 2414 quare
839 2369 1016 2403 mordicus
1041 2369 1193 2403 retinent
1217 2370 1273 2403 iu-

290 2420 425 2453 sticiam
444 2421 527 2463 legis
545 2428 578 2454 et
597 2421 724 2454 cultus.

394 2469 503 2504 Addit
523 2478 636 2504 autem
661 2471 839 2516 querelam
855 2471 898 2504 de
915 2469 1026 2514 gentis
1044 2469 1200 2509 interitu,
1233 2477 1274 2505 ut

291 2532 414 2564 supra,
443 2528 475 2553 et
491 2521 616 2555 tribuit
639 2522 671 2554 ei
703 2522 836 2562 zelum,
862 2521 897 2554 id
922 2527 990 2563 est,
1019 2521 1175 2554 studium
1199 2521 1273 2566 pie-

291 2571 390 2610 tatis,
418 2571 475 2604 sed
496 2583 573 2604 cum
592 2583 709 2604 errore
735 2572 974 2606 coniunctum.
1028 2571 1073 2605 Et
1100 2583 1199 2605 error
1222 2579 1273 2606 est

292 2623 326 2653 in
363 2622 518 2654 articulis
551 2622 631 2655 fidei
665 2623 888 2665 praecipuus,
930 2622 1063 2655 scilicet
1100 2623 1195 2668 quod
1229 2623 1271 2656 sit

877 103 1003 143 PlllL.
1030 105 1145 142 MEL.
1172 104 1382 141 SCRIPTA
1408 103 1708 142 EXEGETICA.

2213 111 2288 148 688

1316 198 1546 236 peccatorum.
1582 191 1682 235 Quae
1700 193 1744 228 sit
1766 206 1846 229 vera
1864 195 2018 231 iusticia:
2042 195 2139 241 Quid
2157 196 2198 231 sit
2216 209 2297 242 pec·

1316 250 1450 277 catum:
1476 242 1541 277 Est
1561 251 1677 278 autem
1702 246 1816 288 gravis
1840 248 2064 283 comminatio
2087 249 2204 282 addita
2236 249 2300 281 de-

1316 293 1509 330 fendentib.
1526 295 1711 338 opiniones
1730 296 1856 340 impias
1871 298 1914 330 de
1932 298 2069 332 iusticia
2087 300 2190 343 legis,
2218 311 2299 332 cum
2322 325 2324 327 >

1317 344 1450 389 inquit,
1477 345 1556 379 Non
1574 346 1701 379 subiici
1725 347 1805 380 illos
1831 348 1989 381 iusticiae
2006 350 2086 386 Dei.
2145 350 2301 383 Damnat

1316 395 1424 438 igitur
1444 396 1536 430 clare
1555 409 1676 431 omnes
1693 398 1915 432 adversantes
1940 400 2122 434 doctrinae
2138 413 2240 434 verae
2256 401 2300 434 de

1317 447 1454 480 iusticia
1477 447 1570 481 fidei.

1484 527 1598 565 Finis
1630 530 1724 565 enim
1757 529 1850 579 Iegis
1874 528 2049 568 Christus
2074 538 2137 570 est.

1419 596 1486 632 Hic
1504 599 1658 634 instituit
1674 600 1897 634 collationem
1913 601 2071 635 iusticiae
2094 601 2179 645 legis
2195 607 2227 636 et
2246 601 2303 636 iu·-

1318 648 1436 682 sticiae
1451 648 1655 693 Evangelii,
1682 658 1714 684 et
1730 658 1914 696 utramque
1939 652 2082 693 definit,
2108 664 2146 686 ac
2173 664 2304 697 propo-

1319 700 1371 733 nit
1393 701 1601 734 sententiam
1631 702 1827 745 oppositam
1855 702 2006 736 ludaicis
2038 703 2302 746 imaginationi-

1319 752 1384 783 bus
1405 752 1447 784 de
1470 751 1564 794 lege,
1593 753 1690 797 quasi
1717 753 1825 787 dicat:
1859 752 1978 786 ludaei
2003 761 2176 798 quaerunt
2201 754 2304 788 iusti-

1321 802 1408 834 ciam
1435 813 1474 834 ex
1504 802 1597 846 lege,
1632 815 1695 836 nec
1729 803 1931 847 intelligunt
1956 802 2138 838 Christum
2168 815 2239 837 esse
2262 804 2304 837 fi-

1320 864 1398 884 nem
1426 852 1531 895 legis,
1576 851 1641 886 hoc
1673 860 1742 895 est,
1777 855 1986 896 promissum
2023 866 2113 896 esse,
2153 862 2192 889 ut
2230 855 2304 899 ipse

1320 903 1458 936 tolleret
1492 911 1669 947 peccatum
1704 912 1737 938 et
1771 912 1937 947 mortem,
1968 917 2058 951 quae
2088 906 2142 939 lex
2166 912 2303 939 tantum

1320 953 1459 986 revelat.
2301 980 2305 983 ,

1422 1003 1483 1037 Est
1510 1015 1591 1046 ergo
1615 1005 1807 1039 sententia:
1841 1004 2001 1040 Christus
2032 1013 2082 1040 est
2105 1006 2185 1039 finis
2204 1005 2302 1049 legis,

1322 1055 1356 1087 id
1376 1061 1444 1091 est,
1464 1055 1622 1097 impletio
1640 1067 1698 1088 seu
1716 1058 1971 1090 consummatio
1984 1084 1992 1097 ‚
2009 1058 2117 1091 donat
2135 1058 2192 1099 id,
2210 1057 2304 1102 quod

1322 1107 1374 1138 lex
1400 1106 1567 1150 requirit,
1605 1103 1671 1139 hoc
1701 1114 1765 1140 est:
1802 1107 1874 1150 Qui
1905 1108 2014 1141 credit
2043 1108 2080 1140 in
2104 1105 2301 1148 Christum,

1324 1155 1426 1188 babet
1443 1157 1498 1195 id,
1524 1158 1616 1201 quod
1637 1157 1690 1190 lex
1709 1158 1879 1201 postulat,
1906 1158 1941 1191 id
1960 1165 2027 1198 est,
2044 1165 2094 1192 est
2109 1159 2221 1192 iustus
2238 1158 2306 1190 im-

1323 1208 1521 1250 putatione,
1545 1214 1576 1240 et
1597 1207 1766 1241 liberatur
1782 1222 1799 1241 a
1818 1216 1957 1252 peccato
1976 1216 2007 1243 et
2024 1221 2042 1242 a
2061 1216 2185 1244 morte.
2235 1207 2304 1242 Sed

1323 1257 1405 1290 baec
1431 1258 1592 1291 liberatio
1617 1258 1653 1290 in
1677 1256 1740 1292 hac
1764 1260 1832 1293 vita
1863 1267 2000 1293 tantum
2026 1260 2206 1300 ineuntur,
2241 1258 2305 1292 etsi

1323 1309 1453 1341 interea
1469 1311 1614 1341 credens
1637 1321 1717 1342 vere
1734 1318 1783 1343 est
1808 1311 1919 1344 iustus
1939 1311 2184 1354 imputatione.

1579 1389 1707 1425 JtIoses
1732 1392 1826 1426 enim
1847 1392 1974 1426 scribit
1989 1396 2049 1427 etc.

1425 1457 1465 1492 In
1484 1456 1548 1492 hac
1565 1457 1728 1492 antithesi
1748 1460 1889 1505 quidam
1913 1459 2091 1502 imaginati
2110 1466 2208 1499 sunt,
2235 1466 2305 1493 sta-

1323 1517 1396 1542 tum
1423 1510 1622 1542 collationis
1646 1523 1718 1543 esse
1747 1511 1782 1543 in
1812 1510 1865 1543 bis
1888 1511 2021 1544 verbis:
2060 1509 2163 1542 Yixct
2185 1510 2221 1541 in
2247 1511 2306 1550 οἰδ,

1324 1558 1389 1593 hoc
1416 1566 1480 1592 est:
1517 1559 1627 1592 Penes
1653 1562 1804 1604 praemia
1830 1561 1980 1594 conferri
2008 1560 2161 1603 duplicia
2186 1572 2303 1604 opera,

1323 1622 1427 1654 opera
1458 1611 1605 1643 rationis
1636 1608 1764 1644 habere
1801 1611 1954 1655 praemia
1985 1610 2210 1653 temporalia,
2245 1612 2306 1643 sed

1325 1662 1417 1694 bona
1441 1673 1566 1704 opera,
1593 1668 1668 1696 orta
1691 1674 1709 1694 a
1735 1661 1871 1705 Spiritu
1889 1668 2027 1701 sancto,
2061 1659 2189 1693 habere
2206 1673 2305 1704 prae-

1326 1712 1393 1744 mia
1417 1719 1569 1746 aeterna.
1630 1710 1725 1745 Haec
1748 1712 1991 1756 interpretatio
2020 1711 2135 1744 aliena
2161 1719 2210 1745 est
2233 1711 2306 1745 dis-

1326 1763 1505 1806 putatione
1528 1761 1650 1803 Pauli,
1682 1775 1754 1796 non
1787 1765 1880 1797 enim
1906 1763 1942 1797 fit
1968 1762 2107 1796 collatio
2133 1762 2308 1805 praemio-

1326 1826 1423 1852 rum,
1452 1826 1564 1858 neque
1582 1815 1625 1846 de
1643 1814 1753 1847 causis
1770 1815 1932 1847 finalibus
1945 1840 1954 1854 ‚
1976 1813 2034 1846 sed
2058 1814 2100 1845 de
2117 1824 2216 1846 causa
2232 1813 2308 1847 for-

1327 1865 1408 1897 mali
1431 1865 1645 1908 disputatur,
1674 1865 1758 1909 quid
1786 1866 1897 1908 reipsa
1921 1865 1964 1897 sit
1986 1863 2122 1897 iusticia
2146 1863 2249 1907 legis,
2275 1870 2309 1898 et

1327 1923 1487 1956 econtra,
1517 1915 1599 1959 quid
1619 1915 1661 1948 sit
1681 1916 1815 1949 iusticia
1832 1914 2027 1957 Evangelii.

1427 1963 1489 1998 Est
1514 1966 1620 2007 igitur
1648 1972 1756 1999 status
1789 1965 1986 1998 collationis
2016 1964 2052 1997 in
2079 1961 2135 1996 bis
2167 1963 2307 1998 duobus

1327 2016 1461 2056 verbis,
1488 2017 1599 2049 facere
1631 2022 1662 2049 et
1691 2017 1841 2051 credere.
1894 2015 2036 2049 lusticia
2061 2015 2146 2057 legis
2182 2021 2230 2047 est
2254 2015 2306 2048 fa-

1327 2079 1402 2100 cere
1419 2067 1544 2109 legem,
1568 2064 1634 2099 hoc
1652 2074 1720 2104 est,
1741 2074 1915 2110 praestare
1932 2066 2117 2110 perfectam
2136 2066 2306 2098 obedien-

1327 2118 1410 2151 uun
1438 2118 1532 2151 iuxta
1560 2117 1682 2160 legem.
1736 2118 1794 2150 Sic
1813 2118 1859 2151 ait
1881 2116 2031 2150 describi
2054 2128 2072 2149 a
2090 2114 2190 2149 Mose
2207 2116 2309 2149 iusti-

1327 2170 1434 2207 ciam,
1462 2180 1539 2201 cum
1565 2168 1698 2212 inquit:
1728 2167 1874 2201 Faciens
1898 2180 1955 2209 ea,
1982 2167 2081 2212 quasi
2106 2167 2216 2201 dicat:
2247 2166 2309 2200 lu-

1328 2219 1425 2252 sticia
1452 2218 1536 2261 legis
1562 2226 1611 2252 est
1646 2216 1729 2251 haec
1764 2220 1837 2262 ipsa
1868 2219 2092 2258 obedientia,
2126 2229 2193 2263 qua
2226 2229 2307 2250 vere

1327 2276 1359 2303 et
1384 2269 1516 2312 integre
1539 2269 1626 2302 fiunt
1651 2281 1705 2310 ea,
1740 2282 1829 2314 quae
1860 2270 1913 2302 lex
1946 2268 2135 2313 praecipit,
2171 2275 2210 2302 ut
2234 2275 2308 2302 toto

1327 2327 1466 2363 pectore
1491 2321 1613 2353 ardere
1637 2320 1824 2353 dilectione
1847 2319 1930 2360 Dei,
1967 2319 2158 2362 glorificare
2182 2317 2310 2360 Deum,

1327 2371 1473 2414 diligere
1490 2370 1710 2414 proximum,
1725 2371 1800 2404 sine
1817 2369 2119 2414 concupiscentia,
2141 2369 2217 2402 sine
2233 2370 2308 2403 ullo

1326 2421 1454 2455 vitioso
1476 2421 1618 2460 affectu,
1656 2422 1730 2454 sine
1762 2427 1899 2464 peccato
1924 2432 2007 2454 esse.
2061 2419 2156 2453 Haec
2181 2427 2230 2454 est
2252 2421 2308 2454 iu-

1327 2472 1444 2512 sticia,
1471 2484 1575 2517 quam
1602 2472 1655 2505 lex
1674 2472 1841 2516 requirit,
1869 2483 1973 2516 quam
1999 2472 2085 2504 adeo
2108 2483 2181 2504 non
2207 2483 2309 2514 prae-

1327 2528 1394 2556 stat
1416 2519 1568 2556 humana
1594 2529 1737 2561 natura,
1768 2529 1898 2555 utnon
1930 2522 2121 2564 intelligat,
2155 2522 2241 2567 quid
2265 2521 2310 2555 sit

1327 2573 1388 2607 illa
1412 2568 1552 2606 dilectio
1570 2572 1646 2607 Dei.

1429 2621 1583 2657 Econtra
1604 2623 1738 2657 iusticia
1756 2623 1835 2656 fidei
1863 2635 1933 2655 non
1952 2631 2001 2656 est
2018 2630 2160 2667 propter
2185 2623 2308 2666 imple·

290 2672 421 2705 Christi
456 2672 609 2705 officium
645 2679 676 2706 et
706 2683 874 2715 regnum,
912 2675 1006 2706 unde
1037 2673 1081 2706 sit
1116 2674 1274 2707 remissio
1299 2670 1303 2718 Ι
1330 2674 1461 2707 tionem
1478 2675 1579 2717 legis,
1607 2681 1665 2708 aut
1685 2681 1822 2708 nostras
1839 2674 1985 2707 virtutes
2006 2685 2077 2706 esse
2097 2674 2222 2714 iustos,
2249 2673 2307 2706 sed
