2415 2942
314 119 360 156 44
369 120 385 151 7

697 205 868 254 Proposi!
873 206 920 244 io.

416 276 520 309 fides
543 281 593 309 est
619 274 767 310 iusticia¹
827 272 1000 309 Additum
1027 282 1077 310 est
1106 273 1303 321 Prophetae

317 327 579 362 testimonium:
611 325 726 360 Iustus
744 337 783 359 cx
801 325 868 359 fide
887 326 992 362 vivet.

430 417 705 467 I'roposilionis
733 416 930 466 expolitio,
959 423 989 452 cl
1016 418 1187 466 repetitio.

412 486 509 530 Quia
528 488 689 531 pluribus
707 487 820 520 verbis
842 486 1071 531 principalem
1088 488 1301 532 propositio-

311 550 410 579 nem,
438 550 542 583 quam
567 539 672 571 modo
695 537 817 571 leviter
831 538 963 580 attigit,
991 538 1194 582 explicabit,
1221 540 1299 573 ideo

309 589 540 633 praeponitur
566 590 736 633 quaedam
763 589 973 632 propositio,
1008 601 1070 633 per
1093 601 1195 634 quam
1222 602 1298 633 gra-

309 641 393 673 dum
420 640 461 673 ad
489 639 720 685 principalem
743 639 836 673 facit.
913 638 976 673 Est
1001 646 1117 673 autern
1141 640 1235 674 velut
1259 653 1298 673 ex

309 690 486 724 contrario
507 696 632 724 sumta.

309 753 373 774 nec
391 747 536 785 possunt
556 741 722 784 operibus
740 741 810 773 suis
826 740 1018 774 iustificari.
1060 740 1152 773 Huic
1169 741 1296 774 deinde

308 792 457 835 opponit
480 791 709 835 principalem
730 790 1026 834 propositionem:
1064 790 1150 824 Fide
1171 791 1294 825 iustifi-

308 850 433 875 cantur
456 840 626 875 homines.

304 892 537 936 lix-angelium
555 891 669 935 arguit
691 903 812 924 omnes
831 889 993 925 homines
1010 893 1102 937 quod
1131 893 1201 926 sint
1227 893 1294 926 im-

303 943 377 987 pii,
419 954 479 976 seu
511 949 742 976 contemtores
775 942 845 976 Dei
876 948 909 975 et
939 950 1146 986 peccatores.
1204 943 1291 977 Nam

302 992 536 1036 Evangelium
556 993 733 1037 praedicat
750 994 1016 1037 poenitentiam,
1047 1005 1155 1039 quare
1174 995 1291 1029 statim

304 1045 409 1078 initio
434 1044 549 1087 arguit
573 1050 722 1087 peccata.

406 1094 498 1128 Huic
520 1095 674 1137 generali
699 1093 932 1138 propositioni
953 1101 1002 1129 est
1029 1095 1183 1130 subiecta
1208 1093 1290 1129 rhe-

304 1145 412 1178 torica
432 1145 653 1186 distributio,
675 1157 763 1190 quae
784 1145 933 1189 partitur
950 1146 1226 1190 propositionem
1253 1147 1289 1179 in

302 1197 472 1231 membra.
541 1195 673 1229 Gentes
704 1203 911 1229 accusantur
938 1204 970 1230 et
998 1196 1129 1233 ludaei.
1195 1196 1290 1230 Haec
1315 1199 1316 1214 ³

300 1247 456 1280 membra
475 1246 598 1279 ordine
620 1253 836 1288 tractantur,
866 1245 998 1280 Gentes
1022 1260 1095 1280 non
1115 1247 1289 1291 glorifica·
1314 1249 1316 1277 l

301 1304 428 1330 verunt
444 1296 571 1331 Deum.
618 1295 819 1340 Amplificat
835 1298 878 1330 ab
896 1298 1095 1336 effectibus,
1124 1310 1203 1331 nam
1222 1299 1288 1330 im-

300 1348 440 1391 pietatis
464 1348 597 1381 fructus
620 1356 738 1391 postea
757 1359 816 1391 per
833 1348 1031 1390 congeriem
1051 1355 1288 1389 recensentur,
1313 1376 1314 1391 ,

300 1398 361 1442 qui
381 1410 452 1432 non
478 1398 672 1441 glorificant
691 1397 802 1431 Deum
828 1399 1014 1431 traduntur
1040 1399 1075 1430 in
1098 1400 1286 1443 reprobum

909 120 1030 158 PIIIL.
1058 121 1173 160 MEL.
1201 122 1410 160 SCRIPTA
1437 121 1736 162 ExEGE'rtcA.

687 688 859 722 Homines
877 697 1001 723 natura
1020 702 1092 723 non
1107 697 1187 723 sunt
1206 691 1298 732 iusti,
1322 707 1323 710 ¹

1320 798 1322 813 =
1346 799 1412 831 qua
1432 789 1534 822 etiam
1558 787 1759 835 hypocritas
1785 797 1882 823 vocat
1902 791 1944 823 ad
1962 791 2229 834 poenitentiam.

697 840 853 874 Priorem
886 838 941 873 his
973 842 1087 874 verbis
1116 844 1294 886 proponit.
1320 854 1321 860 ¹

299 1460 462 1489 sensum,
488 1455 525 1482 ut
544 1455 647 1481 ruant
672 1449 707 1481 in
733 1449 827 1482 varia
847 1456 1004 1493 peccata,
1033 1449 1117 1483 fiant
1141 1447 1288 1491 moechi,
1312 1475 1314 1491 ,

302 1498 518 1540 homicidae,
547 1500 650 1532 sures.

678 1607 812 1660 Caput
859 1607 915 1648 11.

401 1680 530 1717 Obiter
554 1680 620 1716 hoc
645 1682 722 1715 loco
749 1681 918 1714 inseritur
940 1681 1141 1726 occupatio,
1179 1692 1286 1725 quare

299 1734 431 1768 Paulus
449 1735 626 1767 discedere
653 1734 697 1766 ab
723 1733 883 1765 instituta
918 1732 1159 1776 propositione
1189 1732 1285 1763 xide-
1310 1722 1313 1762 l

300 1794 370 1818 tur.
445 1784 642 1828 Diligenter
673 1790 788 1817 autem
826 1783 1025 1816 consideret
1056 1783 1182 1822 lector,
1223 1782 1284 1814 ubi
1310 1791 1312 1795 ¹

301 1835 434 1869 Paulus
452 1837 494 1869 ad
515 1835 733 1880 propositum
751 1834 878 1873 redeat,
905 1840 942 1867 ut
962 1841 1168 1878 perpetuum
1188 1833 1286 1865 ordi·
1310 1824 1311 1843 ¹

302 1899 381 1919 nem
398 1887 646 1930 disputationis
663 1886 833 1919 observet,
868 1884 911 1918 Et
930 1891 1096 1929 tanquam
1119 1885 1285 1917 dissitnu-
1310 1889 1311 1916 1

302 1940 379 1970 lans
403 1938 635 1980 egressiones,
669 1937 705 1969 in
733 1947 816 1980 quas
835 1947 1090 1980 nonnunquam
1110 1935 1287 1979 paulisper

301 1988 500 2032 expaciatut
518 1985 727 2031 Apostolus,
757 1998 810 2018 me
828 1986 968 2019 minerii
991 1986 1196 2030 principalia
1213 1985 1284 2018 dis-

300 2038 496 2083 putationis
521 2039 692 2076 membra,
721 2045 752 2071 et
779 2038 836 2069 det
859 2049 1019 2080 operam,
1047 2045 1083 2070 ut
1109 2038 1167 2069 illa
1194 2043 1285 2068 recte
1309 2075 1311 2085 Ι

301 2096 484 2123 connectat
501 2096 530 2122 et
548 2095 773 2130 coagmentet.
827 2085 886 2120 Est
906 2095 1020 2120 antem
1047 2087 1284 2130 occupationis
1309 2093 1311 2130 ᾖ

300 2140 484 2174 sententia.
519 2140 708 2182 Quomodo
726 2138 844 2179 arguis
864 2150 984 2170 omnes
1001 2136 1179 2177 homines,
1206 2149 1283 2169 cuin

299 2191 402 2224 multi
423 2191 514 2234 apud
534 2191 666 2224 Gentes
684 2187 830 2222 honeste
855 2188 1021 2227 vixerint,
1057 2195 1094 2221 ut
1114 2187 1284 2226 Socrates,
1310 2216 1311 2220 ,

301 2242 499 2284 Aristides,
545 2239 650 2281 Cato,
698 2239 914 2282 Pomponius
957 2239 1111 2279 Atticm,
1164 2238 1285 2271 ludaei
1310 2234 1311 2266 Ῐ

300 2293 404 2325 etiam
429 2293 511 2335 legis
535 2303 639 2335 opera
662 2290 805 2323 faciunt.
859 2288 1009 2322 Videtur
1034 2289 1139 2331 igitur
1157 2289 1284 2322 iniusta
1310 2303 1311 2318 t

300 2340 485 2386 Evangelii
503 2355 584 2380 vox,
610 2343 703 2386 quod
727 2352 847 2373 omnes
867 2340 933 2373 sint
953 2348 1162 2382 peccatores,
1191 2340 1284 2384 quod
1310 2335 1312 2375 ἶ

301 2394 377 2425 sine
412 2391 602 2436 Evangelio
641 2404 741 2425 nemo
780 2391 823 2424 sit
863 2391 1078 2425 iustificatus.
1156 2390 1286 2423 Paulus
1310 2390 1312 2429 j

302 2445 509 2487 respondet,
550 2455 608 2476 eos
636 2444 697 2489 qui
723 2441 866 2475 honesta
895 2453 997 2485 opera
1021 2442 1195 2481 fecerunt,
1233 2448 1285 2474 ta-
1310 2433 1312 2474 i

302 2506 385 2527 rnen
423 2495 528 2527 fuisse
558 2491 769 2537 lxx-pocritas.
830 2492 1060 2535 Evangelium
1085 2498 1200 2525 autem
1230 2486 1312 2524 ar-'t

302 2545 396 2586 guit,
439 2556 511 2577 non
543 2552 677 2577 tantum
715 2550 856 2577 externa
892 2543 1036 2582 delicta,
1081 2543 1140 2574 sed
1174 2543 1286 2575 multo
1310 2531 1313 2613 ἰ
1339 2543 1457 2585 paucis

304 2595 412 2638 magis
440 2595 575 2638 impura
607 2595 723 2628 corda.
792 2594 837 2628 Et
860 2601 973 2628 sumta
997 2600 1048 2627 est
1069 2593 1202 2626 occasio
1229 2605 1287 2626 oc-

305 2646 500 2690 cupationis
524 2657 563 2678 ex
588 2645 647 2677 illa
681 2645 872 2683 sententia,
910 2656 986 2678 reos
1016 2655 1088 2677 esse
1111 2656 1183 2676 non
1209 2650 1286 2676 tan-

2263 131 2337 170 448

1355 223 1436 246 men
1460 212 1702 255 consentiunt,
1736 212 1770 247 id
1797 219 1869 257 est,
1905 212 1942 250 in
1966 215 2070 252 corde
2093 215 2253 264 impuros
2273 219 2337 254 ad-

1353 263 1462 298 fectus
1480 261 1622 302 habent.

1454 322 1590 357 Nostris
1613 324 1832 368 temporibus
1860 325 2002 370 quidam
2027 327 2189 363 similiter
2214 329 2334 374 dispu-

1353 379 1425 406 tant
1449 374 1615 408 adversus
1642 386 1718 416 eos,
1753 376 1812 420 qui
1837 376 1919 409 fidei
1936 377 2110 412 iusticiam
2129 379 2335 417 defendunt.

1351 422 1487 467 Negant
1511 437 1632 459 omnes
1657 423 1818 460 homines
1849 433 1973 461 natura
1997 429 2062 462 sub
2089 437 2228 474 peccato
2254 442 2337 473 esse,

1351 481 1384 507 et
1417 477 1636 511 contendunt
1673 478 1767 522 quod
1806 477 1911 511 bonis
1947 479 2114 527 operibus
2151 481 2334 515 iustificari

1351 533 1490 569 queant.
1534 526 1582 560 Hi
1600 533 1737 562 tantum
1756 534 1933 562 externam
1953 537 1986 564 et
2002 530 2139 564 civilem
2159 531 2333 566 iusticiam

1349 577 1544 621 requirunt.
1613 577 1662 612 At
1683 577 1916 622 Evangelium
1944 581 2097 615 ostendit
2128 582 2233 616 corda
2259 593 2333 617 ess·

1349 626 1456 670 impia
1475 653 1485 669 ‚
1523 629 1599 662 sine
1628 629 1720 670 fide,
1761 630 1836 663 sine
1868 630 1994 664 timore
2023 630 2107 674 Dei,
2149 639 2333 678 propterea

1348 677 1451 710 aliam
1471 680 1646 723 quandam
1666 680 1839 714 iusticiam
1859 681 2021 725 patefacit
2036 680 2282 726 Evangelium.

1449 736 1543 772 Iluic
1567 739 1807 782 obiurgationi
1830 759 1880 764 —
1904 740 2022 774 addita
2046 747 2096 775 est
2117 738 2332 784 adhortatio,

2282 791 2329 828 Et

1345 838 1432 872 sicut
1456 840 1492 872 in
1515 840 1599 873 locis
1624 841 1791 874 suasoriis
1818 841 1953 875 utimur
1980 842 2329 885 comminationibus,

1344 887 1389 920 ita
1419 888 1548 924 Paulus
1579 891 1706 925 adiecit
1738 891 2062 928 comminationem.
2132 891 2330 927 Incredulis

1344 938 1393 972 ira
1419 948 1482 974 etc.
1542 940 1587 974 Et
1611 954 1629 975 a
1655 942 1815 986 personis
1840 941 2066 986 amplificatio
2087 944 2237 983 accedit,
2271 943 2330 978 Iu-

1342 990 1445 1024 daeos
1461 999 1492 1026 et
1508 991 1639 1026 Gentes
1656 993 1786 1036 pariter
1804 992 1965 1034 iudicari,
1992 994 2072 1038 quia
2088 994 2149 1039 qui
2166 994 2241 1028 sine
2255 995 2331 1038 lege

1342 1050 1504 1083 peccant,
1532 1043 1606 1075 sine
1630 1043 1704 1086 lege
1728 1050 1895 1087 pereunt,
1932 1044 1993 1089 qui
2020 1044 2056 1076 in
2080 1044 2155 1087 lege
2171 1052 2328 1089 peccant,

1341 1102 1401 1134 per
1419 1093 1528 1135 legem
1556 1094 1818 1127 iudicabuntur.

1443 1150 1612 1196 Sequitur
1630 1151 1798 1186 correctio
1811 1177 1820 1192 ,
1848 1163 1926 1184 cum
1946 1158 2026 1186 ante
2044 1152 2205 1194 dixisset,
2228 1151 2327 1186 Gen-

1340 1207 1388 1234 tes
1410 1201 1485 1234 sine
1510 1203 1583 1245 lege
1608 1214 1767 1246 peccare,
1796 1203 1937 1246 corrigit
1960 1210 1992 1236 et
2013 1203 2265 1251 interpretatur
2288 1204 2325 1238 id

1339 1252 1493 1296 dictum,
1529 1253 1661 1286 Gentes
1688 1250 1817 1286 habere
1851 1254 1960 1295 legem
1983 1254 2021 1286 in
2050 1254 2218 1288 cordibus
2241 1254 2328 1287 scri-

1339 1309 1446 1346 ptam.

1339 1353 1431 1385 cium
1456 1365 1549 1395 esse,
1584 1367 1672 1399 qnae
1705 1355 1759 1387 vel
1795 1362 1933 1388 excusat
1959 1355 2014 1388 vel
2041 1362 2177 1389 accusat
2205 1367 2325 1399 opera.

1312 1398 1314 1439 ἶ
1338 1401 1405 1435 Hic
1426 1404 1524 1437 locus
1543 1405 1747 1448 planissime
1770 1405 1893 1445 docet,
1921 1405 2004 1450 quid
2025 1406 2068 1439 sit
2091 1406 2145 1439 lex
2167 1413 2324 1444 naturae,

1339 1466 1443 1498 quam
1468 1454 1514 1488 sic
1542 1463 1667 1488 vocant
1694 1455 1729 1487 in
1755 1453 1897 1488 scholis.
1951 1453 2014 1488 Est
2040 1456 2134 1488 enim
2152 1455 2324 1489 iudicium

1338 1505 1426 1537 illud
1447 1507 1606 1539 naturale
1624 1506 1768 1548 mentis,
1796 1506 1889 1551 quod
1909 1506 1961 1538 vel
1978 1507 2103 1550 probat
2120 1506 2175 1539 vel
2190 1507 2325 1550 impro-

1338 1555 1397 1588 bat
1419 1568 1534 1599 opera.

1565 1638 1659 1673 Ecce
1681 1643 1800 1673 autem
1829 1644 1869 1674 tu
1896 1636 2070 1675 Iudaeus.

1439 1706 1549 1742 Redit
1570 1709 1611 1741 ad
1640 1708 1838 1742 institutam
1865 1707 2173 1748 distributionem,
2200 1708 2242 1741 ad
2271 1708 2323 1741 al-

1338 1766 1450 1792 terum
1475 1760 1672 1792 membrum
1698 1759 1869 1801 absolvit,
1896 1759 1989 1803 quod
2009 1758 2127 1792 ludaei
2154 1758 2225 1792 sint
2256 1760 2323 1791 im-

1338 1810 1405 1853 pii,
1449 1811 1585 1843 tametsi
1606 1822 1710 1854 opera
1737 1810 1820 1852 legis
1850 1809 1992 1844 faciant.
2066 1808 2112 1843 Et
2133 1809 2322 1854 amplificat

1310 1882 1311 1887 ,
1338 1859 1403 1893 hoc
1433 1861 1630 1894 membrum
1666 1873 1726 1903 per
1758 1860 1955 1903 congeriem
1989 1860 2182 1893 multorum
2217 1859 2322 1893 vitio-

1337 1924 1435 1952 rum,
1472 1918 1504 1944 et
1530 1924 1590 1954 per
1616 1909 1823 1951 antitheses,
1863 1910 1899 1942 in
1924 1910 2052 1956 quibus
2082 1908 2253 1953 significat
2278 1910 2323 1942 il-

1309 1969 1311 1980 '
1337 1963 1388 1994 los
1413 1962 1498 1994 soris
1523 1963 1636 1996 facere
1661 1962 1746 2005 legis
1771 1972 1895 2005 opera,
1930 1968 1962 1994 et
1986 1966 2102 1994 tamen
2124 1960 2231 1994 corda
2254 1960 2322 1993 im-

1309 2022 1310 2027 *
1337 2013 1468 2045 munda
1493 2010 1632 2046 habere.

1697 2111 1834 2165 Caput
1879 2112 1955 2154 111.

1439 2184 1508 2218 Hic
1532 2197 1614 2218 vero
1641 2197 1764 2229 magna
1788 2185 2011 2230 difficilisque
2033 2182 2191 2229 quaestio
2207 2182 2321 2216 exori-

1337 2244 1405 2272 tur.
1463 2236 1551 2270 Nam
1585 2248 1664 2269 cum
1698 2237 1830 2281 pariter
1861 2237 2072 2269 condemnet
2101 2232 2250 2266 Iudaeos
2280 2244 2320 2266 ae

1337 2295 1475 2330 gentes,
1502 2299 1640 2320 necesse
1665 2295 1713 2321 est
1739 2298 1924 2332 quaerere,
1951 2285 2036 2330 quid
2061 2285 2232 2318 conducat
2253 2283 2320 2325 lex,

1338 2351 1399 2371 cur
1418 2337 1535 2372 Iudaei
1556 2339 1705 2382 populus
1724 2339 1793 2372 Dei
1810 2343 1988 2371 vocentur.
2046 2333 2085 2368 Si
2102 2334 2156 2367 lex
2172 2345 2246 2367 non
2263 2334 2320 2368 iu-

1337 2390 1480 2430 stificat,
1509 2401 1617 2434 quare
1638 2389 1707 2423 lata
1734 2389 1807 2422 est?
1840 2388 1878 2422 si
1902 2385 2022 2420 ludaei
2047 2397 2120 2418 non
2144 2391 2321 2429 praestant

1338 2441 1517 2483 gentibus,
1553 2452 1659 2484 quare
1687 2446 1856 2473 vocantur
1879 2437 2028 2482 populus
2046 2434 2137 2469 Dei?
2172 2434 2321 2469 Nihilne

1338 2491 1431 2524 inter
1456 2490 1601 2524 ludaeos
1625 2502 1662 2522 ac
1685 2497 1802 2534 gentes
1818 2487 1986 2522 interest?
2021 2485 2191 2520 Inseritur
2213 2485 2320 2529 igitur

1478 2542 1592 2574 verbis
1616 2538 1699 2574 baec
1723 2540 1890 2585 quaestio.
1942 2539 1997 2572 Ad
2023 2549 2128 2582 quam
2155 2535 2318 2570 bifariam

1339 2587 1542 2636 respondet:
1578 2592 1623 2625 Et
1655 2593 1757 2636 quod,
1781 2589 1938 2627 mireris,
1974 2589 2140 2621 videntur
2172 2598 2319 2631 respon-

1339 2644 1455 2677 siones
1481 2643 1573 2676 inter
1597 2654 1631 2675 se
1654 2653 1819 2686 pugnare.
1885 2639 2046 2674 Primum
2069 2639 2140 2678 ait,
2171 2636 2318 2671 ludaeos

305 2705 377 2730 tum
396 2696 454 2741 qui
476 2696 624 2735 faciunt,
656 2696 713 2728 sed
734 2696 792 2740 qui
813 2696 947 2729 etiamsi
972 2707 1044 2730 non
1060 2695 1206 2736 faciant,
1234 2702 1287 2730 ta·
1310 2709 1315 2742 ῃ
1339 2695 1490 2729 muitum
1512 2701 1684 2740 praestare
1701 2693 1876 2740 gentihus.
1927 2690 2065 2729 Deinde
2089 2688 2184 2727 velut
2207 2694 2318 2722 retra-

1502 1303 1546 1337 Et
1565 1303 1687 1337 definit
1712 1315 1787 1336 eam
1813 1304 1943 1347 legem,
1971 1305 2206 1339 conscientiae
2231 1305 2350 1338 iudi-.
2394 1308 2395 1312 ’
