2415 2942
318 115 388 150 432
915 109 1040 146 PHlL.
1067 110 1181 147 MEL.
1216 110 1425 148 SCRIPTA
1459 111 1757 151 ExEGETICA.
2269 124 2342 162 432

447 196 612 231 Thomas
640 199 758 228 aulem
786 206 880 228 unus
906 205 951 228 ea:
974 192 1172 229 duodecim.
1356 198 1408 231 illi
1432 200 1627 242 auditores,
1663 201 1722 247 qui
1748 200 1892 237 Ioannis
1914 203 1950 241 6.
1973 205 2111 241 dicunt:
2146 205 2265 242 Durus
2291 217 2339 243 est

1357 247 1414 283 hic
1438 262 1562 286 sermo,

404 273 538 308 Multae
559 273 776 305 narrationes
794 272 1075 305 testimoniorum
1093 273 1306 307 omittuntur

325 329 358 359 in
389 325 592 358 recitatione
620 321 805 362 iohannis,
835 334 922 367 qnae
949 329 1065 356 extant
1089 324 1124 355 in
1151 321 1305 357 historiis

322 377 435 409 Lucae
463 382 493 406 et
512 375 681 409 aliorum„
716 384 799 416 quas
820 380 851 406 et
869 383 932 405 nos
952 370 1007 406 hic
1029 374 1247 414 omittemus,
1273 382 1306 408 et

322 430 364 460 de
399 424 461 458 hac
502 425 573 468 ipsa
611 421 754 456 historia
792 421 951 455 'l'homae
986 425 1138 458 breviter
1173 426 1248 458 dica
1261 437 1306 458 m.

325 476 462 510 Omitto
483 476 585 508 etiam
613 474 783 507 curiosam
807 474 1098 517 disputationem,
1143 477 1185 508 de
1211 477 1304 508 cica-

323 527 469 561 tricibus
500 525 704 564 vulnerum,
748 535 791 556 an
823 522 888 557 hae
910 532 1075 559 maneant
1100 526 1135 558 in
1160 537 1306 570 corpore

326 577 540 615 resuscitato,
556 587 593 608 ac
612 582 747 608 tantum
766 576 972 622 respondeo,
989 574 1167 609 Christum
1188 585 1306 610 osten-

325 629 416 661 disse
434 639 484 664 se,
513 626 593 670 quia
612 637 673 669 pro
691 637 751 657 sua
769 637 892 668 magna
915 626 1071 659 bonitate
1096 627 1206 660 voluit
1232 639 1308 659 ma-

326 690 427 721 gnam
445 677 699 709 dubitationem
719 674 847 708 infirmi
868 676 1029 719 discipuli
1048 688 1181 710 sanare.
1220 677 1309 709 Tres

327 736 442 762 autem
462 725 500 761 lii
518 727 582 759 loci
602 726 777 773 praecipui
797 734 876 760 sunt
899 727 934 758 in
954 724 1016 759 hac
1035 724 1196 759 historia:
1230 726 1308 759 Pri-

326 791 421 817 mus,
449 790 572 820 magna
600 777 782 809 infirmitas
807 784 837 809 et
864 776 1036 809 dubitatio
1064 777 1099 808 in
1118 777 1309 821 Apostolis.

328 830 527 867 Secundus,
553 827 723 860 consessio
749 826 944 858 confirmati
970 827 1149 869 Apostoli,
1176 839 1310 860 asseve-

328 891 409 913 rans
425 877 603 912 Christum
625 881 696 908 ess'e
714 874 839 910 Deum.
894 875 1054 915 Tertius,
1083 879 1243 910 doctrina
1269 879 1311 911 de

327 932 412 969 fide,
439 930 531 973 quod
551 934 640 960 recte
659 927 842 959 invocetur
859 925 969 967 Deus,
994 939 1072 961 cum
1090 935 1227 962 tantum
1246 928 1312 961 fide

329 980 549 1025 perverbum
567 989 644 1010 eum
666 978 859 1017 intuemur,
883 984 913 1010 et
929 978 1149 1020 agnoscimus
1169 985 1201 1012 et
1218 991 1313 1011 com-
1387 1003 1485 1038 hetae
1505 1004 1598 1040 hunc
1614 1006 1725 1041 Deum
1806 1012 1875 1044 ates
1915 1020 1925 1046 t
2009 1014 2016 1020 .
2065 1013 2095 1046 ,S
2119 1015 2171 1047 ’.Ἰ
2232 1026 2248 1047 r
2267 1025 2346 1047 ver-

330 1031 499 1075 pellamus
522 1027 614 1061 hunc
633 1026 761 1067 Deum,
791 1028 849 1072 qui
870 1039 903 1060 se
921 1040 981 1071 per
1000 1026 1252 1071 Evangelium,
1281 1035 1314 1063 et
1362 1017 1384 1049 p
1738 1035 1745 1050 '
1781 1022 1802 1053 p
1874 1024 1911 1045 ac
1931 1025 1987 1046 um
2008 1025 2043 1046 ’ῃ
2099 1027 2157 1048 me
2175 1026 2228 1057 ‘pe

371 1082 377 1088 ‚
489 1081 494 1087 ,
887 1078 893 1084 .
1120 1079 1127 1086 .
1215 1080 1234 1098 ,ι
1304 1080 1311 1087 .
1363 1057 1446 1089 bum
1471 1057 1638 1090 traditum
1663 1057 1827 1093 Patribus
1850 1068 1883 1095 et
1907 1061 2112 1107 Prophetis,
2160 1072 2253 1098 certo
2279 1076 2344 1097 no-

330 1080 519 1114 missofillo
537 1080 700 1112 crucifixo
719 1085 749 1110 et
768 1085 968 1111 resuscitato
986 1080 1154 1123 patefecit,
1177 1087 1313 1112 etiamsi

329 1144 401 1164 non
419 1132 587 1164 accedunt
603 1129 691 1161 aliae
716 1129 1013 1173 illuminationes,
1041 1137 1099 1164 aut
1125 1141 1235 1164 novae
1259 1142 1314 1164 re·
1507 1119 1576 1139 non
1603 1115 1729 1143 usuam
1753 1112 1915 1153 gemmus
1933 1113 2180 1159 alloquuntur’
2208 1122 2241 1149 et
2264 1127 2346 1149 lun-

1524 331 1713 370 Dominus
1737 347 1836 371 meus
1871 342 1901 372 el
1926 336 2031 375 Deus
2058 353 2167 376 meus.

1457 398 1510 434 De
1527 403 1680 436 secundo
1699 403 1788 438 loco.
1841 404 2029 452 Postquam
2044 407 2205 444 Christus
2223 417 2340 444 osten-

1356 451 1409 485 dit
1434 462 1488 489 se,
1524 458 1557 485 et
1579 464 1702 496 magna
1726 455 1882 489 bonitate
1906 459 2040 493 sanavit
2059 460 2222 504 discipuli
2241 461 2339 494 infir-

1356 553 1516 585 firmatur
1541 554 1698 599 auditor,
1743 562 1776 588 et
1801 563 1895 591 tanta
1920 558 1980 592 lux
2008 559 2043 592 in
2069 572 2108 594 eo
2132 561 2344 602 accenditur,

1357 610 1395 636 ut
1416 603 1620 646 profiteatur
1636 602 1730 638 huuc
1750 605 1915 641 Messiam
1934 620 2005 642 esse
2023 609 2151 644 Deum.
2206 611 2343 645 lntelli-

1357 664 1477 696 gamus
1496 654 1588 686 enim
1609 656 1818 689 vocabulum
1837 656 1902 691 Dei
1920 661 2059 703 proprie
2078 659 2142 695 hoc
2158 662 2246 703 loco,
2263 674 2342 695 cnm

1358 704 1556 738 testimonia
1585 704 1727 739 loannis
1747 708 1779 742 1.
1803 715 1839 741 et
1856 709 1940 742 alibi
1960 719 2176 754 congruant,
2204 725 2265 746 nec
2290 713 2343 745 sa-

1360 754 1491 787 ciamus
1508 756 1777 798 appellationem
1795 760 2006 802 ambiguam.
2045 761 2211 796 Arbitror
2226 769 2341 796 autem

1361 807 1616 838 consuetudine
1654 806 1909 851 Prophetarum
1945 811 2044 855 iungi
2080 813 2150 846 duo
2188 813 2342 853 nomina,

1359 852 1504 887 Domini
1530 863 1561 889 et
1585 856 1671 897 Dei,
1715 860 1795 902 quia
1823 872 1901 894 cum
1929 861 1965 894 in
1996 860 2151 896 Ecclesia
2187 871 2346 908 oporteat

1361 953 1426 988 Dei
1452 966 1470 987 a
1489 959 1736 991 commentitiis
1761 958 1980 994 ethnicorum
2005 964 2228 1004 numinibus,
2255 963 2344 997 Pro-

426 1182 431 1188 ,
1364 1164 1450 1200 gunt
1469 1154 1529 1190 has
1549 1159 1800 1202 appellationes
1819 1159 1946 1196 lebova
1964 1162 2058 1198 Deus
2080 1172 2216 1206 noster,
2247 1173 2285 1199 ut
2308 1166 2346 1198 in

330 1183 533 1215 ‘'elauones'
1364 1206 1493 1243 Psalm.
1515 1209 1596 1244 ΞΟ.;
1649 1208 1722 1243 Nos
1748 1218 1863 1245 autem
1890 1213 1926 1245 in
1952 1214 2096 1248 nomine
2118 1213 2246 1249 lehova
2279 1215 2347 1249 Dei

1363 1258 1475 1291 nostri
1492 1258 1754 1302 invocabimus,
1781 1263 1880 1307 quasi
1899 1263 2008 1305 dicat,
2026 1262 2131 1299 huius
2145 1267 2250 1300 unius
2267 1265 2345 1307 Dei,

1365 1309 1425 1353 qui
1450 1320 1529 1341 vere
1554 1308 1649 1343 Deus
1673 1318 1740 1350 est,
1768 1314 1930 1347 conditor
1947 1315 2105 1348 omnium
2122 1328 2256 1357 rerum,
2284 1317 2344 1361 qui

1364 1370 1400 1391 se
1417 1361 1576 1402 patefecit
1594 1361 1630 1393 in
1647 1358 1712 1395 hoc
1734 1364 1884 1407 populo,
1912 1371 1944 1398 et
1967 1366 2063 1400 dedit
2086 1367 2345 1411 promissiones,

1365 1421 1445 1442 vere
1462 1411 1618 1448 exaudit,
1646 1411 1761 1451 iuvat,
1789 1421 1821 1447 et
1839 1415 1960 1451 salvat.

419 1256 470 1290 De
487 1254 552 1289 hoc
569 1255 716 1288 articulo
735 1255 835 1288 valde
852 1266 988 1288 necesse
1005 1262 1056 1289 est
1072 1267 1192 1289 omnes
1213 1256 1314 1290 invo—

331 1315 447 1342 cantes
476 1306 607 1340 erudiri
627 1333 634 1345 ‚
684 1306 765 1350 quia
797 1306 975 1349 disputant
1009 1318 1124 1339 secum
1156 1307 1315 1340 infirmae

331 1366 482 1392 ruentes,
512 1369 613 1401 quem
631 1354 744 1388 Deum
763 1356 1005 1399 alloquantur,
1033 1358 1210 1401 quomodo
1236 1370 1313 1389 eum

332 1410 528 1442 discernere
545 1407 692 1439 debeant
709 1406 751 1438 ab
770 1403 918 1438 ethnicis
935 1413 967 1438 et
985 1407 1233 1440 commentitiis
1249 1419 1315 1439 nn-

332 1460 507 1501 minibus,
538 1464 628 1490 etan
650 1457 731 1489 satis
749 1457 789 1488 sit
808 1468 885 1488 eum
913 1456 1039 1489 intueri
1066 1458 1132 1489 fide
1157 1457 1313 1500 agnitum

333 1522 394 1554 per
412 1509 577 1550 verbum,
605 1508 662 1539 sed
688 1507 821 1550 priores
848 1508 936 1539 duos
958 1507 1051 1540 locos
1076 1508 1230 1541 breviter
1253 1509 1313 1541 ab·

332 1561 474 1593 solvam.

1465 1491 1594 1533 Beati,
1622 1494 1779 1542 quicum
1798 1509 1868 1530 non
1887 1495 2060 1541 viderint,
2089 1499 2245 1537 credunt.

1441 1561 1586 1594 Dictum
1605 1569 1652 1595 est
1672 1574 1775 1606 supra
1796 1561 1861 1596 hoc
1880 1564 1916 1597 in
1935 1566 2010 1599 loco
2035 1568 2126 1600 tradi
2151 1569 2346 1603 doctrinam

1365 1611 1516 1643 maxime
1547 1613 1775 1645 necessariam
1799 1614 1842 1646 de
1867 1616 2045 1654 agnitione
2069 1625 2101 1651 et
2125 1619 2347 1653 invocatione

1366 1659 1449 1694 Dei:
1485 1660 1671 1703 Quaerunt
1695 1663 1789 1695 enim
1812 1665 1934 1697 anxiae
1959 1674 2107 1708 mentes,
2139 1669 2222 1712 quid
2246 1670 2349 1703 inro-

1368 1719 1456 1751 cent‚
1475 1714 1652 1755 quomodo
1670 1714 1777 1756 magis
1795 1713 1998 1750 invocemus
2014 1729 2076 1750 nos
2095 1730 2213 1752 verum
2224 1718 2349 1761 Deum,

1368 1774 1473 1807 qnam
1492 1761 1590 1795 Plato
1611 1771 1670 1797 aut
1688 1762 1888 1808 Xenophon
1901 1794 1909 1806 ,
1945 1768 2005 1811 qui
2024 1769 2126 1801 etiam
2145 1770 2297 1813 cogitant
2315 1783 2348 1803 se

1367 1813 1531 1845 invocare
1556 1825 1661 1847 unam
1696 1822 1847 1849 mentem
1879 1823 2075 1860 aeternam,
2122 1821 2280 1864 opificem
2321 1829 2353 1854 et

1368 1863 1592 1897 servatricem
1617 1866 1760 1903 mnndi,
1802 1873 1833 1898 et
1861 1869 1996 1909 generis
2023 1867 2179 1903 humani.
2231 1870 2350 1914 Quae-

1369 1921 1453 1947 runt
1471 1914 1582 1957 idem,
1610 1926 1652 1947 an
1670 1916 1752 1949 satis
1767 1916 1812 1949 sit
1834 1917 1881 1950 sic
1897 1918 2028 1963 alloqui
2045 1918 2157 1953 Deum
2170 1947 2178 1961 ,
2206 1921 2348 1954 intuen-

1370 1971 1420 1998 tes
1438 1962 1549 2005 hunc,
1566 1966 1624 2009 qui
1644 1977 1678 1998 se
1697 1977 1756 2008 per
1775 1965 2005 2009 Evangelium
2023 1971 2198 2013 patefecit,
2213 1979 2245 2005 et
2262 1984 2351 2016 quo—

1368 2015 1475 2047 modo
1492 2015 1534 2047 de
1550 2015 1728 2049 voluntate
1752 2017 1825 2049 eius
1842 2024 1991 2052 statuere
2013 2021 2222 2062 debeamus,
2250 2030 2283 2056 et
2305 2035 2349 2055 an

1370 2064 1452 2098 satis
1474 2065 1516 2098 sit
1535 2066 1751 2110 acquiescere
1774 2067 1810 2100 in
1829 2069 1935 2101 verbo
1951 2068 2028 2102 Dei.
2081 2070 2230 2106 Mallent
2255 2074 2347 2106 enim

1369 2113 1543 2149 hnmanae
1564 2123 1696 2150 mentes
1713 2129 1826 2150 coram
1846 2131 1986 2153 cernere
2001 2121 2175 2155 visibilem
2200 2125 2349 2167 speciem

1368 2165 1432 2200 Dei
1446 2192 1454 2206 ‚
1483 2178 1584 2210 quam
1603 2174 1695 2200 certo
1714 2168 1888 2203 intuentes
1904 2171 2032 2205 scirent
2047 2183 2081 2205 se
2099 2184 2172 2205 non
2188 2175 2348 2207 aberrare

1369 2227 1389 2249 a
1411 2215 1496 2249 Deo.
1558 2216 1710 2252 Mallent
1738 2226 1771 2252 et
1796 2221 2052 2256 consolationes
2076 2223 2198 2257 audire
2223 2236 2349 2263 coram,

1369 2274 1406 2300 ut
1430 2266 1569 2312 Moyses
1594 2269 1751 2302 intuetur
1773 2270 1946 2304 visibilem
1973 2273 2140 2316 speciem,
2168 2281 2200 2307 et
2218 2275 2259 2306 de
2277 2275 2350 2307 sin-

1369 2318 1459 2360 gulis
1486 2319 1633 2361 negotiis
1657 2320 1782 2363 accipit
1812 2321 1902 2355 cla‘ra
1921 2333 2003 2355 voce
2018 2323 2086 2356 Dei
2104 2325 2249 2357 traditas
2272 2336 2350 2358 sen-

1369 2369 1507 2403 tentias.
1560 2368 1619 2403 Sic
1643 2381 1707 2403 nos
1729 2371 1833 2404 etiam
1858 2384 1973 2405 coram
1998 2379 2032 2406 et
2057 2373 2275 2408 familiariter
2299 2377 2351 2407 vi-

1370 2419 1451 2451 dere
1470 2426 1504 2452 et
1528 2420 1649 2453 audire
1666 2420 1778 2454 Deum
1801 2423 1971 2465 cupimus.
2024 2421 2077 2457 De
2100 2422 2154 2458 his
2176 2426 2351 2470 quaestio-

1369 2469 1474 2502 nibus
1494 2476 1584 2504 recte
1603 2471 1735 2504 erudiri
1755 2472 1827 2514 pias
1845 2480 1976 2506 mentes
1994 2485 2132 2508 necesse
2150 2483 2209 2510 est.

1471 2519 1640 2554 Monachi
1679 2521 1833 2555 breviter
1862 2526 2094 2567 respondent,
2143 2537 2279 2570 semper
2309 2528 2351 2560 de

1371 2570 1536 2604 omnibus
1558 2569 1611 2604 his
1637 2573 1899 2616 quaestionibus
1923 2575 2156 2609 dubitandum
2181 2589 2273 2617 esse,
2307 2589 2350 2609 au

338 2619 478 2650 ciuntur
505 2617 595 2652 inter
623 2614 735 2647 hostes
764 2614 956 2657 Evangelii.
1012 2616 1107 2649 Sicut
1137 2624 1168 2649 et
1197 2618 1257 2660 ipsi
1285 2631 1319 2652 se
1371 2621 1454 2653 satis
1483 2621 1527 2654 sit
1557 2622 1603 2655 sic
1634 2621 1798 2655 invocare
1828 2622 1968 2665 Deum,
2010 2627 2228 2671 alloquentes
2256 2626 2349 2660 hunc

339 2670 516 2701 declarant
543 2677 611 2698 esse
637 2663 747 2698 hoste-2
763 2690 770 2703 ,
800 2675 826 2698 et
859 2667 1038 2700 discedunt
1062 2680 1076 2697 τι
1095 2666 1253 2707 Clu-isto,
1281 2677 1319 2703 ut
1341 2669 1346 2715 l
1369 2669 1504 2712 Deum,
1528 2673 1640 2716 quise
1657 2684 1717 2716 per
1735 2672 1965 2717 Evangelium
1990 2677 2168 2720 patefecit,
2197 2689 2239 2710 an
2268 2689 2350 2711 vero

436 1633 602 1677 Exempla
640 1632 901 1665 dubitationum
934 1638 965 1665 et
999 1632 1241 1666 infirmitatum
1279 1633 1315 1665 in

336 1685 516 1731 Apostolis
534 1690 783 1727 proponuntur
802 1683 902 1715 nobis
921 1689 1066 1727 propter
1083 1685 1169 1717 duas
1186 1695 1315 1719 causas.

336 1738 436 1771 Prior
455 1743 501 1768 est
515 1762 522 1773 ,
539 1742 577 1767 ut
594 1744 818 1776 agnoscamus
841 1745 920 1766 vere
937 1741 1073 1777 peccata
1090 1735 1225 1779 reliqua
1244 1746 1316 1767 esse

334 1790 368 1821 in
388 1787 514 1820 renatis
534 1785 569 1817 in
592 1783 656 1817 hac
682 1785 770 1820 vita,
807 1791 839 1815 et
864 1796 942 1816 vere
965 1785 1145 1817 doleamus
1163 1797 1226 1818 nos
1246 1785 1315 1818 cir-

335 1838 504 1871 cumferre
529 1842 659 1869 tantam
685 1835 868 1876 caliginem
896 1841 927 1867 et
952 1835 1210 1876 infirmitatem,
1253 1848 1315 1868 nec

333 1889 517 1921 efferamus
546 1897 608 1918 nos
633 1886 730 1929 quasi
762 1883 852 1917 nihil
879 1885 912 1916 in
939 1885 1041 1918 nobis
1074 1886 1149 1919 vitii
1176 1887 1238 1926 sit,
1284 1892 1316 1919 et

334 1939 431 1983 quasi
452 1937 545 1969 Deus
563 1937 690 1969 iniuste
710 1947 772 1968 nos
788 1943 907 1968 oneret
934 1936 1071 1978 poenis,
1096 1937 1182 1970 sicut
1201 1935 1316 1982 hypo-

334 1991 440 2022 critae
470 1989 624 2019 fremunt
653 1988 818 2019 adversus
852 1986 1021 2018 iudicium
1057 1986 1135 2021 Dei,
1195 1986 1317 2020 Altera

335 2051 434 2072 causa
456 2045 521 2078 est,
558 2045 594 2070 ut
620 2049 697 2069 cum
721 2037 878 2069 videmus
904 2038 1092 2080 Apostolos
1116 2050 1315 2082 quanquam

334 2090 510 2127 infirmos,
534 2094 688 2130 receptos
707 2094 737 2119 et
758 2094 894 2119 sanatos
920 2099 1010 2125 esse,
1040 2088 1186 2121 sciamus
1203 2095 1235 2120 et
1253 2099 1316 2120 nos

335 2152 414 2173 vere
435 2139 540 2181 recipi
569 2145 599 2171 et
627 2137 758 2177 sanari,
803 2138 880 2170 ideo
906 2136 1036 2169 Paulus
1059 2139 1101 2170 ad
1127 2137 1231 2171 Rom.
1260 2137 1315 2171 14.

336 2190 451 2236 inquit
485 2190 527 2221 de
555 2188 716 2221 infirmo:
769 2186 862 2220 Deus
897 2187 991 2220 enim
1027 2199 1105 2219 eum
1143 2189 1316 2222 assumsit.

335 2241 430 2274 llaec
449 2239 640 2273 consolatio
661 2239 726 2281 piis
746 2245 840 2280 grata
860 2244 891 2271 et
911 2238 1099 2271 necessaria
1120 2246 1177 2271 est.

435 2315 501 2349 Sed
523 2315 670 2347 sciamus
689 2312 845 2356 duplices
862 2323 932 2345 esse
949 2312 1117 2346 infirmos.
1168 2314 1317 2355 Dociles,

338 2365 372 2399 lii
402 2366 620 2409 recipiuntur
647 2372 679 2396 et
705 2372 896 2400 sanantur,
940 2363 1105 2397 videlicet
1137 2365 1318 2399 audientes

336 2415 584 2457 Evangelium,
614 2422 643 2447 et
670 2426 747 2446 suns
772 2414 998 2455 cogitationes
1018 2415 1193 2448 frenantes
1211 2423 1242 2448 et
1262 2428 1318 2449 ca-

336 2468 508 2510 ptivantes
528 2466 561 2497 in
580 2465 785 2509 obsequium
796 2462 940 2498 Christi.
977 2463 1050 2497 Alii
1069 2477 1148 2497 vero
1166 2473 1245 2499 sunt
1263 2467 1318 2499 in-

337 2517 468 2550 dociles
485 2540 494 2555 ,
538 2516 596 2559 qui
632 2515 856 2558 pertinaciter
892 2515 1093 2548 anteferunt
1123 2514 1316 2558 Evangelio

337 2579 415 2601 suas
433 2566 669 2609 cogitationes.
722 2563 768 2597 Hi
790 2577 860 2598 non
887 2565 1123 2609 recipiuntur,
1151 2568 1206 2598 sed
1228 2569 1319 2601 abii·

1356 502 1532 542 mitatem,
1559 514 1632 536 sese
1649 502 1816 539 exhibens
1842 510 2147 551 contrectandum,
2172 511 2239 544 iam
2258 523 2343 545 con-
2390 510 2391 513 ¹

1361 905 1511 937 discerni
1552 907 1810 942 invocationem
1853 917 1885 943 et
1926 913 2231 960 compellationem
2270 915 2344 947 veri
2389 919 2391 946 ἐ

2399 1006 2407 1090 «-.ι
