2415 2942
289 119 384 158 1191

287 258 401 296 venit,
434 254 580 294 scilicet,
614 252 657 286 ad
683 250 923 295 puniendum,
957 255 992 282 et
1018 249 1060 281 ad
1086 248 1269 281 declaran-

289 309 369 340 dam
393 304 626 339 tristissimam
652 302 759 339 iram,
787 311 892 345 quam
920 307 1020 334 antea
1045 298 1269 332 contemsisti.

287 357 379 391 Sunt
405 355 511 398 igitur
542 351 626 387 haec
649 364 729 385 vera
755 350 959 395 imprecatio
985 361 1134 394 poenae,
1173 356 1212 383 ut
1241 347 1270 381 si

286 408 474 440 diceretur:

414 456 494 502 Εἷρε
517 460 594 494 θεὸς
615 457 670 488 τὸν
692 456 828 497 Mamor.

288 522 354 556 vel
379 523 467 555 sicut
493 520 651 553 psalmus
668 517 727 552 57.
753 517 885 562 inquit:
919 515 1124 550 Laetabitur
1149 515 1272 554 iustus,

287 585 367 607 cum
384 572 512 605 viderit
530 570 732 606 vindictam,
752 578 876 600 manus
893 578 971 599 suas
989 566 1119 599 lavabit
1137 565 1172 597 in
1189 577 1269 597 san—
1294 588 1295 609 3

289 624 394 665 guine
413 621 619 665 peccatoris,
646 626 677 652 et
707 619 795 650 ilicet
821 616 945 655 homo,
973 617 1093 660 utique
1122 623 1170 648 est
1195 616 1271 647 srn-
1294 644 1295 653 ,

1173 665 1272 699 Talis

288 683 363 708 ctus
389 674 498 712 iusto,
531 671 654 714 utique
679 675 729 701 ost
755 668 913 701 iudicans
940 668 975 698 in
999 673 1103 699 terra.

291 732 341 757 est
360 722 567 757 asseveratio
585 722 628 753 dc
647 725 793 751 venturo
810 718 961 757 iudicio,
987 724 1019 750 ct
1043 718 1086 749 de
1106 727 1216 760 poena
1233 716 1272 748 in
1294 742 1295 755 2

288 773 344 808 bis
363 775 495 808 verbis:
526 771 702 806 Dominus
721 777 840 801 noster
857 767 963 802 venit.

391 855 454 890 Est
486 863 599 888 autem
636 863 750 884 sermo
775 849 939 895 Syriacus
973 861 1034 883 seu
1061 846 1273 882 Chaldaicos

292 908 406 942 affinis
449 905 622 942 litu-aico,
674 902 754 946 quia
794 901 930 933 vicinae
960 907 1080 943 gentes
1117 899 1272 940 linguam

293 957 466 992 Ebraeain
493 969 509 988 a
537 954 695 999 patribus
727 951 967 991 retinuerunt,
1009 952 1068 983 sed
1102 950 1270 993 paulatini
1294 969 1295 992 3

291 1011 540 1052 depravarunt,
567 1012 605 1038 ut
622 1004 694 1036 fieri
713 1003 809 1038 solet,
835 1001 979 1043 vestigia
997 1008 1113 1033 tamen
1132 1000 1272 1042 agnosci

291 1064 448 1103 possunt.

293 1167 496 1196 sentaneuin
509 1164 557 1190 est
574 1163 688 1188 autem
706 1165 851 1192 nornen,
876 1152 977 1185 Mara
995 1164 1066 1184 esse
1081 1165 1098 1184 a
1116 1152 1270 1184 dictione

293 1212 392 1248 ΠὝἾΏ
421 1212 512 1253 quod
549 1206 720 1250 siguificat
744 1203 950 1246 Ductorem,
993 1204 1046 1235 vel
1072 1215 1089 1235 a
1116 1202 1270 1235 dictione

293 1252 393 1301 &5572
418 1261 509 1304 quod
534 1257 703 1301 significat
727 1254 932 1288 terribilem.
989 1251 1036 1286 Et
1059 1260 1162 1286 notae
1188 1259 1271 1286 sunt

293 1302 446 1355 origines
472 1317 538 1346 ‚²17³
565 1307 701 1344 docuit,
733 1312 765 1337 et
789 1312 857 1353 &22
880 1305 1007 1337 timuit.
1068 1302 1116 1337 Et
1138 1305 1173 1335 in
1200 1304 1271 1336 vita

290 1361 488 1397 Hilarionis
512 1347 674 1401 ⁷iegitur,
716 1355 812 1387 illius
847 1361 955 1387 aetate
987 1351 1102 1386 adhuc
1136 1354 1270 1386 idolum

292 1415 398 1448 fuisse
422 1412 456 1443 iu
475 1410 575 1443 Sx-ria
593 1408 723 1440 Maras.
776 1405 857 1438 Fuit
881 1413 993 1437 autem
1019 1404 1186 1437 usitatum
1207 1417 1272 1435 no-

292 1465 346 1497 vis
387 1450 509 1496 idolis'
533 1467 565 1493 et
605 1458 757 1491 cultibus
794 1456 947 1488 tribuere
985 1467 1076 1486 nova
1117 1454 1272 1494 nomina,

292 1526 382 1560 quae
416 1512 627 1545 videbantur
654 1507 822 1540 maiorem
855 1505 1059 1547 significare.
1118 1503 1162 1538 Ut
1196 1511 1272 1547 post

292 1566 447 1610 primum
488 1561 618 1594 cultum
637 1586 645 1598 ‚
686 1559 723 1590 in
767 1568 836 1599 quo
878 1556 977 1588 Deus
1024 1555 1273 1587 nominabatur

294 1608 434 1657 ῃηῆῆζς
455 1618 538 1660 Π].“Τ«
565 1610 662 1654 impii
690 1606 869 1647 homines,
893 1606 955 1651 qui
974 1612 1122 1638 veterem
1143 1605 1273 1637 doctri—
1297 1638 1299 1648 γ

294 1679 376 1700 narn
406 1660 437 1696 et
465 1658 596 1696 cultum
634 1660 870 1703 reliquerunt,
903 1656 1132 1689 nominarunt
1159 1655 1271 1688 Deum

295 1712 374 1757 ¹792
395 1723 639 1760 possessorem,
665 1705 857 1752 δεσπότην.
910 1706 1033 1740 Postea
1052 1707 1157 1739 vicini
1176 1705 1271 1739 aliud

297 1757 491 1803 terribilius
517 1774 647 1797 nomen
673 1760 932 1803 excogitarunt,
971 1756 1116 1799 Maran,
1152 1758 1186 1790 id
1211 1763 1272 1796 est,

888 110 1013 146 PHIL.
1039 109 1154 146 MEL.
1182 106 1391 145 SCRIPTA
1419 104 1718 146 EXEGETICA.

287 205 466 241 thematis:
502 201 629 237 Maran
656 198 755 241 atha,
787 199 823 233 id
851 204 920 240 est,
952 197 1127 232 Dominus
1148 203 1267 230 noster
1316 192 1486 226 terribilis
1514 198 1645 227 noster.

504 1056 584 1089 Mar
601 1066 660 1087 seu
678 1053 777 1086 Mara
802 1052 971 1094 significat
989 1050 1203 1091 Dominum,
1235 1058 1273 1083 ut
1295 1090 1297 1095 Α

293 1112 330 1143 in
348 1109 547 1150 Tltarguni,
574 1104 740 1138 Proverb.
761 1114 833 1145 cap.
852 1103 912 1136 23.
937 1108 969 1134 et
987 1101 1095 1134 Amos
1110 1103 1139 1136 1.
1175 1100 1271 1134 Con-

2205 105 2303 142 1192

1713 191 1765 227 Ita
1790 204 1870 227 cum
1894 193 2083 228 discessum
2106 199 2156 228 est
2179 205 2198 227 a
2219 203 2303 226 vera

1318 243 1499 287 doctrina,
1527 250 1562 277 et
1576 242 1668 276 veris
1685 243 1857 284 cultibus,
1884 244 2084 288 superstitio
2107 251 2140 278 et
2155 243 2302 278 nomina

1317 306 1409 326 nova
1439 300 1471 327 et
1499 293 1704 338 opiniones,
1741 302 1775 328 et
1806 294 1893 327 ritus
1922 294 2009 327 alios
2043 294 2151 338 fingit.
2216 293 2302 328 Fuit

1317 344 1426 386 igitur
1449 343 1550 377 Mara
1575 356 1704 377 nomen
1728 344 1896 379 usitatum
1924 344 1962 377 in
1985 343 2097 390 Syria.
2150 345 2301 389 Appen-

1319 395 1377 427 dix
1407 406 1449 434 n,
1485 394 1540 427 vel
1563 406 1633 436 na,
1669 401 1719 428 est
1750 401 1869 428 noster
1895 392 2008 439 Atha,
2042 394 2148 428 venit.
2199 393 2301 428 Hanc

1293 437 1296 486 Ι
1319 455 1391 478 esse
1423 445 1578 478 nativam
1613 445 1936 489 interpretationem
1975 445 2137 478 vocabuli
2172 443 2300 478 Maran

1293 487 1296 543 ξ
1319 492 1401 528 atha
1421 494 1606 534 affirmant,
1634 502 1666 529 et
1683 507 1783 540 saepe
1798 495 1960 540 usurpari
1978 495 2015 528 in
2032 494 2182 529 Iudaicis
2199 506 2301 528 enar-

1294 546 1295 578 l
1319 545 1516 578 rationibus
1539 546 1708 581 scribunt.
1772 545 1854 579 Ideo
1879 546 2006 579 mirum
2026 552 2097 588 est,
2130 557 2192 579 cur
2209 543 2302 578 Bur-

1319 596 1434 637 gensis
1464 596 1518 628 vir
1549 597 1672 629 doctus
1712 596 1815 629 aliam
1851 596 2097 641 etymologiam
2128 595 2300 639 excogita-

1320 646 1425 685 verit,
1453 646 1511 690 qui
1531 658 1592 689 pro
1610 646 1736 679 Maran
1759 645 1840 680 atha
1864 647 1945 680 fecit
1963 645 2144 679 Meherem
2168 643 2301 688 motha,

1320 703 1352 729 et
1371 696 1455 728 dicit
1473 696 1682 740 Apostolum
1706 697 1857 730 voluisse
1879 697 2129 730 atrocissimam
2152 696 2301 740 speciem

1294 757 1296 778 ³.
1324 746 1627 780 condemnationis
1642 748 1841 780 nominare:
1870 747 1942 790 Qui
1967 759 2039 780 non
2066 747 2180 789 diligit
2196 743 2302 780 Chri-

1294 791 1296 830 Ῐ
1320 803 1433 836 stum,
1466 797 1510 829 sit
1533 809 1604 829 non
1629 798 1770 840 vulgare
1792 796 1994 839 anatliema,
2027 799 2087 831 sed
2104 795 2300 837 Meherem‚

1294 842 1297 897 4
1319 846 1353 879 id
1381 853 1451 887 est,
1475 858 1529 879 res
1553 847 1664 881 deleta
1691 860 1751 881 sua
1774 855 1924 889 vastata,
1958 855 1990 881 et
2013 848 2080 882 tale
2102 845 2301 888 anathema,

1294 913 1296 951 ἵ
1319 898 1414 941 quod
1446 897 1557 929 occidi
1581 909 1717 931 necesse
1748 899 1808 936 sit,
1846 899 1924 932 ideo
1948 899 2107 932 additum
2131 910 2204 932 esse
2227 897 2299 931 exi-

1319 948 1435 980 stimat
1467 945 1591 981 Motha
1611 975 1619 988 ‚
1659 949 1759 992 quasi
1792 950 1905 982 dicat:
1949 947 2146 983 Anathema
2185 955 2299 982 vasta-

1319 997 1408 1031 tioni
1437 1004 1469 1030 et
1495 999 1601 1030 morti
1625 999 1855 1037 destinatum,
1883 999 1963 1044 quia
1982 1011 2054 1032 non
2080 999 2197 1031 omnia
2216 1010 2301 1031 con-

1319 1055 1448 1081 secrata
1468 1048 1777 1085 interficiebantur.
1827 1048 1927 1082 Hanc
1944 1049 2191 1095 etymologiam
2207 1047 2300 1082 Bur-

1319 1098 1434 1141 gensis
1453 1098 1531 1132 ideo
1547 1100 1707 1138 recitavi,
1733 1112 1775 1133 ne
1793 1100 1836 1132 sit
1854 1101 1973 1146 ignota
1990 1100 2206 1140 iunioribus,
2227 1111 2300 1132 non

1296 1159 1297 1163 ¹
1320 1150 1414 1193 quod
1432 1160 1505 1181 eam
1526 1150 1689 1193 probem,
1717 1163 1795 1183 cum
1813 1152 1976 1195 adpareat
1992 1151 2132 1193 longius
2153 1150 2299 1183 accersi-

1296 1205 1297 1217 ³
1321 1207 1389 1232 tam
1418 1211 1500 1232 esse.
1570 1199 1835 1244 Amplectamur
1857 1209 1971 1234 autem
1997 1201 2160 1241 alteram,
2195 1212 2298 1245 quam

1295 1262 1297 1284 J
1320 1257 1352 1282 et
1371 1248 1611 1295 Hieronymus
1627 1252 1753 1291 tradit,
1781 1259 1814 1285 et
1837 1264 1914 1285 cum
1941 1263 2100 1284 sermone
2121 1262 2299 1284 commen-

1320 1301 1489 1334 tariorum
1513 1313 1704 1344 congruere
1729 1302 1835 1337 aiunt.
1896 1301 2022 1335 Maran
2046 1299 2147 1342 atha,
2179 1301 2215 1334 id
2239 1307 2300 1341 est,

1295 1363 1297 1377 ι
1321 1351 1500 1383 Dominus
1515 1358 1634 1384 noster
1651 1353 1758 1386 venit.
1809 1351 1855 1386 Et
1872 1353 1954 1386 sciat
1970 1352 2079 1386 lector
2093 1350 2177 1385 haec
2195 1351 2300 1384 verba

1296 1397 1498 1434 'recitative
1529 1402 1613 1445 poni
1650 1409 1815 1447 tanquam
1850 1403 2057 1440 formulam,
2098 1414 2167 1446 qna
2195 1402 2299 1435 iudex

1323 1463 1449 1494 poenas
1466 1463 1525 1484 seu
1543 1452 1635 1484 diras
1653 1452 1862 1495 imprecatus
1878 1460 1939 1487 est.
1999 1452 2166 1486 Continet
2183 1459 2298 1485 autern

1297 1522 1299 1535 .
1322 1500 1405 1534 llaec
1424 1508 1597 1545 postrema
1616 1503 1769 1536 clausula
1793 1503 2030 1546 gravissimam
2053 1502 2299 1535 comminatio-

1322 1564 1400 1584 nem
1419 1555 1585 1585 adversus
1605 1565 1725 1585 omnes
1742 1551 1857 1586 hostes
1874 1552 2057 1595 Evangelii
2076 1559 2108 1586 et
2134 1549 2299 1597 hypocri-

1323 1609 1392 1640 tas,
1429 1614 1467 1634 ac
1495 1604 1696 1645 praesertim
1721 1603 1901 1636 doctrinae
1923 1610 2154 1646 corruptores.
2215 1601 2298 1635 Ideo

1322 1653 1464 1686 sinceris
1481 1653 1678 1693 pectoribus
1693 1665 1900 1698 quaeramus
1915 1654 2107 1692 veritatem,
2135 1659 2168 1686 et
2184 1652 2299 1699 ipsum

1322 1704 1432 1736 filium
1461 1701 1528 1736 Dei
1551 1702 1744 1737 Dominum
1778 1711 1938 1738 nostrum
1975 1704 2086 1737 lesum
2120 1701 2299 1737 Christum

1296 1766 1298 1778 ⁸
1322 1766 1479 1794 oremus,
1507 1765 1546 1788 us
1563 1765 1627 1788 nos
1645 1753 1778 1799 Spiritu
1798 1766 1860 1793 suo
1876 1761 1995 1789 sancto
2013 1755 2195 1798 gubernet.
