2415 2942
278 110 352 146 623

500 199 557 233 De
594 198 781 243 peccato
816 193 1049 239 originali.

384 267 479 309 Quid
498 272 545 298 est
565 270 740 308 peccatum
760 260 932 305 originis?
959 260 1142 294 Peccatum
1159 261 1267 304 origi-

284 322 336 353 nis
357 328 404 351 est
424 324 537 350 reatus
563 327 622 348 svn
648 314 833 357 imputatio
847 340 855 351 ,
881 324 949 356 qua
968 319 1110 356 propter
1130 312 1265 353 lapsum

284 372 379 404 Adae
413 378 534 400 oni-nes
574 366 765 398 secundnm
804 370 965 396 naturam
1000 363 1180 407 propagati
1218 363 1266 395 rei

283 427 381 457 sunt,
411 426 442 451 ct
467 425 516 451 est
542 416 720 459 corruptio
749 422 892 447 naturae
918 411 1117 451 humanae,
1151 421 1266 447 secuta

284 473 417 514 lapsum
447 467 561 507 Adae,
602 479 668 511 qua
693 466 751 504 fit,
790 472 828 498 ut
856 461 1011 496 humana
1037 472 1161 497 natura
1195 476 1267 497 non

284 521 388 565 possit
416 531 493 551 vere
519 517 662 551 obedire
686 516 751 559 tegi
773 515 859 554 Dei,
887 516 945 548 sed
968 513 1091 548 habeat
1115 516 1269 548 defectus
1294 524 1297 535 ¹

284 581 315 606 et
332 569 649 613 concupiscentiam
667 575 787 600 contra
806 567 915 609 legem
932 564 1011 599 Dei.

388 629 537 671 Vulgata
557 625 742 660 Anshelmi
761 625 919 659 definitio
938 636 1079 668 prorsus
1101 623 1192 656 idem
1216 623 1269 655 di-

286 684 351 722 cit,
381 681 474 726 quod
494 686 630 716 nostra,
656 678 744 710 sicut
761 683 792 710 et
811 676 882 720 ipse
903 687 977 708 eam
1005 675 1143 718 copiose
1168 685 1270 706 enar-

287 740 359 772 rat,
388 731 451 764 etsi
475 730 579 771 vulgo
603 735 738 761 tantum
763 739 870 771 pauca
895 726 999 758 verba
1027 731 1164 768 excepta
1182 724 1269 756 reci-

288 790 425 820 tantur,
459 780 637 812 videlicet:
667 778 849 811 Peccatum
875 776 1021 818 originis
1046 781 1096 808 est
1118 775 1271 807 carentia

289 834 446 868 iusticiae
477 830 683 871 originalis,
725 839 812 872 quae
842 827 967 859 debeat
1000 826 1120 859 inesse.

290 1048 351 1068 nec
367 1034 510 1067 fuissent
540 1032 575 1064 in
594 1031 719 1063 animis
735 1028 920 1062 hominum
945 1027 1120 1061 dubitatio
1147 1030 1190 1059 de
1211 1039 1273 1059 vo-

289 1088 423 1119 luntate
443 1083 528 1122 Dei,
558 1082 711 1114 vacuitas
733 1081 890 1119 timoris,
918 1079 1082 1117 fiduciae,
1112 1077 1275 1112 dilectio-

290 1137 344 1169 nis
361 1135 443 1168 Dei:
474 1135 533 1166 sed
557 1133 675 1165 suisset
712 1139 832 1164 natum
851 1131 886 1163 in
904 1129 1031 1163 animis
1048 1129 1187 1169 lumen,
1214 1140 1275 1161 seu

290 1193 531 1223 concreatum,
559 1192 589 1216 et
608 1184 705 1216 firma
725 1182 852 1215 noticia
877 1183 919 1214 de
940 1180 1035 1220 Deo,
1065 1187 1097 1213 et
1123 1179 1275 1212 inclina-

292 1239 404 1271 tiones
426 1235 681 1269 consentientes
707 1233 773 1276 legi
792 1231 866 1266 Dei.
921 1231 1022 1264 Nunc
1045 1237 1186 1263 econtra
1212 1241 1275 1262 na-

292 1297 368 1322 tura
393 1285 547 1319 hominis
573 1293 621 1317 est
645 1296 700 1316 rea
726 1292 757 1317 et
785 1290 960 1324 corrupta.
1014 1279 1067 1315 Ex
1092 1280 1157 1315 hac
1181 1280 1276 1314 anti-

292 1337 379 1373 thesi
401 1338 501 1370 s.·cile
521 1343 628 1380 potest
650 1334 798 1376 intelligi
818 1333 990 1366 definitio.

395 1396 513 1438 Quare
540 1395 692 1427 existunt
719 1392 953 1426 dissensiones
981 1391 1023 1423 de
1051 1396 1188 1434 peccato
1205 1389 1278 1423 ori-

294 1448 415 1492 ginis?
459 1446 550 1488 Quia
578 1443 738 1477 homines
767 1455 837 1476 non
869 1443 988 1476 vident
1015 1441 1275 1473 immunditiem

294 1500 428 1538 cordis,
455 1497 582 1529 scilicet
603 1496 661 1527 illa
683 1503 829 1537 peccata.
856 1493 1113 1526 dubitationem
1130 1492 1173 1524 de
1190 1490 1277 1530 Deo,

296 1560 416 1581 vacare
451 1555 548 1579 metu
580 1546 666 1589 Dei,
703 1544 850 1582 fiducia,
898 1543 1106 1580 dilectione,
1150 1539 1279 1574 habere

294 1599 482 1633 horribiles
500 1598 650 1644 impetus
667 1597 831 1628 adversus
848 1595 956 1637 legem
976 1592 1050 1626 Dei.
1080 1591 1175 1625 Haec
1194 1592 1278 1623 vitia

296 1662 369 1683 non
396 1649 535 1687 vident,
563 1659 600 1680 ac
625 1647 734 1679 multo
761 1646 878 1678 minus
903 1644 1023 1676 vident
1041 1654 1113 1675 esse
1132 1649 1279 1684 peccata.

297 1701 379 1734 ldeo
397 1700 533 1742 fingunt
553 1698 652 1741 impii
672 1695 764 1729 nihil
781 1708 852 1729 esse
866 1702 1043 1739 peccatum
1063 1693 1220 1736 originis.

413 1758 552 1792 Deinde
594 1763 739 1790 assuunt
778 1751 1039 1799 philosophicas
1078 1752 1279 1793 sententias,

298 1812 466 1846 Naturam
493 1819 564 1841 esse
589 1809 727 1841 bonam.
799 1806 905 1842 Item,
941 1802 1040 1837 Nihil
1065 1815 1136 1836 esse
1161 1815 1281 1847 pecca-

298 1871 395 1902 tum,
424 1860 493 1893 nisi
511 1860 554 1892 sit
579 1857 830 1891 voluntarium.
883 1855 979 1889 Haec
1004 1867 1066 1888 suo
1091 1854 1167 1887 loco
1190 1861 1282 1887 recte

300 1914 486 1950 dicuntur,
521 1910 580 1942 sed
614 1922 684 1941 non
711 1915 794 1941 sunt
819 1907 1059 1952 detorquenda
1092 1905 1135 1938 ad
1161 1916 1283 1948 pecca-

300 1972 374 1997 tum
401 1961 582 2004 originale.
638 1959 758 2004 ltaque
783 1958 893 2000 caligo
917 1964 949 1991 et
970 1956 1116 1989 caecitas
1144 1956 1181 1988 in
1206 1955 1283 1988 ani-

300 2015 367 2047 mis
402 2010 568 2045 humanis
605 2018 654 2043 est
690 2021 819 2049 causa,
854 2020 968 2053 quare
1001 2006 1104 2039 multi
1134 2006 1189 2039 vel
1224 2018 1283 2039 ex—

300 2070 446 2098 tenuent
463 2068 640 2107 peccatum
659 2060 824 2102 originis,
851 2059 905 2091 vel
926 2069 1068 2102 prorsus
1086 2057 1222 2096 tollant,
1251 2062 1284 2090 et

302 2116 430 2149 deinde
452 2119 561 2146 astute
584 2117 811 2154 corrumpant
842 2109 1031 2152 scripturas
1062 2114 1095 2140 et
1126 2108 1284 2146 eludant,

303 2173 344 2199 ut
369 2164 529 2206 Pelagius
555 2163 634 2196 fecit
663 2169 696 2195 et
719 2162 779 2194 alii
805 2160 918 2194 multi.
995 2159 1172 2191 Adversus
1198 2158 1284 2190 tales

302 2216 493 2250 calumnias
526 2213 712 2247 muniendi
739 2218 821 2246 sunt
850 2209 961 2243 animi
991 2209 1082 2242 veris
1108 2215 1141 2242 et
1174 2208 1284 2241 firmis

303 2265 522 2301 testimoniis.

556 2355 661 2387 Causa
684 2354 817 2394 peccati
838 2351 1029 2391 originalis.

403 2415 515 2450 Causa
541 2417 671 2461 peccati
693 2414 876 2458 originalis
899 2419 948 2446 est
963 2411 1145 2452 diabolus,
1173 2418 1206 2446 et
1222 2424 1286 2445 vo-

304 2468 420 2500 luntas
437 2468 630 2510 primorum
649 2474 843 2510 parentum,
861 2476 948 2509 quae
964 2475 1042 2497 cum
1059 2469 1145 2496 esset
1162 2462 1283 2504 libera,

306 2530 367 2562 per
381 2529 453 2551 sese
475 2518 599 2550 avertit
617 2529 651 2549 se
667 2529 686 2551 a
704 2518 811 2550 verbo
827 2515 913 2556 Dei,
941 2526 1005 2548 nec
1028 2513 1173 2547 retinuit
1197 2514 1283 2546 obe-

304 2568 473 2602 dientiam
490 2580 568 2611 erga
586 2566 711 2600 Deum.
766 2566 848 2600 Ideo
867 2566 981 2600 Adam
1001 2564 1110 2598 factus
1127 2570 1176 2597 est
1192 2575 1283 2604 reus,

303 2627 336 2652 et
359 2619 443 2652 fecit
465 2630 560 2651 ream
586 2618 842 2661 posteritatem,
867 2623 989 2650 exutus
1005 2615 1204 2658 integritate
1220 2626 1283 2647 na-

303 2677 401 2704 turae
423 2669 541 2709 donis,
569 2679 658 2715 quae
676 2666 771 2704 Deus
797 2667 982 2702 addiderat
1003 2672 1171 2708 naturae,
1198 2676 1282 2710 pro-

880 99 1005 138 PfflL.
1031 97 1148 134 Mffih.
1176 99 1382 141 sCfflPTA
1410 96 1708 141 ExEGETtCA.

1289 188 1294 219 t
1318 183 1449 218 creavit
1466 183 1593 216 deinde
1609 182 1715 222 tales,
1741 185 1854 228 qualis
1870 194 1942 220 erat
1959 187 2042 230 ipse.

1182 824 1270 857 Nam
1296 825 1299 835 ⁴

289 883 424 917 iusticia
444 880 624 923 origin-slis
641 885 711 911 erat
729 879 844 911 futura
864 888 935 910 non
957 883 1093 910 tantum
1117 881 1272 919 accepta-
1297 877 1299 906 2

289 936 359 974 tio,
399 933 455 965 sed
492 932 594 963 etiam
629 929 809 971 integritas
839 928 968 960 virium
996 939 1055 959 seu
1089 926 1300 969 rectitudo,-

290 997 376 1028 qnae
396 981 620 1027 praestitisset
648 980 831 1022 perfectam
857 978 1094 1011 obedientiam
1114 977 1178 1019 tegi
1198 976 1274 1016 Dei,
1298 972 1301 987 ⁵

2224 102 2297 139 624

2097 185 2147 220 Ita
2173 198 2302 232 propa-

1319 242 1420 278 gatur
1436 242 1562 268 natura
1581 245 1639 267 rea
1656 240 1688 267 et
1706 243 1878 278 corrupta.

1729 315 1893 357 Effectus.

1431 375 1638 412 Scholastici
1675 377 1843 412 dixerunt
1875 378 2201 421 Concupiscentiam
2232 393 2306 416 non

1322 441 1394 462 esse
1415 436 1613 473 peccatum,
1641 429 1699 461 sed
1720 435 1854 461 tantum
1885 441 2050 473 poenam,
2080 437 2110 463 et
2135 440 2305 467 vocarunt

1321 479 1493 513 fomitem.
1546 478 1618 512 Nos
1639 479 1788 512 dicimus
1805 480 2145 524 concupiscentiam,
2169 489 2202 516 et
2217 495 2304 526 poe-

1322 542 1403 563 nam
1425 531 1460 563 in
1483 542 1540 563 rea
1556 537 1699 569 natura,
1724 536 1756 562 et
1774 538 1950 573 peccatum
1968 542 2051 565 esse.

1424 580 1586 615 Secunda
1603 592 1714 624 poena
1731 588 1779 614 est
1801 580 1912 619 Mors,
1941 588 1973 614 et
1989 592 2113 614 omnes
2129 582 2308 617 calamita-

1323 638 1375 665 tes
1392 629 1537 664 humani
1557 630 1703 674 generis.

1426 680 1547 715 Tertia
1568 694 1678 725 poena
1697 687 1765 720 est,
1793 682 1886 725 quod
1916 677 2000 714 haec
2024 681 2163 715 infirma
2183 689 2309 718 natura

1324 732 1478 765 subiecta
1497 739 1547 765 est
1570 731 1750 777 tyrannidi
1767 731 1911 771 diaboli,
1939 733 1999 776 qui
2017 739 2049 766 et
2066 734 2309 776 corporalibus

1325 783 1427 815 malis
1463 790 1496 816 et
1519 782 1712 815 terroribus
1748 783 1864 815 studet
1896 783 2059 825 perdere,
2095 789 2128 816 et
2157 783 2309 828 impellit

1325 834 1366 866 ad
1395 840 1532 877 peccata
1559 833 1673 865 omnis
1697 833 1849 874 generis,
1876 834 1916 865 ad
1945 831 2197 878 blasphemias,
2224 832 2310 869 hae-

1325 895 1438 924 reses,
1465 884 1600 923 caedes,
1627 883 1810 924 libidines,
1837 890 1869 916 et
1885 884 1952 916 alia
1973 892 2120 927 peccata.

1428 931 1637 977 Philosophi
1664 934 1778 967 mirati
1806 941 1906 972 sunt,
1933 935 2028 968 unde
2051 935 2088 968 in
2112 941 2182 968 tam
2208 947 2311 980 prae-

1327 985 1431 1018 stanti
1453 992 1576 1017 natura
1594 984 1730 1026 generis
1755 982 1902 1017 humani
1928 991 2062 1018 tantum
2089 985 2216 1019 existat.
2237 998 2312 1021 non

1329 1036 1444 1067 solum
1469 1034 1728 1073 calamitatum,
1755 1035 1814 1066 sed
1841 1035 1944 1067 etiam
1971 1035 2204 1078 flagitiorum,
2230 1048 2310 1070 cum

1328 1086 1469 1131 quidem
1497 1085 1690 1117 secundum
1715 1091 1879 1117 naturam
1903 1085 1948 1118 sit
1972 1094 2062 1119 recte
2086 1086 2214 1120 facere:
2249 1089 2310 1121 sed

1327 1137 1400 1169 sola
1418 1135 1578 1168 doctrina
1597 1132 1800 1168 Christiana
1818 1142 1988 1169 monstrat
2006 1148 2161 1178 causam,
2180 1138 2313 1173 scilicet

1329 1193 1506 1231 peccatum
1530 1185 1690 1229 originis.

1430 1235 1520 1270 Cum
1545 1243 1660 1269 autem
1686 1243 1754 1269 tam
1781 1232 1972 1269 horribiles
1996 1236 2139 1271 effectus
2167 1245 2200 1272 et
2224 1252 2311 1283 poe-

1331 1300 1395 1321 nae
1412 1294 1548 1320 secutae
1567 1287 1656 1330 sint,
1686 1298 1759 1320 non
1777 1293 1827 1319 est
1851 1289 2111 1321 extenuandum
2135 1298 2315 1333 peccatum

1330 1338 1495 1381 originis,
1519 1338 1577 1370 sed
1599 1343 1693 1370 tanta
1718 1343 1768 1369 est
1794 1337 1906 1379 caligo
1930 1339 2149 1379 animorum,
2175 1347 2214 1374 ut
2239 1353 2313 1374 non

1331 1389 1444 1422 solum
1469 1394 1646 1432 peccatum
1669 1393 1702 1420 et
1728 1387 1816 1421 iram
1837 1386 1903 1420 Dei
1928 1399 2000 1420 non
2025 1388 2228 1430 videamus,
2254 1393 2315 1424 sed

1332 1452 1375 1472 ne
1397 1439 1538 1483 quidem
1566 1437 1804 1471 calamitatum
1831 1439 2109 1480 magnitudinem
2139 1440 2314 1484 intelliga-

1331 1502 1419 1523 mus.
1471 1489 1553 1522 Ideo
1573 1489 1676 1521 etiarn
1694 1488 1797 1531 vulgo
1814 1488 1922 1532 aliqui
1940 1488 2109 1523 Doctores
2126 1491 2180 1522 vet
2198 1499 2316 1525 sustu-

1331 1541 1466 1579 lerunt,
1486 1540 1540 1572 vel
1559 1546 1834 1572 extenuaverunt
1853 1546 2030 1582 peccatum
2048 1541 2206 1583 originis.
2245 1541 2316 1576 Sed

1332 1592 1503 1633 scriptura
1528 1590 1658 1622 revelat
1681 1589 1784 1621 nobis
1809 1587 1874 1621 hoe
1901 1597 2097 1632 peccatum,
2131 1598 2171 1625 ut
2197 1590 2316 1626 humi-

1334 1641 1409 1675 liati
1426 1651 1634 1685 quaeramus
1653 1639 1818 1681 gratiam,
1847 1646 1878 1672 et
1902 1651 2130 1682 agnoscamus
2152 1642 2318 1677 beneficia

1332 1690 1485 1731 Christi,
1518 1690 1607 1724 sicut
1641 1687 1762 1725 loban.
1788 1689 1930 1734 inquit:
1969 1690 2026 1723 Ad
2052 1688 2119 1726 hoc
2150 1694 2314 1738 apparuit

1333 1743 1426 1776 filius
1444 1740 1527 1782 Dei,
1551 1748 1589 1774 ut
1606 1741 1762 1774 destruat
1776 1753 1881 1784 opera
1898 1741 2045 1775 diaboli.

1513 1822 1703 1859 Peccatum
1722 1824 1760 1858 in
1777 1822 1954 1858 mnndum
1973 1825 2135 1862 intravit.

1436 1892 1542 1936 Quod
1575 1893 1742 1939 loquatur
1764 1892 1895 1927 Paulus
1927 1895 1970 1927 de
2003 1902 2142 1938 peccato
2174 1895 2322 1939 originis

1336 1945 1558 1978 manifestum
1585 1952 1655 1985 est,
1689 1944 1771 1988 quia
1795 1944 1953 1989 loquitur
1978 1946 2021 1978 de
2048 1952 2186 1989 peccato
2211 1946 2323 1989 Adae,

1337 2002 1479 2040 propter
1496 1995 1590 2039 quod
1609 2006 1730 2027 omnes
1748 1993 1909 2028 homines
1926 1996 1975 2028 rei
1992 2003 2086 2036 sunt,
2109 1996 2198 2031 sicut
2215 1998 2320 2041 paulo

1337 2054 1416 2090 post
1439 2045 1542 2078 dicit:
1572 2043 1624 2078 Eo
1647 2046 1740 2090 quod
1767 2057 1888 2078 omnes
1914 2055 2163 2090 peccaverunt,
2197 2048 2234 2081 id
2257 2056 2322 2090 est,

1337 2097 1387 2130 rei
1404 2102 1509 2139 sunt,
1535 2094 1639 2129 Item:
1675 2095 1742 2129 Per
1762 2097 1867 2129 unius
1888 2097 2055 2130 delictum
2073 2099 2322 2133 condemnatio

1338 2148 1489 2192 pervasit
1513 2147 1550 2179 in
1575 2158 1716 2187 omnes,
1759 2146 1862 2180 ltem:
1907 2147 2056 2192 Propter
2085 2149 2321 2182 obedientiam

1338 2199 1443 2231 unius
1472 2204 1667 2240 peccatores
1691 2205 1773 2231 sunt
1790 2198 1864 2231 alii.
1915 2196 1988 2231 Iam
2008 2199 2187 2232 sitantum
2205 2205 2319 2233 essent

1337 2248 1486 2283 actualia
1513 2248 1662 2288 delicta,
1707 2250 1932 2294 unusquique
1964 2256 2098 2282 tantum
2125 2259 2205 2281 reus
2230 2255 2320 2283 esset

1338 2300 1392 2333 sui
1410 2299 1542 2332 delicti.
1595 2298 1698 2332 Nunc
1717 2306 1864 2333 testatur
1882 2299 1937 2331 hic
1953 2298 2083 2332 Paulus
2102 2310 2224 2332 omnes
2241 2310 2320 2333 reos

1339 2362 1410 2383 esse
1427 2357 1569 2394 propter
1585 2361 1696 2382 unum
1714 2349 1839 2384 Adam.
1890 2348 1984 2392 Ergo
2010 2356 2060 2383 est
2082 2349 2178 2383 aliud
2199 2362 2320 2395 pecca—

1338 2408 1410 2435 tum
1429 2407 1564 2445 praeter
1580 2401 1712 2434 actuale
1728 2408 1788 2436 etc.

1354 2491 1478 2540 Usque
1495 2490 1550 2526 ad
1567 2490 1679 2538 Iegem
1699 2491 1791 2525 enim
1805 2495 1988 2538 peccalum
2009 2495 2086 2525 erat
2105 2491 2143 2526 in
2155 2490 2302 2529 mundo.

1437 2559 1519 2594 Non
1546 2559 1661 2593 solum
1690 2555 1756 2591 hoc
1794 2557 1890 2596 vult,
1934 2557 2118 2593 Peccatum
2151 2560 2258 2593 fuisse
2282 2560 2320 2592 in

1339 2611 1473 2645 mundo
1493 2617 1573 2644 ante
1590 2608 1844 2654 promulgatam
1865 2608 1992 2651 legem,
2021 2611 2079 2643 sed
2105 2611 2208 2645 etiam
2233 2610 2322 2644 illud

1337 2659 1394 2696 hie
1423 2661 1569 2697 attexit:
1600 2660 1692 2703 Lege
1725 2671 1798 2692 non
1823 2670 1895 2692 esse
1927 2661 2098 2695 abolitum
2129 2668 2319 2706 peccatum,

2407 1811 2410 1839 .-
2402 746 2413 1804 -m-wm—
2404 726 2408 742 -
2404 642 2410 722 ἡ.-
