2415 2942
0 1252 15 1411 *ss-Tisse-s-ss‘*

116 100 213 137 1253

333 101 435 138 XIII.
487 99 523 137 5.
550 99 854 137 ENARRATtO
882 98 1037 136 EPIST.
1067 97 1214 135 PAULI
1242 96 1310 132 AD
1336 98 1695 145 COLOSSENSES.
1746 106 1851 147 CAP,
1879 109 1927 149 Π,

2052 117 2149 155 1254

108 199 191 221 cans
216 199 274 221 eos
300 187 370 221 vita
397 194 558 228 aeterna,
603 195 636 222 et
663 187 864 221 immediate
888 187 1104 232 conspicitur
1158 196 1247 230 quae
1269 184 1307 218 in
1335 186 1438 219 nobis
1459 186 1621 222 incoatur
1645 190 1682 223 in
1706 188 1769 227 hac
1786 194 1877 236 vita,
1903 203 1936 231 et
1958 196 2143 238 exhibetur

109 239 153 272 ab
173 238 235 272 eis.

107 338 161 374 De
185 337 251 374 hoc
276 343 383 375 modo
407 341 557 376 dicitur:
586 340 681 375 Deus
700 342 765 375 erit
783 341 902 374 omnia
927 341 964 374 in
983 341 1100 374 omni-

108 391 191 432 hus,
221 391 354 426 scilicet
379 392 417 425 in
443 393 574 434 beatis,
602 393 638 426 id
657 399 724 434 est,
751 392 799 426 sic
822 392 887 427 erit
912 392 949 425 in
967 393 1035 431 eis,
1059 399 1099 427 ut

106 454 181 476 non
199 442 242 476 sit
261 443 367 477 simul
391 450 581 488 peccatum.

203 509 346 545 Tertius
381 512 509 545 modus
549 510 755 544 nominatur
789 510 892 543 etiam
935 509 1096 554 specialis

107 561 321 605 praesentia,
356 574 423 607 qua
448 570 498 597 est
519 563 555 595 in
579 562 707 596 sanctis
734 561 769 593 in
795 558 860 594 hac
881 561 967 601 vita,
996 569 1034 594 ut
1058 562 1094 593 in

103 609 259 653 Davide,
286 624 354 657 qua
380 613 577 657 praesentia
603 625 675 645 non
702 618 840 646 tantum
868 619 983 645 servat
999 611 1094 646 Deus

101 673 224 695 eorum
241 664 471 705 substantias,
497 665 556 697 sed
581 663 684 697 etiam
710 663 814 696 efficit
840 663 875 695 in
895 663 943 695 eis
965 675 1093 695 novam

102 712 217 746 lucem
237 720 270 747 et
288 721 403 748 motus
420 715 485 748 sibi
504 715 698 759 placentes,
725 721 758 747 et
785 713 1002 757 conspicitur
1027 714 1095 746 im-

101 764 270 803 mediate,
307 771 344 798 ut
379 766 416 798 in
449 765 519 799 vita
554 772 717 806 aeterna,
744 766 802 797 sed
840 777 901 808 per
936 765 1094 799 verbum.

102 813 205 848 Hanc
238 816 467 860 praesentiam
502 816 733 860 separabilem
770 827 842 848 esse
870 815 1093 850 manifestum

103 872 172 906 est,
200 866 293 900 iuxta
313 867 445 900 dictum
463 868 505 901 de
523 867 754 900 redeuntibus
770 867 813 899 ad
832 866 1015 900 vomitum.

205 932 362 976 Quartus
378 935 504 968 modus
522 934 737 979 praesentiae
757 940 807 966 est
823 933 908 966 unio
926 946 1093 977 persona—

102 982 166 1024 liS,
200 996 268 1027 qua
290 985 422 1018 scilicet
447 986 597 1018 secunda
630 996 777 1029 persona
810 985 1008 1018 divinitatis
1038 997 1092 1018 as-

102 1034 226 1068 sumsit
248 1032 439 1068 humanam
462 1043 644 1076 naturam,
678 1047 749 1068 non
776 1035 889 1068 solnm
914 1035 1092 1079 insepara-

103 1084 243 1126 biliter,
272 1087 329 1119 sed
352 1087 420 1127 ita,
449 1093 484 1120 ut
502 1088 544 1119 sit
563 1099 673 1120 unum
699 1087 912 1130 completum
934 1084 1091 1133 ὑφιστά-

101 1148 218 1180 μενον
235 1137 294 1170 illa
312 1144 435 1171 natura
454 1135 626 1178 humana,
649 1144 681 1171 et
705 1134 812 1185 λόγος
828 1149 1006 1170 assumens
1024 1135 1090 1170 Iin-

100 1199 240 1220 manain
273 1196 433 1222 naturam
471 1190 746 1234 propemodum,
789 1195 827 1222 ut
869 1188 906 1220 in
946 1189 1089 1223 caeteris

100 1235 308 1272 hominibus
352 1240 576 1284 copulatione
618 1241 756 1273 animae
793 1247 825 1272 et
859 1240 1016 1283 corporis
1053 1240 1090 1273 fit

102 1300 213 1322 unum
241 1291 455 1335 completum
486 1289 755 1337 ὑφιστάμενον.
821 1289 897 1323 Hac
923 1291 1090 1324 similitu-

98 1340 182 1374 dine
198 1341 251 1374 usi
268 1350 351 1377 sunt
369 1340 602 1384 Athanasius,
630 1341 786 1387 Cyrillus
806 1348 838 1375 et
856 1339 1024 1376 Iustinus.

199 1408 257 1443 Sic
286 1410 392 1453 igitur
420 1410 636 1453 intelligatur
670 1406 737 1442 hoc
775 1409 851 1441 loco
888 1406 1089 1442 inhabitare

101 1461 350 1504 corporaliter,
391 1468 431 1495 ut
463 1461 683 1494 discernatur
708 1460 794 1492 unio
820 1460 1014 1504 personalis
1045 1461 1089 1493 ab

99 1511 178 1544 aliis
205 1512 318 1545 modis
345 1513 579 1557 praesentiae,
616 1512 705 1544 sicut
737 1511 887 1544 dicitur:
930 1509 1087 1544 Verbum

100 1573 180 1594 caro
197 1562 326 1595 factum
351 1570 411 1595 est.
467 1562 573 1605 Quod
599 1569 712 1595 autem
735 1562 867 1605 inquit:
897 1561 1088 1594 Plenitudo

103 1611 317 1652 divinitatis,
348 1614 514 1646 discernit
533 1620 567 1645 et
583 1610 654 1645 hoc
672 1613 777 1644 modo
806 1612 916 1644 filium
941 1613 984 1644 ab
1010 1612 1089 1644 aliis

101 1663 223 1697 beatis.
294 1663 332 1695 In
361 1664 439 1696 aliis
469 1671 549 1696 sunt
582 1662 806 1707 particularia
837 1664 950 1702 dona,
984 1670 1021 1696 ut
1050 1663 1086 1694 in

101 1712 235 1753 Moise,
256 1712 372 1750 Helia,
416 1714 455 1747 In
474 1714 546 1746 filio
567 1720 682 1746 autem
702 1720 750 1746 est
767 1713 979 1753 substantia,
1000 1725 1088 1758 quae

97 1770 149 1798 est
174 1767 325 1798 secunda
359 1777 506 1810 persona
538 1764 753 1804 divinitatis,
791 1765 983 1796 immensae
1009 1777 1088 1808 per-

100 1816 285 1856 fectionis,
313 1818 553 1860 omnipotens,
581 1823 613 1849 et
637 1816 755 1848 efficax
781 1815 817 1847 in
849 1815 946 1853 aliis,
974 1824 1012 1849 ut
1033 1814 1089 1848 lo-

98 1864 235 1900 hannes
258 1868 390 1912 inquit:
421 1866 472 1900 Ex
497 1867 719 1911 plenitudine
745 1866 818 1898 eius
845 1878 966 1899 omnes
992 1878 1088 1899 aece-

99 1918 228 1962 pimUS.
284 1919 367 1952 Non
394 1920 499 1961 igitur
525 1919 573 1951 sic
598 1917 815 1960 intelligatur
834 1924 965 1957 textus,
993 1919 1088 1963 quod

98 1976 168 2003 tres
186 1982 353 2012 personae
372 1970 597 2003 assumserint
617 1967 806 2001 humanam
824 1977 984 2000 naturam
998 1995 1006 2009 ,
1030 1970 1088 2001 sed

99 2021 285 2064 plenitudo
312 2021 356 2055 sit
387 2021 547 2065 opposita
571 2020 843 2065 particularibus
872 2019 976 2052 donis
1009 2031 1089 2053 san-

98 2078 247 2106 ctorum.

297 2155 347 2190 In
367 2157 446 2204 ipso
466 2155 549 2190 estis
567 2154 811 2189 consummati
829 2160 887 2188 elc.

204 2224 267 2260 Est
291 2232 322 2259 et
347 2223 431 2258 haec
454 2223 627 2257 sententia
651 2223 752 2255 valde
779 2222 945 2265 insignis,
971 2229 1003 2256 et
1027 2235 1090 2267 op-

100 2278 246 2322 ponitur
265 2276 508 2320 imaginationi
526 2274 707 2320 quaerenti
726 2274 897 2307 iusticiam
914 2274 1089 2318 operibUS,

102 2340 162 2362 seu
181 2329 265 2372 legis
289 2329 448 2366 divinae,
476 2339 536 2359 seu
562 2325 812 2365 traditionum,
841 2326 883 2357 de
907 2337 974 2370 qua
1000 2325 1089 2358 ima-

101 2380 280 2422 ginatione
304 2387 404 2413 antea
424 2379 512 2411 dixi:
542 2376 653 2410 Nemo
681 2388 742 2408 vos
766 2376 917 2420 decipiat
941 2388 1002 2420 per
1018 2383 1089 2409 tra-

101 2431 256 2464 ditiones
274 2428 459 2465 humanas.
512 2427 645 2473 Estque
661 2424 854 2461 antithesis.
915 2426 1006 2470 Lege
1023 2425 1088 2460 Dei

102 2494 176 2514 non
202 2483 282 2515 estis
310 2480 564 2519 consummati,
604 2480 639 2511 id
666 2486 733 2517 est,
767 2490 830 2510 nec
860 2478 943 2511 iusti
971 2490 1087 2511 coram

101 2532 176 2567 Deo
190 2560 198 2574 ,
227 2546 289 2566 nec
314 2533 450 2566 liberati
472 2544 488 2564 a
509 2537 636 2569 morte,
665 2542 727 2562 nec
747 2529 869 2562 donati
889 2530 958 2562 vita
978 2537 1088 2563 aeter-

103 2596 165 2624 na,
194 2585 306 2617 multo
327 2585 442 2617 minus
460 2583 712 2616 traditionibus
732 2579 906 2615 humanis,
960 2580 1029 2615 Sed
1050 2581 1087 2613 in

103 2633 247 2669 Christo
283 2634 517 2668 consummati
550 2633 651 2671 estis,
686 2633 835 2671 scilicet,
869 2638 901 2665 et
935 2632 1087 2676 imputa-

105 2686 200 2720 tione
226 2693 257 2720 et
287 2686 508 2720 restitutione
539 2684 698 2718 iusticiae
732 2690 766 2717 et
797 2683 887 2717 vitae
917 2689 1087 2724 aeternae,

289 237 333 272 Et
353 251 555 284 quanquam
575 251 648 273 non
664 239 812 273 discedit
830 239 873 272 ab
891 239 959 280 eis,
985 246 1100 273 tamen
1125 251 1130 273 ι
1156 243 1398 271 consummata
1424 245 1503 281 post
1527 237 1617 273 hanc
1641 242 1761 279 vitam.

107 290 205 323 adest
228 296 366 324 tantum
391 291 572 331 societate,
609 297 642 324 et
667 284 856 334 reipsaest
881 290 1098 333 separabitis.
1124 275 1128 312 Ι
1153 287 1290 321 effectio
1321 294 1466 332 propter
1495 291 1723 326 mediatorem
1750 302 1784 329 et
1812 308 1874 340 per
1895 311 1987 337 eum,

1831 245 1888 281 Fit
1911 255 2027 284 autem
2056 251 2142 288 haec

2055 302 2139 339 Ideo

1152 338 1363 371 nominatim
1388 339 1536 373 dicitur:
1566 340 1607 374 In
1626 341 1768 379 Christo
1791 352 2023 386 consummati
2048 356 2129 389 estis

1152 401 1225 422 non
1244 389 1379 422 meritis
1402 390 1510 424 ullius
1535 400 1730 437 creaturae,
1756 408 1829 431 non
1853 399 1947 444 lege,
1974 415 2046 437 non
2067 383 2141 439 tra:

1151 440 1359 474 ditionibus.
1420 440 1473 474 Ac
1503 453 1640 490 semper
1664 445 1701 478 in
1728 444 1794 481 hac
1818 449 1887 483 vita
1914 456 2063 489 tenenda
2089 464 2139 491 est

1150 488 1235 524 haec
1260 490 1473 532 consolatio,
1508 495 1603 537 quod
1634 508 1837 543 quanquam
1863 509 1945 537 sunt
1971 504 2011 538 in
2035 508 2140 542 nobis

1150 539 1266 575 adhuc
1293 542 1463 587 reliquiae
1488 546 1618 587 peccati
1635 553 1668 580 et
1684 560 1830 592 magnae
1853 555 1993 596 sordes,
2021 563 2138 592 tamen

1149 593 1187 625 in
1205 591 1346 626 Christo
1364 594 1474 626 simus
1495 599 1726 632 consummati
1754 601 2004 647 imputatione,
2032 614 2072 642 ut
2094 610 2136 643 ad

1149 643 1332 678 Romanos
1349 641 1383 678 5.
1410 644 1558 680 dicitur:
1597 646 1775 683 lustificati
1801 652 1867 686 fide
1890 666 2010 698 pacem
2029 655 2137 692 habe—

1149 706 1228 728 mus
1261 695 1352 738 apud
1386 693 1514 731 Deum.
1587 695 1738 734 Roman.
1764 701 1818 736 6.:
1853 703 1935 738 Non
1968 708 2051 742 estis
2074 711 2139 744 sub

1149 745 1223 789 lege
1246 747 1305 779 sed
1329 746 1394 779 sub
1416 746 1538 789 gratia.
1605 747 1732 784 Roma.
1750 752 1802 787 8.:
1836 753 1943 789 Nulla
1966 770 2061 793 nunc
2088 768 2137 795 est

1148 797 1396 830 condemnatio
1429 795 1483 830 his
1513 798 1575 842 qui
1600 799 1636 832 in
1663 799 1804 837 Christo
1833 803 1911 839 Iesu
1943 810 2138 846 ambulant.

1148 848 1254 881 Item:
1283 847 1371 891 Quis
1387 849 1562 883 accusabit
1581 850 1731 885 electos?
1771 854 1866 889 Deus
1887 865 1935 891 est
1954 861 2013 904 qui
2035 861 2138 896 iusti—

1148 899 1240 933 ficat.
1296 898 1400 932 ltem:
1430 896 1590 934 Christus
1608 909 1657 935 est
1677 904 1712 935 in
1738 907 1879 940 dextera
1902 911 2010 952 patris
2027 911 2135 947 inter-

1148 950 1283 994 pellans
1303 962 1365 993 pro
1383 950 1496 986 nobis,
1552 950 1625 985 Iob.
1647 954 1722 987 13.:
1750 954 1900 992 Etiamsi
1919 962 2052 996 occidet
2070 977 2136 1007 me,

1148 1002 1294 1044 sperabo
1312 1001 1348 1033 in
1364 1013 1456 1036 eum.
1511 1001 1753 1039 Veruntamen
1777 1008 1851 1042 vias
1875 1023 1970 1045 meas
1995 1025 2057 1057 ego
2080 1028 2135 1049 ar-

1147 1063 1270 1094 guam,
1298 1059 1330 1085 et
1348 1052 1421 1096 ipse
1438 1058 1487 1085 est
1505 1052 1592 1086 mihi
1609 1056 1651 1087 ad
1670 1057 1829 1092 salutem.

1146 1103 1253 1136 trabit
1278 1115 1394 1136 coram
1419 1115 1458 1136 eo
1484 1105 1599 1138 omnis
1622 1103 1817 1152 hypocrita.
1882 1113 1912 1146 1.
1937 1113 2060 1151 Iohan.
2079 1117 2133 1153 5.:

1146 1154 1218 1196 Qui
1241 1152 1345 1188 habet
1362 1154 1485 1195 filium,
1505 1153 1611 1190 habet
1631 1159 1748 1193 vitam.
1794 1159 1869 1196 lob.
1888 1163 1937 1197 3.:
1967 1166 2025 1200 Sic
2040 1167 2136 1203 Deus

1145 1205 1268 1239 dilexit
1294 1207 1488 1246 mundum,
1514 1218 1537 1239 u
1563 1207 1674 1241 silium
1699 1222 1800 1244 suum
1825 1214 2046 1257 unigenitum
2073 1221 2135 1253 da—

1145 1264 1196 1289 ret
1216 1263 1277 1289 etc.
1311 1255 1356 1289 Et
1376 1253 1542 1292 toh.17.:
1570 1258 1625 1293 Sit
1642 1261 1783 1295 dilectio
1802 1263 1837 1295 in
1857 1265 1905 1298 eis
1923 1279 1989 1312 qua
2010 1281 2064 1303 me
2083 1272 2137 1303 di·-

1143 1307 1233 1349 ligis,
1287 1305 1351 1339 His
1376 1308 1603 1351 amplissimis
1628 1318 1659 1344 et
1684 1312 1897 1348 dulcissimis
1922 1321 2134 1354 consolatio-

1143 1358 1249 1390 nibus
1267 1358 1516 1391 confirmemus
1533 1371 1597 1392 nos
1617 1361 1654 1392 in
1676 1362 1917 1406 invocatione,
1946 1376 1978 1402 et
2002 1371 2130 1406 adiun-

1142 1419 1262 1452 gamus
1279 1419 1336 1441 eas
1353 1409 1395 1441 ad
1417 1409 1570 1444 dictum:
1601 1410 1643 1444 ln
1664 1413 1739 1457 ipso
1756 1421 1989 1454 consummati
2006 1423 2098 1457 estis.

1883 1060 1976 1104 Quia
1992 1076 2064 1098 non
2081 1067 2136 1100 in-

1167 1490 1217 1526 In
1243 1504 1315 1540 quo
1339 1496 1369 1526 et
1397 1491 1602 1528 circumcisi
1622 1497 1708 1531 estis
1733 1498 2004 1539 circumcisione
2026 1519 2100 1542 non

1472 1557 1585 1578 manu
1603 1547 1716 1594 facta
1740 1554 1800 1586 etc.

1243 1609 1407 1646 Declarat
1451 1614 1667 1657 superiorem
1711 1620 1919 1662 particulam
1937 1650 1946 1665 ‚
1989 1623 2031 1658 In
2060 1626 2134 1672 ipso

1144 1664 1379 1696 consummati
1412 1664 1513 1703 estis,
1549 1667 1668 1700 addita
1700 1669 1876 1706 antithesi.
1944 1674 2036 1719 Lege
2061 1691 2132 1712 non

1143 1713 1247 1747 eratis
1270 1716 1522 1753 consummati,
1559 1718 1617 1749 sed
1642 1718 1696 1752 lex
1721 1729 1794 1755 erat
1820 1731 1942 1768 typus,
1977 1725 2049 1762 Res
2076 1742 2132 1763 ex-

1143 1763 1254 1798 hibita
1274 1772 1324 1798 est
1342 1777 1403 1809 per
1419 1764 1613 1802 Christum.
1667 1768 1896 1808 Circumcisio
1916 1777 2130 1820 significabat

1143 1816 1374 1849 abiectionem
1406 1818 1564 1861 corporis
1593 1830 1814 1863 peccatorum
1841 1831 1873 1858 et
1896 1832 2131 1870 regeneratio-

1143 1880 1242 1907 nem,
1270 1865 1333 1900 has
1358 1880 1412 1901 res
1439 1868 1507 1901 iam
1533 1866 1669 1904 habetis
1697 1886 1759 1917 per
1775 1874 1966 1914 Christum.
2021 1879 2133 1915 Inter-

1144 1925 1301 1962 pretatur
1325 1930 1406 1962 ergo
1432 1918 1746 1957 Circumcisionem
1764 1932 1797 1960 et
1822 1929 1947 1972 repetit
1968 1930 2132 1967 beneficia

1144 1968 1296 2010 Christi,
1322 1970 1359 2003 in
1383 1970 1512 2016 quibus
1538 1984 1659 2006 rursus
1680 1982 1860 2022 utrunque
1876 1981 2131 2029 complectitur,

1144 2021 1413 2064 imputationem
1438 2022 1596 2057 iusticiae
1621 2032 1652 2058 et
1677 2032 1964 2072 renovationem,
1991 2037 2130 2078 quaein

1144 2072 1209 2105 hac
1234 2072 1305 2105 vita
1331 2073 1369 2107 fit
1392 2073 1428 2105 in
1454 2076 1700 2118 conversione,
1725 2085 1757 2112 et
1782 2080 1870 2113 duos
1895 2084 2017 2117 modos
2035 2098 2130 2119 com-

1146 2123 1328 2167 plectitur,
1354 2124 1660 2159 mortificationem
1685 2136 1718 2162 et
1745 2130 2026 2170 vivificationem.
2081 2138 2131 2172 De

1144 2175 1415 2208 mortificatione
1438 2176 1539 2209 dicit:
1567 2177 1660 2212 Estis
1685 2183 1879 2224 consepulti
1903 2196 1980 2217 cum
2006 2199 2045 2220 eo
2071 2201 2131 2232 per

1145 2226 1367 2269 baptismum.
1445 2226 1498 2260 De
1529 2228 1761 2264 vivificatione
1788 2232 1924 2278 inquit:
1960 2233 2053 2271 Estis
2077 2252 2130 2273 re-

1146 2277 1303 2310 suscitati
1327 2289 1405 2310 cum
1431 2289 1471 2310 eo
1497 2291 1557 2322 per
1587 2280 1689 2313 sidem
1716 2283 1866 2317 efficacia
1891 2286 1974 2319 eius
2041 2288 2129 2324 Cum

1144 2335 1258 2361 autem
1281 2326 1365 2361 haec
1390 2329 1560 2363 vocabula
1588 2330 1815 2367 Mortificatio
1841 2342 1873 2368 et
1892 2335 2089 2375 Vivificatio
2113 2354 2129 2375 a

1144 2391 1226 2412 vero
1244 2379 1425 2413 intellectu
1447 2381 1488 2412 ad
1506 2377 1709 2426 hypocrisin
1729 2391 1952 2420 externorum
1970 2398 2127 2432 gestuum

1144 2443 1160 2463 a
1187 2428 1370 2463 monachis
1395 2437 1427 2464 et
1456 2431 1615 2465 fanaticis
1647 2431 1852 2470 hominibus
1882 2439 2017 2475 detorta
2049 2443 2128 2484 sint,

1143 2481 1384 2515 consideretur
1400 2494 1480 2514 vera
1499 2483 1716 2525 significatio,

1248 2531 1295 2566 Ut
1317 2539 1430 2566 autem
1457 2533 1492 2565 in
1519 2535 1684 2568 omnibus
1701 2536 1837 2572 artibus
1857 2547 1889 2573 et
1910 2543 2056 2585 negotiis
2074 2544 2126 2576 di-

1146 2583 1292 2626 ligentia
1322 2584 1514 2617 necessaria
1545 2591 1615 2627 est,
1658 2588 1777 2621 videre
1810 2591 1872 2624 ubi
1905 2604 1957 2625 res
1984 2595 2125 2627 eaedem

1143 2635 1307 2678 pluribus
1326 2635 1622 2679 appellationibus
1640 2638 1851 2682 efferantur,
1881 2648 1912 2674 et
1931 2651 2022 2677 recte
2042 2657 2127 2678 con-

1146 2686 1290 2730 iungere
1319 2686 1595 2730 appellationes:
1640 2689 1687 2723 ita
1711 2690 1749 2724 iu
1781 2689 1848 2725 hoc
1874 2692 1950 2727 loco
1981 2695 2129 2730 sciamus

1289 2734 1369 2771 79*
