2415 2942
242 92 314 127 659

248 183 418 210 summata
455 170 589 205 iusticia
617 175 650 202 et
675 165 895 206 obedientia,
935 171 967 198 et
992 163 1151 208 impletio
1185 164 1238 197 le-

248 229 319 271 gis,
348 234 429 259 tunc
448 234 524 255 cum
545 230 687 264 prorsus
711 218 823 251 deleta
851 214 914 249 hac
938 215 1141 249 infirmitate
1163 226 1240 248 car-

251 278 323 316 nis,
363 274 550 307 vestiemur
569 277 640 304 tota
670 269 825 301 novitate
849 266 1043 311 spirituali,
1077 277 1166 312 quae
1191 272 1241 299 est

250 330 383 368 integra
406 323 541 357 iusticia
562 329 594 355 et
612 319 814 354 obedientia
832 318 906 351 sine
925 324 1076 361 peccato.

351 393 444 425 Sciat
470 396 583 422 antem
609 389 718 420 lector
744 385 834 419 lianc
852 385 1026 418 rationem
1044 396 1241 418 accommo-

253 444 402 477 dandam
425 453 496 474 esse
515 441 555 473 ad
583 440 778 472 institutam
809 436 1106 480 propositionem,
1142 435 1241 468 vide-

255 496 349 528 licet:
388 492 491 525 Nulla
508 503 601 523 nunc
626 488 873 522 condemnatio
898 493 946 520 est
969 484 1040 527 his,
1075 486 1135 531 qni
1161 491 1243 519 sunt

257 547 293 578 in
310 542 451 577 Christo
471 550 534 576 etc.
588 540 675 573 Nam
694 547 731 572 ut
748 537 836 571 hanc
855 538 1132 581 propositionem
1157 548 1243 569 con-

258 597 428 634 firmaret,
463 591 579 625 adiicit
604 590 802 635 sequentia,
839 595 958 633 estque
982 585 1065 620 haec
1091 599 1242 620 summa:

259 645 450 679 Credentes
466 649 546 676 sunt
564 642 666 681 iusti,
700 641 732 672 id
752 647 818 677 est,
854 640 981 681 accepti
1000 637 1074 671 Deo
1101 644 1245 682 propter

259 695 458 733 Christum,
493 693 625 725 etiamsi
661 691 725 733 legi
752 703 822 722 non
848 689 1075 723 satisfaciunt.
1137 686 1244 721 Ratio

262 755 328 780 est:
358 745 450 787 Quia
474 744 565 776 enim
584 740 744 775 Christus
770 752 833 784 pro
861 739 962 771 nohis
985 740 1094 771 sactus
1121 744 1172 771 est
1193 738 1245 769 vi-

263 798 386 835 ctima,
415 802 446 828 et
463 793 602 827 sustulit
620 799 816 836 peccatum,
851 790 928 822 ideo
955 789 1024 822 iam
1051 801 1122 821 non
1145 800 1246 821 accu-

264 855 312 881 sat
340 847 392 878 lex
422 846 623 881 credentes,
655 843 712 874 sed
730 852 849 873 sumus
877 840 956 873 iusti
982 847 1125 883 propter
1141 837 1247 872 Chri-

265 907 354 931 stum
376 898 459 935 tide,
489 894 633 937 perinde
652 904 690 924 ac
711 892 736 923 si
757 891 823 932 logi
843 891 1127 923 satisfaceremus.
1171 889 1249 923 Sic-

266 956 300 981 nt
337 954 367 979 et
402 946 436 978 in
460 944 575 978 Galat.
606 942 738 987 inquit:
773 940 933 974 Christus
956 941 1120 974 liberavit
1142 952 1214 984 nos
1231 951 1250 972 a

265 997 511 1030 maledictione
536 994 638 1036 legis,
673 994 782 1025 factus
801 1004 863 1036 pro
888 992 991 1024 nobis
1016 992 1250 1025 maledictum.

266 1049 359 1082 ilaec
376 1054 424 1081 est
445 1057 579 1079 summa
600 1043 944 1077 accommodationis.

369 1116 438 1149 Sed
456 1126 537 1148 usus
554 1113 657 1145 etiam
676 1111 882 1154 cogitandus
899 1117 966 1150 est,
984 1109 1140 1143 continet
1157 1109 1252 1141 enim

269 1167 443 1211 duplicem
462 1164 680 1202 doctrinam,
708 1170 746 1195 ut
770 1173 872 1205 supra
897 1161 1029 1193 monui.
1081 1159 1251 1193 Consola-

270 1227 326 1251 tur
348 1218 440 1264 pios,
476 1223 513 1248 ut
535 1214 750 1255 intelligant,
784 1212 960 1256 quomodo
986 1211 1142 1254 placeant
1165 1209 1251 1244 Deo.

270 1268 406 1302 Rursus
424 1267 525 1298 etiam
545 1263 707 1297 humiliat
723 1263 908 1306 superbos,
925 1269 963 1295 ut
981 1262 1255 1301 meminerimus,

271 1332 334 1351 nos
368 1316 494 1350 habere
528 1322 722 1358 peccatum,
772 1320 803 1345 et
832 1325 903 1345 non
942 1312 1138 1345 satisfacere
1176 1312 1255 1354 legi.

273 1372 389 1411 Quare
407 1367 642 1410 repudiandae
661 1371 741 1397 sunt
756 1363 938 1406 opiniones
962 1363 1254 1400 adversariorum,

272 1423 313 1452 de
332 1419 455 1451 merito
474 1416 655 1458 condigni,
684 1416 726 1446 de
743 1414 954 1458 perfectione
977 1420 1041 1447 etr.

272 1468 591 1503 accommodatione
610 1474 641 1499 et
657 1477 721 1497 usu
742 1477 882 1496 monere
902 1475 1038 1496 necesse
1057 1470 1116 1496 est.
1167 1462 1256 1496 Nam

273 1521 346 1553 sine
367 1531 432 1551 usu
449 1530 520 1551 non
540 1523 650 1561 potest
673 1515 821 1558 intelligi
846 1515 1041 1558 amplitudo
1068 1512 1173 1547 huius
1195 1514 1259 1547 be-

273 1570 399 1604 neficii.

375 1635 559 1670 Caeterum
582 1635 616 1667 in
637 1640 730 1667 textu
747 1632 905 1666 additum
926 1639 991 1666 est:
1026 1630 1107 1664 Non
1135 1643 1258 1664 secun-

275 1690 358 1721 dum
381 1699 519 1721 carnem
544 1685 822 1724 ambulantibus,
859 1685 916 1716 sed
941 1684 1133 1715 secundum
1157 1683 1261 1726 spiri—

275 1747 363 1773 tum.
416 1737 503 1780 Hic,
531 1744 567 1769 ut
583 1748 684 1779 supra
706 1735 794 1775 dixi,
821 1740 981 1774 testatur,
998 1735 1092 1778 quod
1111 1734 1262 1767 donetur

276 1790 430 1837 Spiritus
446 1794 594 1821 sanctus.
650 1786 754 1825 Item,
791 1785 884 1830 quod
910 1796 982 1817 non
1009 1785 1181 1818 retineant
1207 1785 1261 1817 iu-

277 1841 410 1873 sticiam
444 1840 606 1871 donatam
641 1837 711 1876 illi,
747 1836 806 1879 qui
831 1842 912 1868 sunt
938 1835 1013 1867 sine
1038 1835 1262 1878 poenitentia,

276 1899 309 1925 et
326 1903 399 1923 non
416 1896 612 1934 repugnant
630 1887 829 1920 carnalibus
847 1886 1109 1930 cupiditatibus.

279 1972 356 2021 Qui
380 1973 472 2007 enim
497 1969 692 2005 secundum
720 1982 862 2003 carnem
886 1974 989 2007 sunl,
1024 1981 1116 2016 quae
1141 1969 1262 2003 carnis

583 2026 684 2062 sunl,
716 2020 867 2068 sapiunt
887 2025 947 2056 etc.

382 2089 584 2124 instituitur
600 2085 801 2127 antithesis,
829 2094 866 2119 ut
884 2087 1102 2120 discernatur
1126 2087 1260 2121 iusticia

281 2142 434 2176 hnmana
454 2142 496 2173 ab
511 2138 574 2172 hac
590 2139 763 2182 spirituali
783 2145 813 2170 et
833 2144 990 2177 aeterna,
1024 2138 1067 2169 de
1085 2150 1151 2182 qua
1179 2151 1261 2171 con-

282 2195 440 2227 cionatur
456 2190 700 2232 Evangelium.
752 2186 884 2232 Estque
904 2185 961 2219 hic
981 2188 1165 2232 praecipua
1191 2190 1262 2222 dis—

283 2245 431 2288 putatio:
463 2241 557 2284 Quid
578 2239 784 2273 vocabulum
803 2250 881 2272 caro
906 2238 1087 2281 significet.
1139 2240 1261 2285 Aliqui

283 2296 374 2326 enim
393 2291 570 2335 imaginati
588 2298 687 2331 sunt,
715 2288 828 2323 Carne
843 2289 1030 2332 significari
1048 2296 1183 2323 tantum
1201 2303 1261 2335 ap„

283 2345 464 2388 petitiones
494 2353 668 2375 sensuum.
728 2339 866 2373 Deinde
894 2340 1067 2382 affingunt
1090 2341 1258 2374 rationem

282 2404 312 2428 et
332 2396 544 2427 voluntatem
565 2393 629 2435 legi
649 2391 734 2432 Dei,
762 2391 864 2424 etiam
881 2389 956 2422 sine
976 2390 1110 2432 Spiritu
1131 2400 1260 2432 sanem,

283 2457 378 2487 posse
397 2444 538 2476 obedire
555 2450 585 2476 et
600 2443 732 2475 efficere
748 2441 970 2474 dilectionem
989 2439 1071 2482 Dei,
1101 2442 1202 2474 fidem
1227 2451 1259 2476 et

280 2496 408 2528 similes
426 2502 550 2527 motus.
603 2493 647 2525 Et
664 2492 832 2536 Spiritum
854 2491 1057 2533 intelligunt
1078 2493 1257 2535 cogitatio-

281 2558 340 2579 nes
357 2553 387 2578 ct
413 2551 556 2577 conatus
580 2544 723 2576 rationis
750 2550 782 2576 et
807 2542 998 2575 voluntatis
1022 2542 1097 2575 sine
1123 2543 1257 2587 Spiritu

278 2604 407 2629 sancto.
458 2594 574 2639 Atque
606 2594 651 2627 ita
683 2594 933 2626 transformant
957 2590 1189 2637 Evangelium
1219 2595 1255 2629 in

274 2643 546 2694 philosophiam.

828 79 955 114 PHlL.
982 77 1099 113 MEL.
1125 77 1334 113 SCRIPTA
1362 77 1663 115 EXEGETICA.

1096 1411 1190 1446 Ilaec
1214 1413 1257 1445 de
1282 1433 1283 1443 1

2184 83 2270 120 660

1391 163 1486 199 Haec
1516 165 1718 210 depravatio
1738 164 1906 202 Paulinae
1934 168 2125 202 sententiae
2151 169 2273 213 procul

1293 216 1511 261 repudianda
1527 223 1594 258 est,
1611 223 1643 250 et
1659 222 1800 250 econtra
1817 221 2060 261 statuendum,
2082 222 2174 265 quod
2193 232 2273 253 caro

1294 279 1373 300 vere
1393 274 1424 300 et
1441 267 1582 312 proprie
1602 267 1772 309 significet
1793 274 1900 301 totam
1925 277 2084 304 naturam
2110 269 2276 312 hominis,

1293 318 1524 362 appetitiones
1539 330 1721 359 sensuum,
1747 325 1781 351 et
1804 319 1975 352 rationem
2001 327 2034 354 et
2056 322 2275 355 voluntatem

1293 369 1369 402 sine
1387 368 1521 412 Spiritu
1537 376 1668 404 sancto.
1716 366 1762 401 Et
1780 376 1919 402 econtra
1936 368 2088 413 Spiritus
2106 372 2277 415 significet

1295 418 1467 463 Spiritum
1484 428 1658 461 sanctum,
1676 425 1734 452 aut
1747 425 1861 453 motus
1877 427 1972 454 ortos
1988 432 2004 453 a
2016 420 2150 464 Spiritu
2159 429 2277 456 sancto

1296 472 1333 503 in
1355 471 1470 504 nobis.

1396 519 1517 565 Itaque
1535 521 1726 554 secundum
1743 532 1881 554 carnem
1901 532 1993 562 esse,
2018 521 2188 565 significat
2205 522 2280 555 sine

1297 569 1433 614 Spiritu
1449 579 1567 604 sancto
1583 583 1666 605 esse.
1722 569 1767 605 Et
1784 583 1902 615 sapere
1918 573 2110 605 secundum
2129 584 2283 613 carnem,

1297 621 1468 663 significat
1491 620 1619 655 habere
1644 622 1912 665 cogitationem,
1949 633 2007 655 seu
2030 623 2198 657 iudicium
2224 635 2282 656 ra-

1298 672 1447 713 tionale,
1473 680 1505 706 et
1523 673 1682 711 affectus,
1718 684 1839 706 sensus
1862 680 1893 707 et
1921 673 2129 715 voluntatis,
2162 674 2281 720 quales

1298 729 1379 756 sunt
1402 723 1477 755 sine
1497 722 1633 766 Spiritu
1657 731 1792 757 sancto:
1837 731 1876 757 ut
1899 724 2093 767 intelligere
2117 728 2155 758 et'
2175 736 2283 768 appe-

1300 781 1371 806 tere
1399 774 1611 817 voluptates,
1646 786 1746 818 opes,
1782 775 2092 819 tranquillitatem,
2123 775 2283 817 gloriam.

1299 823 1344 858 Et
1360 821 1417 856 hic
1434 835 1589 857 summus
1606 826 1732 867 gradus
1751 831 1817 865 est,
1852 825 2046 868 intelligere
2064 826 2202 859 civilem
2229 826 2285 858 iu-

1301 874 1434 906 sticiam
1446 897 1456 912 ,
1490 881 1523 907 et
1539 872 1629 907 hanc
1646 875 1789 918 plurimi
1806 876 1917 909 facere
1934 883 1966 910 et
1989 883 2168 920 appetere,
2204 888 2282 910 cum

1302 925 1443 957 interim
1460 937 1520 957 cor
1540 926 1583 957 sit
1609 925 1683 958 sine
1707 926 1832 959 timore
1851 926 1939 967 Dei,
1974 927 2116 971 plenum
2140 927 2283 960 dubita—

1304 976 1399 1008 tione
1416 982 1447 1008 et
1472 975 1692 1018 ignoratione
1710 975 1788 1009 Dei.
1841 975 1994 1010 Eeontra
2019 989 2137 1022 sapere
2159 988 2284 1010 secuu—

1304 1027 1388 1058 dum
1409 1026 1591 1068 spiritum‚
1627 1032 1676 1059 est
1699 1027 1928 1069 spiritualiter
1955 1028 2128 1068 iudicare,
2163 1035 2197 1062 et
2220 1025 2284 1060 ha-

1305 1077 1385 1109 bere
1402 1083 1517 1109 motus
1533 1076 1751 1120 spirituales,
1779 1077 1812 1109 id
1831 1083 1899 1116 est,
1926 1078 2059 1117 lucem,
2093 1090 2159 1123 qna
2177 1089 2286 1120 agno-

1305 1128 1414 1160 scitur
1433 1125 1544 1167 Deus,
1571 1135 1603 1161 et
1620 1138 1720 1159 veros
1738 1139 1882 1171 pavores
1895 1154 1904 1169 ,
1937 1140 1976 1162 ac
1991 1140 2107 1162 veram
2125 1128 2286 1162 fiduciam

1306 1178 1493 1211 luctantem
1512 1189 1590 1210 cum
1607 1178 1839 1212 dubitatione.

1554 1259 1691 1295 Sensus
1710 1260 1834 1295 carnis
1851 1266 1901 1295 est
1927 1274 2037 1298 mors.

1408 1328 1476 1362 IIic
1499 1340 1621 1362 sensus
1643 1330 1813 1372 significat
1835 1330 2100 1373 cogitationem,
2128 1337 2160 1364 et
2183 1342 2291 1376 appe-

1309 1379 1450 1413 titiones
1469 1391 1632 1412 sensnum
1653 1387 1683 1413 et
1703 1380 1903 1414 voluntatis.
1941 1380 2030 1413 Nam
2046 1380 2176 1414 Paulus
2193 1393 2288 1414 com-

1310 1431 1474 1476 plectitur
1498 1426 1610 1477 λόγον
1635 1437 1667 1463 et
1692 1427 1827 1475 ὁρμὰς,
1855 1437 1887 1463 et
1909 1431 2066 1474 loquitur
2094 1430 2223 1464 Paulus
2245 1432 2289 1465 de

1311 1480 1519 1523 cogitatione
1552 1487 1584 1514 et
1612 1481 1827 1524 appetitione
1854 1492 1932 1523 erga
1966 1480 2093 1515 Deum.

1311 1531 1479 1564 sententia
1494 1557 1502 1570 ,
1544 1532 1636 1575 quod
1669 1531 1804 1565 iusticia
1833 1529 2004 1572 humana,
2055 1530 2290 1577 philosophia,

1311 1583 1402 1624 leges
1424 1581 1623 1620 civitatum,
1657 1581 1727 1613 imo
1754 1581 1826 1624 ipsa
1850 1582 1903 1613 lex
1921 1581 2005 1621 Dei,
2038 1584 2125 1616 sicut
2142 1595 2216 1615 eam
2235 1595 2291 1616 ra-

1311 1633 1360 1666 tio
1378 1631 1452 1664 sine
1470 1632 1536 1664 fide
1555 1638 1587 1664 et
1601 1631 1674 1664 sine
1691 1630 1827 1674 Spiritu
1843 1638 1960 1664 sancto
1979 1632 2105 1674 cogitat
2130 1640 2160 1666 et
2187 1645 2293 1665 cona-

1313 1691 1369 1716 tur
1385 1683 1515 1723 facere,
1544 1682 1612 1715 sint
1626 1694 1740 1722 mors,
1766 1683 1802 1715 id
1817 1688 1885 1722 est,
1917 1694 1970 1715 res
1987 1695 2059 1715 non
2078 1683 2292 1717 vivificantes

1313 1745 1428 1767 coram
1447 1731 1538 1766 Deo:
1574 1733 1643 1765 imo
1662 1740 1776 1766 motus
1792 1733 1955 1774 rationis,
1971 1741 2109 1776 agentes
2125 1746 2202 1767 cum
2218 1733 2293 1767 Deo

1314 1784 1388 1818 siue
1419 1784 1503 1824 fide,
1546 1790 1627 1816 sunt
1656 1783 1759 1816 etiam
1791 1790 1948 1827 peccata,
1981 1796 2088 1829 quare
2110 1797 2189 1817 vere
2212 1792 2294 1819 sunt

1314 1847 1426 1873 mors,
1453 1835 1488 1867 id
1507 1841 1573 1874 est,
1599 1845 1654 1867 res
1670 1835 1843 1868 damnata.
1987 1869 1990 1872 ,

1417 1884 1537 1930 Neque
1555 1885 1712 1929 sequitur
1731 1885 1835 1924 inde,
1863 1882 2132 1928 Philosophiam
2157 1893 2214 1920 aut
2240 1887 2293 1919 le-

1315 1948 1371 1978 ges
1387 1936 1495 1968 malas
1512 1947 1595 1968 esse.
1649 1933 1716 1968 Sed
1736 1932 1959 1978 philosophia
1982 1942 2014 1968 et
2029 1935 2118 1978 leges
2135 1937 2293 1970 serviunt

1315 1986 1489 2030 corporali
1508 1986 1615 2025 vitae,
1633 1991 1665 2017 et
1681 1996 1880 2030 quanquam
1899 1992 1980 2018 sunt
1997 1997 2048 2019 res
2065 1987 2195 2028 bonae,
2213 1999 2292 2020 cum

1314 2049 1377 2070 suo
1395 2037 1471 2069 loco
1487 2037 1637 2074 utimur,
1673 2043 1789 2069 tamen
1809 2048 1880 2069 non
1903 2036 2079 2069 vivificant
2102 2038 2138 2069 in
2162 2038 2292 2070 indicio

1314 2087 1399 2127 Dei,
1427 2099 1498 2120 non
1516 2087 1691 2120 vivificant
1711 2086 1779 2120 vita
1797 2093 1953 2120 aeterna:
1982 2087 2052 2120 imo
2077 2099 2139 2121 nec
2160 2089 2212 2121 lex
2228 2087 2295 2121 Dei

1315 2139 1464 2171 vivificat
1488 2138 1556 2171 vita
1574 2144 1732 2177 aeterna,
1766 2149 1804 2170 ac
1825 2149 1868 2170 ne
1891 2137 2033 2181 quidem
2059 2139 2141 2172 satis
2164 2139 2294 2172 intelli-

1314 2190 1406 2233 gitur
1423 2188 1496 2221 sine
1514 2187 1650 2232 Spiritu
1668 2195 1799 2222 sancto.

2159 1480 2292 1526 Estque

1493 2270 1629 2306 Sensus
1646 2271 1799 2320 spiritus
1817 2277 1866 2306 est
1885 2272 1958 2305 vita
1976 2276 2006 2305 el
2021 2283 2112 2319 pax.

1415 2340 1453 2374 Id
1474 2348 1541 2381 est,
1568 2353 1648 2374 vera
1665 2341 1876 2380 consolatio,
1895 2352 1982 2386 qnae
2001 2340 2036 2373 fit
2056 2340 2123 2373 fide
2140 2339 2293 2385 perSpi-
2338 2376 2346 2381 ,

1313 2391 1417 2426 ritum
1434 2399 1609 2432 sanctum,
1646 2398 1695 2425 est
1718 2399 1852 2431 motus,
1886 2403 1956 2435 qno
1981 2403 2060 2424 vere
2083 2392 2293 2434 agnoscitur,

1311 2441 1605 2486 apprehenditur,
1631 2449 1663 2476 et
1681 2442 1865 2476 invocatur
1882 2440 1992 2482 Deus,
2027 2449 2059 2475 et
2083 2443 2291 2487 concipiun-

1311 2501 1367 2526 tur
1387 2506 1475 2526 nova
1495 2494 1569 2533 lux,
1598 2493 1743 2532 noticia,
1772 2493 1839 2525 vita
1859 2498 1892 2524 et
1917 2493 2084 2534 gaudium
2110 2493 2292 2527 conscien-

1311 2545 1386 2577 tiae.
1441 2544 1539 2578 Sicut
1555 2544 1645 2576 infra
1665 2544 1794 2588 inquit:
1822 2542 2014 2586 Accepistis
2040 2544 2202 2587 spiritum
2225 2546 2289 2576 ad-

1309 2595 1462 2638 optionis
1480 2595 1650 2634 filiorum,
1683 2606 1752 2638 quo
1770 2594 1957 2626 clamamus
1974 2592 2077 2627 Abba
2096 2593 2218 2635 Pater,
2251 2594 2289 2626 id

1277 2622 1283 2678 i
1307 2652 1375 2685 est,
1410 2658 1480 2690 quo
1504 2657 1582 2678 vere
1604 2645 1821 2689 agnoscimus
1849 2644 1977 2678 Deum.
2036 2645 2083 2679 Et
2109 2642 2144 2678 hi
2169 2652 2292 2678 motus
