2415 2942
78 120 150 158 113
488 118 572 154 XII.

77 208 160 242 dere
172 204 361 255 proprium
378 204 546 251 cuiusque
564 204 753 243 iudicium,
780 209 819 236 ut
836 200 903 235 hoc
918 201 994 234 loco
1011 199 1066 233 di-

76 259 186 292 citur:
213 257 284 301 Ipsi
302 256 503 290 audivimus
522 262 555 290 et
570 256 708 289 scimus.
762 252 814 286 Ita
833 254 917 285 fides
936 252 973 284 in
992 252 1064 283 sin-

77 309 169 353 gulis
179 308 314 342 nitatur
327 319 399 341 uon
417 307 603 340 autoritate
617 303 783 344 humana,
803 304 861 336 sed
878 302 941 336 Dei
957 302 1064 334 verbo

78 366 113 394 et
131 359 355 394 testimoniis.
409 357 531 392 Credis
553 356 688 402 synodo
709 354 860 388 Nicenae
884 365 957 385 non
982 364 1064 395 pro-

79 418 157 455 pter
174 408 280 443 huius
298 408 538 443 multitudinis
552 406 734 446 iudicium,
762 417 850 450 quae
870 404 919 437 ibi
937 414 1065 436 conve-

79 461 153 502 nit,
180 461 239 494 sed
264 460 345 505 quia
369 458 536 500 intelligis
562 467 753 499 congruere
781 457 958 488 decretum
985 466 1063 486 cum

81 512 187 546 certis
210 510 420 545 testimoniis
445 507 543 541 verbi
561 505 640 540 Dei.
692 505 799 540 Hunc
823 506 984 539 ordinem
1009 504 1064 536 iu-

81 568 223 596 vertunt
241 559 393 594 humana
411 565 442 591 et
459 558 601 602 politica
620 557 769 598 iudicia,
795 569 866 589 non
885 556 1010 589 volunt
1028 555 1065 587 in

81 611 353 656 disputationem
371 609 486 642 vocari
505 620 554 649 ea,
579 619 668 653 quae
684 608 790 641 semel
806 608 958 640 iudicata
974 613 1065 645 suot,

79 669 117 695 ut
141 673 213 694 non
247 660 331 694 licet
355 671 476 699 rursus
499 671 623 692 vocare
654 658 691 691 in
715 658 987 703 disputationem
1014 667 1064 696 ea,

79 724 169 757 quae
187 712 224 744 in
247 711 366 756 aliquo
393 722 499 753 regno
516 722 552 742 re
571 709 761 742 deliberata
784 722 802 742 a
822 720 899 751 rege
917 715 949 741 et
967 707 1065 751 prin-

79 763 217 807 cipibus
233 763 367 795 decreta
384 767 478 794 sunt.
531 759 598 794 Sed
617 771 680 792 nos
697 760 847 793 sciamus
866 760 969 792 fidem
994 770 1066 792 non

78 813 232 858 pendere
253 824 293 845 ex
318 812 390 844 ulla
421 809 574 843 humana
604 811 810 850 autoritate,
847 822 920 842 non
954 815 1067 852 posset

79 863 290 898 conscientia
323 862 488 895 invocare
519 861 631 894 filium
665 860 749 901 Dei,
785 868 818 894 et
851 861 1006 894 trit-‚uere
1035 859 1066 891 ei

79 913 394 958 omnipotentiam,
425 913 451 945 si
475 912 614 945 nullum
640 909 784 945 haberet
813 911 1067 950 testimonium,

78 964 149 998 nisi
174 963 321 1010 synodi,
347 964 405 996 sed
432 963 513 1007 quia
540 963 645 995 verba
670 963 743 1006 ipsa
761 960 895 996 Christi
920 968 952 995 et
969 960 1067 1003 Apo-

78 1015 251 1049 stolorum
269 1012 336 1047 hoc
358 1014 502 1053 docent,
532 1014 737 1048 accenditur
754 1014 839 1047 fides
862 1019 895 1047 et
915 1024 994 1045 vere
1011 1012 1067 1044 in—

77 1072 190 1100 v'ocat.

181 1124 249 1159 Sed
275 1135 441 1170 quaeras,
469 1135 514 1156 an
538 1136 611 1156 non
638 1123 721 1156 satis
740 1129 788 1156 est
812 1122 934 1156 audire
960 1121 1066 1154 mini-

77 1182 167 1210 stros
182 1173 391 1217 Evangelii‘.>
417 1173 648 1218 Respondeo:
675 1173 767 1207 Satis
785 1181 845 1212 est,
872 1174 960 1206 sicut
976 1172 1066 1204 infra

79 1239 153 1270 cap.
174 1225 231 1261 17.
251 1226 343 1258 clare
367 1225 515 1258 dicitur:
541 1223 643 1267 Rogo
664 1236 735 1257 non
761 1237 824 1267 pro
850 1224 898 1256 eis
917 1230 1067 1262 tantum,

80 1278 139 1310 sed
169 1276 274 1310 etiam
310 1288 374 1320 pro
408 1276 574 1308 omnibus
610 1275 794 1307 credituris
830 1287 891 1318 per
919 1274 1064 1306 verbum

79 1339 222 1366 eorum,
252 1327 310 1360 sed
337 1338 414 1359 cum
441 1326 604 1358 audimus
632 1325 830 1365 ministros,
855 1325 942 1358 seire
961 1325 1067 1356 debe-

79 1389 158 1410 mus
178 1378 272 1410 unde
296 1376 493 1420 acceperint
517 1376 732 1416 doctrinam,
760 1376 794 1408 id
821 1382 890 1415 est,
917 1387 962 1407 an
982 1374 1067 1407 affe-

79 1434 161 1462 rant
185 1427 380 1460 doctrinam
406 1427 469 1459 filii
494 1425 578 1465 Dei,
614 1426 701 1459 sicut
724 1423 781 1459 hic
806 1426 1066 1470 inquisiverunt

78 1478 314 1518 Samaritani,
356 1478 452 1510 unde
486 1477 615 1510 mulier
650 1477 821 1520 acceperit
858 1477 1065 1510 doctrinam.

79 1528 185 1563 Fides
203 1529 384 1563 intueatur
399 1528 524 1569 fontes,
551 1528 697 1561 verbum
718 1534 750 1561 et
767 1527 968 1561 testimonia
985 1533 1049 1562 ete.

177 1628 185 1630 i
205 1635 260 1670 Et
276 1641 353 1670 erat
372 1633 563 1682 Regulus,
604 1634 842 1681 cuiusfilius,
877 1640 938 1672 etc.

158 1712 261 1746 Nunc
278 1719 355 1755 post
373 1712 528 1755 primum
543 1710 675 1745 Pascha
695 1713 786 1745 redit
802 1713 838 1744 in
858 1711 1067 1749 Galilaeam‚

83 1764 145 1798 ubi
172 1763 286 1796 statim
319 1774 412 1795 novo
442 1762 614 1794 miraculo
638 1770 739 1795 vocat
762 1763 804 1795 ad
833 1760 1066 1805 Evangelium

84 1814 253 1848 familiam
273 1810 426 1845 hou-inis
441 1812 605 1856 potentis,
631 1813 813 1845 servientis
829 1813 900 1854 regi
919 1813 1068 1846 Herodi.

83 1864 145 1898 Est
164 1870 279 1896 autem
305 1863 441 1896 illustre
455 1862 650 1906 exemplum
673 1863 832 1895 infirmae
851 1863 950 1905 fidei,
977 1869 1069 1895 taxat

83 1913 245 1949 Christus
264 1913 514 1946 infirmitatem.
567 1912 634 1946 Sed
654 1920 767 1946 tamen
791 1913 911 1956 recipit
937 1911 1070 1945 haben-

84 1972 155 2000 tem
172 1964 253 1997 fidei
272 1963 411 1997 initium
429 1969 461 1996 et
477 1962 677 2001 scintillam,
694 1964 782 1997 sicut
799 1964 884 1996 alibi
897 1963 1008 1996 Marci
1020 1964 1069 1998 9.:

86 2016 199 2051 Credo
217 2014 371 2054 domine,
398 2014 572 2058 opitulare
589 2014 804 2047 diffidentiae
822 2026 926 2046 meae.
971 2013 1019 2047 Ita
1039 2021 1070 2047 et

83 2066 216 2100 Paulus
234 2064 337 2099 Rom.
358 2063 413 2098 14.
431 2064 514 2098 dicit
533 2065 574 2097 de
591 2065 747 2097 infirmo:
775 2064 869 2098 Deus
887 2077 965 2098 eum
982 2065 1070 2098 reei-

85 2118 150 2162 pit.
192 2116 250 2149 Sic
270 2115 455 2160 aliquoties
472 2115 706 2158 obiurgantnr
722 2116 904 2160 Apostoli,
932 2128 992 2148 vos
1010 2128 1072 2159 pa-

89 2179 169 2201 rum
186 2167 351 2205 fidentes,
377 2166 461 2209 quid
480 2166 691 2200 dubitastis?
725 2166 820 2200 Haec
838 2168 993 2211 exempla
1013 2167 1070 2199 di-

86 2218 238 2261 ligenter
260 2216 543 2257 consideremus,
571 2223 604 2250 et
626 2224 663 2250 ut
688 2218 769 2250 fidei
794 2224 934 2251 nostrae
956 2218 1070 2251 imbe-

86 2269 266 2302 cillitatem
290 2278 536 2311 agnoscamus,
564 2274 595 2300 et
622 2275 779 2311 petamus
803 2269 1072 2309 incrementum,

87 2327 120 2353 et
139 2327 255 2353 tamen
272 2316 338 2351 hac
356 2330 420 2351 nos
438 2318 678 2351 consolatione
698 2326 950 2357 sustentemus,
977 2320 1070 2364 quod

86 2382 159 2404 non
177 2369 406 2410 abiiciantur‚
434 2369 493 2414 qui
520 2369 672 2414 aliquam
698 2370 886 2403 scintillam
908 2370 989 2402 fidei
1011 2368 1073 2402 ha-

86 2422 182 2457 hent,
222 2419 321 2454 Sicut
345 2421 439 2464 apud
465 2418 606 2454 Esaiam
629 2421 775 2455 dicitur:
802 2420 935 2455 Linum
962 2421 1072 2455 fumi-

88 2483 172 2516 gans
186 2483 259 2505 non
279 2471 466 2514 extinguet.

185 2527 478 2577 Reprehenditur
493 2537 611 2563 autem
626 2530 707 2564 fidei
726 2530 951 2564 imbecillitas
967 2530 1004 2563 in
1019 2528 1074 2563 his

88 2580 222 2614 verbis:
258 2580 333 2613 Nisi
352 2581 449 2624 signa
475 2581 621 2622 videtis,
649 2593 724 2615 non
749 2581 901 2615 creditis.
956 2580 1074 2615 Intro-

89 2631 192 2675 spicit
220 2628 381 2665 Christus
412 2632 509 2665 illius
540 2632 690 2676 petentis
722 2631 1007 2673 haesitationem,
1041 2640 1075 2666 et

89 2682 193 2716 simul
210 2682 253 2714 de
281 2683 423 2716 caeteris
441 2683 591 2724 iudicat,
619 2683 682 2727 qui
707 2685 864 2719 aderant.
916 2682 965 2717 Hi
982 2696 1074 2718 non-

145 2735 322 2767 Munna.
351 2735 454 2768 Oeta.
479 2735 561 2768 Vox..
590 2735 668 2767 XV.

624 113 922 154 ENARRATIO
950 115 1000 151 IN
1028 110 1210 150 EVANG2
1239 108 1452 146 IOANNIS.
1505 107 1608 146 CAP.
1638 108 1699 146 IV.

2036 110 2108 144 114

1117 199 1201 231 dum
1226 197 1416 230 credebant
1439 195 1516 229 eius
1538 196 1665 233 verbo,
1694 201 1728 228 et
1751 194 1958 228 laborabant
1982 194 2104 227 multi-

1118 248 1200 292 plici
1217 248 1451 283 dubitatione.
1504 246 1617 280 Debet
1635 253 1749 280 autem
1766 252 1879 279 totum
1906 257 2014 288 genus
2038 242 2105 278 hu-

1118 311 1261 331 manum
1277 299 1352 331 voci
1369 298 1510 331 divinae
1528 299 1678 337 credere,
1694 297 1898 340 praesertim
1915 308 1993 329 cum
2010 307 2105 328 nun-

1119 361 1222 392 quam
1241 349 1284 381 sit
1301 349 1374 381 sine
1396 349 1607 381 testimoniis
1632 348 1747 381 certiS.
1799 347 1852 381 De
1868 345 2009 381 Christo
2033 346 2105 379 iam

1118 399 1203 432 olim
1222 399 1395 432 testificati
1415 406 1514 432 erant
1531 399 1687 439 Simeon,
1715 397 1861 442 Ioseph,
1888 397 2006 438 Anna,
2035 396 2105 430 Za-

1118 447 1254 482 charias
1268 476 1276 488 ,
1306 448 1455 482 loannes
1474 448 1649 492 Baptista,
1676 455 1707 481 et
1724 461 1790 481 vox
1809 450 1850 482 de
1868 449 1964 481 coelo
1982 448 2104 481 audita

1119 507 1209 533 erat:
1237 500 1309 533 Hic
1337 506 1388 533 est
1412 500 1504 533 filius
1528 511 1626 532 meus
1644 500 1803 534 dilectus.
1857 498 1951 532 Haec
1975 510 2105 542 paucos

1119 549 1233 584 adhuc
1256 557 1460 589 moverant,
1489 557 1529 583 ut
1555 549 1720 583 Messiam
1749 556 1986 592 agnoscerent.
2041 547 2106 583 Est

1119 602 1226 645 igitur
1244 599 1299 634 his
1318 601 1434 634 verbis
1453 607 1584 640 taxata,
1611 607 1643 633 et
1664 597 1768 633 huius
1784 600 1933 644 petentis
1954 598 2105 634 haesita-

1119 653 1187 694 tio,
1214 658 1247 686 et
1266 659 1481 686 caeterorum
1500 651 1657 685 durities.

1221 702 1290 737 Sed
1308 700 1366 736 hic
1385 710 1524 747 petens,
1552 702 1614 735 etsi
1633 708 1683 735 est
1700 701 1878 740 infirmus,
1905 707 2021 733 tamen
2047 712 2104 733 re-

1121 754 1250 798 cipitur
1273 760 1306 787 et
1324 754 1527 794 exauditur,
1558 750 1741 785 haesitatio
1761 764 1818 784 seu
1839 751 2026 794 trepidatio
2044 763 2106 794 ap-

1120 812 1238 849 paret,
1266 803 1346 849 quia
1371 812 1528 844 veretur,
1555 803 1625 837 nisi
1649 803 1782 836 vix-enti
1806 800 1921 835 adhuc
1946 802 2019 835 filio
2045 814 2105 835 co-

1121 868 1194 888 ram
1212 855 1425 898 opituletur,
1454 861 1531 898 post
1548 862 1696 887 mortem
1721 851 1813 885 nihil
1834 865 1905 885 esse
1923 853 2013 896 spei:
2042 865 2107 886 nec

1121 906 1285 949 intelligit
1310 903 1406 938 hunc
1422 905 1588 938 Messiam
1613 917 1686 937 non
1712 905 1825 937 solum
1852 905 2018 946 aegrotis,
2046 905 2106 936 sed

1121 957 1224 990 etiam
1243 957 1391 990 mortuis
1414 968 1514 1000 posse
1530 956 1637 989 vitam
1655 957 1811 989 reddere.
1866 953 1941 987 Imo
1959 967 2030 987 non
2051 955 2108 987 in-

1121 1008 1246 1050 telligit
1263 1007 1321 1040 ille
1339 1019 1461 1040 coecus
1479 1007 1631 1044 aulicus,
1659 1003 1749 1038 lianc
1773 1006 1882 1047 ipsam
1903 1005 2009 1038 vitam
2028 1012 2107 1049 post

1121 1065 1321 1103 peccatum,
1349 1058 1472 1091 mortis
1497 1057 1563 1090 iter
1586 1068 1676 1097 esse,
1705 1063 1734 1089 et
1756 1056 1921 1088 Messiam
1948 1063 2106 1088 autorem

1121 1110 1231 1149 vitae,
1258 1109 1422 1141 daturum
1447 1119 1519 1141 esse
1544 1108 1671 1147 vitam,
1700 1118 1788 1151 quae
1812 1106 1855 1138 sit
1883 1113 1976 1138 extra
2002 1104 2107 1139 huius

1122 1160 1244 1192 mortis
1261 1159 1496 1204 tyrannidem.
1531 1157 1650 1190 Potest
1667 1157 1774 1200 igitur
1788 1157 1918 1200 pariter
1937 1163 1968 1190 et
1985 1168 2108 1199 aegro-

1121 1218 1195 1244 tum
1226 1216 1258 1242 et
1283 1216 1462 1242 mortuum
1494 1208 1688 1242 restituere.
1750 1207 1963 1252 Quanquam
1990 1214 2106 1241 autern

1122 1267 1201 1293 sunt
1227 1271 1362 1292 errores
1387 1266 1419 1291 et
1447 1257 1695 1291 haesitationes
1712 1259 1749 1290 in
1768 1256 1833 1290 hoc
1848 1258 2026 1299 auditore,
2053 1265 2107 1291 ta-

1122 1323 1201 1343 men
1220 1310 1301 1354 quia
1320 1310 1461 1343 initium
1479 1317 1529 1342 est
1546 1309 1642 1349 fidei,
1669 1309 1839 1353 recipitur
1857 1315 1889 1342 et
1907 1309 2106 1344 adiuvatur.

1121 1361 1216 1394 Haec
1238 1361 1393 1404 exempla
1413 1372 1476 1394 nos
1496 1360 1722 1397 confirment,
1750 1372 1794 1392 ne
1811 1360 1968 1392 deterriti
1993 1360 2107 1393 imbe-

1124 1413 1269 1446 cillitate
1293 1419 1432 1453 nostra,
1467 1411 1642 1454 fugiamus
1668 1408 1869 1449 Christum,
1905 1411 1964 1444 sed
1990 1411 2107 1454 potius

1121 1464 1324 1496 accedamus
1340 1462 1480 1496 invitati
1499 1461 1700 1494 dulcissima
1718 1474 1800 1494 voce
1818 1461 1939 1505 ipsius,
1968 1474 2034 1506 qua
2052 1462 2108 1494 iu-

1121 1515 1213 1560 quit:
1246 1512 1374 1546 Venite
1393 1515 1434 1546 ad
1456 1525 1511 1546 me
1530 1524 1650 1545 omnes
1668 1513 1728 1557 qui
1754 1512 1940 1553 laboratis,
1966 1519 1998 1546 et
2020 1525 2109 1546 one-

1121 1565 1188 1598 rati
1207 1564 1305 1606 estis,
1329 1575 1390 1608 ego
1407 1564 1559 1597 reficiam
1578 1575 1649 1596 v«os.
1685 1563 1788 1597 Item:
1816 1562 1940 1604 Petite,
1966 1570 1998 1597 et
2017 1563 2108 1597 acci-

1122 1616 1236 1661 pictis.

1226 1665 1294 1699 Sed
1318 1662 1472 1698 humana
1497 1677 1596 1698 mens
1621 1677 1693 1697 non
1718 1663 1882 1707 intelligit
1899 1662 1964 1697 hos
1981 1665 2108 1706 cultus,

1122 1716 1186 1751 Dei
1214 1716 1416 1760 petitionem
1441 1723 1472 1749 et
1500 1716 1780 1755 invocationem,
1806 1716 1864 1748 sed
1889 1716 2056 1763 impedita
2075 1723 2109 1750 et

1123 1779 1287 1812 oppressa
1304 1766 1535 1810 opinionibus
1558 1767 1660 1809 legis,
1688 1767 1815 1809 cogitat
1838 1773 1974 1799 tantun
1994 1767 2108 1800 cultus

1123 1831 1212 1859 esse,
1241 1830 1319 1851 cum
1338 1829 1402 1850 nos
1421 1817 1554 1861 egregia
1574 1818 1661 1850 facta
1680 1816 1754 1850 Deo
1773 1818 1966 1855 offerimus,
1996 1818 2109 1861 impe-

1124 1870 1194 1902 dita
1214 1875 1262 1901 est
1280 1875 1312 1902 et
1329 1869 1481 1901 naturali
1499 1869 1739 1908 dubitatione,
1766 1875 1893 1901 utnon
1912 1875 2021 1911 potest
2039 1876 2109 1901 sta-

1125 1927 1238 1959 tuere,
1266 1917 1381 1952 Deum
1400 1931 1480 1951 vere
1499 1920 1589 1952 velle
1608 1920 1709 1951 nohis
1727 1920 1866 1958 adesse,
1895 1927 1925 1951 et
1943 1919 2109 1962 opitulari

1124 1971 1160 2002 in
1185 1977 1254 2004 tam
1277 1969 1397 2002 multis
1423 1970 1592 2011 negotiis,
1626 1970 1751 2013 cogitat
1777 1970 1865 2002 ratio
1897 1970 2109 2003 miserrimas

1125 2033 1196 2054 esse
1216 2020 1460 2064 occupationes
1478 2020 1562 2059 Dei,
1591 2021 1619 2053 si
1640 2019 1721 2053 huic
1745 2020 1971 2056 insubribus,
2001 2021 2050 2053 illi
2073 2022 2109 2053 in

1125 2071 1327 2113 naufragio,
1356 2071 1433 2104 aliis
1455 2072 1492 2104 iu
1518 2071 1610 2112 acie,
1638 2072 1715 2104 aliis
1739 2071 1773 2103 in
1798 2071 1953 2104 custodia
1972 2072 2110 2111 domus,

1125 2122 1295 2162 familiae,
1324 2123 1517 2155 liberorum
1536 2124 1637 2156 adsit.
1677 2122 1743 2155 Sed
1773 2120 1833 2154 bas
1858 2122 2033 2164 epicureus
2051 2135 2110 2155 co-

1125 2173 1311 2216 gitationes
1329 2173 1506 2206 eiiciamus
1524 2185 1561 2206 ex
1581 2174 1710 2211 animo,
1738 2179 1769 2205 et
1783 2172 1973 2213 cogitemus
1991 2173 2111 2206 omnia

1125 2223 1279 2258 humana
1298 2225 1450 2268 pericula
1472 2236 1596 2267 magna
1616 2236 1705 2261 esse,
1734 2230 1764 2256 et
1784 2223 1820 2254 iu
1847 2224 2013 2256 omnibus
2037 2236 2111 2256 me-

1127 2277 1274 2309 tuendas
1304 2287 1376 2308 esse
1407 2275 1552 2308 insidias
1584 2274 1732 2313 diaboli,
1766 2280 1798 2307 et
1822 2285 1887 2306 nos
1918 2276 2110 2318 praeceptis

1127 2334 1159 2360 et
1188 2326 1481 2369 promissionibus
1508 2327 1550 2358 ad
1581 2324 1840 2357 invocationem
1871 2326 2112 2361 accendamus.

1126 2377 1207 2411 Non
1233 2389 1418 2421 possumus
1441 2383 1608 2413 mortem,
1638 2375 1790 2417 pericula
1809 2376 1965 2418 corporis
1983 2384 2015 2409 et
2034 2377 2111 2409 ani-

1126 2441 1222 2469 mae,
1256 2428 1400 2460 iusidias
1425 2427 1576 2465 diaboli,
1613 2427 1687 2458 sine
1712 2426 1842 2459 auxilio
1869 2425 1934 2459 Dei
1961 2428 2111 2461 vincere.

1128 2479 1211 2512 Ideo
1222 2476 1380 2513 Christus
1397 2478 1527 2523 inquit:
1556 2477 1641 2511 Sine
1657 2488 1713 2510 me
1730 2475 1821 2510 nihil
1838 2478 1979 2521 potestis
1991 2478 2113 2512 facere.

1127 2529 1312 2564 Discamus
1341 2537 1456 2562 autem
1495 2526 1588 2561 hunc
1621 2540 1692 2561 esse
1721 2529 1948 2572 praecipuum
1981 2529 2114 2562 cultum

1127 2580 1212 2621 Dei,
1251 2580 1419 2614 auxilium
1449 2580 1492 2613 ab
1521 2591 1562 2612 eo
1596 2579 1722 2612 fiducia
1752 2579 1955 2612 mediatoris
1988 2587 2114 2622 petere,

1128 2632 1215 2665 sicut
1239 2632 1331 2667 Psal.
1350 2630 1409 2664 49.
1433 2631 1497 2665 ait:
1533 2629 1663 2664 Invoca
1688 2642 1743 2665 me
1768 2631 1806 2663 in
1830 2630 1887 2664 die
1914 2630 2116 2664 tribulatio-

1133 2684 1199 2724 nis,
1228 2689 1292 2717 etc.

1610 2732 1633 2765 8
