2415 2942
105 136 176 171 189
500 131 582 167 Xll.

105 222 261 260 ratione,
295 220 352 254 vel
385 232 424 254 ex
449 220 611 253 doctrina
635 219 720 262 legis
750 218 909 252 iudicant
937 219 979 250 de
1005 216 1095 259 Deo,

104 285 243 306 necesse
260 279 311 306 est
334 271 580 315 multipliciter
602 269 777 314 implicari
805 269 958 302 tenebris
984 275 1017 301 et
1041 281 1097 301 er-

104 325 256 358 roribus.
311 323 384 356 Aut
403 323 496 355 enim
521 333 660 355 securae
684 326 791 354 ruunt
815 320 851 352 in
874 318 1095 351 manifestam

106 375 357 419 profanitatem
374 380 406 406 et
427 374 563 406 furores
582 372 761 419 epicureos
774 396 782 410 ‚
817 377 876 403 aut
893 370 920 403 si
940 369 1096 402 retinent

107 426 304 459 doctrinam
323 425 427 467 legis,
461 423 639 456 somniant
663 433 697 454 se
721 422 830 454 iustos
856 419 1096 465 qualicunque

108 477 333 509 simulatione
351 475 569 508 obedientiae
587 484 665 515 erga
690 472 811 514 legem.
863 470 986 504 Postea
1015 483 1095 503 cum

107 527 271 560 incidunt
295 527 331 559 in
363 533 529 562 terrores,
564 529 809 568 uongpossnnt
832 521 998 563 eluctari,
1034 522 1094 554 sed
1121 541 1123 544 -

107 578 359 622 opprimuntur
374 574 614 616 dubitatione,
642 585 731 618 quae
756 573 858 606 affert
883 573 949 606 alia
975 569 1093 604 horri-

106 629 191 661 bilia
220 634 375 670 peccata,
409 625 707 669 desperationem,
734 624 858 657 odium
883 623 969 663 Dei,
1001 623 1094 655 blas-

106 676 274 722 phemias.

105 729 249 761 existere
271 739 350 760 vera
374 727 432 760 lux
458 733 491 760 et
515 726 644 759 noticia
660 725 746 766 Dei,
774 738 837 758 nec
859 736 1017 770 unquam
1037 725 1093 757 in-

103 779 285 822 telligunt,
326 784 384 812 aut
415 777 644 822 experiuntur
669 788 786 809 veram
814 776 1091 809 consolationem
1118 802 1120 827 3

104 830 141 862 in
157 830 367 870 terroribus,
395 835 426 861 et
452 840 553 861 veros
576 835 692 861 motus
717 827 934 871 spirituales,
958 824 1092 864 nisibi,

103 881 164 925 qui
183 878 272 913 hanc
287 892 407 913 vocem
423 878 607 922 Evangelii
625 878 796 923 prolatam
814 890 831 911 a
848 878 920 910 filio
941 877 1006 911 Dei
1024 877 1091 910 fide

102 931 290 975 accipiunt.
353 929 472 973 Quare
503 930 631 974 passim
662 936 782 962 monet
813 930 1005 973 scriptura,
1048 940 1092 961 ue

101 981 256 1015 sinamus
278 993 341 1014 nos
361 980 488 1014 abduci
506 993 522 1013 a
544 981 652 1013 verbo
677 980 817 1013 insidiis
844 980 997 1019 diaboli,
1033 987 1091 1013 aut

101 1032 179 1066 aliis
194 1032 409 1079 praestigiis,
437 1043 526 1076 quae
545 1031 652 1064 obiici
677 1038 841 1074 possunt,
870 1038 908 1064 ut
933 1031 1091 1063 confida-

100 1094 178 1116 mus
192 1081 347 1116 humana
370 1082 541 1127 sapientia
583 1089 642 1115 aut
665 1093 874 1127 quaeramus
890 1081 974 1114 alias
993 1093 1090 1113 arca-

101 1146 164 1167 nas
195 1134 427 1168 revelationes
458 1140 551 1166 extra
584 1133 752 1172 verbum,
794 1133 881 1166 sicut
914 1132 951 1164 in
982 1132 1090 1165 Dent.

101 1184 334 1229 praecipitur:
372 1184 423 1217 Ne
446 1184 560 1223 dicas,
594 1184 671 1228 quis
695 1184 850 1216 ascendit
879 1183 913 1215 in
939 1183 1090 1220 coelum,

101 1247 211 1280 prope
228 1242 278 1269 est
292 1234 493 1276 verbumJin
508 1246 567 1267 ore
583 1241 655 1268 tuo.
711 1233 818 1274 ltem,
842 1232 934 1266 Esai.
953 1234 1003 1267 8.:
1035 1232 1089 1265 Ad

100 1287 211 1328 legem
237 1293 269 1319 et
291 1287 333 1318 ad
360 1285 618 1324 testimouium,
648 1285 743 1329 quod
772 1284 800 1316 si
829 1296 900 1316 non
924 1284 1089 1320 dixerint,

100 1337 195 1370 iuxta
216 1337 361 1369 verbum
379 1333 459 1368 hoc:
488 1334 568 1367 Non
589 1335 653 1368 erit
672 1335 720 1367 eis
737 1335 907 1368 matutina
926 1335 994 1366 lux.
1043 1332 1090 1367 Et

99 1386 275 1420 Psalmus:
298 1386 458 1419 Lucerna
470 1386 618 1429 pedibus
631 1385 715 1418 meis
728 1386 874 1418 verbum
891 1392 1001 1426 tuum,
1021 1392 1083 1418 etc.

169 1467 304 1504 ffIulta
323 1468 441 1504 habeo
460 1467 502 1503 de
521 1467 621 1503 robis
640 1467 761 1517 loqui,
787 1472 818 1502 et
838 1467 1012 1504 iudicare.

200 1536 307 1570 Brevi
341 1537 571 1581 responsione
610 1537 776 1571 refutavit
817 1538 1088 1571 contumeliosas

97 1589 380 1634 percontationes
392 1587 676 1623 Pharisaeorum.
730 1587 857 1621 Fassus
881 1595 930 1621 est
954 1600 989 1621 se
1015 1601 1087 1622 esse

99 1641 210 1673 filium
225 1638 310 1680 Dei,
337 1640 480 1673 missum
506 1651 524 1672 a
550 1645 665 1682 patre,
702 1638 797 1672 iuxta
823 1639 1088 1682 promissioneS,
1111 1663 1114 1674 .

100 1697 134 1724 et
150 1690 273 1722 afferre
293 1690 489 1723 doctrinam
508 1690 708 1729 coelestem,
742 1696 773 1722 et
800 1691 946 1722 verbum
975 1692 1086 1723 tradi-

100 1747 176 1774 tum
193 1752 210 1773 a
228 1746 342 1783 patre,
367 1742 523 1784 adeoque
540 1740 732 1783 patefacere
754 1737 845 1772 hanc
868 1740 1085 1774 voluntatem

100 1790 187 1831 Dei,
213 1792 306 1835 quod
331 1803 404 1823 non
424 1796 567 1835 propter
592 1790 722 1832 legem,
758 1791 814 1822 sed
843 1797 977 1824 tantum
1005 1804 1086 1835 pro-

101 1848 178 1886 pter
196 1839 288 1874 hunc
308 1842 417 1874 filium
436 1842 519 1874 velit
534 1841 667 1873 salvare
684 1841 875 1880 credentes,
902 1853 966 1873 nec
982 1843 1084 1875 aliter

99 1893 244 1925 liberari
262 1890 422 1925 homiues
440 1904 458 1924 a
473 1897 586 1924 morte
609 1897 767 1931 aeterna,
795 1891 864 1923 nisi
888 1891 954 1924 fide
979 1889 1086 1926 huius

99 1943 256 1982 domini,
291 1942 386 1975 missi
413 1943 456 1974 ab
483 1948 624 1975 aeterno
655 1948 769 1984 patre,
811 1949 849 1975 ut
882 1954 944 1985 per
970 1943 1085 1987 ipsum

98 1993 303 2036 colligatur,
331 2000 362 2027 et
380 1993 532 2025 salvetur
542 1990 708 2031 Ecclesia,
736 2004 830 2025 nunc
847 1994 972 2036 repetit
989 2006 1085 2026 com-

96 2044 344 2077 minationem:
379 2043 494 2077 Multa
529 2041 640 2076 habeo
664 2044 706 2075 de
728 2043 828 2075 vobis
851 2043 948 2088 loqui
974 2052 1005 2078 et
1030 2045 1085 2077 iu-

99 2095 235 2135 dicare,
263 2095 361 2140 quasi
381 2094 490 2128 dicat:
519 2092 595 2127 Etsi
614 2093 867 2127 convincimini
893 2096 1085 2128 manifestis

97 2146 306 2180 testimoniis
332 2157 430 2178 meae
453 2145 667 2183 vocationis,
701 2152 733 2178 et
755 2157 832 2178 mea
854 2145 964 2189 ipsius
988 2158 1082 2187 voce,

98 2209 165 2243 qua
195 2198 306 2241 probo
338 2208 393 2229 me
422 2196 567 2229 missum
601 2207 672 2228 esse
697 2208 715 2229 a
738 2202 852 2240 patre,
895 2203 927 2230 et
958 2198 1083 2230 afferre

95 2249 204 2292 ipsius
222 2249 366 2281 verbum
378 2273 389 2288 ,
417 2253 534 2281 tamen
552 2247 697 2280 scientes
715 2247 916 2291 repugnatis
933 2249 1082 2289 veritati,

94 2311 158 2333 nec
175 2299 281 2333 vultis
307 2299 465 2339 credere,
491 2305 523 2331 et
542 2298 687 2342 pergitis
708 2310 762 2330 me
782 2298 918 2339 odisse,
946 2307 977 2333 et
997 2312 1082 2333 con-

95 2350 238 2384 tumelia
262 2350 408 2384 afficitis.
461 2348 594 2382 Verum
621 2346 704 2381 haec
720 2348 911 2383 obstinatio
929 2362 1001 2382 non
1021 2351 1082 2383 de-

95 2402 240 2436 terrebit
261 2413 336 2442 me,
364 2413 433 2446 quo
454 2400 571 2433 minus
588 2411 727 2444 pergam
752 2400 863 2433 facere
887 2413 1003 2433 meum
1028 2402 1082 2435 of-

95 2452 225 2488 ficium.
287 2452 362 2485 lmo
385 2464 454 2497 quo
477 2451 586 2494 magis
612 2462 673 2484 vos
705 2451 1001 2493 adversabimini,
1041 2465 1081 2486 eo

96 2504 204 2545 magis
220 2514 358 2547 pergam
375 2502 466 2536 tueri
493 2513 622 2535 munus
648 2498 736 2534 mihi
761 2502 930 2535 traditum
946 2515 963 2535 a
983 2510 1082 2546 patre

97 2555 254 2594 coelesti,
292 2553 473 2592 videlicet,
515 2563 709 2597 propagare
741 2564 860 2585 xorem
885 2552 1081 2597 Evangelii,

327 675 489 721 Denique
506 682 601 708 extra
623 673 691 707 hoc
707 675 854 708 verbum
880 686 953 707 non
981 680 1094 716 potest
1119 705 1122 711 ,

633 129 927 168 ENARRATIO
955 129 1006 166 IN
1033 129 1218 169 EVANG.
1247 127 1461 170 IOANNIS.
1520 131 1625 171 CAP.
1652 132 1737 169 vu.

1121 293 1125 427 Ξ

1119 607 1123 692 1

1119 773 1121 794 l

2073 140 2144 173 190

1152 219 1355 253 testimonia
1377 219 1519 261 divina,
1557 221 1615 254 sed
1642 221 1809 255 mandato
1828 228 1860 256 et
1881 220 2067 258 autoritate
2082 237 2144 269 pa-

1152 270 1216 303 tris
1235 271 1364 313 fungor
1381 268 1448 304 hoc
1466 283 1632 312 munere,
1665 279 1705 306 ut
1729 273 1837 306 verbo
1860 285 2005 318 arguam
2031 282 2063 309 et
2088 276 2144 308 iu-

1151 321 1263 353 dicem
1287 333 1428 360 omnes‚
1467 322 1527 367 qui
1552 334 1623 355 non
1648 324 1795 358 credunt
1819 322 2034 368 Evangelio,
2061 323 2144 359 huic

1152 371 1259 403 verbo
1291 383 1430 404 necesse
1465 379 1515 406 est
1540 374 1666 406 subiici
1692 386 1814 408 omnes
1839 373 2021 417 homines,
2055 377 2145 410 sicut

1150 421 1236 453 alibi
1265 421 1330 454 ait:
1380 421 1534 464 Spiritus
1562 430 1702 457 sanctus
1736 433 1857 468 arguet
1890 428 2066 460 mundum
2098 428 2143 460 ‹le

1149 477 1308 515 peccam,
1336 471 1417 516 quia
1434 484 1507 506 non
1533 474 1681 507 credunt
1703 475 1740 507 in
1767 488 1832 509 me.
1887 476 2006 519 Quare
2030 478 2143 512 nolite

1149 522 1318 565 cogitare,
1345 534 1407 555 vos
1431 523 1578 567 impune
1602 524 1736 557 laturos
1762 537 1834 558 esse
1861 524 1956 561 hunc
1983 536 2143 561 contem-

1148 580 1222 607 tum
1235 599 1244 613 ,
1271 580 1331 607 aut
1347 585 1440 606 meas
1456 574 1643 607 conciones
1662 575 1778 608 irritas
1795 577 1889 620 fore,
1916 579 1985 611 iam
2004 580 2073 612 lata
2091 586 2143 613 est

1147 624 1340 666 sententia,
1382 631 1416 657 et
1448 636 1526 658 meo
1558 625 1755 659 ministerio
1786 629 2070 671 promulgabitur
2103 630 2142 662 in

1147 674 1352 708 universum
1384 675 1527 716 orbem,
1570 688 1659 720 quae
1690 678 1903 720 pronunciat
1935 679 2085 712 iudicari
2110 687 2143 714 et

1148 726 1309 758 damnari
1328 723 1430 758 aDeo
1446 738 1579 766 omnes,
1607 727 1666 771 qui
1687 739 1760 760 non
1777 729 1925 762 credunt
1945 727 2027 762 huic
2046 742 2143 763 meae

1147 775 1244 817 voci,
1281 788 1345 808 nec
1370 776 1527 819 proderit
1551 777 1652 810 vobis
1674 778 1857 820 gloriatio,
1893 780 1993 813 cuius
2016 781 2143 814 fiducia

1147 839 1202 860 me
1226 827 1498 871 persequimini,
1534 829 1630 872 quod
1654 829 1730 862 sitis
1754 830 1905 874 populus
1930 830 2015 872 Dei,
2046 832 2142 877 quod

1146 878 1220 911 sitis
1240 877 1361 911 donati
1379 878 1577 922 praecipuis
1593 879 1772 913 beneficiis
1789 881 2055 923 miraculorum,
2080 884 2143 915 da-

1147 935 1202 962 tae
1219 929 1322 971 legis,
1349 929 1646 972 promissionum,
1673 932 1879 972 sacerdotii,
1907 933 2050 977 templi,
2079 940 2142 968 etc.

1117 994 1119 997 ’
1147 978 1221 1013 Imo
1248 980 1329 1024 quia
1350 980 1493 1023 pergitis
1520 987 1641 1013 contra
1660 978 1895 1023 Evangelium
1919 984 2055 1025 furere,
2083 985 2142 1017 fu-

1116 1082 1117 1087 ’
1145 1081 1331 1123 amittatis,

96 2610 131 2637 et
161 2616 319 2638 accusare
352 2611 384 2638 et
408 2605 576 2637 damnare
604 2603 887 2636 incredulitatem
921 2611 1081 2638 vestram.
1104 2606 1107 2627 ἶ

94 2653 167 2689 Nee
183 2656 256 2699 ipse
271 2667 369 2689 sumo
384 2653 473 2688 mihi
496 2653 563 2688 hoc
587 2654 757 2687 iudicium
771 2681 780 2697 ,
809 2654 897 2688 sicut
914 2667 974 2688 vos
991 2656 1081 2689 iuste

96 2713 129 2742 et
147 2707 223 2741 sine
238 2718 338 2740 causa
356 2718 411 2740 me
434 2705 628 2748 damnatis,
655 2706 726 2739 imo
752 2711 874 2740 contra
897 2707 1081 2742 manifesta

1145 1037 1264 1064 turum
1291 1037 1360 1073 est,
1402 1037 1442 1064 ut
1473 1042 1518 1063 ne
1558 1028 1642 1063 haec
1671 1032 1814 1076 quidem
1848 1034 2047 1075 retineatis,
2080 1036 2141 1068 sed

1379 1088 1412 1116 et
1446 1079 1537 1114 hanc
1569 1082 1730 1126 politiam
1757 1090 1908 1118 vestram
1938 1092 1971 1119 et
1995 1093 2141 1120 aeterna

1144 1132 1252 1166 bona.

1247 1198 1325 1233 Hoc
1348 1200 1455 1233 modo
1481 1200 1670 1244 respondet
1701 1202 1981 1237 contemtoribus
2006 1204 2048 1237 de
2076 1216 2139 1238 suo

1144 1250 1280 1291 officio,
1308 1251 1426 1283 addita
1444 1251 1722 1286 comminatione
1747 1254 1789 1286 de
1815 1254 1957 1295 effectu,
1994 1255 2081 1288 dixit
2104 1267 2140 1288 se

1144 1312 1216 1334 esse
1254 1313 1440 1344 personam
1478 1301 1701 1346 loquentem,
1750 1304 1954 1338 afferentem
1990 1306 2139 1339 verbum

1144 1352 1275 1385 aeterni
1295 1352 1422 1396 patris,
1448 1359 1482 1385 et
1502 1350 1568 1386 lioc
1586 1354 1734 1387 verbum
1760 1355 1807 1388 ait
1835 1356 1955 1389 efficax
1980 1356 2056 1389 fore
2075 1357 2140 1389 ad-

1143 1414 1264 1436 versus
1289 1409 1545 1444 contemtores,
1582 1404 1764 1446 videlicet,
1797 1412 1836 1439 ut
1861 1418 1901 1439 eo
1925 1406 2139 1448 iudicentur,

1143 1465 1203 1486 seu
1223 1454 1437 1486 damnentur
1460 1461 1493 1487 et
1514 1455 1708 1498 puniantur
1726 1468 1798 1489 uon
1818 1458 1998 1491 credentes
2016 1455 2138 1491 Evan-

1141 1504 1245 1545 gelio.
1299 1503 1481 1547 Significat
1504 1506 1596 1537 enim
1616 1518 1688 1539 non
1707 1507 1741 1539 vi
1760 1505 1914 1541 humana
1934 1520 1994 1542 seu
2012 1520 2138 1553 corpo-

1142 1555 1227 1593 rali,
1269 1556 1328 1588 sed
1353 1556 1474 1588 divina
1504 1557 1660 1600 potentia
1697 1569 1732 1590 se
1757 1566 2031 1602 propagaturum
2064 1571 2138 1593 esse

1141 1606 1288 1639 verbnm
1317 1612 1349 1639 et
1375 1607 1567 1645 facturum,
1607 1615 1645 1641 ut
1670 1608 1714 1641 sit
1733 1609 1851 1645 efficax
1870 1617 1992 1643 contra
2010 1617 2138 1654 poten-

1141 1657 1225 1690 tiam
1254 1664 1286 1690 et
1317 1657 1453 1690 furores
1481 1655 1636 1692 hostium
1663 1658 1860 1703 Evangelii.
1920 1659 2014 1694 Huic
2041 1661 2135 1695 dicto

1141 1708 1239 1741 addit
1255 1708 1535 1752 occupationem.

1191 1806 1269 1842 Sed
1283 1808 1350 1856 qui
1372 1821 1426 1842 me
1448 1808 1567 1851 misit,
1594 1821 1706 1843 ceras:
1727 1815 1796 1851 est,
1832 1815 1863 1845 el
1888 1823 1982 1860 quae
2006 1810 2138 1847 audivi

1246 1871 1292 1893 ea·
1307 1872 1365 1902 eo,
1393 1859 1543 1907 loquor,
1571 1865 1632 1897 etc.

1218 1942 1328 1986 Quasi
1347 1945 1456 1978 dicat:
1484 1943 1560 1978 Etsi
1579 1945 1646 1979 iam
1664 1946 1782 1980 rideor
1800 1958 1817 1980 a
1834 1946 1952 1988 vobis,
1987 1959 2050 1982 nec
2071 1960 2134 1982 au-

1140 1994 1220 2027 dior
1238 1996 1283 2027 de
1300 2002 1397 2039 patre
1422 1995 1590 2040 loquens,
1628 2004 1744 2030 tamen
1769 1998 1841 2041 ipse
1869 1999 2055 2032 testabitur
2078 2012 2134 2033 me

1139 2057 1219 2078 vera
1239 2046 1383 2085 dixisse,
1412 2047 1477 2080 erit
1496 2047 1615 2080 efficax
1637 2060 1712 2080 mea
1730 2061 1833 2089 voce,
1865 2056 1896 2082 et
1921 2050 1963 2082 ad
1992 2050 2132 2083 salvan-

1139 2097 1201 2129 dos
1220 2097 1418 2140 credentes,
1447 2104 1480 2130 et
1496 2099 1718 2132 damnandos
1737 2106 1979 2133 contemtores.
2024 2099 2132 2134 Hunc

1139 2159 1210 2180 non
1230 2147 1366 2180 facietis
1384 2149 1610 2190 mendacem,
1645 2149 1778 2183 etiamsi
1804 2150 1945 2194 pergitis
1971 2158 2131 2184 contem-

1137 2210 1220 2230 nere
1245 2210 1358 2231 meam
1383 2211 1521 2240 vocem,
1563 2200 1644 2244 quia
1677 2200 1746 2233 scio
1781 2213 1834 2233 me
1865 2201 1990 2234 afferre
2022 2202 2133 2246 ipsius

1137 2250 1305 2288 verbum,
1360 2257 1393 2283 et
1424 2250 1498 2283 eius
1533 2251 1700 2284 mandato
1738 2251 1836 2294 fungi
1870 2248 1937 2284 hoc
1968 2264 2131 2294 munere,

1137 2312 1244 2344 quare
1263 2301 1491 2344 experiemini
1512 2312 1585 2334 non
1602 2302 1708 2334 fuisse
1726 2300 1860 2334 irritam
1881 2314 2021 2344 vocem,
2050 2316 2130 2337 cum

1136 2363 1244 2394 arguo
1265 2358 1296 2384 et
1318 2352 1436 2384 iudico
1455 2359 1603 2385 vestram
1622 2351 1903 2385 incredulitatem
1919 2381 1927 2394 ,
1954 2354 2035 2398 quia
2056 2367 2130 2388 non

1136 2414 1234 2441 mea,
1268 2403 1326 2434 sed
1352 2402 1462 2446 patris
1488 2402 1660 2435 sententia
1685 2409 1718 2436 et
1743 2404 1909 2437 mandato
1941 2405 2129 2448 profertur.

1136 2451 1214 2486 Hoc
1246 2453 1337 2486 dicto
1364 2465 1439 2486 non
1464 2453 1577 2486 solum
1602 2464 1674 2485 sese
1700 2453 1836 2487 solatur
1858 2455 2026 2488 adversus
2052 2454 2129 2498 hos,

1136 2504 1196 2548 qui
1227 2505 1376 2546 superbe
1407 2511 1439 2537 et
1470 2515 1588 2536 secure
1623 2509 1855 2539 contemnunt
1880 2504 2129 2549 Evangelium,

1135 2555 1195 2588 sed
1221 2554 1323 2587 etiam
1349 2555 1532 2587 confirmat
1563 2554 1659 2598 pios,
1697 2561 1734 2588 ut
1759 2556 1870 2589 sciant
1893 2555 2007 2590 Deum
2033 2565 2127 2591 certo

1134 2617 1196 2649 per
1211 2605 1446 2638 ministerium
1474 2602 1579 2638 huius
1597 2605 1692 2638 vocis
1718 2606 1890 2639 efficacem
1916 2607 2007 2647 fore,
2045 2609 2127 2653 quia

1135 2657 1303 2689 mandato
1329 2655 1463 2690 aeterni
1478 2656 1588 2701 patris
1604 2656 1648 2691 ab
1666 2657 1741 2702 ipso
1759 2657 1831 2691 filio
1851 2656 1917 2692 Dei
1934 2660 2071 2703 prodita
2092 2666 2126 2693 et

1103 2702 1105 2750 ἶ
1131 2707 1266 2752 prolata
1283 2713 1346 2744 est.
