2415 2942
225 96 300 132 355
819 92 942 128 PIIIL..
971 92 1086 129 MEL.
1111 90 1319 128 SCRtPTA
1347 90 1647 131 EXEGETICA.
2173 96 2247 131 336

232 185 287 216 (lia
307 182 483 216 dot-niune
506 178 693 211 necess-«iia
710 176 900 216 Ecclesiae,
929 178 971 211 ad
999 179 1216 211 venerandos

232 232 414 275 Exaugelii
437 231 634 272 ministros,
653 230 811 261 doctores
832 225 863 262 et
882 228 1084 275 discipulos,
1121 227 1216 261 Hor-

232 292 345 318 temur
370 280 544 326 principes
567 286 597 312 et
623 279 801 319 civitates,
825 286 861 312 ut
881 277 1111 322 Evangeliuni
1131 292 1216 323 pure

231 342 266 368 et
285 340 375 366 recte
402 331 550 375 proponi
573 329 736 362 Erotesiis
762 337 903 373 curent,
939 338 971 363 et
995 330 1217 362 consolemur

232 394 370 422 omnes,
402 382 460 426 qui
488 381 640 424 pericula
666 388 697 413 et
719 393 904 413 aerumnas
929 381 1100 414 sustinent
1135 393 1215 424 pro-

231 442 309 478 pter
327 432 612 476 propagationem
634 430 829 473 Evangelii.
883 430 1044 475 Denique
1063 438 1095 464 et
1113 432 1215 464 nobis

232 485 334 528 ipsis,
375 483 433 527 qui
460 489 600 526 propter
633 481 787 514 studium
811 480 994 525 Evangelii
1026 481 1215 515 toleramus

231 541 468 571 contemtum,
497 532 671 575 inopiam,
700 532 819 572 exilia,
847 533 1016 576 supplicia
1042 539 1073 564 et
1095 533 1212 565 multi-

232 587 337 627 plices
368 583 540 622 miserias,
576 580 666 615 hanc
688 583 964 616 consolationem
990 583 1216 614 inculcemus.

233 637 272 667 ln
291 633 356 667 lmc
382 635 596 677 glorificatur
620 640 715 676 pater
740 645 854 674 meus,
888 640 924 666 ut
949 633 1101 665 fructum
1125 633 1216 665 mul-

231 693 304 719 tum
325 685 461 722 seratis,
483 691 515 717 et
533 684 619 716 fiatis
638 684 706 716 mei
723 683 898 728 discipuli.
934 682 1100 716 Fructum
1117 683 1216 723 serre,

232 744 264 769 et
297 736 368 768 lieri
404 735 594 778 discipulos
626 732 778 774 Christi,
819 733 990 775 significat
1025 744 1215 777 propagare

231 786 484 827 lix-angelium,
512 797 570 818 seu
596 785 725 816 servire
753 784 788 816 iu
815 784 1010 817 ministerio
1035 790 1067 815 et
1092 784 1216 816 studiis

232 837 433 879 lix-angelii,
461 835 525 868 hoc
543 835 655 867 officio
673 834 821 867 affirmat
841 832 1004 867 Christus
1028 835 1214 875 glorificari

230 887 359 922 Deum.
415 885 534 930 ltaque
560 885 738 927 Evangelii
765 885 970 932 propagatio
994 891 1026 917 et
1050 885 1217 924 studium,

231 945 312 970 sunt
329 939 419 969 bona
442 948 564 980 opera.
603 934 675 968 Deo
701 935 890 979 placentia,
924 935 1038 967 cultus
1063 934 1126 968 Dei
1156 947 1215 967 ne-

231 988 389 1027 cessarii,
434 987 561 1031 quibus
586 985 680 1019 Deus
711 986 861 1019 affirmat
891 997 926 1018 se
953 983 1090 1018 honore
1113 985 1215 1021 affici.

230 1038 325 1072 llaec
344 1045 392 1070 est
410 1037 556 1081 simplex
574 1034 679 1069 huius
699 1036 785 1069 dicti
812 1036 1002 1074 sententia,
1037 1049 1125 1081 quae
1151 1049 1214 1069 no-

229 1090 282 1121 bis
307 1096 339 1122 et
365 1088 536 1121 illustrior
563 1095 594 1120 et
621 1087 759 1120 dulcior
784 1087 867 1128 erit,
905 1099 982 1120 cum
1006 1084 1072 1120 hoc
1101 1088 1217 1128 modo,

229 1148 266 1173 ut
283 1139 374 1180 dixi,
402 1150 475 1172 eam
495 1139 535 1171 ad
552 1148 653 1171 usum
672 1138 1027 1172 accommodabimus.

339 1222 440 1257 Sicu!
459 1222 591 1256 dilexit
608 1235 661 1256 me
675 1228 796 1269 paler,
825 1222 878 1257 ila
899 1221 1020 1257 dilexi
1036 1234 1106 1256 cos.

333 1290 379 1326 Et
397 1289 452 1324 his
471 1291 572 1334 ipsis,
605 1290 664 1334 qui
690 1298 894 1323 exercentur
917 1290 1082 1334 periculis
1106 1296 1138 1322 et
1160 1301 1215 1322 ae-

230 1343 368 1377 rumnis
390 1349 532 1385 propter
555 1341 668 1373 studia
694 1348 726 1374 et
752 1342 1035 1384 propagationem
1053 1339 1216 1383 Evange-

229 1394 288 1433 lii,
335 1392 526 1425 consolatio
565 1392 724 1423 omnium
759 1403 892 1424 summa
924 1400 954 1425 et
987 1403 1116 1423 merces
1151 1392 1216 1424 im-

228 1455 349 1477 mensa
382 1443 602 1486 proponitur.
664 1441 761 1475 Sicut
793 1442 914 1474 dilexit
945 1453 1000 1474 me
1025 1449 1137 1485 pater,
1170 1442 1215 1474 ita

230 1507 292 1537 ego
313 1494 421 1535 diligo
443 1505 515 1526 vos,
569 1491 645 1528 Etsi
671 1493 769 1535 impii
796 1493 1000 1525 ardentibus
1025 1492 1115 1524 odiis
1144 1504 1217 1532 vos,

231 1545 290 1590 qui
308 1544 541 1586 Evangelinm
562 1543 761 1586 propagatis
779 1550 812 1575 et
829 1543 980 1581 discitis,
1006 1555 1215 1586 persequen—

227 1603 304 1635 tur,
345 1603 461 1628 tamen
491 1594 613 1626 scitote
647 1605 706 1625 vos
734 1593 833 1635 diligi
862 1601 894 1625 et
924 1593 1066 1625 defendi
1098 1605 1116 1625 a
1142 1592 1216 1625 Deo

229 1653 329 1690 patre
348 1652 379 1678 et
395 1657 413 1677 a
433 1644 504 1677 filio
524 1643 677 1677 Domino
702 1652 822 1676 nostro
846 1643 921 1677 lesu
939 1641 1101 1683 Clu-isto,
1127 1644 1215 1676 sicut

229 1708 330 1740 saepe
361 1695 444 1728 alias
472 1694 622 1732 dicitur,
666 1701 698 1727 et
728 1694 851 1727 Esaiae
882 1707 955 1738 cap.
989 1692 1048 1727 51.
1083 1695 1214 1727 dictum

230 1755 298 1780 est:
326 1745 430 1779 Posui
451 1746 597 1778 verbum
626 1757 742 1777 meum
769 1746 804 1777 in
833 1757 892 1777 ore
919 1752 1001 1785 tuo,
1037 1752 1069 1778 et
1092 1746 1215 1777 umbra

229 1808 356 1830 manus
375 1807 471 1828 meae
493 1795 628 1839 protexi
656 1802 703 1835 te,
737 1802 775 1829 ut
801 1796 936 1839 plantes
963 1795 1089 1828 coelos.
1142 1794 1217 1828 Hae

230 1847 481 1892 promissiones
512 1846 654 1879 divinae
685 1849 914 1890 opponendae
945 1853 1025 1879 sunt
1048 1847 1138 1880 odiis
1164 1854 1208 1891 ty-

230 1898 404 1938 rannicis,
431 1904 464 1930 et
479 1897 792 1939 obtemperandum
815 1904 865 1930 est
882 1895 956 1930 Deo
979 1897 1217 1941 praecipienti,

229 1957 269 1983 ut
286 1946 518 1991 Evangelium
535 1959 786 1990 propagemus,
821 1954 853 1980 et
871 1948 1091 1989 laetandum,
1123 1949 1216 1993 quod

228 2000 275 2033 ab
300 1999 375 2042 ipso
399 1998 606 2040 diligamur,
640 2010 679 2030 ac
705 1999 874 2041 speranda
901 2005 967 2037 est,
1006 2010 1077 2031 non
1103 1999 1216 2031 solum

229 2049 407 2089 defensio,
433 2049 493 2081 sed
523 2048 624 2081 etiam
649 2047 795 2081 felicitas
822 2049 856 2080 in
881 2049 1076 2091 colligenda
1093 2046 1215 2081 Eccle-

230 2101 298 2140 sia,
326 2100 420 2145 quod
439 2098 599 2131 videlicet
616 2099 725 2130 nostri
746 2099 881 2131 labores
906 2099 1016 2130 futuri
1041 2099 1113 2132 sint
1139 2110 1218 2142 per-

229 2158 334 2195 petuo
355 2151 522 2183 salutares
538 2149 641 2182 nobis
666 2149 750 2192 ipsis
772 2156 804 2182 et
828 2160 973 2191 magnae
994 2149 1216 2183 multitudini

230 2213 333 2234 verae
350 2199 535 2234 Ecclesiae.

334 2251 428 2284 Haec
445 2257 495 2283 est
513 2256 628 2283 autem
647 2260 725 2282 vera
743 2255 776 2283 et
794 2249 890 2282 firma
907 2249 1100 2283 consolatio
1112 2277 1120 2290 ‚
1147 2250 1218 2282 lae-

232 2301 296 2334 tari
310 2329 325 2344 „
353 2301 433 2345 quia
458 2301 586 2334 scimus
607 2311 672 2332 nos
696 2298 770 2333 Deo
794 2301 1054 2343 obtemperare,
1090 2307 1122 2334 et
1143 2299 1217 2334 Deo

232 2353 368 2394 placere
388 2358 525 2385 nostros
553 2351 708 2390 labores,
743 2351 814 2383 imo
839 2351 1004 2384 sacrificia
1023 2349 1097 2384 Deo
1121 2359 1216 2395 grata

232 2413 324 2442 esse,
351 2408 383 2435 et
401 2413 464 2434 nos
481 2401 621 2434 defendi
639 2413 677 2433 ac
698 2401 811 2434 iuvari
828 2414 846 2434 a
863 2399 937 2435 Deo
951 2428 959 2442 ,
985 2413 1049 2434 nec
1074 2413 1146 2435 esse
1170 2403 1216 2434 ir-

230 2453 316 2485 ritas
343 2452 600 2492 contentiones,
635 2452 694 2484 sed
718 2452 885 2485 salutares
914 2452 1017 2486 nobis
1040 2458 1072 2486 et
1095 2451 1218 2487 Eccle-

232 2503 300 2536 siae
326 2501 410 2542 Dei,
440 2502 626 2535 aeternitas
661 2503 830 2536 intuenda
852 2509 924 2544 est,
958 2515 996 2536 ac
1021 2515 1100 2536 vere
1124 2504 1217 2536 bona

232 2556 406 2585 ducantur
424 2552 482 2584 illa
501 2552 609 2592 bona,
637 2564 724 2596 quae
745 2561 912 2597 perpetuo
936 2554 1102 2587 duratura
1126 2561 1218 2593 sunt,

234 2611 264 2635 et
283 2610 364 2637 sunt
380 2609 547 2647 perpetua
572 2614 648 2635 cum
666 2601 740 2636 Deo
763 2605 997 2642 consuetudo,
1032 2605 1161 2638 laetitia
1187 2613 1219 2639 et

233 2654 354 2697 gloria.
418 2652 571 2696 Magnos
596 2652 733 2686 labores
756 2655 926 2687 sustinent
949 2653 1115 2696 Pericles,
1149 2653 1219 2690 De-

1268 176 1467 212 mosthenes
1492 185 1523 213 et
1547 177 1629 219 alii,
1669 179 1725 212 sed
1762 179 1913 214 exitiales
1936 179 2002 214 sibi
2028 178 2109 224 ipsis
2134 185 2166 214 et
2190 192 2250 224 pa-

1269 231 1365 264 triae.
1396 229 1491 263 Haec
1508 241 1631 272 magna
1650 237 1681 263 et
1698 230 1885 264 ineffabilis
1901 231 2040 265 miseria
2059 237 2119 272 est,
2135 232 2250 275 frangi

1268 288 1297 312 et
1324 281 1482 314 consumi
1508 287 1645 313 tantum
1670 280 1875 324 perniciosis
1900 281 2095 316 laboribus:
2132 282 2251 315 minus

1269 331 1372 364 miser
1406 338 1455 364 est
1479 330 1618 374 Scipio,
1659 331 1719 376 qui
1753 342 1807 363 res
1829 331 1916 374 gerit
1938 333 2041 365 utiles
2065 332 2196 376 patriae
2220 339 2253 367 et

1270 381 1480 424 posteritati,
1522 382 1580 414 sed
1607 387 1724 415 tamen
1751 393 1814 414 nec
1834 382 1954 422 novit,
1989 394 2052 416 nec
2076 383 2254 417 invocavit

1270 431 1381 465 Deum
1394 457 1402 470 ,
1428 444 1490 465 nec
1509 432 1629 465 retulit
1650 443 1731 465 suos
1749 432 1884 465 labores
1903 433 1944 465 ad
1965 430 2058 465 hunc
2074 433 2190 474 finem,
2214 440 2253 467 ut

1273 483 1361 516 Deus
1380 490 1471 515 recte
1485 489 1693 525 agnoscatur
1709 489 1742 516 et
1758 483 1964 518 celebretur.
2005 482 2089 517 Ideo
2105 495 2168 516 nec
2184 484 2250 527 ipsi

1269 533 1426 576 Scipioni
1443 534 1611 566 salutares
1632 540 1712 567 sunt
1736 533 1789 566 sui
1815 534 1970 573 labores,
2005 546 2068 566 nec
2095 534 2253 567 serviunt

1270 584 1372 615 rebus
1409 583 1549 617 divinis.
1619 583 1665 616 At
1702 584 1862 622 Samuel,
1902 583 2033 623 David,
2076 584 2250 624 Ieremias,

1271 633 1442 677 Baptista,
1471 642 1501 667 et
1519 635 1665 675 similes,
1693 635 1755 668 etsi
1774 636 1946 668 sustinent
1968 635 2125 677 ingentes
2149 647 2252 669 aeru-

1269 696 1368 717 mnas
1384 685 1507 726 exiguo
1526 692 1702 728 tempore,
1737 692 1852 718 tamen
1871 686 1959 719 beati
1978 692 2079 725 sunt,
2114 685 2193 730 quia
2220 693 2252 718 et

1269 734 1342 768 Deo
1361 736 1516 778 placent,
1544 743 1573 768 et
1594 747 1646 768 res
1662 742 1786 778 gerunt
1804 743 2004 780 perpetuam
2031 736 2176 769 salutem
2202 736 2254 768 af-

1269 786 1417 819 ferentes
1441 786 1524 829 ipsis
1548 793 1581 819 et
1598 785 1786 820 Ecclesiae.
1839 785 1934 819 Haec
1959 786 2151 819 consolatio
2176 797 2251 819 sae-

1242 842 1245 878 1
1272 836 1409 877 pissime
1418 838 1562 880 repetita
1575 844 1635 877 est,
1645 844 1681 870 ut
1692 838 1732 869 ad
1745 835 1924 870 Abraham
1937 837 2075 876 dicitur,
2086 835 2252 870 Gen⁴15.:

1242 881 1245 894 i
1275 885 1344 928 Ego
1364 893 1539 930 protector
1563 895 1661 927 tuus,
1697 895 1728 920 et
1754 899 1883 920 merces
1905 895 1964 920 tua
1992 899 2115 930 magna
2139 888 2249 920 valde.

1243 928 1245 987 i
1273 937 1461 969 t‘otlieetur
1476 937 1733 976 defensionem,
1762 939 1913 981 praemia
1939 945 1969 970 et
1996 949 2187 977 successus,
2220 945 2252 971 et

1242 994 1245 1020 ¹,
1270 987 1303 1022 2,
1321 985 1485 1020 Corinth.
1504 986 1538 1023 4.
1555 989 1639 1020 dicit
1657 987 1801 1021 Paulus:
1824 988 1902 1021 ldeo
1921 1000 1990 1020 nou
2011 989 2253 1031 defatigamur,

1270 1037 1328 1070 sed
1355 1038 1514 1082 quamvis
1540 1045 1701 1071 externus
1726 1045 1843 1071 noster
1868 1037 1974 1071 homo
2000 1038 2250 1082 corrumpitur.

1242 1098 1245 1128 ι
1272 1095 1385 1121 tamen
1411 1088 1560 1122 interior
1585 1095 1774 1122 renovatur
1800 1090 1842 1121 de
1868 1089 1924 1121 die
1949 1089 1983 1121 in
2007 1089 2111 1124 diem.
2164 1088 2251 1121 Nam

1271 1138 1472 1179 tribulatio,
1499 1151 1608 1183 quae,
1635 1152 1713 1172 cum
1735 1139 1847 1172 subita
1868 1140 1927 1177 sit,
1956 1140 2041 1172 levis
2057 1147 2125 1180 est,
2152 1139 2252 1172 affert

1271 1189 1439 1222 excellens
1456 1191 1594 1233 pondus
1610 1197 1769 1223 aeternae
1786 1190 1926 1232 gloriae.

1270 1272 1348 1307 Hoc
1365 1278 1414 1307 est
1433 1271 1652 1307 mandalum
1671 1285 1807 1312 meum,
1844 1278 1881 1307 ul
1902 1271 2073 1319 diligatis
2092 1271 2251 1307 lna-icem.

1370 1342 1565 1387 Aliquanto
1584 1343 1745 1387 superius
1767 1342 1945 1385 descripsit
1965 1341 2174 1381 Ecclesiam,
2202 1349 2255 1374 at-

1271 1393 1395 1427 tribuit
1423 1394 1553 1435 cultus,
1594 1394 1872 1430 invocationem,
1906 1400 1938 1425 et
1965 1392 2250 1435 propagationem

1272 1442 1464 1487 Evangelii.
1518 1443 1621 1477 Nunc
1638 1445 1680 1475 ‹le
1698 1444 1800 1476 tertio
1827 1443 1921 1475 cultu
1947 1455 2005 1476 seu
2032 1443 2123 1474 bono
2147 1454 2252 1485 opere

1271 1494 1519 1534 concionatur,
1555 1497 1647 1539 quod
1676 1502 1707 1527 et
1733 1495 1845 1536 ipsum
1872 1505 1944 1525 non
1968 1493 2081 1525 solum
2106 1493 2251 1535 singulis

1271 1545 1306 1577 in
1325 1545 1460 1588 privata
1479 1544 1548 1577 vita
1568 1545 1799 1576 necessarium
1820 1551 1887 1581 est,
1916 1544 1973 1575 sed
1993 1544 2094 1576 etiam
2113 1543 2250 1586 publice

1271 1595 1306 1628 in
1324 1595 1573 1639 propagatione
1593 1596 1772 1628 doctrinae
1800 1601 1829 1627 et
1855 1595 1889 1626 in
1915 1593 2168 1636 gubernatione
2185 1591 2253 1626 Ec-

1271 1646 1411 1685 clesiae,
1446 1646 1607 1679 videlicet
1639 1647 1679 1678 de
1706 1646 1892 1678 concordia
1916 1656 1976 1677 seu
2000 1651 2120 1677 mutua
2147 1644 2254 1676 bene-

1271 1696 1435 1730 volentia.
1495 1696 1721 1739 Perspicuum
1757 1704 1804 1727 est
1839 1696 2064 1734 mandatum,
2104 1701 2137 1727 et
2171 1702 2251 1727 nota

1270 1748 1435 1780 omnibus
1450 1749 1622 1780 sententia
1637 1755 1701 1779 est:
1729 1745 1927 1779 Concordia
1950 1757 2077 1791 parvae
2101 1756 2155 1777 res
2179 1757 2253 1777 cre—

1270 1805 1391 1838 scunt,
1432 1798 1607 1831 discordia
1641 1808 1787 1840 magnae
1819 1797 2043 1836 dilabuntur,
2094 1802 2126 1829 et
2149 1807 2253 1827 nemo

1272 1849 1407 1892 ignorat
1428 1848 1623 1882 Psalmnm:
1653 1846 1742 1880 Ecce
1758 1859 1862 1892 quam
1879 1848 2011 1879 bonum
2029 1852 2059 1878 et
2077 1857 2181 1890 quam
2201 1845 2255 1878 iu—

1271 1900 1444 1940 cundum,
1487 1896 1645 1931 habitare
1669 1899 1790 1930 fratres
1812 1898 1846 1929 in
1873 1908 1995 1929 unum.

1272 1961 1349 1982 mus
1384 1950 1607 1993 peculiariter
1632 1951 1674 1981 de
1699 1948 1879 1980 doctrinae
1903 1945 2090 1979 concordia
2114 1945 2255 1979 concio-

1272 2006 1385 2032 natur.
1437 1998 1530 2041 Quia
1545 2011 1623 2032 cum
1641 1999 1677 2031 fit
1696 1998 1827 2030 mentio
1846 1996 2012 2039 balsami,
2043 2008 2112 2041 quo
2131 1995 2253 2029 Aaron

1271 2055 1396 2082 unctus
1430 2056 1498 2088 est,
1540 2049 1699 2083 doctrina
1732 2048 1956 2091 significatur.
2025 2046 2072 2081 Ut
2107 2046 2255 2079 distillat

1272 2100 1462 2132 balsamum
1489 2112 1507 2132 a
1531 2101 1659 2133 vertice
1682 2097 1836 2132 Aaronis
1872 2099 1909 2130 in
1941 2097 2088 2131 barbam
2117 2106 2149 2130 et
2177 2108 2255 2130 oras

1273 2151 1488 2188 vestimenti,
1532 2151 1577 2182 ita
1601 2163 1670 2183 una
1694 2150 1850 2183 doctrina
1878 2149 1920 2181 ab
1945 2160 2015 2182 uno
2039 2159 2175 2181 summo
2200 2159 2255 2179 sa-

1272 2202 1429 2240 cerdote,
1458 2208 1489 2234 et
1508 2201 1635 2234 vertice
1652 2198 1792 2235 Christo
1810 2210 1945 2243 sparsa,
1968 2200 2133 2231 doceatur
2147 2209 2165 2229 a
2182 2204 2253 2230 toto

1271 2259 1369 2285 coetu
1390 2253 1626 2292 sacerdotum,
1660 2263 1731 2284 non
1756 2251 1888 2294 fingant
1911 2249 1977 2282 sibi
2003 2246 2163 2282 homines
2190 2260 2253 2280 no-

1272 2314 1329 2335 vas
1352 2303 1537 2346 opiniones
1561 2304 1603 2335 de
1619 2303 1715 2342 Deo,
1745 2303 1803 2334 sed
1828 2305 2014 2344 agnoscant
2039 2310 2137 2339 eum,
2166 2298 2255 2331 sicut

1273 2353 1343 2397 ipse
1361 2364 1396 2386 se
1413 2353 1590 2397 patefecit,
1610 2360 1642 2385 et
1659 2353 1774 2386 colant
1791 2364 1868 2385 eum
1887 2352 1979 2384 iuxta
1996 2349 2143 2382 verbum
2159 2349 2252 2394 quod

1273 2404 1345 2447 ipse
1362 2404 1518 2439 tradidit.
1553 2401 1618 2438 Est
1635 2410 1749 2437 autem
1769 2401 1943 2446 singulare
1962 2397 2085 2438 πάθος
2102 2397 2155 2432 his
2173 2411 2252 2442 par-

1272 2454 1387 2488 ticulis
1423 2455 1676 2499 significatum,
1705 2453 1782 2487 Hoc
1808 2458 2029 2497 praeceptum
2048 2462 2163 2483 meum
2190 2457 2250 2482 est.

1272 2504 1343 2539 Cur
1362 2513 1459 2538 vocat
1481 2506 1620 2549 proprie
1640 2517 1760 2545 suum,
1787 2516 1865 2537 cum
1892 2502 1992 2535 toties
2017 2508 2116 2534 antea
2143 2500 2253 2533 tradi-

1271 2564 1344 2589 tum
1361 2556 1428 2590 sit?
1454 2555 1527 2592 Alii
1546 2556 1670 2589 usitate
1688 2555 1912 2598 respondent,
1929 2549 2137 2585 diciCliristi
2155 2562 2252 2582 man-

1272 2607 1412 2647 datnm,
1440 2613 1582 2651 propter
1596 2606 1784 2643 auxilium,
1811 2604 1891 2649 quia
1912 2601 2073 2636 Christus
2097 2602 2155 2634 dat
2172 2600 2253 2643 spi-

1244 2650 1247 2695 l
1272 2657 1378 2690 ritum
1395 2665 1572 2697 sanctum,
1601 2669 1669 2701 quo
1689 2656 1792 2689 corda
1818 2654 2076 2693 accenduntur,
2111 2658 2148 2685 ut
2171 2648 2252 2684 huic

2060 1895 2133 1938 Qui
2157 1895 2256 1928 Psal-
2272 1920 2274 1922 .

2397 2612 2399 2652 l
