2415 2942
277 98 350 134 927

277 181 515 217 remissionem
541 182 777 220 peccatorum,
807 179 846 206 ut
866 172 972 205 simul
997 169 1060 205 hac
1079 171 1166 211 fide,
1192 181 1260 215 qna

279 233 447 276 accipitur
469 227 646 263 remissio,
683 225 846 257 incoe'tur
879 224 970 264 vita,
1007 230 1039 256 et
1064 222 1110 255 sit
1136 221 1261 254 victrix

282 282 409 328 paeccati
439 287 472 313 et
497 287 671 312 terrorum
695 275 828 308 mortis.

385 330 479 364 llaec
500 328 644 361 victoria
669 333 718 359 est
742 325 881 358 initium
901 322 1157 357 conformitatis
1183 333 1262 355 cum

285 381 540 417 resurrectione
565 375 708 411 Christi.
760 373 823 408 Est
853 381 968 408 autem
1002 371 1085 406 haec
1117 372 1264 405 victoria

285 436 350 468 hoc
369 433 482 477 ipsum
502 431 537 462 in
556 429 676 467 nobis,
701 427 793 472 quod
821 433 966 459 vocatur
989 425 1127 457 novitas
1151 423 1266 467 Spiri-

286 493 358 522 tus,
394 490 426 516 et
450 493 521 515 non
545 486 594 512 est
619 485 754 512 tantum
780 476 942 518 cogitatio
967 473 1140 512 humana,
1178 474 1267 506 sicut

287 534 469 577 diligentia
494 530 635 573 regendi
662 527 884 571 disciplinam
912 527 947 558 in
977 525 1174 569 Pomponio
1201 523 1268 557 At-

287 587 373 619 tico:
412 584 471 616 sed
508 583 580 626 ipse
610 580 702 613 filius
734 577 798 612 Dei
829 584 877 610 est
909 577 1030 609 efficax
1061 587 1123 620 per
1148 585 1267 607 vocem

289 633 472 677 Evangelii
498 633 534 664 in
560 631 726 664 cordibus
757 628 993 670 credentium,
1035 633 1067 659 et
1099 626 1179 658 facit
1211 635 1269 657 eos

289 698 368 720 suae
389 682 633 717 resurrectioni
654 680 869 718 conformes,
895 689 972 710 curn
991 676 1142 709 vivificat
1162 687 1218 708 eos
1237 682 1270 708 et

291 733 436 770 retr.=liit
458 746 496 767 ex
516 733 698 766 doloribus
722 730 934 767 inferorum,
962 739 999 760 ac
1017 726 1122 760 simul
1141 727 1200 759 dat
1222 725 1271 758 eis

291 787 461 831 Spiritum
489 791 664 822 sanctum,
692 781 751 826 qui
775 779 932 812 accendit
954 789 1066 810 novos
1092 783 1207 810 motus
1232 776 1271 808 in

292 840 340 871 eis
365 841 592 878 congruentes
625 844 703 864 cum
728 829 822 870 Deo,
866 830 901 861 id
927 835 1002 868 est,
1042 827 1209 861 laetitiam
1239 833 1273 859 et

292 899 445 922 amorem
477 896 554 927 erga
588 882 713 916 Deum.
771 880 821 914 lta
851 880 1006 913 vincitur
1029 885 1207 923 peccatum
1235 877 1271 909 in

293 940 395 972 nobis
413 948 473 980 per
487 936 597 968 filium
616 932 704 971 Dei,
732 938 821 966 utet
844 931 917 974 ipse
942 930 1074 975 inquit:
1102 927 1176 972 Ego
1197 939 1273 961 sum

294 990 391 1028 vitis,
418 999 478 1019 vos
492 985 670 1029 palmites,
697 982 758 1027 qui
778 989 893 1015 manet
910 982 946 1013 in
964 993 1019 1013 me
1036 987 1067 1013 et
1084 991 1145 1022 ego
1166 980 1202 1011 in
1221 990 1275 1021 eo,

293 1041 378 1073 seret
403 1039 556 1071 fructum
581 1035 751 1071 multum,
787 1033 867 1077 quia
891 1032 966 1064 sine
983 1043 1038 1064 me
1061 1028 1151 1063 nihil
1177 1036 1276 1074 pote-

295 1092 354 1124 stis
373 1090 483 1123 facere
502 1094 563 1120 etc.
617 1085 651 1118 2.
670 1082 832 1117 Corinth.
850 1081 922 1117 15.:
953 1081 1075 1114 Gratia
1094 1079 1166 1114 Deo
1179 1107 1188 1120 ‚
1215 1079 1275 1125 qui

296 1143 354 1174 dat
375 1139 476 1173 nobis
493 1136 674 1171 victoriam
694 1146 755 1179 per
776 1133 969 1167 Dominum
988 1139 1147 1166 nostrum
1162 1131 1276 1165 Iesum

297 1190 489 1226 Clitis-tum.

400 1241 495 1274 Idem
525 1239 671 1278 (licitur,
706 1249 784 1271 cum
816 1236 859 1268 ab
893 1236 971 1269 aliis
996 1235 1145 1274 dicitur,
1185 1244 1277 1266 nova

300 1357 378 1377 nem
408 1350 438 1376 et
463 1340 803 1377 reconciliationem,
853 1337 1023 1379 Spiritum
1058 1342 1216 1368 sanctum
1246 1340 1279 1367 et

301 1396 320 1427 s:
339 1397 414 1427 lom.
470 1392 518 1425 Ac
544 1397 614 1424 tota
643 1401 696 1422 res
724 1389 760 1420 fit
786 1388 985 1431 perspicua,
1028 1386 1056 1418 si
1080 1385 1280 1418 conferatur

302 1443 369 1477 huc
395 1443 553 1476 doctrina
580 1442 622 1473 de
651 1438 865 1483 poenitentia
890 1449 947 1470 seu
971 1436 1220 1475 conversione,
1249 1441 1281 1468 et

303 1504 350 1528 est
374 1495 460 1527 utile
479 1494 514 1525 in
536 1491 705 1524 doctrinis
730 1489 871 1531 videre,
897 1488 959 1521 ubi
984 1498 1038 1520 res
1065 1487 1203 1519 eaedem
1226 1485 1281 1517 di-

303 1546 409 1578 versis
433 1542 612 1575 vocabulis
637 1540 885 1578 nominentur,
924 1549 968 1570 ne
995 1537 1124 1569 incauti
1149 1546 1202 1568 res
1225 1535 1282 1567 di·
1306 1539 1308 1559 ἰ

303 1608 418 1628 versas
438 1595 606 1636 cogitent:
635 1591 722 1624 sicut
741 1588 1009 1632 Anabaptistae‚
1039 1598 1116 1619 cum
1133 1585 1283 1618 audiunt
1307 1597 1308 1611 1

305 1646 387 1679 haec
405 1644 593 1683 vocabula,
619 1641 924 1674 mortificationem
949 1644 981 1671 et
1000 1637 1283 1672 vivificationem,

304 1700 439 1739 fingunt
458 1707 510 1728 res
525 1695 677 1726 diversas
692 1704 709 1724 a
729 1690 943 1734 poenitentia
961 1701 1019 1721 seu
1037 1686 1282 1720 conversione:

305 1755 421 1792 postea
456 1744 772 1778 comminiscuntur
802 1739 1105 1773 mortificationem
1141 1748 1213 1770 esse
1238 1736 1286 1768 si-

305 1799 454 1831 mulatos
483 1802 598 1839 gestus
629 1792 858 1831 humilitatis,
905 1796 1119 1823 contemtum
1150 1787 1286 1820 ordinis

307 1848 467 1893 politici,
527 1844 707 1887 coniugii,

309 1897 511 1944 ἀστοργίαν
546 1904 608 1930 etc.

310 1961 387 1984 suas
405 1949 572 1992 quasdam
596 1944 875 1978 illuminationes
889 1950 919 1975 et
940 1938 1134 1979 ἐκστάσεις.

410 1998 462 2032 De
487 1995 540 2030 his
560 1996 715 2029 fanaticis
742 1993 1050 2037 imaginationibus
1067 1990 1197 2024 Paulus
1216 1989 1288 2032 ipse

310 2055 513 2095 praemonet
541 2045 701 2080 homines
719 2071 727 2083 ,
770 2052 807 2078 ut
836 2045 1025 2087 prudenter
1049 2042 1203 2074 iudicent
1227 2039 1287 2072 illa

311 2101 456 2145 grandia
483 2099 586 2131 verba
605 2105 634 2130 et
654 2096 911 2129 simulationem
933 2092 1144 2132 sanctitatis,
1169 2102 1212 2123 ne
1228 2091 1288 2123 de-

312 2152 497 2196 cipiantur.
549 2147 622 2181 Nos
647 2147 826 2190 loquimur
852 2146 894 2177 de
918 2145 1022 2177 rebus
1046 2143 1137 2175 notis
1160 2142 1197 2173 in
1220 2139 1289 2173 Ec-

313 2203 414 2236 clesia
443 2208 475 2234 et
505 2200 541 2232 in
565 2198 735 2231 exercitiis
754 2197 905 2239 piorum.
956 2193 1032 2226 Hoc
1051 2193 1144 2237 quod
1164 2191 1289 2225 usitate

311 2253 518 2287 nominatur
536 2248 720 2285 contritio,
750 2248 781 2279 id
801 2245 857 2279 hic
873 2246 1078 2278 nominatur
1096 2242 1289 2275 Mortifica-

314 2305 379 2343 tio‚
407 2310 440 2336 et
453 2301 621 2344 significat
642 2309 739 2330 veros
757 2307 900 2340 pavores
919 2303 950 2328 et
966 2295 1104 2328 dolores
1128 2293 1164 2325 in
1186 2292 1290 2325 corde
1314 2301 1316 2319 t

315 2360 522 2395 agnoscente
540 2352 625 2382 iram
647 2349 711 2383 Dei
730 2350 896 2380 adversus
920 2352 1076 2390 peccata,
1104 2345 1146 2376 de
1162 2343 1291 2387 quibus

316 2404 498 2436 doloribus
513 2402 644 2434 dictum
657 2407 721 2432 est:
751 2398 847 2432 Sicut
863 2398 915 2429 leo
933 2395 1096 2429 contrivit
1113 2406 1188 2426 ossa
1204 2404 1290 2427 mea.

315 2451 361 2487 Et
380 2454 415 2486 in
434 2453 493 2485 tali
518 2449 783 2483 mortificatione
808 2454 913 2480 ruunt
939 2445 1100 2480 homines
1124 2445 1159 2476 in
1180 2450 1292 2476 aeter-

315 2516 399 2537 num
426 2502 587 2543 exitium,
622 2501 710 2534 sicut
734 2498 819 2533 Saul
843 2505 874 2531 et
906 2497 1027 2537 ludas,
1055 2495 1195 2540 quando
1217 2505 1291 2526 non

314 2554 443 2588 accedit
474 2552 567 2585 fides.

414 2601 589 2646 Loquitur
621 2606 734 2632 autem
768 2598 899 2631 Paulus
932 2598 974 2631 de
1007 2594 1291 2635 mortificatione,

314 2666 381 2701 qua
407 2652 511 2687 morti
535 2648 666 2685 Christi
698 2650 894 2682 conformes
926 2659 1064 2688 sumus,
1107 2645 1291 2686 videlicet,

762 1854 878 1875 rerum
921 1839 1311 1877 communicationem‚'

663 1893 799 1927 Deinde
839 1891 1110 1924 vivificationem
1150 1882 1313 1932 fingunt³

871 86 997 122 PlllL.
1024 85 1141 120 MEL.
1169 83 1378 120 SCRIPTA
1402 82 1701 121 EXEGETICA.

1303 1253 1305 1262 ι
1330 1240 1362 1267 et
1388 1244 1500 1266 novus
1523 1230 1652 1276 homo,
1681 1231 1770 1267 Caro
1793 1239 1826 1266 et
1849 1232 2013 1277 Spiritus.

300 1292 496 1326 obedientia
524 1297 574 1323 est
597 1290 748 1322 retinere
772 1293 871 1320 antea
905 1288 1070 1319 donatam
1100 1284 1278 1318 remissio·
1303 1299 1305 1305 ι

1314 2219 1315 2228 t
1340 2191 1510 2236 Spiritum
1547 2196 1705 2223 sanctum
1724 2217 1732 2229 ,

2225 87 2299 123 928

1313 182 1391 204 cum
1417 182 1484 216 qua
1508 170 1591 203 fides
1616 176 1683 213 est,
1725 182 1793 215 qua
1816 171 1921 206 simul
1940 185 2000 218 per
2015 160 2194 209 Christum
2213 185 2292 208 sus-

1315 227 1491 254 tentamur
1520 228 1552 255 et
1581 220 1811 254 vivificamur.
1865 220 1930 256 Est
1960 231 2074 258 autem
2106 225 2294 259 vivificatio

1314 272 1420 305 altera
1455 283 1534 315 pars
1568 272 1827 312 conversionis,
1858 273 1990 307 scilicet
2016 275 2121 316 fides,
2157 277 2200 309 de
2225 288 2293 321 qua

1314 323 1459 355 dicitur:
1491 321 1605 355 {ustus
1630 320 1696 355 fide
1713 333 1774 355 sna
1791 322 1893 356 vivet.
1946 322 2036 356 Nam
2061 325 2098 357 in
2123 323 2186 359 hac
2208 339 2294 360 con-

1314 373 1485 406 solatione
1508 373 1601 405 silius
1617 371 1680 405 Dei
1705 372 1855 406 vivificat
1878 385 1954 414 cor,
1991 381 2025 407 et
2048 375 2106 408 dat
2123 375 2295 419 Spiritum

1316 429 1487 465 sanctum,
1503 423 1563 468 qui
1583 423 1739 456 accendit
1757 435 1867 456 novos
1883 431 1998 457 motus
2017 424 2051 456 in
2071 426 2186 465 corde,
2202 426 2297 462 iuxta

1318 475 1470 508 dictum:
1501 473 1691 517 Accepistis
1720 474 1882 517 spiritum
1909 474 2109 518 adoptionis
2144 475 2297 510 filiorum

1317 525 1523 557 clamantem
1545 525 1647 557 Abba
1674 524 1786 559 Pater.
1844 524 1947 557 Item:
1980 524 2170 559 Effundam
2195 537 2299 570 super

1318 577 1462 608 domum
1491 575 1605 608 David
1638 575 1800 618 spiritum
1833 575 1963 618 gratiae
1987 583 2019 609 et
2045 587 2197 619 precum.
2250 575 2300 610 Hi

1319 633 1434 659 motus
1452 625 1619 658 dicuntur
1635 632 1665 658 et
1684 632 1766 658 snut
1785 637 1874 658 nova
1892 626 2105 662 obedientia.

1422 675 1516 708 Haec
1543 675 1682 709 collatio
1706 676 1958 710 vocabulorum
1984 676 2219 720 poenitentiae
2239 687 2301 710 seu

1320 726 1561 760 conversionis
1589 732 1638 759 est
1671 726 1768 759 utilis
1800 727 1932 771 populo
1963 733 2083 760 contra
2117 726 2302 771 anabapti-

1320 778 1404 811 stica
1429 783 1462 810 et
1486 777 1613 810 similia
1639 777 1882 812 deliramenta.
1943 776 1989 811 Et
2021 789 2157 821 semper
2190 777 2235 811 sit
2262 777 2301 810 in

1322 834 1507 871 conspectu
1526 840 1605 860 vera
1619 854 1628 868 ‚
1655 828 1802 871 simplex
1820 834 1854 861 et
1877 828 2060 872 perspicua
2077 827 2238 861 doctrina
2256 828 2300 861 de

1323 885 1559 923 poenitentia,
1596 890 1656 911 seu
1682 879 1932 920 conversione,
1975 885 2008 912 et
2040 885 2240 912 exerceatur
2263 879 2301 911 in

1324 929 1529 975 quotidiana
1547 928 1787 969 invocatione,
1815 929 1904 962 sicut
1921 930 2047 963 docent
2063 929 2209 962 Psalmi:
2229 928 2302 962 Do-

1324 980 1420 1013 mine
1436 991 1479 1012 ne
1497 979 1532 1011 in
1552 980 1669 1012 furore
1693 985 1752 1011 tuo
1778 990 1901 1021 arguas
1920 991 1985 1015 me.
2040 979 2211 1013 Miserere
2234 979 2303 1012 mei

1325 1030 1431 1064 Deus.
1484 1027 1530 1062 Et
1554 1030 1596 1062 de
1618 1029 1821 1073 profundis:
1850 1030 1910 1074 qui
1927 1037 1959 1063 et
1976 1031 2019 1062 de
2038 1030 2306 1063 mortificatione

1327 1089 1360 1115 et
1383 1082 1424 1114 de
1449 1080 1684 1113 vivificatione
1708 1080 1923 1125 loquuntur,
1965 1081 2008 1113 de
2033 1080 2162 1126 quibus
2189 1086 2222 1114 et
2248 1078 2306 1114 hic

1328 1131 1458 1166 Paulus
1486 1131 1654 1176 loquitur.

1428 1181 1535 1216 Recte
1552 1181 1794 1225 intelligantur
1815 1189 1848 1216 et
1872 1180 2030 1226 phrases:
2068 1181 2175 1217 Vetus
2197 1180 2305 1218 homo

2064 1232 2176 1267 Vetus
2198 1231 2305 1269 homo

1329 1284 1497 1327 significat
1520 1295 1592 1316 non
1619 1289 1754 1316 tantum
1777 1290 1910 1328 partem
1933 1281 2106 1325 hominis,
2131 1296 2252 1318 sensus
2273 1291 2308 1319 et

1304 1365 1305 1376 ἶ
1331 1335 1564 1378 appetitiones
1589 1345 1772 1374 sensuum,
1800 1335 1860 1367 sed
1886 1334 1990 1367 etiam
2008 1334 2179 1368 rationem
2197 1342 2230 1370 et
2244 1347 2301 1369 voa

1329 1386 1519 1418 luntatem:
1560 1396 1623 1416 nec
1646 1384 1760 1417 solum
1785 1384 2015 1428 appetitiones
2047 1396 2210 1418 sensuum
2242 1398 2307 1430 pu-

1331 1442 1439 1479 gnant
1462 1446 1540 1467 cum
1565 1435 1638 1476 lege
1661 1432 1747 1474 Dei,
1789 1435 1846 1467 sed
1876 1435 1978 1467 etiam
2011 1435 2048 1466 in
2081 1436 2217 1468 ratione
2246 1448 2307 1468 sen

1332 1493 1428 1530 parte
1453 1485 1623 1527 cogitante
1647 1491 1729 1517 sunt
1755 1485 1928 1527 ignoratio
1953 1483 2037 1525 Dei,
2070 1485 2308 1519 dubitationes

1333 1537 1375 1569 de
1403 1535 1637 1579 providentia,
1672 1535 1844 1577 ignoratio
1868 1534 2039 1577 Messiae,
2067 1541 2100 1568 et
2124 1536 2307 1578 multiplex

1333 1586 1452 1628 caligo.
1511 1584 1648 1617 Deinde
1669 1585 1706 1616 in
1734 1585 1913 1618 voluntate
1942 1591 1992 1617 est
2018 1585 2154 1617 aversio
2179 1597 2197 1618 a
2222 1585 2310 1623 Deo.

1335 1636 1507 1668 Voluntas
1525 1635 1664 1668 estsine
1680 1635 1806 1667 timore
1825 1633 1910 1675 Dei,
1927 1634 2002 1667 sine
2019 1646 2155 1675 amore,
2173 1636 2310 1678 fiducia,

1335 1699 1412 1731 spe,
1429 1686 1502 1718 sine
1520 1685 1649 1718 laetitia
1669 1685 1704 1717 in
1720 1683 1813 1725 Deo,
1840 1691 1949 1723 amat,
1977 1685 2051 1718 odit
2067 1692 2187 1719 contra
2206 1698 2308 1721 man-

1335 1739 1414 1770 data
1434 1736 1513 1770 Dei:
1535 1733 1618 1768 haec
1636 1735 1718 1769 vitia
1739 1735 1873 1768 suntin
1891 1735 2069 1778 superiore
2087 1743 2195 1780 parte.
2224 1737 2306 1772 Ideo

1335 1787 1467 1821 Paulus
1491 1787 1690 1819 describens
1714 1783 1894 1819 hominem
1925 1786 2000 1818 sine
2025 1785 2159 1830 Spiritu
2191 1795 2309 1822 sancto

1340 1841 1370 1873 1.
1386 1835 1546 1871 Corinth.
1566 1837 1600 1870 2.
1626 1837 1757 1881 inquit:
1794 1834 1967 1869 Animalis
1984 1834 2089 1869 homo
2109 1849 2180 1870 non
2199 1840 2311 1882 perci..

1338 1889 1389 1933 pit
1407 1900 1464 1927 ea,
1492 1899 1579 1932 quae
1597 1894 1679 1920 sunt
1697 1887 1840 1931 spiritus
1859 1886 1934 1920 Dei.
1986 1885 2037 1919 Ac
2057 1894 2170 1921 totum
2192 1886 2310 1923 homi-

1338 1952 1417 1972 nem
1450 1951 1521 1971 non
1554 1945 1716 1970 renatum
1748 1938 1855 1970 verbo
1882 1944 1915 1970 et
1947 1937 2099 1980 spiritu,
2151 1939 2312 1974 nominat

1338 1987 1515 2036 ψυχικὸν,
1542 1989 1631 2022 sicut
1649 1987 1733 2021 alibi
1759 1994 1870 2021 totum
1893 1985 1987 2021 hunc
2006 1985 2184 2022 hominem
2200 1991 2314 2024 nomi-

1312 2038 1314 2081 ff
1339 2048 1399 2074 nat.
1421 2039 1583 2074 Carnem.

1440 2089 1559 2124 Novus
1578 2086 1683 2121 homo
1702 2089 1849 2129 dicitur,
1877 2095 2047 2133 quatenus
2063 2086 2167 2124 habet
2187 2103 2313 2126 novam

1339 2142 1471 2180 lucem,
1507 2152 1544 2173 ac
1569 2151 1680 2172 novos
1707 2146 1823 2172 motus
1844 2151 2005 2173 accensos
2030 2152 2090 2184 per
2113 2142 2257 2175 verbum
2283 2151 2316 2177 et

1795 2190 1958 2224 videlicet
2003 2191 2216 2233 agnitionem
2246 2191 2313 2226 Dei

1341 2249 1372 2276 et
1397 2240 1541 2274 Domini
1573 2240 1683 2272 nostri
1710 2239 1787 2273 Iesu
1809 2238 1960 2279 Christi,
2002 2253 2117 2273 veram
2151 2242 2254 2275 fidem
2280 2251 2314 2278 et

1341 2292 1502 2326 fiduciam
1529 2292 1565 2323 in
1592 2288 1790 2331 Christum,
1823 2291 1982 2324 timorem
2005 2289 2087 2329 Dei,
2119 2290 2313 2326 invocatio-

1341 2355 1440 2383 nem,
1483 2341 1728 2381 dilectionem,
1768 2341 1934 2374 laetitiam
1968 2341 2241 2385 acquiescentem
2277 2344 2315 2378 in

1341 2392 1436 2434 Deo,
1478 2404 1572 2436 spem
1595 2399 1628 2425 et
1658 2392 1744 2424 alios
1768 2399 1883 2424 motus
1906 2390 2058 2432 Spiritus
2086 2394 2208 2429 sancti.
2260 2393 2314 2429 De

1341 2442 1405 2477 hac
1421 2444 1575 2476 novitate
1591 2442 1748 2486 loquitur
1762 2440 1891 2474 Paulus
1906 2443 1939 2475 2.
1952 2439 2113 2476 Corinth.
2131 2444 2183 2477 2:
2211 2443 2315 2480 Nunc

1342 2502 1467 2528 retecta
1492 2494 1578 2526 facie
1604 2492 1748 2535 gloriam
1773 2490 1918 2524 Domini
1942 2492 2133 2533 intuentes,
2171 2494 2205 2528 in
2230 2507 2314 2529 ean-

1341 2546 1420 2578 dem
1443 2545 1628 2586 imaginem
1648 2542 1937 2575 transformamur
1954 2553 1971 2574 a
1990 2542 2123 2585 fulgore
2139 2543 2175 2577 in
2198 2546 2313 2589 fulgo-

1342 2607 1434 2634 rem,
1471 2601 1636 2638 tanqnam
1663 2604 1680 2624 a
1706 2591 1851 2625 Domini
1876 2592 2020 2634 spiritu,
2062 2593 2098 2626 id
2122 2602 2193 2636 est,
2234 2608 2313 2630 tum

1341 2646 1408 2678 fide
1422 2645 1596 2678 cernimus
1613 2642 1784 2685 fulgorem
1800 2642 1970 2684 Domini,
1996 2643 2176 2687 videlieet,
2198 2646 2312 2692 ipsum
