2415 2942
311 121 383 155 245

314 219 350 239 ac
375 212 556 248 soquentes
569 228 576 238 .

314 258 376 290 ait:

314 308 410 339 addit
429 304 702 337 consolationem
721 303 762 333 de
780 302 967 334 stabilitate
986 300 1170 342 Ecclesiae,
1198 302 1297 347 quasi

315 359 421 389 dicat:
455 355 635 397 Sapientes
661 354 695 384 in
720 360 812 386 tanta
838 353 1042 385 confusione
1068 354 1296 398 imperiorum

315 408 509 440 eosdm-,nt
532 417 710 447 nunquam
731 403 917 445 religiones
935 404 969 436 in
987 406 1108 438 codem
1126 411 1215 437 statu
1235 405 1297 436 diu

316 468 536 501 permanere,
577 456 634 487 scd
662 455 810 487 subinde
833 455 917 486 alias
942 456 1114 497 extingui,
1157 462 1189 488 ct
1213 455 1297 488 oriri
1324 448 1325 474 3

463 506 551 538 (Tum
579 512 733 538 tenerent
753 503 917 537 t'haldaei
942 507 1127 549 imperinm
1146 504 1299 551 Baliylo—
1324 529 1326 552 3

956 565 1072 599 postca
1108 557 1299 589 Alexandri

317 610 462 642 victoria
497 608 613 640 lon-m
640 607 848 651 Olympium
886 608 1036 651 inycxit,
1077 615 1107 640 ct
1142 620 1194 640 res
1227 605 1326 650 ipsa¹

314 509 408 540 till-15.

318 560 455 593 nisum,
505 558 684 589 colebatur
723 557 769 587 il›i
805 555 902 595 l'mal,

316 660 488 699 ostendit,
529 659 647 691 ruinas
674 670 859 700 regnorum
885 670 998 690 secum
1026 657 1163 691 trahere
1185 666 1300 691 muta-

319 713 431 744 tiones
468 710 696 752 religionum,
739 715 774 741 ut
802 709 835 740 iu
860 708 941 740 Asia
979 716 1010 741 et
1038 708 1157 741 Africa
1188 709 1299 742 deleta

316 760 446 794 Christi
467 761 648 798 doctrina,
682 766 882 801 grassantur
908 760 1040 791 furores
1057 757 1300 791 Mallonietici.
1326 771 1327 778 ¹

317 812 382 845 His
400 812 566 855 exemplis
586 817 772 843 moventur
789 808 902 846 numi,
932 817 969 843 ut
988 810 1185 842 existiment
1203 810 1299 842 simi-

318 864 384 896 lem
404 860 617 896 esseCliristi
634 861 842 900 doctrinam,
872 867 903 892 et
922 861 1067 893 interire
1087 867 1124 893 ut
1143 860 1299 902 gentium

317 914 452 946 deliria.
506 911 550 945 Et
579 912 671 943 ridet
688 908 849 943 Christus
866 911 1032 942 acerrime
1054 922 1208 954 pugnare
1227 911 1302 943 dia-

317 965 457 1003 liolum,
485 970 516 995 et
539 963 678 994 turbare
705 961 868 1004 imperia,
904 960 1095 999 Ecclesias,
1131 963 1302 1003 dogmata,

317 1015 501 1058 praecipue
521 1011 585 1045 lioc
604 1012 771 1051 consilio,
799 1018 837 1044 ut
854 1012 967 1045 deleat
984 1018 1092 1045 totam
1111 1010 1302 1045 Ecclesiam

319 1066 393 1098 Dei.
448 1064 539 1097 Huic
557 1070 652 1096 tanto
673 1062 826 1106 periculo
853 1062 999 1106 opponit
1028 1060 1118 1095 lianc
1143 1063 1302 1096 consola-

318 1118 466 1150 tionem:
510 1114 619 1147 Nemo
646 1114 756 1156 rapiet
782 1125 836 1145 eas
865 1115 907 1145 de
932 1126 1039 1146 mann
1074 1126 1170 1157 mea,
1214 1114 1304 1148 sicut

316 1168 401 1200 alias
419 1166 519 1199 dicit:
548 1164 592 1199 lit
612 1171 728 1208 portae
753 1164 945 1197 inferorum
963 1177 1034 1196 non
1053 1165 1304 1207 praevalebunt

317 1220 484 1251 adversus
503 1228 588 1250 eam.
642 1214 744 1248 Item:
786 1213 861 1257 Ego
886 1215 1066 1247 vobiscum
1092 1227 1168 1248 sum
1193 1228 1303 1261 usque

317 1270 359 1301 ad
391 1266 730 1301 consummationem
761 1266 879 1301 seculi.
940 1266 1015 1299 llae
1049 1267 1242 1300 sententiae
1271 1274 1303 1301 et

316 1322 354 1352 in
379 1317 442 1352 hac
467 1318 536 1350 vita
562 1328 761 1350 mansuram
797 1327 868 1349 esse
892 1316 1081 1349 Ecclesiam
1116 1316 1304 1361 affirmant,

317 1378 349 1404 et
369 1371 410 1402 de
430 1369 524 1402 exitu
543 1380 583 1401 ex
603 1365 666 1400 hac
686 1367 754 1400 vita
771 1368 895 1400 (locent
909 1394 916 1408 ,
952 1379 1016 1400 nos
1040 1380 1057 1400 a
1075 1368 1147 1401 silio
1165 1367 1231 1401 Dei
1250 1381 1304 1401 re-

317 1421 404 1465 cipi,
433 1428 463 1453 et
481 1421 646 1451 adversus
663 1418 820 1450 diabolos
839 1418 988 1451 defendi.

420 1470 519 1503 ll-xnc
538 1470 645 1513 igitur
666 1469 942 1502 consolationem
962 1469 1146 1511 infigamus
1165 1470 1302 1508 animis,

316 1530 349 1557 et
366 1524 433 1556 iam
453 1532 527 1554 eam
544 1521 579 1553 in
601 1520 839 1563 praesentibus
857 1520 1020 1563 periculis
1047 1521 1148 1553 nobis
1175 1533 1303 1565 propo-

315 1584 460 1612 namus,
489 1572 647 1604 videmus
671 1570 807 1604 Turcos
833 1571 991 1614 quotidie
1016 1571 1118 1604 latius
1145 1572 1304 1614 grassari,

317 1626 475 1657 xidemus
499 1622 585 1655 oriri
609 1622 780 1655 tumultus
804 1622 1002 1664 principum
1021 1619 1215 1655 Christiani
1239 1635 1304 1655 no-

317 1676 422 1708 minis
440 1675 531 1707 iuter
549 1684 640 1713 sese,
674 1672 889 1716 perniciosos
905 1671 1090 1716 Ecdesiis,
1126 1680 1159 1706 et
1183 1674 1303 1706 defen-

315 1738 409 1759 sores
428 1725 604 1758 idolorum
620 1723 884 1767 pontificiorum
912 1724 1037 1757 ardent
1070 1724 1305 1757 acerbissimis

316 1778 406 1811 odiis
424 1777 590 1809 adversus
608 1774 702 1818 pios,
732 1781 849 1808 vetant
868 1773 1304 1818 propagariEvangelium‚

314 1835 346 1862 et
364 1828 492 1861 multos
510 1824 674 1860 honestos
694 1823 854 1858 homines
871 1826 1061 1859 crudeliter
1078 1825 1302 1860 interficiunt.

315 1879 410 1922 Quid
440 1879 476 1910 in
497 1875 552 1911 his
577 1876 783 1920 spectaculis
805 1875 901 1909 aliud
925 1877 1077 1919 cogitare
1101 1883 1213 1920 potest
1237 1875 1304 1911 hu-

313 1942 416 1963 mana
439 1928 553 1962 ratio?
589 1927 655 1959 nisi
680 1927 784 1970 paulo
809 1934 885 1970 post
911 1939 1027 1960 veram
1051 1928 1247 1961 doctrinam
1271 1935 1305 1962 et

313 1981 428 2014 studia
463 1977 568 2012 huius
600 1978 781 2011 doctrinae
812 1978 973 2011 funditus
1005 1979 1189 2012 interitura
1221 1991 1303 2012 esse.

315 2032 383 2066 Sed
401 2036 522 2064 contra
549 2026 639 2061 hanc
665 2026 854 2062 humanam
879 2029 1184 2063 ratiocinationem
1208 2030 1303 2073 cogi-

313 2090 426 2116 temus
453 2079 542 2114 hanc
568 2091 703 2113 vocem:
753 2078 866 2112 Nemo
897 2080 1012 2124 rapiet
1042 2091 1098 2113 eas
1122 2081 1165 2113 de
1195 2092 1302 2113 manu

312 2145 399 2169 inea.
451 2130 653 2174 Cogitemus
673 2130 754 2163 item
775 2129 964 2163 Ecclesiam
983 2142 1119 2174 semper
1135 2132 1301 2164 adversus

313 2184 444 2217 similes
467 2182 593 2215 mundi
617 2182 754 2214 furores
778 2181 988 2215 mirabiliter
1013 2182 1190 2214 defensam
1216 2193 1300 2222 esse,

313 2242 349 2268 ut
367 2247 445 2268 cum
465 2233 502 2266 in
518 2231 676 2278 Aegypto
693 2233 845 2265 edictum
868 2244 885 2264 a
905 2243 984 2274 rege
1010 2232 1229 2276 propositum
1247 2244 1300 2265 es-

312 2293 380 2326 set,
413 2291 451 2318 ut
477 2295 599 2317 recens
625 2283 710 2316 editi
734 2283 846 2315 foetus
872 2289 1098 2321 necarentur,
1133 2290 1166 2316 et
1189 2290 1298 2316 tenta«

310 2344 434 2371 rentur
457 2346 579 2368 omnes
602 2334 676 2367 viae
702 2334 881 2377 premendi
904 2341 933 2366 et
953 2334 1092 2366 delendi
1112 2334 1233 2381 populi
1252 2334 1299 2367 Is-

311 2388 383 2421 rael
411 2386 512 2420 annis
538 2386 619 2418 totis
641 2385 836 2427 octoginta,
872 2392 989 2418 tamen
1008 2384 1102 2417 Deus
1123 2385 1298 2417 mirabili-

311 2446 362 2472 ter
379 2449 453 2471 eam
471 2443 606 2479 gentem
626 2436 795 2476 servasit,
825 2443 856 2469 et
873 2437 986 2474 auxit,
1015 2436 1171 2469 defendit
1187 2443 1217 2469 et
1238 2449 1298 2478 po-

311 2497 381 2524 stea
407 2489 443 2521 in
469 2488 623 2527 deserto,
658 2487 739 2519 item
768 2487 804 2518 in
828 2487 931 2519 exilio
948 2486 1176 2531 BabylonicO.

309 2541 416 2584 nique
436 2545 505 2572 tota
524 2536 667 2570 historia
686 2536 860 2570 Ecclesiae
887 2538 967 2569 inde
994 2550 1103 2582 usque
1129 2538 1172 2569 ab
1195 2538 1297 2570 initio

309 2591 433 2623 mundi
463 2589 617 2621 continet
652 2586 755 2620 liuius
779 2589 914 2630 generis
946 2589 1101 2632 exempla
1135 2589 1298 2632 plurima⁷

306 2654 394 2687 qnae
408 2640 598 2674 ostendunt
617 2637 808 2671 Ecclesiam
827 2639 964 2672 assidue
983 2640 1112 2672 versari
1141 2640 1177 2672 in
1203 2640 1296 2683 peri-

887 116 999 150 Plttt,
1039 115 1151 150 MEL.
1182 113 1389 149 SCRtPTA
1419 112 1712 149 ExEGEthA.

621 204 653 234 id
681 209 748 239 cst,
785 201 1049 243 amplectentes,
1089 207 1121 234 et
1143 201 1295 234 vicissim
1321 203 1324 231 ἴ

424 255 513 287 Ηιιῑε
544 253 712 285 1ζςσ105ἰιιυ
735 263 769 283 se
793 252 875 283 dare
900 252 1006 284 vitam
1031 258 1228 291 aeternam,
1265 257 1297 284 et
1323 286 1324 296 ἵ

1323 311 1325 315 ”
1351 303 1502 335 modare.

1326 2454 1328 2477 1
1353 2443 1613 2471 convertantur.

1233 2487 1299 2520 De-
1326 2485 1327 2523 ζ

1326 2560 1327 2582 3
1352 2537 1433 2570 Non
1453 2537 1560 2580 igitur
1576 2538 1750 2581 pertinent
1773 2537 1817 2569 ad
1842 2537 2030 2570 electorum
2058 2548 2268 2577 numerum,
2303 2545 2339 2571 et

1326 2583 1328 2620 ι’
1351 2599 1453 2621 causa
1471 2589 1567 2622 exitii
1592 2583 1661 2622 tota
1687 2588 1723 2619 in
1750 2587 1833 2631 ipsis
1858 2595 1916 2621 est.

1325 2648 1327 2658 2
1351 2637 1500 2677 Paulus,
1529 2639 1666 2672 vocanti
1684 2637 1758 2671 Deo
1784 2650 1855 2671 non
1881 2645 2095 2682 repugnant,
2132 2639 2191 2671 sed
2215 2649 2335 2672 assen-

2249 95 2322 153 244

1350 208 1382 234 et
1402 207 1517 233 tamen
1534 200 1665 233 servari
1693 212 1786 241 eam,
1820 201 1973 243 restitui,
2001 209 2033 237 et
2049 203 2133 246 erigi
2151 203 2332 243 divinitus,

1351 252 1396 284 ita
1415 251 1586 284 discamus
1604 251 1793 285 sententias
1811 249 1916 285 liuius
1933 253 1998 286 loci
2016 255 2058 287 ad
2078 266 2178 287 usum
2196 266 2331 287 accom-

1556 301 1656 334 llanc
1675 303 2045 337 commonefactionem
2062 305 2193 343 adieci,
2223 305 2332 337 inter-

1353 354 1582 397 pretationem
1622 354 1751 386 addere
1796 354 1912 387 verbis
1950 356 2098 388 maxime
2129 355 2332 400 perspicuis,

1352 416 1422 436 non
1438 415 1525 447 opus
1541 410 1600 439 cst.

1454 455 1636 487 Postremo
1663 455 1749 487 illud
1775 456 1906 489 dictum
1940 457 2160 489 observetur:
2203 454 2278 499 Ego
2303 462 2335 489 et

1353 511 1449 549 pater
1473 517 1583 538 unum
1609 517 1742 539 sumus.
1796 506 1872 539 lloc
1898 507 1974 540 loco
1999 513 2090 540 certe
2113 508 2155 539 de
2180 506 2335 551 potentia

1352 556 1526 600 loquitur,
1554 557 1676 590 tribuit
1693 558 1803 600 patri,
1831 565 1863 591 et
1880 558 1947 590 sibi
1966 559 2111 591 eandem
2132 557 2336 601 potentiam,

1353 607 1430 639 id‹o
1459 604 1523 639 hoc
1547 607 1678 640 dictum
1705 616 1795 642 recte
1822 610 2109 641 accommodatur
2139 609 2183 641 ad
2209 607 2336 641 confir-

1355 658 1519 689 mandam
1546 658 1764 697 doctrinam,
1799 661 1893 702 quod
1918 660 1954 692 in
1979 657 2120 693 Christo
2145 659 2189 692 sit
2211 666 2337 692 natura

1354 707 1492 748 divina,
1520 709 1754 751 omnipotens„
1797 709 1864 743 Sed
1889 710 2013 743 Ariani
2038 710 2226 742 eludebant
2248 707 2340 742 hanc

1354 759 1593 800 cavillatione,
1622 759 1785 793 dicebant
1802 761 2023 794 voluntatum
2042 760 2212 793 unitatem
2230 760 2340 802 signi-

1354 809 1464 842 ficari:
1492 807 1566 852 Ego
1584 817 1616 842 et
1635 817 1730 853 pater
1748 823 1856 843 unum
1874 823 2014 849 sumus,
2044 811 2077 843 id
2096 817 2165 851 est,
2192 822 2338 843 concor-

1355 861 1433 898 des,
1468 860 1559 892 idem
1586 861 1760 901 volentes,
1795 862 1883 895 sicut
1908 862 1999 894 infra
2023 862 2153 894 dicitur
2178 874 2252 905 cap.
2278 861 2336 894 17.

1355 911 1397 942 de
1417 911 1583 943 membris
1601 910 1796 952 Ecclesiae,
1833 920 1871 946 ut
1901 924 2012 946 unum
2040 913 2132 954 sint,
2162 912 2250 946 sicut
2277 923 2340 944 nos

1356 973 1465 994 unum
1491 973 1629 1001 sumus,
1664 963 1699 995 id
1727 970 1793 1003 est,
1826 971 1865 997 ut
1890 964 1962 997 sint
1988 964 2189 998 concordes,
2254 962 2339 996 Esto

1356 1023 1457 1051 sane,
1485 1013 1671 1046 conveniat
1687 1025 1726 1046 eo
1747 1015 1822 1046 loco
1839 1014 2080 1058 interpretatio
2106 1015 2148 1047 de
2174 1014 2341 1047 volunta-

1357 1069 1430 1095 tum
1448 1063 1653 1101 concordia‚
1682 1071 1715 1098 et
1738 1077 1816 1097 cum
1845 1066 1911 1098 alia
1939 1064 2127 1098 habeamus
2148 1065 2341 1098 illustriora

1357 1120 1390 1146 et
1415 1113 1570 1145 firmiora
1599 1114 1818 1157 testimonia,
1858 1128 1947 1160 quae
1970 1116 2061 1149 clare
2084 1116 2210 1149 docent
2226 1115 2341 1150 Deum

1356 1170 1536 1197 aeternum
1554 1165 1714 1207 genuisse
1739 1172 1958 1199 coaeternam
1982 1166 2189 1209 imaginem,
2217 1167 2341 1205 filium,

1357 1221 1390 1248 et
1423 1212 1519 1248 hunc
1557 1223 1674 1259 postea
1712 1217 1911 1250 assumsisss
1949 1215 2139 1250 humanam
2168 1223 2343 1258 naturam,

1357 1265 1513 1300 conteuti
1529 1265 1638 1299 simus
1664 1267 1735 1299 illis
1761 1267 1986 1308 testimoniis,
2021 1274 2054 1302 et
2078 1267 2178 1301 firmo
2203 1274 2343 1312 pectore

1357 1328 1396 1350 ea
1414 1323 1604 1350 teneamus.
1657 1317 1749 1351 Satis
1770 1325 1931 1360 argutum
1956 1325 2023 1357 est,
2057 1319 2152 1365 quod
2173 1318 2344 1362 Augusti·
2377 1326 2380 1332 ’

1357 1379 1424 1400 nus
1442 1367 1542 1401 dicit:
1581 1367 1693 1410 Quia,
1720 1369 1855 1413 inquit,
1889 1381 1951 1412 ego
1979 1375 2012 1402 et
2037 1375 2135 1413 pater
2153 1381 2264 1403 unum
2283 1382 2343 1403 su—

1357 1429 1453 1458 mus,
1498 1419 1584 1451 duas
1617 1419 1781 1462 exprimit
1813 1431 1999 1463 personas,
2044 1427 2077 1453 et
2106 1420 2202 1464 quod
2231 1420 2344 1462 addit,

1357 1481 1488 1507 unum,
1515 1480 1589 1502 non
1607 1481 1718 1510 unus,
1745 1470 1915 1503 unitatem
1935 1470 2105 1514 significat
2123 1471 2303 1504 essentiae.

1460 1518 1552 1552 Illud
1579 1521 1683 1553 etiam
1708 1521 1944 1553 adiiciendum
1968 1529 2035 1561 est,
2082 1521 2255 1569 disput-ari
2286 1520 2344 1556 hic

1357 1570 1466 1603 multa
1483 1571 1525 1603 de
1544 1571 1712 1604 electione
1732 1579 1874 1615 propter
1892 1570 2025 1605 Christi
2044 1572 2195 1605 dictum:
2229 1571 2342 1606 Nemo

1358 1621 1469 1665 rapiet
1486 1633 1541 1654 eas
1560 1623 1602 1654 de
1621 1633 1728 1655 manu
1745 1635 1840 1663 mea,
1866 1635 1929 1656 nec
1946 1623 2105 1667 displicet
2121 1620 2209 1655 mihi
2228 1622 2284 1656 hic
2301 1625 2344 1656 de

1357 1672 1538 1705 electionis
1562 1673 1725 1705 firmitate
1749 1673 1840 1713 dici,
1880 1674 1939 1706 sed
1965 1674 2010 1707 ita
2034 1671 2119 1705 haec
2140 1679 2344 1715 tractentur,

1360 1735 1431 1755 non
1450 1729 1489 1756 ut
1506 1724 1692 1756 misceatur
1717 1724 1862 1756 stoicum
1882 1722 2013 1764 fatum,
2039 1724 2097 1756 sed
2122 1730 2158 1757 ut
2174 1725 2344 1758 accenda-

1357 1774 1469 1807 turin
1487 1774 1590 1807 nobis
1615 1774 1709 1811 fides.
1761 1773 1876 1807 Simul
1903 1772 1986 1808 haec
2011 1775 2182 1808 sententia
2206 1782 2255 1809 est
2279 1776 2343 1809 do-

1358 1824 1470 1858 ctrina
1492 1825 1535 1857 de
1558 1825 1745 1864 electione,
1777 1833 1809 1859 et
1832 1825 2018 1869 promissio
2042 1837 2105 1859 nos
2123 1826 2345 1862 confirmans„

1357 1874 1409 1908 De
1426 1875 1595 1909 electione
1612 1877 1733 1916 docet,
1766 1887 1838 1909 esse
1864 1878 2040 1921 quandam
2066 1876 2255 1910 electorum
2274 1876 2344 1911 Ec-

1358 1926 1518 1966 clesiam,
1562 1939 1666 1971 quam
1691 1925 1786 1960 Deus
1811 1939 1882 1958 non
1909 1927 1999 1960 sinet
2024 1938 2041 1959 a
2065 1938 2100 1959 se
2125 1927 2248 1966 avelli,
2282 1929 2341 1961 sed

1357 1975 1442 2010 haec
1467 1978 1627 2011 omnium
1651 1984 1718 2017 est,
1759 1978 1819 2022 qui
1850 1989 1931 2010 vere
1965 1977 2113 2010 credunt
2137 1975 2344 2022 Evangelio,

1357 2034 1417 2061 aut
1448 2028 1534 2071 lapsi
1561 2040 1682 2061 rursus
1711 2034 1967 2061 convertuntur
1991 2029 2034 2061 ad
2058 2026 2191 2069 Deum,
2227 2035 2260 2062 et
2287 2042 2342 2063 re-

1356 2079 1466 2112 deunt
1481 2080 1522 2111 ad
1540 2078 1771 2121 Evangelium
1785 2103 1793 2117 ‚
1828 2079 1875 2111 sic
1902 2080 1994 2111 enim
2011 2090 2074 2111 nos
2095 2091 2134 2112 ex
2152 2079 2259 2113 verbo
2278 2080 2343 2114 Dei

1357 2129 1513 2162 iudicare
1532 2137 1686 2174 oportet,
1712 2129 1880 2162 omnibus
1899 2129 2147 2163 universaliter
2169 2131 2342 2175 praecipi-

1355 2187 1429 2218 tur,
1456 2187 1495 2213 ut
1514 2181 1658 2214 audiant
1677 2180 1787 2213 filium
1805 2179 1882 2213 Dei.
1934 2179 1996 2214 Est
2014 2187 2046 2214 et
2060 2180 2245 2224 promissio
2262 2193 2341 2225 gra-

1354 2231 1422 2264 tiae
1441 2231 1670 2273 universalis,
1697 2238 1728 2264 et
1748 2231 1963 2275 praecipitur
1978 2231 2162 2270 omnibus,
2198 2239 2236 2266 ut
2264 2244 2340 2265 eam

1353 2282 1537 2326 accipiant.
1590 2281 1685 2316 Haec
1710 2288 1792 2315 sunt
1815 2294 1894 2315 vera
1919 2289 1951 2316 et
1969 2283 2085 2315 firma:
2121 2281 2264 2315 Certum
2289 2291 2341 2318 est

1354 2331 1595 2374 Pharaonem,
1621 2334 1781 2376 Saulem,
1819 2332 1960 2373 ludam,
1996 2345 2056 2366 sua
2082 2333 2261 2368 voluntate
2285 2346 2340 2368 re-

1353 2395 1508 2427 pugnare
1525 2385 1664 2418 vocanti
1689 2383 1782 2424 Deo,
1820 2385 1878 2428 qui
1903 2384 2005 2417 toties
2029 2395 2086 2417 eos
2110 2385 2276 2418 admonet
2301 2392 2340 2419 ut

1667 2435 1755 2469 Cum
1782 2435 1888 2478 igitur
1906 2436 2063 2468 volentes
2086 2435 2257 2478 repellant
2274 2448 2339 2469 vo-

1352 2493 1486 2519 cantem
1504 2486 1636 2526 Deum,
1663 2487 1802 2519 tandem
1821 2493 1926 2519 ruunt
1948 2486 1982 2518 in
2012 2493 2168 2518 aeternas
2195 2498 2338 2529 poenas.

1972 2585 2020 2621 At
2036 2587 2152 2621 David
2161 2615 2169 2628 ,
2197 2587 2338 2629 Petrus,

305 2693 410 2735 culis,
440 2702 527 2737 quae
545 2687 710 2723 humanis
730 2690 885 2723 consiliis
903 2691 1027 2724 discuti
1047 2702 1118 2724 non
1137 2697 1295 2735 possunt,
1323 2685 1326 2723 l
1350 2689 1509 2732 tiuntur,
1540 2703 1578 2724 ac
1597 2689 1751 2723 moventi
1767 2688 1917 2734 Spiritui
1937 2696 2055 2723 sancto
2076 2690 2334 2734 obtemperant,
