2415 2942
129 87 224 123 1365
329 87 432 124 XIII.

123 172 263 206 Psalmo
287 171 365 209 50.:
403 172 532 209 Invoca
557 187 617 219 me·
638 175 761 221 in'die
786 175 1048 223 tribulationis,
1086 185 1118 212 et

122 224 271 269 eripiam
300 231 344 259 te.

222 307 319 344 Esto
346 315 452 357 typus
468 307 646 355 fidelium
675 310 713 345 in
742 322 921 355 sermone,
956 318 1014 348 etc.

223 377 440 424 Quanquam
462 378 617 423 exempla
644 378 682 412 in
705 379 986 422 gubernantibus
1004 383 1115 429 magis

119 429 308 473 conspicua
335 436 438 469 sunt,
466 436 584 463 tamen
602 428 686 463 haec
705 432 877 465 sententia
897 432 999 466 Pauli
1016 446 1113 467 com-

119 481 238 514 munis
263 481 382 524 regula
406 487 477 522 est,
504 493 610 526 quam
633 481 763 525 singuli
782 482 987 517 intueantur
1003 485 1040 517 in
1058 492 1113 519 to-

119 532 189 565 tius
209 531 301 565 vitae
324 532 592 575 gubernatione.
651 531 820 566 Nominat
845 541 961 567 autem
987 537 1111 570 ordine

120 581 206 616 haec
230 584 398 619 membra.
452 581 547 616 Esto
575 587 684 629 typus
712 582 750 616 in
779 595 960 627 sermone,
988 586 1023 619 id
1050 595 1110 629 est,

117 634 156 667 in
176 634 354 674 doctrina,
380 641 472 668 recte
491 635 633 674 doceas,
660 643 750 669 recte
768 643 800 670 et
818 648 892 669 non
919 636 1108 682 sophistice

118 685 276 730 loquaris
298 687 341 719 de
366 686 549 729 doctrina,
577 693 608 719 et
627 693 770 720 moneto
795 687 900 728 alios,
927 696 967 722 ut
997 690 1108 724 vitent
1132 717 1138 729 Δ

116 737 271 769 curiosas
303 738 544 782 quaestiones,
585 737 690 776 falsa,
736 738 929 782 improprie
962 747 993 774 et
1027 753 1106 785 per-

116 787 215 830 plexe
235 788 338 821 dicta.
391 787 554 833 Denique
574 788 617 822 sit
637 789 797 823 doctrina
817 790 1017 834 perspicua,
1043 804 1105 824 ne·

115 838 262 872 cessaria
280 840 322 871 ad
341 840 503 873 exercitia
521 840 620 880 fidei,
649 841 742 872 etad
764 840 1044 883 invocationem,
1071 850 1104 876 ct

114 890 157 923 ad
183 890 297 923 bonos
318 902 451 931 mores,
485 897 524 924 ut
552 903 656 934 supra
675 891 807 924 dictum
830 899 898 933 est,
933 891 1103 927 Doctrina

114 940 225 985 prosit
248 941 290 974 ad
316 941 609 976 aedificationem.

113 1094 268 1127 actiones
287 1094 381 1128 iuxta
398 1095 518 1128 omnia
543 1102 725 1139 praecepta
744 1093 831 1137 Dei,
860 1109 932 1130 non
949 1097 994 1130 sis
1013 1098 1103 1131 infa-

111 1145 178 1178 mis
202 1157 241 1178 ex
266 1146 336 1178 ulla
362 1158 476 1181 causa.

212 1193 263 1228 In
284 1194 484 1229 dilectione.
512 1196 623 1230 Addit
642 1197 775 1242 aliquid
797 1198 905 1242 priori
925 1200 1100 1233 membro:
1129 1214 1130 1221 ¹

112 1259 185 1281 non
211 1247 325 1281 solum
352 1249 428 1282 vult
453 1255 631 1281 externam
658 1250 961 1284 conversationem
989 1248 1102 1284 hone-

111 1306 199 1332 stam
227 1310 317 1337 esse,
360 1306 392 1332 et
415 1312 487 1332 non
509 1300 698 1338 famosam,
740 1301 798 1333 scd
827 1301 902 1334 vult
933 1301 1037 1334 etiam
1064 1302 1102 1334 in

111 1351 216 1383 corde
233 1362 311 1393 erga
322 1348 435 1383 Deum
455 1357 487 1383 et
503 1362 581 1393 erga
597 1347 760 1383 homines
777 1351 1003 1385 dilectionem
1020 1364 1102 1393 esse,
1128 1372 1130 1386 z

110 1402 187 1434 vult
221 1402 263 1434 de
288 1413 360 1434 esse
394 1408 569 1434 amantem
602 1402 801 1435 communis
829 1403 1101 1436 consociationis
1128 1415 1129 1422 ¹

110 1464 194 1485 vero
220 1453 345 1493 corde,
372 1453 541 1496 placitum
564 1457 597 1485 et
621 1452 829 1487 beneficum.
885 1452 958 1486 Fur
976 1461 1026 1487 est
1045 1455 1101 1487 in—

107 1503 231 1544 famis,
266 1504 326 1536 sed
353 1504 428 1537 vult
453 1503 585 1536 Paulus
613 1515 686 1536 non
712 1504 826 1537 solum
853 1505 957 1538 vitari
986 1506 1098 1544 furta,

109 1555 170 1587 sed
187 1555 333 1598 insuper
349 1555 451 1586 etiarn
471 1561 503 1587 te
521 1554 717 1587 beneficum
734 1567 806 1587 esse
822 1567 906 1588 vero
926 1557 1039 1589 corde.

215 1602 265 1637 In
292 1603 445 1651 spiritu,
474 1605 507 1637 id
528 1612 595 1645 est,
624 1604 729 1645 Zelo‚
758 1606 833 1640 vult
859 1606 906 1639 ita
931 1613 963 1639 te
991 1607 1100 1650 placi-

109 1657 195 1689 dum
218 1667 308 1695 esse,
342 1662 381 1689 ut
398 1662 515 1689 tamen
532 1668 604 1688 non
622 1656 811 1689 conniveas
828 1657 871 1689 ad
890 1657 1038 1698 scelera,
1068 1664 1100 1690 et

109 1707 152 1740 ad
179 1707 375 1750 perniciosa
402 1708 577 1749 dogmata.

108 1755 308 1803 prehendas
332 1759 436 1800 digna
466 1754 751 1801 reprehensione.

210 1807 261 1843 In
282 1806 379 1853 fide,
407 1809 440 1841 id
472 1817 540 1849 est,
571 1809 607 1840 in
632 1808 896 1852 consolatione,
924 1809 960 1842 in
982 1810 1099 1842 omni-

107 1861 174 1894 bus
202 1861 387 1905 periculis,
432 1860 573 1893 videant
598 1859 658 1892 alii
688 1866 721 1892 te
744 1860 811 1892 fide
837 1868 1012 1903 praestare
1036 1874 1098 1905 pa-

107 1912 267 1945 tientiam
299 1920 331 1946 et
359 1912 593 1944 constantiam
628 1911 665 1943 in
695 1911 937 1954 persecutione
964 1919 998 1946 et
1023 1913 1100 1945 aliis

108 1963 311 2007 doloribus,
340 1975 412 1995 non
432 1974 599 2007 quaerere
625 1962 756 1995 iniusta
779 1961 927 2003 auxilia,
956 1964 1014 1996 sed
1042 1976 1100 1996 ex-

108 2021 244 2058 pectare
259 2014 431 2047 auxilium
445 2013 528 2054 Dei,
554 2020 588 2047 et
604 2020 663 2047 tua
681 2013 923 2047 consolatione
943 2014 1003 2047 alii
1021 2027 1101 2048 eru—

107 2065 253 2099 diantur
279 2072 311 2098 et
339 2065 613 2105 confirmentur,
649 2065 738 2098 sicut
765 2064 929 2098 Ieremias
955 2066 1043 2109 regit
1069 2073 1102 2099 et

105 2117 311 2150 consolatur
328 2128 389 2149 sua
406 2117 473 2148 fide
491 2115 683 2149 Ecclesiam
704 2115 757 2149 sui
775 2116 955 2160 temporis.

207 2167 429 2201 Nominatim
450 2174 482 2200 et
500 2167 693 2200 castitatem
718 2167 835 2209 addit,
864 2179 954 2212 quae
977 2172 1026 2200 est
1048 2167 1101 2200 vi-

106 2226 181 2253 tare
206 2230 329 2252 omnes
358 2216 556 2263 prohibitas
580 2218 868 2259 commixtiones,
896 2225 929 2251 et
945 2229 1097 2251 necessa-

107 2271 158 2304 ria
180 2270 291 2304 virtus
317 2277 386 2306 est,
416 2270 512 2302 iuxta
536 2268 603 2302 hoc
630 2269 782 2308 dictum,
822 2271 852 2304 l.
870 2266 1032 2303 Corinth.
1051 2269 1101 2304 6.:

106 2321 226 2355 Nolite
250 2333 387 2361 errare,
427 2327 634 2353 scortatores
660 2327 693 2353 et
718 2320 869 2354 adulteri
897 2333 967 2354 non
990 2321 1100 2363 possi-

108 2374 244 2407 debunt
265 2383 412 2415 regnum
437 2370 525 2412 Dei,
568 2378 600 2405 et
625 2371 714 2405 fiunt
738 2371 917 2405 domicilia
942 2371 1102 2405 diabolo-
1128 2396 1130 2403 Α

109 2435 207 2462 rum,
232 2424 291 2469 qui
310 2435 346 2456 se
362 2423 528 2467 polluunt
545 2420 736 2467 prohibitis
753 2423 1078 2458 commixtionibus.

161 2506 225 2542 Sis
248 2505 425 2542 assiduus
450 2505 488 2539 in
518 2506 666 2542 lectione
683 2532 691 2546 ,
742 2505 992 2541 consolatione
1021 2511 1052 2540 et

506 2555 687 2594 doctrina.

211 2627 362 2672 Propter
379 2629 506 2661 multas
524 2638 643 2660 causas
661 2626 727 2661 hoc
746 2627 878 2661 dictum
899 2626 1103 2660 familiaris·
1127 2622 1130 2649 ἕ

111 2681 197 2716 sime
221 2687 345 2714 notum
370 2680 413 2712 sit
442 2679 618 2714 omuibus.
662 2678 841 2718 Primum,
878 2679 961 2723 quia
987 2679 1102 2712 studia

485 89 520 124 7.
548 86 851 125 ENARRATIO
879 87 1034 126 EPIST.
1063 86 1266 128 PRtORls
1294 87 1361 124 AD
1390 87 1719 126 TtMOTHEtjM.

1770 86 1875 126 CAP.
1904 87 1967 126 lV.
2075 92 2170 126 1356

1172 174 1355 209 literarum
1378 176 1571 221 approbat,
1606 187 1685 209 cum
1702 175 1768 214 ait,
1796 174 1852 210 Sis
1874 175 2036 208 assiduus
2059 176 2095 210 in
2114 178 2166 210 le-

1171 226 1302 259 ctione:
1331 239 1437 273 quam
1460 229 1502 261 ad
1521 239 1593 261 rem
1611 239 1699 271 opus
1715 233 1765 260 est
1784 226 1976 271 multiplici
1992 228 2165 270 cognitio-

1170 288 1214 309 ne
1239 277 1439 321 linguarum
1466 286 1499 313 et
1522 279 1662 314 artium.
1720 276 1811 311 Cum
1835 277 1944 322 igitur
1970 278 2036 312 scis
2064 291 2164 322 prae-

1170 335 1308 372 ceptum
1325 341 1415 370 esse,
1443 337 1481 363 ut
1498 330 1589 373 tegas
1605 341 1721 363 sacros
1747 328 1873 372 libros,
1902 329 2071 373 intelligis
2087 329 2162 366 Deo

1167 378 1305 422 placere
1322 377 1386 413 hos
1407 381 1544 414 labores
1567 381 1717 414 docendi
1743 386 1776 413 et
1800 381 1979 421 discendi,
2007 388 2039 414 et
2064 388 2162 424 potes

1167 430 1211 463 ab
1229 442 1268 463 eo
1287 438 1403 474 petere
1428 440 1460 466 et
1480 444 1620 476 sperare
1646 430 1837 471 auxilium,
1873 439 1905 465 et
1929 432 1966 464 in
1993 433 2160 466 omnibus

1165 481 1332 525 periculis
1351 490 1383 517 et
1399 484 1669 516 adversitatibus
1692 480 1799 516 habes
1824 483 2046 527 praecipuam
2074 495 2160 516 con-

1164 532 1392 574 solationem,
1427 534 1521 568 iuxta
1554 535 1615 568 illa
1639 534 1750 574 dicta,
1777 533 1915 566 Psalmo
1941 534 2015 567 56.;
2049 533 2159 568 Com-

1163 585 1291 617 menda
1307 585 1382 618 Deo
1400 585 1491 618 viam
1512 592 1626 623 tuam,
1655 593 1687 619 et
1705 596 1804 628 spera
1829 585 1866 617 in
1890 597 1989 623 eum,
2025 593 2057 619 et
2083 586 2156 628 ipse

1162 634 1276 670 faciet.
1330 634 1440 680 Item,
1472 633 1682 670 1.Corinth.
1703 636 1779 670 15.:
1803 634 1922 668 Labor
1945 643 2057 669 vester
2081 648 2155 670 non

1162 685 1229 719 erit
1245 686 1363 719 inanis
1380 688 1417 720 in
1435 686 1604 721 Domino.

1263 744 1519 779 Universaliter
1536 746 1629 778 enim
1650 744 1771 788 regula
1789 745 1941 778 tenenda
1959 752 2020 780 est.
2075 744 2155 779 Pri-

1158 808 1255 829 mum
1273 797 1354 829 sciri
1371 804 1553 841 oportere,
1581 809 1626 830 an
1646 796 1747 829 labor
1762 802 1822 829 aut
1844 807 1953 840 genus
1970 797 2061 830 vitae
2079 797 2154 841 pla-

1133 867 1134 873 κ
1158 854 1231 881 ceat
1252 846 1346 889 Deo,
1382 848 1478 881 iuxta
1500 848 1591 881 illud
1614 846 1741 882 Roma.
1762 845 1838 882 14.:
1874 846 2060 892 Quidquid
2081 859 2154 881 non

1158 905 1209 931 est
1234 910 1274 931 ex
1295 898 1381 940 fide,
1407 905 1588 943 peccatum
1612 905 1674 932 est.
1727 897 1880 939 Deinde,
1911 910 2015 932 nemo
2039 905 2152 942 potest

1132 951 1133 959 ¹
1158 949 1323 983 invocare
1338 948 1473 989 Deum,
1500 957 1616 994 petere
1639 956 1700 983 aut
1722 955 1903 993 expectare
1924 949 2095 982 auxilium
2115 950 2153 983 in

215 991 379 1026 Secundo
404 993 541 1038 inquit,
576 991 614 1024 in
639 992 920 1030 conversatione.
966 993 1033 1028 Hic
1057 995 1105 1029 si-
1131 1007 1133 1019 ¹

112 1042 256 1089 gnificat
285 1043 460 1077 iusticiam
484 1044 739 1084 universalem,
776 1045 811 1077 id
836 1052 903 1086 est,
939 1044 1104 1080 honestas
1131 1052 1132 1056 ’

1157 1000 1299 1044 negotio
1326 1002 1422 1046 quod
1438 1000 1534 1034 Deus
1561 1001 1757 1044 improbat,
1786 1000 1881 1034 iuxta
1906 1000 1994 1034 illud
2012 999 2152 1034 Psalmo

1156 1049 1208 1086 5.:
1239 1051 1321 1085 Non
1338 1052 1433 1086 Deus
1459 1053 1580 1086 volens
1603 1052 1820 1095 impietatem
1840 1058 1878 1085 tu
1897 1063 1943 1087 es,
1997 1050 2061 1085 Est
2085 1051 2153 1094 igi-

1155 1109 1213 1136 tur
1229 1103 1422 1145 sententia,
1442 1103 1659 1138 Commenda
1678 1103 1753 1136 Deo
1773 1102 1865 1136 viam
1885 1110 2001 1141 tuam,
2029 1103 2065 1135 id
2086 1110 2150 1143 est,

1155 1154 1396 1194 vocationem,
1426 1155 1607 1197 militiam,
1650 1155 1826 1196 laborem,
1860 1154 1952 1187 vitae
1975 1164 2084 1197 genus
2107 1154 2152 1187 ab

1153 1205 1229 1249 ipso
1247 1207 1496 1249 approbatum.

1256 1264 1383 1299 Monet
1402 1265 1506 1299 etiam
1526 1262 1656 1298 Paulus
1681 1261 1739 1297 hic
1753 1263 1945 1297 Ecclesiam
1973 1262 2152 1306 alligatam

1153 1327 1226 1349 esse
1243 1317 1287 1348 ad
1305 1324 1417 1350 certos
1432 1317 1561 1354 libros,
1591 1316 1679 1349 sicut
1697 1327 1798 1358 saepe
1821 1315 1908 1348 alias
1935 1314 2151 1358 praecipitur

1153 1368 1197 1399 de
1223 1367 1386 1400 doctrina
1418 1364 1623 1410 prophetica
1651 1373 1684 1401 et
1717 1365 1929 1410 apostolica,
1967 1371 2006 1398 ut
2029 1362 2151 1399 Esaias

1154 1417 1290 1462 inquit,
1315 1430 1389 1462 cap.
1410 1418 1461 1451 8.;
1489 1418 1545 1450 Ad
1565 1417 1676 1460 legem
1694 1424 1726 1451 et
1744 1418 1788 1450 ad
1815 1416 2026 1450 testimonia.
2081 1414 2151 1449 Ne-

1127 1480 1226 1501 ¹esse
1256 1474 1307 1501 est
1338 1469 1445 1512 igitur
1477 1468 1575 1502 reiici
1607 1469 1786 1502 doctrinas
1815 1474 1847 1501 et
1870 1466 2150 1501 illuminationes

1153 1526 1349 1563 pugnantes
1366 1532 1444 1552 cum
1462 1516 1518 1551 his
1540 1519 1653 1552 libris.
1706 1518 1794 1553 Item
1819 1518 2006 1562 opiniones
2022 1524 2054 1551 et
2074 1518 2149 1551 cul-

1152 1578 1208 1604 tus
1223 1576 1317 1603 extra
1340 1567 1405 1603 hos
1423 1571 1544 1603 libros.

1254 1628 1379 1663 Tertio
1398 1631 1542 1663 mandat
1566 1629 1737 1674 privatam
1765 1635 1797 1662 et
1820 1627 1997 1672 publicam
2026 1627 2149 1661 lectio-

638 1706 662 1740 S
793 1707 800 1714 .
823 1707 829 1714 .
1126 1689 1128 1718 «ᾖ
1153 1692 1253 1719 nem,
1282 1688 1315 1714 et
1332 1681 1486 1714 ostendit
1512 1693 1647 1714 morem
1670 1681 1707 1712 in
1731 1678 1898 1713 Ecclesiis
1924 1679 2051 1719 fuisse,
2087 1691 2148 1712 or-

667 1707 707 1739 ed
734 1706 891 1750 leg1t1mo
915 1709 1020 1742 modo
1046 1720 1100 1741 re—
1126 1724 1129 1742 e

1153 1733 1237 1765 dine
1260 1729 1485 1776 propheticos
1505 1732 1616 1765 libros
1639 1732 1771 1773 legere,
1795 1731 1884 1764 sicut
1911 1736 1945 1763 et
1971 1730 2007 1762 in
2033 1729 2149 1776 Syna-

1152 1783 1249 1826 gogis
1271 1783 1338 1816 fuit
1361 1784 1548 1824 usitatum,
1582 1790 1615 1816 et
1645 1782 1785 1828 Moyses
1812 1781 1982 1826 praecipit
2004 1780 2149 1822 Levitis,

1153 1834 1256 1868 Dent.
1282 1834 1342 1869 31.
1379 1835 1566 1867 lectionem
1601 1834 1758 1877 integrae
1801 1832 1897 1876 legis.
1954 1831 2037 1865 Ideo
2065 1830 2147 1865 Ma-

1152 1883 1242 1920 lach.
1259 1886 1293 1918 2.
1310 1885 1457 1919 dicitur:
1480 1884 1591 1919 Labia
1608 1884 1797 1918 sacerdotis
1813 1883 2018 1917 custodiunt
2033 1882 2147 1915 scien-

1152 1937 1256 1977 tiam,
1280 1943 1313 1970 et
1331 1937 1442 1980 legem
1466 1937 1646 1981 requiram
1670 1948 1710 1969 ex
1727 1948 1786 1969 ore
1813 1935 1907 1976 eius,
1935 1934 2017 1979 quia
2041 1945 2147 1976 ange-

1152 1988 1207 2021 lus
1225 1988 1378 2021 Domini
1402 1988 1617 2021 exercituum
1636 1994 1697 2022 est.
1749 1985 1798 2020 Et
1816 1983 1930 2019 Oscae
1948 1987 1982 2019 4.
2006 1985 2146 2018 denun-

1153 2039 1266 2073 ciatur
1292 2051 1403 2083 poena
1429 2038 1705 2082 negligentibus:
1742 2037 1836 2080 Quia
1854 2036 2015 2080 repulisti
2033 2035 2147 2068 scien-

1152 2091 1256 2131 tiam,
1282 2090 1452 2135 repellam
1470 2098 1502 2124 te
1515 2116 1524 2132 ,
1552 2102 1596 2123 ne
1613 2089 1811 2124 sacerdotio
1828 2087 1986 2132 fungaris
2009 2084 2111 2122 mihi.

1255 2157 1351 2192 Haec
1376 2158 1468 2192 dicta
1497 2165 1530 2192 et
1553 2158 1683 2191 similia
1708 2157 1780 2191 sint
1802 2156 1906 2189 infixa
1933 2155 2145 2200 pectoribus,

1153 2216 1193 2244 ut
1219 2222 1285 2243 nos
1309 2210 1353 2243 ad
1379 2210 1597 2253 diligentiam
1625 2210 1663 2242 in
1686 2209 1873 2248 discendo,
1903 2207 2084 2245 docendo,
2114 2212 2147 2239 et

1128 2265 1129 2278 ¹
1154 2261 1303 2304 legendo
1327 2262 1533 2295 exuscitent.
1588 2260 1740 2294 Accedat
1764 2265 1880 2292 autem
1907 2259 2079 2302 precatio,
2109 2264 2148 2291 nt

1154 2313 1254 2346 Deus
1273 2320 1406 2347 mentes
1426 2319 1563 2345 nostras
1588 2318 1702 2355 regat,
1739 2316 1777 2343 ut
1802 2309 1894 2343 dicta
1918 2310 2040 2342 divina
2065 2321 2148 2351 pro-

1127 2360 1130 2389 l
1155 2365 1230 2407 prie
1252 2364 1484 2408 accipiamus,
1511 2364 1600 2397 sicut
1618 2360 1796 2406 Propheta
1812 2367 1906 2398 orat,
1934 2359 2023 2395 Psal.
2045 2360 2147 2394 118.:

1128 2438 1130 2448 ⁴
1154 2414 1224 2448 Fac
1243 2427 1321 2448 cum
1339 2426 1439 2448 servo
1457 2422 1516 2448 tuo
1532 2416 1726 2448 secundum
1743 2411 2021 2445 misericordiam
2039 2418 2147 2448 tuam,

1156 2473 1188 2500 et
1213 2466 1478 2499 iustificationes
1509 2472 1587 2499 tuas
1609 2465 1695 2498 doce
1719 2475 1784 2496 me.
1838 2460 1886 2495 Et
1911 2461 2032 2495 Esaias
2059 2468 2147 2502 orat,

1128 2524 1192 2550 ¹ut
1226 2517 1420 2550 retineatur
1459 2517 1497 2549 in
1529 2517 1708 2561 aliquibus
1743 2513 1968 2548 auditoribus
2010 2512 2148 2552 veritas,

1128 2591 1130 2599 ,
1157 2567 1265 2601 Isaiae
1283 2569 1335 2601 8.:
1364 2565 1526 2611 Obsigna
1551 2567 1661 2610 legem
1688 2567 1725 2599 in
1741 2564 1924 2609 discipulis
1942 2563 2036 2598 meis.

1258 2626 1322 2660 Est
1344 2634 1377 2660 et
1402 2626 1546 2660 collatio
1585 2638 1663 2659 cum
1697 2624 1775 2658 aliis
1810 2622 2025 2662 necessaria,
2061 2621 2150 2655 sicut

1155 2678 1322 2723 scriptum
1343 2685 1410 2719 est,
1438 2678 1522 2712 Luc.
1540 2678 1616 2714 22:
1652 2675 1698 2710 Et
1712 2682 1750 2710 tu
1767 2684 1957 2709 conversus
1980 2672 2148 2706 confirma

1309 2727 1386 2764 86*

1127 2658 1129 2682 4
