<?xml version="1.0" encoding="UTF-8"?>
<!DOCTYPE html PUBLIC "-//W3C//DTD XHTML 1.0 Transitional//EN"
    "http://www.w3.org/TR/xhtml1/DTD/xhtml1-transitional.dtd">
<html xmlns="http://www.w3.org/1999/xhtml" xml:lang="en" lang="en">
 <head>
  <title>
</title>
<meta http-equiv="Content-Type" content="text/html;charset=utf-8" />
  <meta name='ocr-system' content='tesseract 3.04.00' />
  <meta name='ocr-capabilities' content='ocr_page ocr_carea ocr_par ocr_line ocrx_word'/>
</head>
<body>
  <div class='ocr_page' id='page_1' title='image "./operaquaesupersu15melauoft/operaquaesupersu15melauoft_0291.png"; bbox 0 0 2415 2942; ppageno 0'>
   <div class='ocr_carea' id='block_1_1' title="bbox 81 114 155 151">
    <p class='ocr_par' dir='ltr' id='par_1_1' title="bbox 81 114 155 151">
     <span class='ocr_line' id='line_1_1' title="bbox 81 114 155 151; baseline -0.014 0"><span class='ocrx_word' id='word_1_1' title='bbox 81 114 155 151; x_wconf 84' lang='lat'>565</span> 
     </span>
    </p>
   </div>
   <div class='ocr_carea' id='block_1_2' title="bbox 64 200 1060 2735">
    <p class='ocr_par' dir='ltr' id='par_1_2' title="bbox 64 200 1060 2735">
     <span class='ocr_line' id='line_1_2' title="bbox 76 200 1059 238; baseline -0.001 -2"><span class='ocrx_word' id='word_1_2' title='bbox 76 201 172 236; x_wconf 92' lang='lat' dir='ltr'>Deus</span> <span class='ocrx_word' id='word_1_3' title='bbox 188 200 422 235; x_wconf 80' lang='lat' dir='ltr'>manifestavit</span> <span class='ocrx_word' id='word_1_4' title='bbox 437 202 498 238; x_wconf 79' lang='lat' dir='ltr'>eis.</span> <span class='ocrx_word' id='word_1_5' title='bbox 550 201 674 236; x_wconf 86' lang='lat' dir='ltr'>Postea</span> <span class='ocrx_word' id='word_1_6' title='bbox 701 209 815 236; x_wconf 90' lang='lat' dir='ltr'>autem</span> <span class='ocrx_word' id='word_1_7' title='bbox 833 201 918 234; x_wconf 81' lang='lat' dir='ltr'>foris</span> <span class='ocrx_word' id='word_1_8' title='bbox 936 202 1059 235; x_wconf 87' lang='lat' dir='ltr'>admo-</span> 
     </span>
     <span class='ocr_line' id='line_1_3' title="bbox 77 252 1060 296; baseline 0 -11"><span class='ocrx_word' id='word_1_9' title='bbox 77 253 149 286; x_wconf 88' lang='lat' dir='ltr'>nita</span> <span class='ocrx_word' id='word_1_10' title='bbox 173 264 271 285; x_wconf 89' lang='lat' dir='ltr'>mens</span> <span class='ocrx_word' id='word_1_11' title='bbox 303 260 491 296; x_wconf 86' lang='lat' dir='ltr'>conspectu</span> <span class='ocrx_word' id='word_1_12' title='bbox 526 254 671 293; x_wconf 87' lang='lat' dir='ltr'>mundi,</span> <span class='ocrx_word' id='word_1_13' title='bbox 716 261 748 286; x_wconf 88' lang='lat' dir='ltr'>et</span> <span class='ocrx_word' id='word_1_14' title='bbox 779 252 902 285; x_wconf 87' lang='lat' dir='ltr'>ordine</span> <span class='ocrx_word' id='word_1_15' title='bbox 934 253 1060 295; x_wconf 87' lang='lat' dir='ltr'>operis,</span> 
     </span>
     <span class='ocr_line' id='line_1_4' title="bbox 75 302 1058 347; baseline -0.002 -11"><span class='ocrx_word' id='word_1_16' title='bbox 75 303 202 346; x_wconf 85' lang='lat' dir='ltr'>cogitat</span> <span class='ocrx_word' id='word_1_17' title='bbox 220 315 290 336; x_wconf 90' lang='lat' dir='ltr'>non</span> <span class='ocrx_word' id='word_1_18' title='bbox 311 304 464 347; x_wconf 87' lang='lat' dir='ltr'>potuisse</span> <span class='ocrx_word' id='word_1_19' title='bbox 482 302 566 337; x_wconf 84' lang='lat' dir='ltr'>haec</span> <span class='ocrx_word' id='word_1_20' title='bbox 587 317 666 337; x_wconf 91' lang='lat' dir='ltr'>casu</span> <span class='ocrx_word' id='word_1_21' title='bbox 686 304 847 340; x_wconf 73' lang='lat' dir='ltr'><strong>existere,</strong></span> <span class='ocrx_word' id='word_1_22' title='bbox 875 309 934 335; x_wconf 88' lang='lat' dir='ltr'>aut</span> <span class='ocrx_word' id='word_1_23' title='bbox 959 303 1058 343; x_wconf 89' lang='lat' dir='ltr'>oriri,</span> 
     </span>
     <span class='ocr_line' id='line_1_5' title="bbox 74 352 1057 399; baseline -0.001 -13"><span class='ocrx_word' id='word_1_24' title='bbox 74 355 132 387; x_wconf 89' lang='lat' dir='ltr'>sed</span> <span class='ocrx_word' id='word_1_25' title='bbox 158 352 250 386; x_wconf 83' lang='lat' dir='ltr'>haud</span> <span class='ocrx_word' id='word_1_26' title='bbox 277 354 384 387; x_wconf 84' lang='lat' dir='ltr'>dubie</span> <span class='ocrx_word' id='word_1_27' title='bbox 408 355 451 387; x_wconf 91' lang='lat' dir='ltr'>ab</span> <span class='ocrx_word' id='word_1_28' title='bbox 477 355 592 399; x_wconf 91' lang='lat' dir='ltr'>aliqua</span> <span class='ocrx_word' id='word_1_29' title='bbox 617 363 732 388; x_wconf 86' lang='lat' dir='ltr'>mente</span> <span class='ocrx_word' id='word_1_30' title='bbox 757 361 893 387; x_wconf 87' lang='lat' dir='ltr'>aeterna</span> <span class='ocrx_word' id='word_1_31' title='bbox 919 354 1057 386; x_wconf 88' lang='lat' dir='ltr'>condita</span> 
     </span>
     <span class='ocr_line' id='line_1_6' title="bbox 74 401 1056 439; baseline -0.002 -1"><span class='ocrx_word' id='word_1_32' title='bbox 74 411 106 438; x_wconf 90' lang='lat' dir='ltr'>et</span> <span class='ocrx_word' id='word_1_33' title='bbox 132 404 320 438; x_wconf 82' lang='lat' dir='ltr'>distributa</span> <span class='ocrx_word' id='word_1_34' title='bbox 347 417 428 438; x_wconf 89' lang='lat' dir='ltr'>esse.</span> <span class='ocrx_word' id='word_1_35' title='bbox 505 403 605 439; x_wconf 72' lang='lat' dir='ltr'>Nihil</span> <span class='ocrx_word' id='word_1_36' title='bbox 635 406 783 439; x_wconf 88' lang='lat' dir='ltr'>dubium</span> <span class='ocrx_word' id='word_1_37' title='bbox 815 410 865 437; x_wconf 86' lang='lat' dir='ltr'>est</span> <span class='ocrx_word' id='word_1_38' title='bbox 895 401 1056 436; x_wconf 76' lang='lat' dir='ltr'>homines</span> 
     </span>
     <span class='ocr_line' id='line_1_7' title="bbox 70 454 1056 500; baseline -0.003 -12"><span class='ocrx_word' id='word_1_39' title='bbox 70 456 258 500; x_wconf 83' lang='lat' dir='ltr'>praecipue</span> <span class='ocrx_word' id='word_1_40' title='bbox 275 456 435 489; x_wconf 89' lang='lat' dir='ltr'>conditos</span> <span class='ocrx_word' id='word_1_41' title='bbox 460 468 549 496; x_wconf 85' lang='lat' dir='ltr'>esse,</span> <span class='ocrx_word' id='word_1_42' title='bbox 576 463 614 489; x_wconf 92' lang='lat' dir='ltr'>ut</span> <span class='ocrx_word' id='word_1_43' title='bbox 639 456 675 488; x_wconf 90' lang='lat' dir='ltr'>in</span> <span class='ocrx_word' id='word_1_44' title='bbox 705 455 752 488; x_wconf 89' lang='lat' dir='ltr'>eis</span> <span class='ocrx_word' id='word_1_45' title='bbox 777 456 907 487; x_wconf 86' lang='lat' dir='ltr'>luceret</span> <span class='ocrx_word' id='word_1_46' title='bbox 926 454 1056 486; x_wconf 76' lang='lat' dir='ltr'>noticia</span> 
     </span>
     <span class='ocr_line' id='line_1_8' title="bbox 72 503 1055 546; baseline -0.004 -6"><span class='ocrx_word' id='word_1_47' title='bbox 72 507 151 541; x_wconf 83' lang='lat' dir='ltr'>Dei.</span> <span class='ocrx_word' id='word_1_48' title='bbox 213 505 411 540; x_wconf 84' lang='lat' dir='ltr'>Patefacere</span> <span class='ocrx_word' id='word_1_49' title='bbox 436 519 471 540; x_wconf 86' lang='lat' dir='ltr'>se</span> <span class='ocrx_word' id='word_1_50' title='bbox 493 506 587 540; x_wconf 90' lang='lat' dir='ltr'>Deus</span> <span class='ocrx_word' id='word_1_51' title='bbox 612 506 742 546; x_wconf 90' lang='lat' dir='ltr'>voluit,</span> <span class='ocrx_word' id='word_1_52' title='bbox 777 512 810 538; x_wconf 86' lang='lat' dir='ltr'>et</span> <span class='ocrx_word' id='word_1_53' title='bbox 834 506 876 537; x_wconf 87' lang='lat' dir='ltr'>ab</span> <span class='ocrx_word' id='word_1_54' title='bbox 900 503 1055 537; x_wconf 80' lang='lat' dir='ltr'>humano</span> 
     </span>
     <span class='ocr_line' id='line_1_9' title="bbox 74 553 1055 600; baseline -0.002 -10"><span class='ocrx_word' id='word_1_55' title='bbox 74 568 200 600; x_wconf 82' lang='lat' dir='ltr'>genere</span> <span class='ocrx_word' id='word_1_56' title='bbox 219 558 359 600; x_wconf 81' lang='lat' dir='ltr'>agnosci</span> <span class='ocrx_word' id='word_1_57' title='bbox 383 569 420 590; x_wconf 87' lang='lat' dir='ltr'>ac</span> <span class='ocrx_word' id='word_1_58' title='bbox 447 558 626 592; x_wconf 85' lang='lat' dir='ltr'>celebrari.</span> <span class='ocrx_word' id='word_1_59' title='bbox 680 556 762 590; x_wconf 85' lang='lat' dir='ltr'>Ideo</span> <span class='ocrx_word' id='word_1_60' title='bbox 789 557 824 588; x_wconf 91' lang='lat' dir='ltr'>in</span> <span class='ocrx_word' id='word_1_61' title='bbox 849 563 965 589; x_wconf 89' lang='lat' dir='ltr'>mente</span> <span class='ocrx_word' id='word_1_62' title='bbox 989 553 1055 589; x_wconf 89' lang='lat' dir='ltr'>hu-</span> 
     </span>
     <span class='ocr_line' id='line_1_10' title="bbox 72 607 1056 647; baseline 0 -8"><span class='ocrx_word' id='word_1_63' title='bbox 72 620 174 640; x_wconf 86' lang='lat' dir='ltr'>mana</span> <span class='ocrx_word' id='word_1_64' title='bbox 199 608 297 641; x_wconf 86' lang='lat' dir='ltr'>fulsit</span> <span class='ocrx_word' id='word_1_65' title='bbox 321 609 526 641; x_wconf 89' lang='lat' dir='ltr'>admiranda</span> <span class='ocrx_word' id='word_1_66' title='bbox 553 608 612 640; x_wconf 86' lang='lat' dir='ltr'>lux</span> <span class='ocrx_word' id='word_1_67' title='bbox 639 615 671 641; x_wconf 92' lang='lat' dir='ltr'>et</span> <span class='ocrx_word' id='word_1_68' title='bbox 698 608 811 647; x_wconf 87' lang='lat' dir='ltr'>clara,</span> <span class='ocrx_word' id='word_1_69' title='bbox 847 619 885 639; x_wconf 91' lang='lat' dir='ltr'>ac</span> <span class='ocrx_word' id='word_1_70' title='bbox 909 607 1056 640; x_wconf 89' lang='lat' dir='ltr'>illustris</span> 
     </span>
     <span class='ocr_line' id='line_1_11' title="bbox 72 657 1053 699; baseline -0.001 -9"><span class='ocrx_word' id='word_1_71' title='bbox 72 658 204 692; x_wconf 78' lang='lat' dir='ltr'>noticia</span> <span class='ocrx_word' id='word_1_72' title='bbox 227 660 270 691; x_wconf 92' lang='lat' dir='ltr'>de</span> <span class='ocrx_word' id='word_1_73' title='bbox 293 657 385 699; x_wconf 93' lang='lat' dir='ltr'>Deo,</span> <span class='ocrx_word' id='word_1_74' title='bbox 421 659 524 692; x_wconf 87' lang='lat' dir='ltr'>insita</span> <span class='ocrx_word' id='word_1_75' title='bbox 551 660 581 692; x_wconf 90' lang='lat' dir='ltr'>ei</span> <span class='ocrx_word' id='word_1_76' title='bbox 607 659 642 691; x_wconf 91' lang='lat' dir='ltr'>in</span> <span class='ocrx_word' id='word_1_77' title='bbox 671 658 887 692; x_wconf 88' lang='lat' dir='ltr'>conditione.</span> <span class='ocrx_word' id='word_1_78' title='bbox 947 657 1000 690; x_wconf 90' lang='lat' dir='ltr'>Ac</span> <span class='ocrx_word' id='word_1_79' title='bbox 1027 657 1053 690; x_wconf 90' lang='lat' dir='ltr'>si</span> 
     </span>
     <span class='ocr_line' id='line_1_12' title="bbox 69 708 1054 754; baseline 0 -13"><span class='ocrx_word' id='word_1_80' title='bbox 69 721 144 742; x_wconf 88' lang='lat' dir='ltr'>non</span> <span class='ocrx_word' id='word_1_81' title='bbox 160 710 354 743; x_wconf 78' lang='lat' dir='ltr'>accessisset</span> <span class='ocrx_word' id='word_1_82' title='bbox 371 709 480 752; x_wconf 84' lang='lat' dir='ltr'>caligo</span> <span class='ocrx_word' id='word_1_83' title='bbox 501 722 563 754; x_wconf 88' lang='lat' dir='ltr'>per</span> <span class='ocrx_word' id='word_1_84' title='bbox 579 710 742 743; x_wconf 86' lang='lat' dir='ltr'>morbum</span> <span class='ocrx_word' id='word_1_85' title='bbox 762 708 928 752; x_wconf 76' lang='lat' dir='ltr'>origini5‚</span> <span class='ocrx_word' id='word_1_86' title='bbox 955 720 1054 741; x_wconf 89' lang='lat' dir='ltr'>mens</span> 
     </span>
     <span class='ocr_line' id='line_1_13' title="bbox 69 757 1055 805; baseline 0.002 -13"><span class='ocrx_word' id='word_1_87' title='bbox 69 757 224 793; x_wconf 84' lang='lat' dir='ltr'>humana</span> <span class='ocrx_word' id='word_1_88' title='bbox 243 761 363 793; x_wconf 85' lang='lat' dir='ltr'>fuisset</span> <span class='ocrx_word' id='word_1_89' title='bbox 378 767 543 805; x_wconf 75' lang='lat' dir='ltr'>tanquam</span> <span class='ocrx_word' id='word_1_90' title='bbox 559 761 756 805; x_wconf 78' lang='lat' dir='ltr'>speculum,</span> <span class='ocrx_word' id='word_1_91' title='bbox 782 760 988 800; x_wconf 89' lang='lat' dir='ltr'>ostendens,</span> <span class='ocrx_word' id='word_1_92' title='bbox 1015 766 1055 794; x_wconf 86' lang='lat' dir='ltr'>ut</span> 
     </span>
     <span class='ocr_line' id='line_1_14' title="bbox 70 809 1053 855; baseline 0.001 -13"><span class='ocrx_word' id='word_1_93' title='bbox 70 811 116 844; x_wconf 86' lang='lat' dir='ltr'>ita</span> <span class='ocrx_word' id='word_1_94' title='bbox 133 811 265 852; x_wconf 87' lang='lat' dir='ltr'>dicam,</span> <span class='ocrx_word' id='word_1_95' title='bbox 292 811 498 854; x_wconf 78' lang='lat' dir='ltr'>imaginem,</span> <span class='ocrx_word' id='word_1_96' title='bbox 526 809 592 845; x_wconf 86' lang='lat' dir='ltr'>hoc</span> <span class='ocrx_word' id='word_1_97' title='bbox 610 817 676 853; x_wconf 89' lang='lat' dir='ltr'>est,</span> <span class='ocrx_word' id='word_1_98' title='bbox 703 811 831 845; x_wconf 83' lang='lat' dir='ltr'>multas</span> <span class='ocrx_word' id='word_1_99' title='bbox 856 810 1053 855; x_wconf 87' lang='lat' dir='ltr'>perspicuas</span> 
     </span>
     <span class='ocr_line' id='line_1_15' title="bbox 70 860 1052 907; baseline 0 -13"><span class='ocrx_word' id='word_1_100' title='bbox 70 862 218 895; x_wconf 79' lang='lat' dir='ltr'>noticias</span> <span class='ocrx_word' id='word_1_101' title='bbox 237 862 279 895; x_wconf 88' lang='lat' dir='ltr'>de</span> <span class='ocrx_word' id='word_1_102' title='bbox 295 860 384 896; x_wconf 86' lang='lat' dir='ltr'>Deo.</span> <span class='ocrx_word' id='word_1_103' title='bbox 437 861 519 895; x_wconf 84' lang='lat' dir='ltr'>Ideo</span> <span class='ocrx_word' id='word_1_104' title='bbox 537 863 704 907; x_wconf 87' lang='lat' dir='ltr'>scriptum</span> <span class='ocrx_word' id='word_1_105' title='bbox 722 869 787 903; x_wconf 87' lang='lat' dir='ltr'>est,</span> <span class='ocrx_word' id='word_1_106' title='bbox 809 869 962 895; x_wconf 85' lang='lat' dir='ltr'>mentem</span> <span class='ocrx_word' id='word_1_107' title='bbox 981 873 1052 895; x_wconf 90' lang='lat' dir='ltr'>esse</span> 
     </span>
     <span class='ocr_line' id='line_1_16' title="bbox 71 910 1052 956; baseline 0.002 -12"><span class='ocrx_word' id='word_1_108' title='bbox 71 913 247 956; x_wconf 87' lang='lat' dir='ltr'>quandam</span> <span class='ocrx_word' id='word_1_109' title='bbox 269 911 335 945; x_wconf 86' lang='lat' dir='ltr'>Dei</span> <span class='ocrx_word' id='word_1_110' title='bbox 358 913 556 956; x_wconf 76' lang='lat' dir='ltr'>imaginem.</span> <span class='ocrx_word' id='word_1_111' title='bbox 616 913 688 947; x_wconf 87' lang='lat' dir='ltr'>Nec</span> <span class='ocrx_word' id='word_1_112' title='bbox 714 913 863 947; x_wconf 91' lang='lat' dir='ltr'>dubium</span> <span class='ocrx_word' id='word_1_113' title='bbox 885 919 934 946; x_wconf 91' lang='lat' dir='ltr'>est</span> <span class='ocrx_word' id='word_1_114' title='bbox 958 910 1052 946; x_wconf 90' lang='lat' dir='ltr'>hunc</span> 
     </span>
     <span class='ocr_line' id='line_1_17' title="bbox 70 964 1052 1006; baseline -0.001 -10"><span class='ocrx_word' id='word_1_115' title='bbox 70 968 185 996; x_wconf 83' lang='lat' dir='ltr'>totum</span> <span class='ocrx_word' id='word_1_116' title='bbox 204 964 376 997; x_wconf 88' lang='lat' dir='ltr'>mundum</span> <span class='ocrx_word' id='word_1_117' title='bbox 395 964 576 999; x_wconf 88' lang='lat' dir='ltr'>conditum</span> <span class='ocrx_word' id='word_1_118' title='bbox 595 976 686 1006; x_wconf 91' lang='lat' dir='ltr'>esse,</span> <span class='ocrx_word' id='word_1_119' title='bbox 714 971 753 998; x_wconf 90' lang='lat' dir='ltr'>ut</span> <span class='ocrx_word' id='word_1_120' title='bbox 776 964 868 998; x_wconf 89' lang='lat' dir='ltr'>dicat</span> <span class='ocrx_word' id='word_1_121' title='bbox 892 964 1052 997; x_wconf 88' lang='lat' dir='ltr'>testimo-</span> 
     </span>
     <span class='ocr_line' id='line_1_18' title="bbox 67 1012 1051 1060; baseline 0.002 -15"><span class='ocrx_word' id='word_1_122' title='bbox 67 1013 167 1046; x_wconf 86' lang='lat' dir='ltr'>nium</span> <span class='ocrx_word' id='word_1_123' title='bbox 185 1013 227 1046; x_wconf 89' lang='lat' dir='ltr'>de</span> <span class='ocrx_word' id='word_1_124' title='bbox 246 1012 333 1046; x_wconf 89' lang='lat' dir='ltr'>Deo.</span> <span class='ocrx_word' id='word_1_125' title='bbox 385 1012 487 1048; x_wconf 91' lang='lat' dir='ltr'>Ordo</span> <span class='ocrx_word' id='word_1_126' title='bbox 507 1027 651 1059; x_wconf 87' lang='lat' dir='ltr'>operum</span> <span class='ocrx_word' id='word_1_127' title='bbox 669 1015 851 1060; x_wconf 88' lang='lat' dir='ltr'>perspicue</span> <span class='ocrx_word' id='word_1_128' title='bbox 867 1021 1051 1053; x_wconf 87' lang='lat' dir='ltr'>monstrat,</span> 
     </span>
     <span class='ocr_line' id='line_1_19' title="bbox 68 1062 1051 1107; baseline 0 -11"><span class='ocrx_word' id='word_1_129' title='bbox 68 1075 142 1097; x_wconf 88' lang='lat' dir='ltr'>non</span> <span class='ocrx_word' id='word_1_130' title='bbox 160 1064 313 1107; x_wconf 89' lang='lat' dir='ltr'>potuisse</span> <span class='ocrx_word' id='word_1_131' title='bbox 328 1062 412 1098; x_wconf 90' lang='lat' dir='ltr'>haec</span> <span class='ocrx_word' id='word_1_132' title='bbox 431 1078 510 1100; x_wconf 91' lang='lat' dir='ltr'>casu</span> <span class='ocrx_word' id='word_1_133' title='bbox 534 1067 630 1101; x_wconf 89' lang='lat' dir='ltr'>oriri.</span> <span class='ocrx_word' id='word_1_134' title='bbox 685 1066 728 1100; x_wconf 89' lang='lat' dir='ltr'>Et</span> <span class='ocrx_word' id='word_1_135' title='bbox 745 1067 773 1098; x_wconf 86' lang='lat' dir='ltr'>si</span> <span class='ocrx_word' id='word_1_136' title='bbox 790 1073 915 1099; x_wconf 84' lang='lat' dir='ltr'>natura</span> <span class='ocrx_word' id='word_1_137' title='bbox 935 1063 1051 1097; x_wconf 87' lang='lat' dir='ltr'>homi-</span> 
     </span>
     <span class='ocr_line' id='line_1_20' title="bbox 67 1114 1052 1161; baseline 0.001 -14"><span class='ocrx_word' id='word_1_138' title='bbox 67 1115 122 1148; x_wconf 85' lang='lat' dir='ltr'>nis</span> <span class='ocrx_word' id='word_1_139' title='bbox 139 1115 322 1148; x_wconf 81' lang='lat' dir='ltr'>mansisset</span> <span class='ocrx_word' id='word_1_140' title='bbox 346 1115 480 1160; x_wconf 85' lang='lat' dir='ltr'>integra</span> <span class='ocrx_word' id='word_1_141' title='bbox 495 1143 504 1158; x_wconf 86' lang='lat'>,</span> <span class='ocrx_word' id='word_1_142' title='bbox 531 1115 595 1150; x_wconf 88' lang='lat' dir='ltr'>hac</span> <span class='ocrx_word' id='word_1_143' title='bbox 618 1114 841 1161; x_wconf 74' lang='lat' dir='ltr'>philosophia</span> <span class='ocrx_word' id='word_1_144' title='bbox 868 1116 1052 1160; x_wconf 82' lang='lat' dir='ltr'>praecipue</span> 
     </span>
     <span class='ocr_line' id='line_1_21' title="bbox 65 1165 1051 1210; baseline 0.001 -12"><span class='ocrx_word' id='word_1_145' title='bbox 65 1165 187 1199; x_wconf 82' lang='lat' dir='ltr'>fuisset</span> <span class='ocrx_word' id='word_1_146' title='bbox 203 1173 390 1210; x_wconf 85' lang='lat' dir='ltr'>occupata,</span> <span class='ocrx_word' id='word_1_147' title='bbox 417 1168 667 1201; x_wconf 79' lang='lat' dir='ltr'>considerasset</span> <span class='ocrx_word' id='word_1_148' title='bbox 686 1168 829 1210; x_wconf 81' lang='lat' dir='ltr'>vestigia</span> <span class='ocrx_word' id='word_1_149' title='bbox 854 1167 1051 1200; x_wconf 80' lang='lat' dir='ltr'>divinitatis</span> 
     </span>
     <span class='ocr_line' id='line_1_22' title="bbox 65 1216 1052 1262; baseline 0.001 -14"><span class='ocrx_word' id='word_1_150' title='bbox 65 1216 103 1248; x_wconf 87' lang='lat' dir='ltr'>in</span> <span class='ocrx_word' id='word_1_151' title='bbox 122 1223 265 1256; x_wconf 87' lang='lat' dir='ltr'>natura,</span> <span class='ocrx_word' id='word_1_152' title='bbox 295 1223 328 1249; x_wconf 90' lang='lat' dir='ltr'>et</span> <span class='ocrx_word' id='word_1_153' title='bbox 347 1219 576 1261; x_wconf 80' lang='lat' dir='ltr'>praedicasset</span> <span class='ocrx_word' id='word_1_154' title='bbox 602 1218 827 1262; x_wconf 76' lang='lat' dir='ltr'>sapientiam,</span> <span class='ocrx_word' id='word_1_155' title='bbox 855 1225 886 1250; x_wconf 89' lang='lat' dir='ltr'>et</span> <span class='ocrx_word' id='word_1_156' title='bbox 912 1217 1052 1250; x_wconf 87' lang='lat' dir='ltr'>bonita-</span> 
     </span>
     <span class='ocr_line' id='line_1_23' title="bbox 66 1265 1050 1314; baseline -0.001 -14"><span class='ocrx_word' id='word_1_157' title='bbox 66 1273 137 1300; x_wconf 88' lang='lat' dir='ltr'>tem</span> <span class='ocrx_word' id='word_1_158' title='bbox 162 1265 354 1302; x_wconf 77' lang='lat' dir='ltr'>architecti.</span> <span class='ocrx_word' id='word_1_159' title='bbox 406 1268 473 1302; x_wconf 86' lang='lat' dir='ltr'>Sed</span> <span class='ocrx_word' id='word_1_160' title='bbox 494 1276 676 1314; x_wconf 86' lang='lat' dir='ltr'>postquam</span> <span class='ocrx_word' id='word_1_161' title='bbox 694 1269 804 1312; x_wconf 82' lang='lat' dir='ltr'>caligo</span> <span class='ocrx_word' id='word_1_162' title='bbox 824 1268 931 1302; x_wconf 89' lang='lat' dir='ltr'>subiit</span> <span class='ocrx_word' id='word_1_163' title='bbox 950 1279 1050 1300; x_wconf 86' lang='lat' dir='ltr'>rnen-</span> 
     </span>
     <span class='ocr_line' id='line_1_24' title="bbox 67 1319 1050 1362; baseline 0 -13"><span class='ocrx_word' id='word_1_164' title='bbox 67 1324 118 1350; x_wconf 89' lang='lat' dir='ltr'>tes</span> <span class='ocrx_word' id='word_1_165' title='bbox 142 1324 284 1361; x_wconf 86' lang='lat' dir='ltr'>propter</span> <span class='ocrx_word' id='word_1_166' title='bbox 307 1319 469 1352; x_wconf 85' lang='lat' dir='ltr'>morbum</span> <span class='ocrx_word' id='word_1_167' title='bbox 495 1320 659 1362; x_wconf 85' lang='lat' dir='ltr'>originis,</span> <span class='ocrx_word' id='word_1_168' title='bbox 693 1331 766 1351; x_wconf 89' lang='lat' dir='ltr'>non</span> <span class='ocrx_word' id='word_1_169' title='bbox 790 1319 899 1360; x_wconf 84' lang='lat' dir='ltr'>fulget</span> <span class='ocrx_word' id='word_1_170' title='bbox 923 1319 1050 1361; x_wconf 87' lang='lat' dir='ltr'>imago,</span> 
     </span>
     <span class='ocr_line' id='line_1_25' title="bbox 68 1368 1049 1408; baseline 0.002 -9"><span class='ocrx_word' id='word_1_171' title='bbox 68 1374 101 1400; x_wconf 88' lang='lat' dir='ltr'>et</span> <span class='ocrx_word' id='word_1_172' title='bbox 120 1368 269 1400; x_wconf 86' lang='lat' dir='ltr'>noticiae</span> <span class='ocrx_word' id='word_1_173' title='bbox 289 1370 463 1401; x_wconf 83' lang='lat' dir='ltr'>naturales</span> <span class='ocrx_word' id='word_1_174' title='bbox 482 1377 564 1403; x_wconf 86' lang='lat' dir='ltr'>sunt</span> <span class='ocrx_word' id='word_1_175' title='bbox 586 1371 776 1402; x_wconf 84' lang='lat' dir='ltr'>admodum</span> <span class='ocrx_word' id='word_1_176' title='bbox 801 1369 989 1408; x_wconf 85' lang='lat' dir='ltr'>obscurae,</span> <span class='ocrx_word' id='word_1_177' title='bbox 1017 1375 1049 1401; x_wconf 86' lang='lat' dir='ltr'>et</span> 
     </span>
     <span class='ocr_line' id='line_1_26' title="bbox 67 1417 1048 1464; baseline 0.001 -14"><span class='ocrx_word' id='word_1_178' title='bbox 67 1429 128 1450; x_wconf 90' lang='lat' dir='ltr'>cor</span> <span class='ocrx_word' id='word_1_179' title='bbox 143 1428 203 1450; x_wconf 90' lang='lat' dir='ltr'>seu</span> <span class='ocrx_word' id='word_1_180' title='bbox 220 1418 400 1460; x_wconf 84' lang='lat' dir='ltr'>voluntas,</span> <span class='ocrx_word' id='word_1_181' title='bbox 429 1427 572 1464; x_wconf 86' lang='lat' dir='ltr'>propter</span> <span class='ocrx_word' id='word_1_182' title='bbox 586 1420 803 1459; x_wconf 83' lang='lat' dir='ltr'>aversionem</span> <span class='ocrx_word' id='word_1_183' title='bbox 819 1431 837 1451; x_wconf 93' lang='lat' dir='ltr'>a</span> <span class='ocrx_word' id='word_1_184' title='bbox 855 1417 948 1459; x_wconf 89' lang='lat' dir='ltr'>Deo,</span> <span class='ocrx_word' id='word_1_185' title='bbox 976 1431 1048 1451; x_wconf 91' lang='lat' dir='ltr'>non</span> 
     </span>
     <span class='ocr_line' id='line_1_27' title="bbox 64 1467 1049 1511; baseline 0.002 -11"><span class='ocrx_word' id='word_1_186' title='bbox 64 1467 148 1501; x_wconf 89' lang='lat' dir='ltr'>satis</span> <span class='ocrx_word' id='word_1_187' title='bbox 173 1469 360 1501; x_wconf 80' lang='lat' dir='ltr'>assentitur</span> <span class='ocrx_word' id='word_1_188' title='bbox 386 1470 456 1502; x_wconf 89' lang='lat' dir='ltr'>illis</span> <span class='ocrx_word' id='word_1_189' title='bbox 481 1471 639 1511; x_wconf 88' lang='lat' dir='ltr'>noticiis,</span> <span class='ocrx_word' id='word_1_190' title='bbox 678 1482 740 1502; x_wconf 89' lang='lat' dir='ltr'>nec</span> <span class='ocrx_word' id='word_1_191' title='bbox 764 1476 964 1503; x_wconf 85' lang='lat' dir='ltr'>constanter</span> <span class='ocrx_word' id='word_1_192' title='bbox 994 1481 1049 1502; x_wconf 85' lang='lat' dir='ltr'>eas</span> 
     </span>
     <span class='ocr_line' id='line_1_28' title="bbox 64 1520 1049 1566; baseline 0.002 -15"><span class='ocrx_word' id='word_1_193' title='bbox 64 1525 283 1563; x_wconf 86' lang='lat' dir='ltr'>propugnat,</span> <span class='ocrx_word' id='word_1_194' title='bbox 309 1520 480 1566; x_wconf 87' lang='lat' dir='ltr'>facileque</span> <span class='ocrx_word' id='word_1_195' title='bbox 504 1521 569 1554; x_wconf 91' lang='lat' dir='ltr'>sibi</span> <span class='ocrx_word' id='word_1_196' title='bbox 588 1521 699 1554; x_wconf 85' lang='lat' dir='ltr'>excuti</span> <span class='ocrx_word' id='word_1_197' title='bbox 718 1521 821 1554; x_wconf 85' lang='lat' dir='ltr'>etiarn</span> <span class='ocrx_word' id='word_1_198' title='bbox 839 1533 937 1553; x_wconf 83' lang='lat' dir='ltr'>veras</span> <span class='ocrx_word' id='word_1_199' title='bbox 955 1521 1049 1554; x_wconf 88' lang='lat' dir='ltr'>noti-</span> 
     </span>
     <span class='ocr_line' id='line_1_29' title="bbox 64 1569 1048 1616; baseline 0.002 -14"><span class='ocrx_word' id='word_1_200' title='bbox 64 1569 134 1602; x_wconf 90' lang='lat' dir='ltr'>cias</span> <span class='ocrx_word' id='word_1_201' title='bbox 158 1571 201 1602; x_wconf 86' lang='lat' dir='ltr'>de</span> <span class='ocrx_word' id='word_1_202' title='bbox 228 1569 299 1603; x_wconf 91' lang='lat' dir='ltr'>Deo</span> <span class='ocrx_word' id='word_1_203' title='bbox 326 1571 429 1612; x_wconf 87' lang='lat' dir='ltr'>sinit,</span> <span class='ocrx_word' id='word_1_204' title='bbox 464 1572 609 1605; x_wconf 90' lang='lat' dir='ltr'>obiectis</span> <span class='ocrx_word' id='word_1_205' title='bbox 642 1572 719 1605; x_wconf 88' lang='lat' dir='ltr'>aliis</span> <span class='ocrx_word' id='word_1_206' title='bbox 748 1572 1048 1616; x_wconf 86' lang='lat' dir='ltr'>persuasionibus:</span> 
     </span>
     <span class='ocr_line' id='line_1_30' title="bbox 66 1620 1048 1668; baseline 0.001 -15"><span class='ocrx_word' id='word_1_207' title='bbox 66 1620 146 1653; x_wconf 89' lang='lat' dir='ltr'>ideo</span> <span class='ocrx_word' id='word_1_208' title='bbox 173 1627 267 1654; x_wconf 87' lang='lat' dir='ltr'>tanta</span> <span class='ocrx_word' id='word_1_209' title='bbox 289 1622 355 1654; x_wconf 87' lang='lat' dir='ltr'>fuit</span> <span class='ocrx_word' id='word_1_210' title='bbox 375 1630 560 1668; x_wconf 87' lang='lat' dir='ltr'>manetque</span> <span class='ocrx_word' id='word_1_211' title='bbox 578 1623 671 1656; x_wconf 86' lang='lat' dir='ltr'>inter</span> <span class='ocrx_word' id='word_1_212' title='bbox 692 1620 854 1655; x_wconf 88' lang='lat' dir='ltr'>homines</span> <span class='ocrx_word' id='word_1_213' title='bbox 878 1623 1048 1655; x_wconf 83' lang='lat' dir='ltr'>dissensio</span> 
     </span>
     <span class='ocr_line' id='line_1_31' title="bbox 65 1670 1049 1717; baseline 0.001 -14"><span class='ocrx_word' id='word_1_214' title='bbox 65 1672 108 1704; x_wconf 90' lang='lat' dir='ltr'>de</span> <span class='ocrx_word' id='word_1_215' title='bbox 127 1670 213 1707; x_wconf 84' lang='lat' dir='ltr'>Deo.</span> <span class='ocrx_word' id='word_1_216' title='bbox 266 1670 475 1716; x_wconf 82' lang='lat' dir='ltr'>Philosophi</span> <span class='ocrx_word' id='word_1_217' title='bbox 500 1685 622 1706; x_wconf 89' lang='lat' dir='ltr'>omnes</span> <span class='ocrx_word' id='word_1_218' title='bbox 639 1674 681 1705; x_wconf 92' lang='lat' dir='ltr'>de</span> <span class='ocrx_word' id='word_1_219' title='bbox 700 1673 922 1717; x_wconf 86' lang='lat' dir='ltr'>providentia</span> <span class='ocrx_word' id='word_1_220' title='bbox 943 1672 1049 1706; x_wconf 86' lang='lat' dir='ltr'>dubi-</span> 
     </span>
     <span class='ocr_line' id='line_1_32' title="bbox 64 1723 1051 1769; baseline 0.001 -14"><span class='ocrx_word' id='word_1_221' title='bbox 64 1728 204 1762; x_wconf 87' lang='lat' dir='ltr'>tarunt,</span> <span class='ocrx_word' id='word_1_222' title='bbox 238 1723 319 1766; x_wconf 85' lang='lat' dir='ltr'>quia</span> <span class='ocrx_word' id='word_1_223' title='bbox 349 1725 409 1756; x_wconf 90' lang='lat' dir='ltr'>etsi</span> <span class='ocrx_word' id='word_1_224' title='bbox 442 1724 553 1769; x_wconf 88' lang='lat' dir='ltr'>aliqui</span> <span class='ocrx_word' id='word_1_225' title='bbox 576 1724 810 1757; x_wconf 86' lang='lat' dir='ltr'>movebantur</span> <span class='ocrx_word' id='word_1_226' title='bbox 834 1730 977 1767; x_wconf 85' lang='lat' dir='ltr'>natura,</span> <span class='ocrx_word' id='word_1_227' title='bbox 1011 1729 1051 1756; x_wconf 84' lang='lat' dir='ltr'>ut</span> 
     </span>
     <span class='ocr_line' id='line_1_33' title="bbox 65 1771 1049 1815; baseline 0 -9"><span class='ocrx_word' id='word_1_228' title='bbox 65 1784 136 1806; x_wconf 89' lang='lat' dir='ltr'>esse</span> <span class='ocrx_word' id='word_1_229' title='bbox 154 1771 267 1805; x_wconf 88' lang='lat' dir='ltr'>Deum</span> <span class='ocrx_word' id='word_1_230' title='bbox 294 1780 501 1815; x_wconf 78' lang='lat' dir='ltr'>statuerent,</span> <span class='ocrx_word' id='word_1_231' title='bbox 531 1781 647 1808; x_wconf 84' lang='lat' dir='ltr'>tamen</span> <span class='ocrx_word' id='word_1_232' title='bbox 671 1786 715 1806; x_wconf 93' lang='lat' dir='ltr'>an</span> <span class='ocrx_word' id='word_1_233' title='bbox 741 1781 879 1807; x_wconf 85' lang='lat' dir='ltr'>curaret</span> <span class='ocrx_word' id='word_1_234' title='bbox 902 1786 957 1806; x_wconf 90' lang='lat' dir='ltr'>res</span> <span class='ocrx_word' id='word_1_235' title='bbox 982 1771 1049 1806; x_wconf 88' lang='lat' dir='ltr'>hn-</span> 
     </span>
     <span class='ocr_line' id='line_1_34' title="bbox 64 1824 1049 1868; baseline 0.001 -11"><span class='ocrx_word' id='word_1_236' title='bbox 64 1835 185 1857; x_wconf 87' lang='lat' dir='ltr'>manas</span> <span class='ocrx_word' id='word_1_237' title='bbox 214 1824 448 1868; x_wconf 82' lang='lat' dir='ltr'>dubitabant,</span> <span class='ocrx_word' id='word_1_238' title='bbox 491 1837 569 1858; x_wconf 90' lang='lat' dir='ltr'>cum</span> <span class='ocrx_word' id='word_1_239' title='bbox 601 1825 762 1858; x_wconf 87' lang='lat' dir='ltr'>viderent</span> <span class='ocrx_word' id='word_1_240' title='bbox 795 1836 848 1857; x_wconf 89' lang='lat' dir='ltr'>res</span> <span class='ocrx_word' id='word_1_241' title='bbox 879 1825 1049 1858; x_wconf 90' lang='lat' dir='ltr'>secundas</span> 
     </span>
     <span class='ocr_line' id='line_1_35' title="bbox 64 1875 1048 1920; baseline 0.001 -13"><span class='ocrx_word' id='word_1_242' title='bbox 64 1875 309 1908; x_wconf 81' lang='lat' dir='ltr'>sceleratorum</span> <span class='ocrx_word' id='word_1_243' title='bbox 321 1902 330 1915; x_wconf 90' lang='lat'>,</span> <span class='ocrx_word' id='word_1_244' title='bbox 355 1883 386 1909; x_wconf 92' lang='lat' dir='ltr'>et</span> <span class='ocrx_word' id='word_1_245' title='bbox 403 1876 511 1910; x_wconf 89' lang='lat' dir='ltr'>iustos</span> <span class='ocrx_word' id='word_1_246' title='bbox 527 1876 680 1920; x_wconf 88' lang='lat' dir='ltr'>opprimi</span> <span class='ocrx_word' id='word_1_247' title='bbox 697 1887 715 1908; x_wconf 88' lang='lat' dir='ltr'>a</span> <span class='ocrx_word' id='word_1_248' title='bbox 733 1875 920 1911; x_wconf 83' lang='lat' dir='ltr'>sceleratis.</span> <span class='ocrx_word' id='word_1_249' title='bbox 973 1875 1048 1908; x_wconf 86' lang='lat' dir='ltr'>Hac</span> 
     </span>
     <span class='ocr_line' id='line_1_36' title="bbox 64 1925 1047 1970; baseline -0.001 -11"><span class='ocrx_word' id='word_1_250' title='bbox 64 1925 257 1959; x_wconf 86' lang='lat' dir='ltr'>offensione</span> <span class='ocrx_word' id='word_1_251' title='bbox 281 1927 476 1970; x_wconf 88' lang='lat' dir='ltr'>perturbati</span> <span class='ocrx_word' id='word_1_252' title='bbox 506 1927 617 1960; x_wconf 92' lang='lat' dir='ltr'>animi</span> <span class='ocrx_word' id='word_1_253' title='bbox 643 1934 759 1970; x_wconf 86' lang='lat' dir='ltr'>postea</span> <span class='ocrx_word' id='word_1_254' title='bbox 793 1927 902 1969; x_wconf 83' lang='lat' dir='ltr'>magis</span> <span class='ocrx_word' id='word_1_255' title='bbox 927 1933 1047 1964; x_wconf 87' lang='lat' dir='ltr'>ruunt,</span> 
     </span>
     <span class='ocr_line' id='line_1_37' title="bbox 64 1976 1049 2019; baseline -0.001 -9"><span class='ocrx_word' id='word_1_256' title='bbox 64 1983 98 2010; x_wconf 84' lang='lat' dir='ltr'>et</span> <span class='ocrx_word' id='word_1_257' title='bbox 121 1976 274 2011; x_wconf 81' lang='lat' dir='ltr'>offundit</span> <span class='ocrx_word' id='word_1_258' title='bbox 308 1978 454 2011; x_wconf 82' lang='lat' dir='ltr'>nebulas</span> <span class='ocrx_word' id='word_1_259' title='bbox 485 1978 632 2011; x_wconf 86' lang='lat' dir='ltr'>maiores</span> <span class='ocrx_word' id='word_1_260' title='bbox 662 1977 842 2019; x_wconf 83' lang='lat' dir='ltr'>diabolus,</span> <span class='ocrx_word' id='word_1_261' title='bbox 886 1983 925 2010; x_wconf 87' lang='lat' dir='ltr'>nt</span> <span class='ocrx_word' id='word_1_262' title='bbox 947 1977 1049 2010; x_wconf 87' lang='lat' dir='ltr'>multi</span> 
     </span>
     <span class='ocr_line' id='line_1_38' title="bbox 66 2024 1048 2073; baseline -0.001 -12"><span class='ocrx_word' id='word_1_263' title='bbox 66 2024 160 2061; x_wconf 77' lang='lat' dir='ltr'>athei</span> <span class='ocrx_word' id='word_1_264' title='bbox 183 2029 348 2061; x_wconf 78' lang='lat' dir='ltr'>omnibus</span> <span class='ocrx_word' id='word_1_265' title='bbox 374 2029 591 2073; x_wconf 88' lang='lat' dir='ltr'>temporibus</span> <span class='ocrx_word' id='word_1_266' title='bbox 615 2040 758 2073; x_wconf 91' lang='lat' dir='ltr'>prorsus</span> <span class='ocrx_word' id='word_1_267' title='bbox 782 2035 954 2071; x_wconf 85' lang='lat' dir='ltr'>negarunt</span> <span class='ocrx_word' id='word_1_268' title='bbox 977 2039 1048 2060; x_wconf 89' lang='lat' dir='ltr'>esse</span> 
     </span>
     <span class='ocr_line' id='line_1_39' title="bbox 67 2077 1049 2124; baseline 0.001 -12"><span class='ocrx_word' id='word_1_269' title='bbox 67 2077 202 2117; x_wconf 87' lang='lat' dir='ltr'>Deum,</span> <span class='ocrx_word' id='word_1_270' title='bbox 229 2089 288 2110; x_wconf 92' lang='lat' dir='ltr'>seu</span> <span class='ocrx_word' id='word_1_271' title='bbox 311 2079 453 2124; x_wconf 89' lang='lat' dir='ltr'>aliquod</span> <span class='ocrx_word' id='word_1_272' title='bbox 483 2087 661 2113; x_wconf 90' lang='lat' dir='ltr'>aeternum</span> <span class='ocrx_word' id='word_1_273' title='bbox 686 2091 838 2120; x_wconf 83' lang='lat' dir='ltr'>numen,</span> <span class='ocrx_word' id='word_1_274' title='bbox 867 2080 954 2112; x_wconf 87' lang='lat' dir='ltr'>sicut</span> <span class='ocrx_word' id='word_1_275' title='bbox 978 2078 1049 2124; x_wconf 92' lang='lat' dir='ltr'>Cy-</span> 
     </span>
     <span class='ocr_line' id='line_1_40' title="bbox 69 2127 1050 2174; baseline 0.003 -15"><span class='ocrx_word' id='word_1_276' title='bbox 69 2128 165 2171; x_wconf 84' lang='lat' dir='ltr'>clops</span> <span class='ocrx_word' id='word_1_277' title='bbox 188 2130 278 2171; x_wconf 87' lang='lat' dir='ltr'>apud</span> <span class='ocrx_word' id='word_1_278' title='bbox 302 2128 496 2162; x_wconf 83' lang='lat' dir='ltr'>Homerum</span> <span class='ocrx_word' id='word_1_279' title='bbox 522 2137 555 2164; x_wconf 89' lang='lat' dir='ltr'>et</span> <span class='ocrx_word' id='word_1_280' title='bbox 578 2130 804 2174; x_wconf 86' lang='lat' dir='ltr'>Euripidem:</span> <span class='ocrx_word' id='word_1_281' title='bbox 840 2131 898 2163; x_wconf 90' lang='lat' dir='ltr'>sed</span> <span class='ocrx_word' id='word_1_282' title='bbox 924 2127 960 2162; x_wconf 89' lang='lat' dir='ltr'>hi</span> <span class='ocrx_word' id='word_1_283' title='bbox 984 2142 1050 2174; x_wconf 86' lang='lat' dir='ltr'>pu-</span> 
     </span>
     <span class='ocr_line' id='line_1_41' title="bbox 70 2180 1049 2221; baseline 0.005 -11"><span class='ocrx_word' id='word_1_284' title='bbox 70 2185 179 2221; x_wconf 86' lang='lat' dir='ltr'>gnant</span> <span class='ocrx_word' id='word_1_285' title='bbox 203 2190 280 2211; x_wconf 87' lang='lat' dir='ltr'>cum</span> <span class='ocrx_word' id='word_1_286' title='bbox 308 2180 378 2212; x_wconf 89' lang='lat' dir='ltr'>suis</span> <span class='ocrx_word' id='word_1_287' title='bbox 397 2180 593 2221; x_wconf 87' lang='lat' dir='ltr'>mentibus,</span> <span class='ocrx_word' id='word_1_288' title='bbox 622 2188 654 2214; x_wconf 91' lang='lat' dir='ltr'>et</span> <span class='ocrx_word' id='word_1_289' title='bbox 677 2181 821 2214; x_wconf 85' lang='lat' dir='ltr'>mentiri</span> <span class='ocrx_word' id='word_1_290' title='bbox 846 2194 881 2215; x_wconf 90' lang='lat' dir='ltr'>se</span> <span class='ocrx_word' id='word_1_291' title='bbox 906 2187 1049 2215; x_wconf 87' lang='lat' dir='ltr'>norunt.</span> 
     </span>
     <span class='ocr_line' id='line_1_42' title="bbox 69 2228 1050 2274; baseline 0 -11"><span class='ocrx_word' id='word_1_292' title='bbox 69 2228 191 2274; x_wconf 87' lang='lat' dir='ltr'>ltaque</span> <span class='ocrx_word' id='word_1_293' title='bbox 215 2241 292 2262; x_wconf 87' lang='lat' dir='ltr'>cum</span> <span class='ocrx_word' id='word_1_294' title='bbox 318 2238 412 2264; x_wconf 89' lang='lat' dir='ltr'>tanta</span> <span class='ocrx_word' id='word_1_295' title='bbox 442 2231 551 2274; x_wconf 83' lang='lat' dir='ltr'>caligo</span> <span class='ocrx_word' id='word_1_296' title='bbox 583 2231 627 2264; x_wconf 89' lang='lat' dir='ltr'>sit</span> <span class='ocrx_word' id='word_1_297' title='bbox 656 2229 830 2265; x_wconf 88' lang='lat' dir='ltr'>humanae</span> <span class='ocrx_word' id='word_1_298' title='bbox 861 2232 988 2265; x_wconf 89' lang='lat' dir='ltr'>mentis</span> <span class='ocrx_word' id='word_1_299' title='bbox 1011 2244 1050 2264; x_wconf 88' lang='lat' dir='ltr'>ac</span> 
     </span>
     <span class='ocr_line' id='line_1_43' title="bbox 67 2280 1051 2325; baseline 0.004 -13"><span class='ocrx_word' id='word_1_300' title='bbox 67 2280 208 2320; x_wconf 77' lang='lat' dir='ltr'>levitas,</span> <span class='ocrx_word' id='word_1_301' title='bbox 235 2288 273 2313; x_wconf 89' lang='lat' dir='ltr'>ut</span> <span class='ocrx_word' id='word_1_302' title='bbox 298 2282 401 2314; x_wconf 88' lang='lat' dir='ltr'>etiam</span> <span class='ocrx_word' id='word_1_303' title='bbox 429 2293 507 2314; x_wconf 80' lang='lat' dir='ltr'>vera</span> <span class='ocrx_word' id='word_1_304' title='bbox 526 2288 728 2325; x_wconf 86' lang='lat' dir='ltr'>argumenta</span> <span class='ocrx_word' id='word_1_305' title='bbox 746 2282 847 2316; x_wconf 84' lang='lat' dir='ltr'>facile</span> <span class='ocrx_word' id='word_1_306' title='bbox 865 2283 968 2316; x_wconf 89' lang='lat' dir='ltr'>nobis</span> <span class='ocrx_word' id='word_1_307' title='bbox 993 2295 1051 2315; x_wconf 82' lang='lat' dir='ltr'>ex-</span> 
     </span>
     <span class='ocr_line' id='line_1_44' title="bbox 72 2331 1051 2376; baseline 0.002 -12"><span class='ocrx_word' id='word_1_308' title='bbox 72 2331 268 2371; x_wconf 88' lang='lat' dir='ltr'>cutiantur,</span> <span class='ocrx_word' id='word_1_309' title='bbox 306 2332 490 2376; x_wconf 79' lang='lat' dir='ltr'>praecipua</span> <span class='ocrx_word' id='word_1_310' title='bbox 515 2345 595 2366; x_wconf 88' lang='lat' dir='ltr'>cura</span> <span class='ocrx_word' id='word_1_311' title='bbox 624 2333 694 2371; x_wconf 85' lang='lat' dir='ltr'>sit,</span> <span class='ocrx_word' id='word_1_312' title='bbox 737 2339 776 2366; x_wconf 85' lang='lat' dir='ltr'>ut</span> <span class='ocrx_word' id='word_1_313' title='bbox 805 2335 1051 2366; x_wconf 78' lang='lat' dir='ltr'>confirmemus</span> 
     </span>
     <span class='ocr_line' id='line_1_45' title="bbox 71 2382 1052 2427; baseline 0.002 -13"><span class='ocrx_word' id='word_1_314' title='bbox 71 2393 135 2415; x_wconf 90' lang='lat' dir='ltr'>nos</span> <span class='ocrx_word' id='word_1_315' title='bbox 154 2383 258 2415; x_wconf 85' lang='lat' dir='ltr'>verbo</span> <span class='ocrx_word' id='word_1_316' title='bbox 278 2382 355 2417; x_wconf 78' lang='lat' dir='ltr'>Dei.</span> <span class='ocrx_word' id='word_1_317' title='bbox 407 2384 500 2417; x_wconf 86' lang='lat' dir='ltr'>Nam</span> <span class='ocrx_word' id='word_1_318' title='bbox 519 2390 552 2417; x_wconf 85' lang='lat' dir='ltr'>et</span> <span class='ocrx_word' id='word_1_319' title='bbox 577 2384 630 2416; x_wconf 85' lang='lat' dir='ltr'>lex</span> <span class='ocrx_word' id='word_1_320' title='bbox 646 2383 765 2416; x_wconf 86' lang='lat' dir='ltr'>divina</span> <span class='ocrx_word' id='word_1_321' title='bbox 789 2384 868 2417; x_wconf 91' lang='lat' dir='ltr'>ideo</span> <span class='ocrx_word' id='word_1_322' title='bbox 894 2385 1052 2427; x_wconf 90' lang='lat' dir='ltr'>promul-</span> 
     </span>
     <span class='ocr_line' id='line_1_46' title="bbox 71 2433 1051 2478; baseline 0 -12"><span class='ocrx_word' id='word_1_323' title='bbox 71 2439 148 2476; x_wconf 77' lang='lat' dir='ltr'>gata</span> <span class='ocrx_word' id='word_1_324' title='bbox 164 2440 231 2472; x_wconf 86' lang='lat' dir='ltr'>est,</span> <span class='ocrx_word' id='word_1_325' title='bbox 259 2441 296 2467; x_wconf 92' lang='lat' dir='ltr'>ut</span> <span class='ocrx_word' id='word_1_326' title='bbox 314 2442 541 2467; x_wconf 86' lang='lat' dir='ltr'>renovaretur</span> <span class='ocrx_word' id='word_1_327' title='bbox 557 2433 621 2467; x_wconf 88' lang='lat' dir='ltr'>Dei</span> <span class='ocrx_word' id='word_1_328' title='bbox 639 2434 786 2478; x_wconf 82' lang='lat' dir='ltr'>agnitiO.</span> <span class='ocrx_word' id='word_1_329' title='bbox 838 2434 905 2468; x_wconf 85' lang='lat' dir='ltr'>Sed</span> <span class='ocrx_word' id='word_1_330' title='bbox 923 2443 1051 2473; x_wconf 87' lang='lat' dir='ltr'>tamen,</span> 
     </span>
     <span class='ocr_line' id='line_1_47' title="bbox 73 2483 1053 2528; baseline 0.003 -13"><span class='ocrx_word' id='word_1_331' title='bbox 73 2483 154 2528; x_wconf 86' lang='lat' dir='ltr'>quia</span> <span class='ocrx_word' id='word_1_332' title='bbox 171 2496 241 2516; x_wconf 89' lang='lat' dir='ltr'>non</span> <span class='ocrx_word' id='word_1_333' title='bbox 262 2497 404 2527; x_wconf 87' lang='lat' dir='ltr'>prnrsus</span> <span class='ocrx_word' id='word_1_334' title='bbox 423 2486 534 2518; x_wconf 88' lang='lat' dir='ltr'>deleta</span> <span class='ocrx_word' id='word_1_335' title='bbox 554 2492 603 2518; x_wconf 89' lang='lat' dir='ltr'>est</span> <span class='ocrx_word' id='word_1_336' title='bbox 622 2485 657 2517; x_wconf 91' lang='lat' dir='ltr'>in</span> <span class='ocrx_word' id='word_1_337' title='bbox 683 2485 810 2518; x_wconf 88' lang='lat' dir='ltr'>animis</span> <span class='ocrx_word' id='word_1_338' title='bbox 836 2486 964 2518; x_wconf 81' lang='lat' dir='ltr'>noticia</span> <span class='ocrx_word' id='word_1_339' title='bbox 989 2497 1053 2518; x_wconf 90' lang='lat' dir='ltr'>na-</span> 
     </span>
     <span class='ocr_line' id='line_1_48' title="bbox 73 2534 1051 2580; baseline 0.002 -13"><span class='ocrx_word' id='word_1_340' title='bbox 73 2534 216 2574; x_wconf 69' lang='lat' dir='ltr'>wratis,</span> <span class='ocrx_word' id='word_1_341' title='bbox 251 2537 436 2569; x_wconf 82' lang='lat' dir='ltr'>excitemus</span> <span class='ocrx_word' id='word_1_342' title='bbox 464 2549 558 2577; x_wconf 84' lang='lat' dir='ltr'>eam,</span> <span class='ocrx_word' id='word_1_343' title='bbox 600 2543 632 2569; x_wconf 91' lang='lat' dir='ltr'>et</span> <span class='ocrx_word' id='word_1_344' title='bbox 666 2536 874 2580; x_wconf 86' lang='lat' dir='ltr'>aspiciamus</span> <span class='ocrx_word' id='word_1_345' title='bbox 908 2536 1051 2579; x_wconf 82' lang='lat' dir='ltr'>vestigia</span> 
     </span>
     <span class='ocr_line' id='line_1_49' title="bbox 72 2582 1050 2630; baseline 0.003 -13"><span class='ocrx_word' id='word_1_346' title='bbox 72 2582 139 2618; x_wconf 82' lang='lat' dir='ltr'>Dei</span> <span class='ocrx_word' id='word_1_347' title='bbox 157 2585 192 2617; x_wconf 91' lang='lat' dir='ltr'>in</span> <span class='ocrx_word' id='word_1_348' title='bbox 210 2592 331 2619; x_wconf 84' lang='lat' dir='ltr'>natura</span> <span class='ocrx_word' id='word_1_349' title='bbox 349 2599 475 2622; x_wconf 83' lang='lat' dir='ltr'>rerum.</span> <span class='ocrx_word' id='word_1_350' title='bbox 505 2586 544 2620; x_wconf 89' lang='lat' dir='ltr'>In</span> <span class='ocrx_word' id='word_1_351' title='bbox 561 2586 657 2620; x_wconf 84' lang='lat' dir='ltr'>Actis</span> <span class='ocrx_word' id='word_1_352' title='bbox 674 2587 841 2630; x_wconf 87' lang='lat' dir='ltr'>scriptum</span> <span class='ocrx_word' id='word_1_353' title='bbox 859 2594 918 2627; x_wconf 79' lang='lat' dir='ltr'>est,</span> <span class='ocrx_word' id='word_1_354' title='bbox 938 2586 1050 2620; x_wconf 86' lang='lat' dir='ltr'>Deum</span> 
     </span>
     <span class='ocr_line' id='line_1_50' title="bbox 71 2638 1053 2683; baseline 0.002 -14"><span class='ocrx_word' id='word_1_355' title='bbox 71 2638 158 2669; x_wconf 89' lang='lat' dir='ltr'>adeo</span> <span class='ocrx_word' id='word_1_356' title='bbox 183 2648 289 2680; x_wconf 79' lang='lat' dir='ltr'>prope</span> <span class='ocrx_word' id='word_1_357' title='bbox 314 2639 447 2679; x_wconf 83' lang='lat' dir='ltr'>adesse,</span> <span class='ocrx_word' id='word_1_358' title='bbox 481 2651 569 2683; x_wconf 87' lang='lat' dir='ltr'>pene</span> <span class='ocrx_word' id='word_1_359' title='bbox 596 2646 635 2671; x_wconf 89' lang='lat' dir='ltr'>nt</span> <span class='ocrx_word' id='word_1_360' title='bbox 659 2639 822 2671; x_wconf 87' lang='lat' dir='ltr'>manibus</span> <span class='ocrx_word' id='word_1_361' title='bbox 846 2639 1053 2672; x_wconf 83' lang='lat' dir='ltr'>contrectari</span> 
     </span>
     <span class='ocr_line' id='line_1_51' title="bbox 73 2687 1053 2735; baseline 0.003 -15"><span class='ocrx_word' id='word_1_362' title='bbox 73 2688 191 2731; x_wconf 82' lang='lat' dir='ltr'>possit.</span> <span class='ocrx_word' id='word_1_363' title='bbox 259 2687 329 2721; x_wconf 71' lang='lat' dir='ltr'>Nec</span> <span class='ocrx_word' id='word_1_364' title='bbox 352 2689 480 2723; x_wconf 82' lang='lat' dir='ltr'>frustra</span> <span class='ocrx_word' id='word_1_365' title='bbox 513 2690 678 2735; x_wconf 84' lang='lat' dir='ltr'>impressa</span> <span class='ocrx_word' id='word_1_366' title='bbox 709 2697 790 2724; x_wconf 90' lang='lat' dir='ltr'>sunt</span> <span class='ocrx_word' id='word_1_367' title='bbox 823 2697 967 2724; x_wconf 85' lang='lat' dir='ltr'>naturae</span> <span class='ocrx_word' id='word_1_368' title='bbox 1003 2696 1053 2724; x_wconf 86' lang='lat' dir='ltr'>tot</span> 
     </span>
    </p>
   </div>
   <div class='ocr_carea' id='block_1_3' title="bbox 327 113 428 152">
    <p class='ocr_par' dir='ltr' id='par_1_3' title="bbox 327 113 428 152">
     <span class='ocr_line' id='line_1_52' title="bbox 327 113 428 152; baseline 0.03 -3"><span class='ocrx_word' id='word_1_369' title='bbox 327 113 428 152; x_wconf 86' lang='lat' dir='ltr'><strong>XIII.</strong></span> 
     </span>
    </p>
   </div>
   <div class='ocr_carea' id='block_1_4' title="bbox 479 110 1936 158">
    <p class='ocr_par' dir='ltr' id='par_1_4' title="bbox 479 110 1936 158">
     <span class='ocr_line' id='line_1_53' title="bbox 479 110 1936 158; baseline 0.005 -8"><span class='ocrx_word' id='word_1_370' title='bbox 479 116 516 152; x_wconf 82' lang='lat'>2.</span> <span class='ocrx_word' id='word_1_371' title='bbox 544 110 906 152; x_wconf 78' lang='lat' dir='ltr'><strong>COMMENTARII</strong></span> <span class='ocrx_word' id='word_1_372' title='bbox 934 114 983 150; x_wconf 91' lang='lat' dir='ltr'>IN</span> <span class='ocrx_word' id='word_1_373' title='bbox 1010 113 1167 152; x_wconf 85' lang='lat' dir='ltr'><strong>EPIST.</strong></span> <span class='ocrx_word' id='word_1_374' title='bbox 1194 112 1342 151; x_wconf 87' lang='lat' dir='ltr'><strong>PAULI</strong></span> <span class='ocrx_word' id='word_1_375' title='bbox 1369 112 1436 151; x_wconf 86' lang='lat' dir='ltr'>AD</span> <span class='ocrx_word' id='word_1_376' title='bbox 1463 113 1722 155; x_wconf 69' lang='lat' dir='ltr'><strong>ROMANOS.</strong></span> <span class='ocrx_word' id='word_1_377' title='bbox 1779 119 1882 158; x_wconf 80' lang='lat' dir='ltr'><strong>CAP.</strong></span> <span class='ocrx_word' id='word_1_378' title='bbox 1910 123 1936 158; x_wconf 93' lang='grc' dir='ltr'>Ι.</span> 
     </span>
    </p>
   </div>
   <div class='ocr_carea' id='block_1_5' title="bbox 1074 1077 1081 2466">
    <p class='ocr_par' dir='ltr' id='par_1_5' title="bbox 1074 1077 1081 2466">
     <span class='ocr_line' id='line_1_54' title="bbox 1074 1077 1081 2466; baseline 0 0"><span class='ocrx_word' id='word_1_379' title='bbox 1074 1077 1081 2466; x_wconf 95' lang='lat' dir='ltr'> </span> 
     </span>
    </p>
   </div>
   <div class='ocr_carea' id='block_1_6' title="bbox 2030 125 2103 161">
    <p class='ocr_par' dir='ltr' id='par_1_6' title="bbox 2030 125 2103 161">
     <span class='ocr_line' id='line_1_55' title="bbox 2030 125 2103 161; baseline 0.014 -1"><span class='ocrx_word' id='word_1_380' title='bbox 2030 125 2103 161; x_wconf 75' lang='lat'>566</span> 
     </span>
    </p>
   </div>
   <div class='ocr_carea' id='block_1_7' title="bbox 1103 200 2103 1002">
    <p class='ocr_par' dir='ltr' id='par_1_7' title="bbox 1103 200 2103 1002">
     <span class='ocr_line' id='line_1_56' title="bbox 1116 200 2103 254; baseline 0.01 -19"><span class='ocrx_word' id='word_1_381' title='bbox 1116 201 1260 245; x_wconf 86' lang='lat' dir='ltr'>vestigia</span> <span class='ocrx_word' id='word_1_382' title='bbox 1286 200 1364 237; x_wconf 90' lang='lat' dir='ltr'>Dei.</span> <span class='ocrx_word' id='word_1_383' title='bbox 1418 202 1614 236; x_wconf 86' lang='lat' dir='ltr'>Admoneri</span> <span class='ocrx_word' id='word_1_384' title='bbox 1643 217 1706 239; x_wconf 90' lang='lat' dir='ltr'>nos</span> <span class='ocrx_word' id='word_1_385' title='bbox 1733 204 1828 241; x_wconf 90' lang='lat' dir='ltr'>Deus</span> <span class='ocrx_word' id='word_1_386' title='bbox 1855 210 1931 243; x_wconf 84' lang='lat' dir='ltr'>vult</span> <span class='ocrx_word' id='word_1_387' title='bbox 1955 222 2016 254; x_wconf 86' lang='lat' dir='ltr'>per</span> <span class='ocrx_word' id='word_1_388' title='bbox 2042 209 2103 245; x_wconf 73' lang='lat' dir='ltr'>llas</span> 
     </span>
     <span class='ocr_line' id='line_1_57' title="bbox 1112 254 2100 301; baseline 0.011 -16"><span class='ocrx_word' id='word_1_389' title='bbox 1112 260 1230 296; x_wconf 85' lang='lat' dir='ltr'>notas,</span> <span class='ocrx_word' id='word_1_390' title='bbox 1276 254 1352 287; x_wconf 89' lang='lat' dir='ltr'>vult</span> <span class='ocrx_word' id='word_1_391' title='bbox 1377 265 1433 286; x_wconf 90' lang='lat' dir='ltr'>eas</span> <span class='ocrx_word' id='word_1_392' title='bbox 1464 255 1679 289; x_wconf 82' lang='lat' dir='ltr'>considerari</span> <span class='ocrx_word' id='word_1_393' title='bbox 1707 264 1737 291; x_wconf 89' lang='lat' dir='ltr'>et</span> <span class='ocrx_word' id='word_1_394' title='bbox 1768 261 1908 301; x_wconf 87' lang='lat' dir='ltr'>agnosci</span> <span class='ocrx_word' id='word_1_395' title='bbox 1932 269 2100 299; x_wconf 87' lang='lat' dir='ltr'>autorem.</span> 
     </span>
     <span class='ocr_line' id='line_1_58' title="bbox 1112 303 2100 353; baseline 0.011 -17"><span class='ocrx_word' id='word_1_396' title='bbox 1112 303 1191 336; x_wconf 86' lang='lat' dir='ltr'>Ideo</span> <span class='ocrx_word' id='word_1_397' title='bbox 1219 304 1367 337; x_wconf 87' lang='lat' dir='ltr'>studiosi</span> <span class='ocrx_word' id='word_1_398' title='bbox 1393 313 1561 348; x_wconf 86' lang='lat' dir='ltr'>quaerant</span> <span class='ocrx_word' id='word_1_399' title='bbox 1587 304 1669 340; x_wconf 87' lang='lat' dir='ltr'>haec</span> <span class='ocrx_word' id='word_1_400' title='bbox 1695 309 1857 353; x_wconf 80' lang='lat' dir='ltr'>vestigia,</span> <span class='ocrx_word' id='word_1_401' title='bbox 1888 313 1947 344; x_wconf 91' lang='lat' dir='ltr'>sed</span> <span class='ocrx_word' id='word_1_402' title='bbox 1972 313 2036 350; x_wconf 87' lang='lat' dir='ltr'>ita,</span> <span class='ocrx_word' id='word_1_403' title='bbox 2062 322 2100 347; x_wconf 89' lang='lat' dir='ltr'>nt</span> 
     </span>
     <span class='ocr_line' id='line_1_59' title="bbox 1111 355 2096 399; baseline 0.013 -13"><span class='ocrx_word' id='word_1_404' title='bbox 1111 361 1228 386; x_wconf 86' lang='lat' dir='ltr'>tamen</span> <span class='ocrx_word' id='word_1_405' title='bbox 1264 355 1419 396; x_wconf 86' lang='lat' dir='ltr'>regulam</span> <span class='ocrx_word' id='word_1_406' title='bbox 1457 362 1625 395; x_wconf 81' lang='lat' dir='ltr'>teneant,</span> <span class='ocrx_word' id='word_1_407' title='bbox 1674 359 1804 394; x_wconf 87' lang='lat' dir='ltr'>scilicet</span> <span class='ocrx_word' id='word_1_408' title='bbox 1841 363 1985 396; x_wconf 79' lang='lat' dir='ltr'>verbum</span> <span class='ocrx_word' id='word_1_409' title='bbox 2019 362 2096 399; x_wconf 80' lang='lat' dir='ltr'>Dei.</span> 
     </span>
     <span class='ocr_line' id='line_1_60' title="bbox 1109 403 2096 456; baseline 0.013 -21"><span class='ocrx_word' id='word_1_410' title='bbox 1109 403 1231 436; x_wconf 85' lang='lat' dir='ltr'>Postea</span> <span class='ocrx_word' id='word_1_411' title='bbox 1255 405 1408 447; x_wconf 84' lang='lat' dir='ltr'>profecto</span> <span class='ocrx_word' id='word_1_412' title='bbox 1428 407 1470 438; x_wconf 90' lang='lat' dir='ltr'>ad</span> <span class='ocrx_word' id='word_1_413' title='bbox 1488 407 1746 442; x_wconf 79' lang='lat' dir='ltr'>confirmandas</span> <span class='ocrx_word' id='word_1_414' title='bbox 1765 411 1875 444; x_wconf 86' lang='lat' dir='ltr'>bonas</span> <span class='ocrx_word' id='word_1_415' title='bbox 1899 414 2096 456; x_wconf 87' lang='lat' dir='ltr'>opiniones,</span> 
     </span>
     <span class='ocr_line' id='line_1_61' title="bbox 1111 455 2095 499; baseline 0.014 -14"><span class='ocrx_word' id='word_1_416' title='bbox 1111 455 1259 487; x_wconf 82' lang='lat' dir='ltr'>multum</span> <span class='ocrx_word' id='word_1_417' title='bbox 1282 456 1421 497; x_wconf 87' lang='lat' dir='ltr'>prodest</span> <span class='ocrx_word' id='word_1_418' title='bbox 1438 463 1555 489; x_wconf 85' lang='lat' dir='ltr'>tenere</span> <span class='ocrx_word' id='word_1_419' title='bbox 1575 457 1696 491; x_wconf 75' lang='lat' dir='ltr'>infixas</span> <span class='ocrx_word' id='word_1_420' title='bbox 1721 460 1839 494; x_wconf 86' lang='lat' dir='ltr'>animo</span> <span class='ocrx_word' id='word_1_421' title='bbox 1864 475 1961 497; x_wconf 89' lang='lat' dir='ltr'>veras</span> <span class='ocrx_word' id='word_1_422' title='bbox 1987 466 2095 499; x_wconf 82' lang='lat' dir='ltr'>ratio-</span> 
     </span>
     <span class='ocr_line' id='line_1_62' title="bbox 1109 507 2095 550; baseline 0.014 -14"><span class='ocrx_word' id='word_1_423' title='bbox 1109 517 1188 545; x_wconf 90' lang='lat' dir='ltr'>nes,</span> <span class='ocrx_word' id='word_1_424' title='bbox 1237 516 1326 549; x_wconf 83' lang='lat' dir='ltr'>quae</span> <span class='ocrx_word' id='word_1_425' title='bbox 1356 513 1529 539; x_wconf 82' lang='lat' dir='ltr'>testantur</span> <span class='ocrx_word' id='word_1_426' title='bbox 1558 519 1629 539; x_wconf 81' lang='lat' dir='ltr'>esse</span> <span class='ocrx_word' id='word_1_427' title='bbox 1662 507 1775 542; x_wconf 87' lang='lat' dir='ltr'>Deum</span> <span class='ocrx_word' id='word_1_428' title='bbox 1811 515 2026 548; x_wconf 81' lang='lat' dir='ltr'>conditorem</span> <span class='ocrx_word' id='word_1_429' title='bbox 2062 525 2095 550; x_wconf 85' lang='lat' dir='ltr'>et</span> 
     </span>
     <span class='ocr_line' id='line_1_63' title="bbox 1107 556 2092 607; baseline 0.013 -20"><span class='ocrx_word' id='word_1_430' title='bbox 1107 562 1386 588; x_wconf 73' lang='lat' dir='ltr'>conservatorem</span> <span class='ocrx_word' id='word_1_431' title='bbox 1405 569 1531 590; x_wconf 87' lang='lat' dir='ltr'>rerum.</span> <span class='ocrx_word' id='word_1_432' title='bbox 1572 556 1617 591; x_wconf 87' lang='lat' dir='ltr'>Et</span> <span class='ocrx_word' id='word_1_433' title='bbox 1634 561 1791 594; x_wconf 87' lang='lat' dir='ltr'>eruditus</span> <span class='ocrx_word' id='word_1_434' title='bbox 1805 560 1967 607; x_wconf 78' lang='lat' dir='ltr'>physicus</span> <span class='ocrx_word' id='word_1_435' title='bbox 1984 567 2092 600; x_wconf 84' lang='lat' dir='ltr'>multa</span> 
     </span>
     <span class='ocr_line' id='line_1_64' title="bbox 1106 607 2091 659; baseline 0.011 -20"><span class='ocrx_word' id='word_1_436' title='bbox 1106 614 1184 650; x_wconf 83' lang='lat' dir='ltr'>apte</span> <span class='ocrx_word' id='word_1_437' title='bbox 1203 607 1368 649; x_wconf 84' lang='lat' dir='ltr'>colligere</span> <span class='ocrx_word' id='word_1_438' title='bbox 1386 614 1509 651; x_wconf 82' lang='lat' dir='ltr'>potest.</span> <span class='ocrx_word' id='word_1_439' title='bbox 1561 607 1680 654; x_wconf 89' lang='lat' dir='ltr'>ltaque</span> <span class='ocrx_word' id='word_1_440' title='bbox 1701 608 1907 656; x_wconf 76' lang='lat' dir='ltr'>Philosophi</span> <span class='ocrx_word' id='word_1_441' title='bbox 1929 617 1986 659; x_wconf 92' lang='lat' dir='ltr'>qui</span> <span class='ocrx_word' id='word_1_442' title='bbox 2009 618 2091 650; x_wconf 66' lang='lat' dir='ltr'>det&lt;-</span> 
     </span>
     <span class='ocr_line' id='line_1_65' title="bbox 1105 654 2089 703; baseline 0.011 -14"><span class='ocrx_word' id='word_1_443' title='bbox 1105 664 1156 691; x_wconf 89' lang='lat' dir='ltr'>tre</span> <span class='ocrx_word' id='word_1_444' title='bbox 1175 654 1341 703; x_wconf 83' lang='lat' dir='ltr'>physicen</span> <span class='ocrx_word' id='word_1_445' title='bbox 1361 665 1569 698; x_wconf 87' lang='lat' dir='ltr'>tractarunt,</span> <span class='ocrx_word' id='word_1_446' title='bbox 1601 658 1783 694; x_wconf 86' lang='lat' dir='ltr'>honestius</span> <span class='ocrx_word' id='word_1_447' title='bbox 1811 664 1852 696; x_wconf 87' lang='lat' dir='ltr'>de</span> <span class='ocrx_word' id='word_1_448' title='bbox 1868 663 1943 697; x_wconf 84' lang='lat' dir='ltr'>Deo</span> <span class='ocrx_word' id='word_1_449' title='bbox 1971 678 2089 699; x_wconf 82' lang='lat' dir='ltr'>sense-</span> 
     </span>
     <span class='ocr_line' id='line_1_66' title="bbox 1105 707 2088 761; baseline 0.009 -20"><span class='ocrx_word' id='word_1_450' title='bbox 1105 716 1207 749; x_wconf 86' lang='lat' dir='ltr'>runt,</span> <span class='ocrx_word' id='word_1_451' title='bbox 1234 715 1274 742; x_wconf 85' lang='lat' dir='ltr'>ut</span> <span class='ocrx_word' id='word_1_452' title='bbox 1292 707 1459 743; x_wconf 81' lang='lat' dir='ltr'>Galenus.</span> <span class='ocrx_word' id='word_1_453' title='bbox 1508 707 1660 743; x_wconf 88' lang='lat' dir='ltr'>Econtra</span> <span class='ocrx_word' id='word_1_454' title='bbox 1679 709 1863 756; x_wconf 75' lang='lat' dir='ltr'>Epicurei,</span> <span class='ocrx_word' id='word_1_455' title='bbox 1893 722 1930 748; x_wconf 88' lang='lat' dir='ltr'>ut</span> <span class='ocrx_word' id='word_1_456' title='bbox 1947 714 2088 761; x_wconf 72' lang='lat' dir='ltr'>physica</span> 
     </span>
     <span class='ocr_line' id='line_1_67' title="bbox 1105 760 2089 810; baseline 0.007 -16"><span class='ocrx_word' id='word_1_457' title='bbox 1105 760 1311 799; x_wconf 73' lang='lat' dir='ltr'>turbarunt,</span> <span class='ocrx_word' id='word_1_458' title='bbox 1339 760 1384 793; x_wconf 85' lang='lat' dir='ltr'>ita</span> <span class='ocrx_word' id='word_1_459' title='bbox 1404 772 1466 793; x_wconf 87' lang='lat' dir='ltr'>nec</span> <span class='ocrx_word' id='word_1_460' title='bbox 1486 760 1629 802; x_wconf 79' lang='lat' dir='ltr'>vestigia</span> <span class='ocrx_word' id='word_1_461' title='bbox 1646 760 1709 794; x_wconf 91' lang='lat' dir='ltr'>Dei</span> <span class='ocrx_word' id='word_1_462' title='bbox 1732 763 1767 795; x_wconf 86' lang='lat' dir='ltr'>in</span> <span class='ocrx_word' id='word_1_463' title='bbox 1788 772 1909 797; x_wconf 83' lang='lat' dir='ltr'>natura</span> <span class='ocrx_word' id='word_1_464' title='bbox 1936 768 2089 810; x_wconf 80' lang='lat' dir='ltr'>aspicere</span> 
     </span>
     <span class='ocr_line' id='line_1_68' title="bbox 1104 810 2089 857; baseline 0.008 -14"><span class='ocrx_word' id='word_1_465' title='bbox 1104 812 1311 850; x_wconf 81' lang='lat' dir='ltr'>voluerunt,</span> <span class='ocrx_word' id='word_1_466' title='bbox 1340 823 1449 855; x_wconf 87' lang='lat' dir='ltr'>quare</span> <span class='ocrx_word' id='word_1_467' title='bbox 1477 811 1535 843; x_wconf 80' lang='lat' dir='ltr'>illa</span> <span class='ocrx_word' id='word_1_468' title='bbox 1554 810 1740 857; x_wconf 77' lang='lat' dir='ltr'>Cyclopica</span> <span class='ocrx_word' id='word_1_469' title='bbox 1766 816 1808 846; x_wconf 91' lang='lat' dir='ltr'>de</span> <span class='ocrx_word' id='word_1_470' title='bbox 1832 814 1907 849; x_wconf 84' lang='lat' dir='ltr'>Deo</span> <span class='ocrx_word' id='word_1_471' title='bbox 1931 817 2089 852; x_wconf 78' lang='lat' dir='ltr'>furenter</span> 
     </span>
     <span class='ocr_line' id='line_1_69' title="bbox 1104 860 2085 906; baseline 0.008 -13"><span class='ocrx_word' id='word_1_472' title='bbox 1104 862 1250 905; x_wconf 89' lang='lat' dir='ltr'>professi</span> <span class='ocrx_word' id='word_1_473' title='bbox 1278 869 1371 895; x_wconf 84' lang='lat' dir='ltr'>sunt.</span> <span class='ocrx_word' id='word_1_474' title='bbox 1439 860 1611 896; x_wconf 81' lang='lat' dir='ltr'>Recitabo</span> <span class='ocrx_word' id='word_1_475' title='bbox 1636 863 1743 906; x_wconf 81' lang='lat' dir='ltr'>igitur</span> <span class='ocrx_word' id='word_1_476' title='bbox 1774 866 1927 900; x_wconf 85' lang='lat' dir='ltr'>breviter</span> <span class='ocrx_word' id='word_1_477' title='bbox 1960 881 2085 901; x_wconf 73' lang='lat' dir='ltr'>novem</span> 
     </span>
     <span class='ocr_line' id='line_1_70' title="bbox 1103 918 2085 958; baseline 0.009 -14"><span class='ocrx_word' id='word_1_478' title='bbox 1103 919 1307 955; x_wconf 83' lang='lat' dir='ltr'>argumenta</span> <span class='ocrx_word' id='word_1_479' title='bbox 1330 924 1349 945; x_wconf 90' lang='lat' dir='ltr'>a</span> <span class='ocrx_word' id='word_1_480' title='bbox 1380 919 1522 953; x_wconf 85' lang='lat' dir='ltr'>natura,</span> <span class='ocrx_word' id='word_1_481' title='bbox 1558 926 1646 958; x_wconf 87' lang='lat' dir='ltr'>quae</span> <span class='ocrx_word' id='word_1_482' title='bbox 1678 921 1850 950; x_wconf 79' lang='lat' dir='ltr'>testantur</span> <span class='ocrx_word' id='word_1_483' title='bbox 1873 930 1944 951; x_wconf 87' lang='lat' dir='ltr'>esse</span> <span class='ocrx_word' id='word_1_484' title='bbox 1971 918 2085 953; x_wconf 86' lang='lat' dir='ltr'>Deum</span> 
     </span>
     <span class='ocr_line' id='line_1_71' title="bbox 1103 964 1832 1002; baseline 0.007 -6"><span class='ocrx_word' id='word_1_485' title='bbox 1103 964 1322 997; x_wconf 88' lang='lat' dir='ltr'>conditorem</span> <span class='ocrx_word' id='word_1_486' title='bbox 1341 970 1372 997; x_wconf 90' lang='lat' dir='ltr'>et</span> <span class='ocrx_word' id='word_1_487' title='bbox 1393 971 1674 997; x_wconf 87' lang='lat' dir='ltr'>conservatorem</span> <span class='ocrx_word' id='word_1_488' title='bbox 1701 978 1832 1002; x_wconf 85' lang='lat' dir='ltr'>rerum.</span> 
     </span>
    </p>
   </div>
   <div class='ocr_carea' id='block_1_8' title="bbox 1100 1030 2086 1471">
    <p class='ocr_par' dir='ltr' id='par_1_8' title="bbox 1100 1030 2086 1471">
     <span class='ocr_line' id='line_1_72' title="bbox 1205 1030 2085 1072; baseline 0.009 -9"><span class='ocrx_word' id='word_1_489' title='bbox 1205 1030 1374 1064; x_wconf 82' lang='lat' dir='ltr'>Primum.</span> <span class='ocrx_word' id='word_1_490' title='bbox 1428 1030 1582 1064; x_wconf 77' lang='lat' dir='ltr'>Maxime</span> <span class='ocrx_word' id='word_1_491' title='bbox 1607 1032 1755 1066; x_wconf 85' lang='lat' dir='ltr'>illustria</span> <span class='ocrx_word' id='word_1_492' title='bbox 1781 1035 1980 1070; x_wconf 88' lang='lat' dir='ltr'>testimonia</span> <span class='ocrx_word' id='word_1_493' title='bbox 2003 1045 2085 1072; x_wconf 89' lang='lat' dir='ltr'>sunt</span> 
     </span>
     <span class='ocr_line' id='line_1_73' title="bbox 1102 1078 2084 1122; baseline 0.007 -7"><span class='ocrx_word' id='word_1_494' title='bbox 1102 1083 1144 1115; x_wconf 89' lang='lat' dir='ltr'>de</span> <span class='ocrx_word' id='word_1_495' title='bbox 1160 1079 1235 1115; x_wconf 87' lang='lat' dir='ltr'>Deo</span> <span class='ocrx_word' id='word_1_496' title='bbox 1248 1106 1256 1120; x_wconf 94' lang='lat'><em>‚</em></span> <span class='ocrx_word' id='word_1_497' title='bbox 1284 1093 1383 1114; x_wconf 91' lang='lat' dir='ltr'>mens</span> <span class='ocrx_word' id='word_1_498' title='bbox 1402 1078 1567 1120; x_wconf 79' lang='lat' dir='ltr'>humana,</span> <span class='ocrx_word' id='word_1_499' title='bbox 1597 1090 1630 1116; x_wconf 90' lang='lat' dir='ltr'>et</span> <span class='ocrx_word' id='word_1_500' title='bbox 1649 1084 1837 1118; x_wconf 87' lang='lat' dir='ltr'>discrimen</span> <span class='ocrx_word' id='word_1_501' title='bbox 1855 1084 2084 1122; x_wconf 85' lang='lat' dir='ltr'>honestorum</span> 
     </span>
     <span class='ocr_line' id='line_1_74' title="bbox 1102 1133 2085 1176; baseline 0.006 -10"><span class='ocrx_word' id='word_1_502' title='bbox 1102 1140 1134 1166; x_wconf 87' lang='lat' dir='ltr'>et</span> <span class='ocrx_word' id='word_1_503' title='bbox 1160 1133 1315 1176; x_wconf 89' lang='lat' dir='ltr'>turpium</span> <span class='ocrx_word' id='word_1_504' title='bbox 1339 1133 1545 1175; x_wconf 84' lang='lat' dir='ltr'>impressum</span> <span class='ocrx_word' id='word_1_505' title='bbox 1567 1135 1688 1167; x_wconf 89' lang='lat' dir='ltr'>menti.</span> <span class='ocrx_word' id='word_1_506' title='bbox 1744 1134 1831 1168; x_wconf 88' lang='lat' dir='ltr'>Inde</span> <span class='ocrx_word' id='word_1_507' title='bbox 1852 1139 2004 1172; x_wconf 90' lang='lat' dir='ltr'>sumitur</span> <span class='ocrx_word' id='word_1_508' title='bbox 2028 1151 2085 1172; x_wconf 84' lang='lat' dir='ltr'>ar-</span> 
     </span>
     <span class='ocr_line' id='line_1_75' title="bbox 1101 1180 2084 1227; baseline 0.006 -10"><span class='ocrx_word' id='word_1_509' title='bbox 1101 1191 1324 1227; x_wconf 85' lang='lat' dir='ltr'>gumentum:</span> <span class='ocrx_word' id='word_1_510' title='bbox 1353 1183 1469 1215; x_wconf 84' lang='lat' dir='ltr'>Homo</span> <span class='ocrx_word' id='word_1_511' title='bbox 1488 1180 1593 1216; x_wconf 72' lang='lat' dir='ltr'>habet</span> <span class='ocrx_word' id='word_1_512' title='bbox 1612 1191 1783 1225; x_wconf 88' lang='lat' dir='ltr'>mentem,</span> <span class='ocrx_word' id='word_1_513' title='bbox 1811 1184 1917 1221; x_wconf 89' lang='lat' dir='ltr'>homo</span> <span class='ocrx_word' id='word_1_514' title='bbox 1940 1189 2084 1223; x_wconf 85' lang='lat' dir='ltr'>aliunde</span> 
     </span>
     <span class='ocr_line' id='line_1_76' title="bbox 1102 1233 2086 1282; baseline 0.006 -14"><span class='ocrx_word' id='word_1_515' title='bbox 1102 1235 1240 1273; x_wconf 90' lang='lat' dir='ltr'>oritur,</span> <span class='ocrx_word' id='word_1_516' title='bbox 1266 1233 1360 1276; x_wconf 85' lang='lat' dir='ltr'>Ergo</span> <span class='ocrx_word' id='word_1_517' title='bbox 1392 1245 1528 1266; x_wconf 90' lang='lat' dir='ltr'>necesse</span> <span class='ocrx_word' id='word_1_518' title='bbox 1555 1240 1604 1267; x_wconf 86' lang='lat' dir='ltr'>est</span> <span class='ocrx_word' id='word_1_519' title='bbox 1629 1246 1707 1267; x_wconf 91' lang='lat' dir='ltr'>eum</span> <span class='ocrx_word' id='word_1_520' title='bbox 1733 1237 1777 1268; x_wconf 88' lang='lat' dir='ltr'>ab</span> <span class='ocrx_word' id='word_1_521' title='bbox 1799 1237 1916 1282; x_wconf 86' lang='lat' dir='ltr'>aliqua</span> <span class='ocrx_word' id='word_1_522' title='bbox 1943 1247 2086 1274; x_wconf 84' lang='lat' dir='ltr'>aeterna</span> 
     </span>
     <span class='ocr_line' id='line_1_77' title="bbox 1100 1284 2085 1332; baseline 0.007 -15"><span class='ocrx_word' id='word_1_523' title='bbox 1100 1292 1217 1317; x_wconf 89' lang='lat' dir='ltr'>mente</span> <span class='ocrx_word' id='word_1_524' title='bbox 1233 1291 1348 1317; x_wconf 90' lang='lat' dir='ltr'>ortum</span> <span class='ocrx_word' id='word_1_525' title='bbox 1369 1295 1459 1323; x_wconf 91' lang='lat' dir='ltr'>esse,</span> <span class='ocrx_word' id='word_1_526' title='bbox 1487 1284 1567 1329; x_wconf 91' lang='lat' dir='ltr'>quia</span> <span class='ocrx_word' id='word_1_527' title='bbox 1589 1285 1798 1332; x_wconf 86' lang='lat' dir='ltr'>impossibili</span> <span class='ocrx_word' id='word_1_528' title='bbox 1823 1296 1871 1321; x_wconf 84' lang='lat' dir='ltr'>est</span> <span class='ocrx_word' id='word_1_529' title='bbox 1896 1298 2048 1324; x_wconf 86' lang='lat' dir='ltr'>mentem</span> <span class='ocrx_word' id='word_1_530' title='bbox 2066 1303 2085 1325; x_wconf 88' lang='lat' dir='ltr'>a</span> 
     </span>
     <span class='ocr_line' id='line_1_78' title="bbox 1101 1334 2084 1380; baseline 0.007 -12"><span class='ocrx_word' id='word_1_531' title='bbox 1101 1342 1227 1368; x_wconf 83' lang='lat' dir='ltr'>natura</span> <span class='ocrx_word' id='word_1_532' title='bbox 1252 1336 1353 1367; x_wconf 88' lang='lat' dir='ltr'>bruta</span> <span class='ocrx_word' id='word_1_533' title='bbox 1378 1335 1477 1368; x_wconf 70' lang='lat' dir='ltr'>oriri·</span> <span class='ocrx_word' id='word_1_534' title='bbox 1545 1334 1597 1367; x_wconf 82' lang='lat' dir='ltr'>De</span> <span class='ocrx_word' id='word_1_535' title='bbox 1627 1334 1693 1369; x_wconf 88' lang='lat' dir='ltr'>hoc</span> <span class='ocrx_word' id='word_1_536' title='bbox 1724 1346 1930 1380; x_wconf 80' lang='lat' dir='ltr'>argumento</span> <span class='ocrx_word' id='word_1_537' title='bbox 1963 1353 2027 1374; x_wconf 90' lang='lat' dir='ltr'>nos</span> <span class='ocrx_word' id='word_1_538' title='bbox 2052 1349 2084 1376; x_wconf 86' lang='lat' dir='ltr'>et</span> 
     </span>
     <span class='ocr_line' id='line_1_79' title="bbox 1100 1384 2085 1433; baseline 0.009 -16"><span class='ocrx_word' id='word_1_539' title='bbox 1100 1385 1260 1418; x_wconf 88' lang='lat' dir='ltr'>Psalmus</span> <span class='ocrx_word' id='word_1_540' title='bbox 1284 1386 1473 1419; x_wconf 87' lang='lat' dir='ltr'>admonet:</span> <span class='ocrx_word' id='word_1_541' title='bbox 1513 1384 1584 1428; x_wconf 83' lang='lat' dir='ltr'>Qui</span> <span class='ocrx_word' id='word_1_542' title='bbox 1610 1387 1690 1421; x_wconf 85' lang='lat' dir='ltr'>fecit</span> <span class='ocrx_word' id='word_1_543' title='bbox 1713 1389 1852 1433; x_wconf 84' lang='lat' dir='ltr'>oculos,</span> <span class='ocrx_word' id='word_1_544' title='bbox 1889 1404 1962 1425; x_wconf 88' lang='lat' dir='ltr'>non</span> <span class='ocrx_word' id='word_1_545' title='bbox 1984 1393 2085 1426; x_wconf 79' lang='lat' dir='ltr'>vide-</span> 
     </span>
     <span class='ocr_line' id='line_1_80' title="bbox 1100 1443 1241 1471; baseline 0.014 -2"><span class='ocrx_word' id='word_1_546' title='bbox 1100 1443 1153 1470; x_wconf 89' lang='lat' dir='ltr'>ret</span> <span class='ocrx_word' id='word_1_547' title='bbox 1178 1443 1241 1471; x_wconf 84' lang='lat' dir='ltr'>etc.</span> 
     </span>
    </p>
   </div>
   <div class='ocr_carea' id='block_1_9' title="bbox 1099 1501 2087 2045">
    <p class='ocr_par' dir='ltr' id='par_1_9' title="bbox 1099 1501 2087 2045">
     <span class='ocr_line' id='line_1_81' title="bbox 1201 1501 2086 1544; baseline 0.009 -8"><span class='ocrx_word' id='word_1_548' title='bbox 1201 1501 1414 1536; x_wconf 87' lang='lat' dir='ltr'>Secundum.</span> <span class='ocrx_word' id='word_1_549' title='bbox 1469 1503 1672 1538; x_wconf 90' lang='lat' dir='ltr'>Discrimen</span> <span class='ocrx_word' id='word_1_550' title='bbox 1697 1504 1925 1542; x_wconf 85' lang='lat' dir='ltr'>honestorum</span> <span class='ocrx_word' id='word_1_551' title='bbox 1954 1516 1986 1543; x_wconf 89' lang='lat' dir='ltr'>et</span> <span class='ocrx_word' id='word_1_552' title='bbox 2012 1517 2086 1544; x_wconf 87' lang='lat' dir='ltr'>tur-</span> 
     </span>
     <span class='ocr_line' id='line_1_82' title="bbox 1105 1554 2085 1597; baseline 0.009 -12"><span class='ocrx_word' id='word_1_553' title='bbox 1105 1554 1203 1597; x_wconf 89' lang='lat' dir='ltr'>pium</span> <span class='ocrx_word' id='word_1_554' title='bbox 1222 1554 1430 1587; x_wconf 86' lang='lat' dir='ltr'>naturaliter</span> <span class='ocrx_word' id='word_1_555' title='bbox 1451 1562 1576 1588; x_wconf 88' lang='lat' dir='ltr'>notum</span> <span class='ocrx_word' id='word_1_556' title='bbox 1602 1564 1651 1590; x_wconf 89' lang='lat' dir='ltr'>est</span> <span class='ocrx_word' id='word_1_557' title='bbox 1674 1554 1850 1592; x_wconf 87' lang='lat' dir='ltr'>humanae</span> <span class='ocrx_word' id='word_1_558' title='bbox 1872 1561 1991 1596; x_wconf 88' lang='lat' dir='ltr'>menti.</span> <span class='ocrx_word' id='word_1_559' title='bbox 2047 1561 2085 1594; x_wconf 89' lang='lat' dir='ltr'>ld</span> 
     </span>
     <span class='ocr_line' id='line_1_83' title="bbox 1099 1605 2087 1648; baseline 0.008 -12"><span class='ocrx_word' id='word_1_560' title='bbox 1099 1605 1318 1648; x_wconf 85' lang='lat' dir='ltr'>impossibile</span> <span class='ocrx_word' id='word_1_561' title='bbox 1342 1612 1391 1638; x_wconf 93' lang='lat' dir='ltr'>est</span> <span class='ocrx_word' id='word_1_562' title='bbox 1414 1617 1495 1638; x_wconf 90' lang='lat' dir='ltr'>casu</span> <span class='ocrx_word' id='word_1_563' title='bbox 1518 1607 1686 1647; x_wconf 80' lang='lat' dir='ltr'>extitisse,</span> <span class='ocrx_word' id='word_1_564' title='bbox 1712 1615 1772 1642; x_wconf 91' lang='lat' dir='ltr'>aut</span> <span class='ocrx_word' id='word_1_565' title='bbox 1792 1621 1809 1642; x_wconf 91' lang='lat' dir='ltr'>a</span> <span class='ocrx_word' id='word_1_566' title='bbox 1835 1610 1935 1643; x_wconf 86' lang='lat' dir='ltr'>bruta</span> <span class='ocrx_word' id='word_1_567' title='bbox 1963 1618 2087 1644; x_wconf 86' lang='lat' dir='ltr'>natura</span> 
     </span>
     <span class='ocr_line' id='line_1_84' title="bbox 1100 1654 2086 1699; baseline 0.008 -12"><span class='ocrx_word' id='word_1_568' title='bbox 1100 1655 1317 1699; x_wconf 80' lang='lat' dir='ltr'>profluxisse.</span> <span class='ocrx_word' id='word_1_569' title='bbox 1386 1654 1469 1689; x_wconf 82' lang='lat' dir='ltr'>Ideo</span> <span class='ocrx_word' id='word_1_570' title='bbox 1498 1668 1635 1690; x_wconf 89' lang='lat' dir='ltr'>necesse</span> <span class='ocrx_word' id='word_1_571' title='bbox 1667 1664 1716 1691; x_wconf 91' lang='lat' dir='ltr'>est</span> <span class='ocrx_word' id='word_1_572' title='bbox 1748 1659 1848 1692; x_wconf 81' lang='lat' dir='ltr'>fateri</span> <span class='ocrx_word' id='word_1_573' title='bbox 1873 1661 1988 1694; x_wconf 89' lang='lat' dir='ltr'>Deum</span> <span class='ocrx_word' id='word_1_574' title='bbox 2014 1674 2086 1695; x_wconf 87' lang='lat' dir='ltr'>esse</span> 
     </span>
     <span class='ocr_line' id='line_1_85' title="bbox 1106 1705 2087 1749; baseline 0.008 -12"><span class='ocrx_word' id='word_1_575' title='bbox 1106 1706 1336 1740; x_wconf 83' lang='lat' dir='ltr'>conditorem.</span> <span class='ocrx_word' id='word_1_576' title='bbox 1408 1705 1447 1739; x_wconf 87' lang='lat' dir='ltr'>Id</span> <span class='ocrx_word' id='word_1_577' title='bbox 1476 1715 1722 1749; x_wconf 83' lang='lat' dir='ltr'>argumentum</span> <span class='ocrx_word' id='word_1_578' title='bbox 1752 1709 1960 1744; x_wconf 84' lang='lat' dir='ltr'>labefactare</span> <span class='ocrx_word' id='word_1_579' title='bbox 1983 1725 2087 1746; x_wconf 89' lang='lat' dir='ltr'>nemo</span> 
     </span>
     <span class='ocr_line' id='line_1_86' title="bbox 1102 1755 2087 1805; baseline 0.008 -17"><span class='ocrx_word' id='word_1_580' title='bbox 1102 1763 1230 1800; x_wconf 85' lang='lat' dir='ltr'>potest,</span> <span class='ocrx_word' id='word_1_581' title='bbox 1257 1756 1312 1788; x_wconf 84' lang='lat' dir='ltr'>vel</span> <span class='ocrx_word' id='word_1_582' title='bbox 1328 1756 1354 1788; x_wconf 88' lang='lat' dir='ltr'>si</span> <span class='ocrx_word' id='word_1_583' title='bbox 1372 1755 1552 1802; x_wconf 86' lang='lat' dir='ltr'>Cyclopes,</span> <span class='ocrx_word' id='word_1_584' title='bbox 1581 1758 1760 1801; x_wconf 80' lang='lat' dir='ltr'>Gigantes,</span> <span class='ocrx_word' id='word_1_585' title='bbox 1787 1760 1966 1805; x_wconf 86' lang='lat' dir='ltr'>Epicurei,</span> <span class='ocrx_word' id='word_1_586' title='bbox 1996 1762 2087 1796; x_wconf 81' lang='lat' dir='ltr'>Aca-</span> 
     </span>
     <span class='ocr_line' id='line_1_87' title="bbox 1101 1806 2087 1855; baseline 0.008 -16"><span class='ocrx_word' id='word_1_587' title='bbox 1101 1808 1249 1847; x_wconf 87' lang='lat' dir='ltr'>demici,</span> <span class='ocrx_word' id='word_1_588' title='bbox 1288 1806 1456 1840; x_wconf 85' lang='lat' dir='ltr'>Mezentii</span> <span class='ocrx_word' id='word_1_589' title='bbox 1492 1815 1525 1842; x_wconf 87' lang='lat' dir='ltr'>et</span> <span class='ocrx_word' id='word_1_590' title='bbox 1558 1809 1688 1842; x_wconf 85' lang='lat' dir='ltr'>similes</span> <span class='ocrx_word' id='word_1_591' title='bbox 1710 1823 1832 1844; x_wconf 83' lang='lat' dir='ltr'>omnes</span> <span class='ocrx_word' id='word_1_592' title='bbox 1865 1822 2087 1855; x_wconf 82' lang='lat' dir='ltr'>concurrant,</span> 
     </span>
     <span class='ocr_line' id='line_1_88' title="bbox 1104 1858 2086 1897; baseline 0.006 -6"><span class='ocrx_word' id='word_1_593' title='bbox 1104 1865 1135 1891; x_wconf 89' lang='lat' dir='ltr'>et</span> <span class='ocrx_word' id='word_1_594' title='bbox 1154 1858 1352 1891; x_wconf 87' lang='lat' dir='ltr'>coniunctis</span> <span class='ocrx_word' id='word_1_595' title='bbox 1376 1859 1511 1892; x_wconf 82' lang='lat' dir='ltr'>viribus</span> <span class='ocrx_word' id='word_1_596' title='bbox 1534 1860 1631 1893; x_wconf 89' lang='lat' dir='ltr'>coelo</span> <span class='ocrx_word' id='word_1_597' title='bbox 1657 1861 1788 1895; x_wconf 88' lang='lat' dir='ltr'>bellum</span> <span class='ocrx_word' id='word_1_598' title='bbox 1808 1863 1937 1896; x_wconf 82' lang='lat' dir='ltr'>inferre</span> <span class='ocrx_word' id='word_1_599' title='bbox 1955 1877 2086 1897; x_wconf 88' lang='lat' dir='ltr'>conen-</span> 
     </span>
     <span class='ocr_line' id='line_1_89' title="bbox 1100 1908 2087 1952; baseline 0.007 -11"><span class='ocrx_word' id='word_1_600' title='bbox 1100 1916 1169 1942; x_wconf 85' lang='lat' dir='ltr'>tur.</span> <span class='ocrx_word' id='word_1_601' title='bbox 1224 1908 1341 1942; x_wconf 86' lang='lat' dir='ltr'>Fateri</span> <span class='ocrx_word' id='word_1_602' title='bbox 1359 1921 1418 1943; x_wconf 90' lang='lat' dir='ltr'>eos</span> <span class='ocrx_word' id='word_1_603' title='bbox 1441 1922 1579 1943; x_wconf 88' lang='lat' dir='ltr'>necesse</span> <span class='ocrx_word' id='word_1_604' title='bbox 1597 1912 1680 1952; x_wconf 86' lang='lat' dir='ltr'>erit,</span> <span class='ocrx_word' id='word_1_605' title='bbox 1708 1912 1895 1946; x_wconf 86' lang='lat' dir='ltr'>discrimen</span> <span class='ocrx_word' id='word_1_606' title='bbox 1921 1912 2087 1949; x_wconf 86' lang='lat' dir='ltr'>honesto-</span> 
     </span>
     <span class='ocr_line' id='line_1_90' title="bbox 1100 1960 2084 2011; baseline 0.006 -18"><span class='ocrx_word' id='word_1_607' title='bbox 1100 1972 1178 1993; x_wconf 87' lang='lat' dir='ltr'>rum</span> <span class='ocrx_word' id='word_1_608' title='bbox 1198 1966 1230 1993; x_wconf 89' lang='lat' dir='ltr'>et</span> <span class='ocrx_word' id='word_1_609' title='bbox 1248 1960 1404 2003; x_wconf 88' lang='lat' dir='ltr'>turpium</span> <span class='ocrx_word' id='word_1_610' title='bbox 1427 1973 1500 1994; x_wconf 92' lang='lat' dir='ltr'>non</span> <span class='ocrx_word' id='word_1_611' title='bbox 1519 1973 1599 1996; x_wconf 89' lang='lat' dir='ltr'>casu</span> <span class='ocrx_word' id='word_1_612' title='bbox 1623 1963 1795 2006; x_wconf 77' lang='lat' dir='ltr'>extitisse,</span> <span class='ocrx_word' id='word_1_613' title='bbox 1821 1967 1879 1998; x_wconf 87' lang='lat' dir='ltr'>sed</span> <span class='ocrx_word' id='word_1_614' title='bbox 1902 1966 1945 1998; x_wconf 90' lang='lat' dir='ltr'>ab</span> <span class='ocrx_word' id='word_1_615' title='bbox 1969 1967 2084 2011; x_wconf 78' lang='lat' dir='ltr'>aliqua</span> 
     </span>
     <span class='ocr_line' id='line_1_91' title="bbox 1100 2012 1533 2045; baseline 0.002 -1"><span class='ocrx_word' id='word_1_616' title='bbox 1100 2018 1216 2045; x_wconf 88' lang='lat' dir='ltr'>mente</span> <span class='ocrx_word' id='word_1_617' title='bbox 1233 2012 1436 2044; x_wconf 86' lang='lat' dir='ltr'>ordinatum</span> <span class='ocrx_word' id='word_1_618' title='bbox 1453 2023 1533 2045; x_wconf 88' lang='lat' dir='ltr'>esse.</span> 
     </span>
    </p>
   </div>
   <div class='ocr_carea' id='block_1_10' title="bbox 1101 2069 2085 2614">
    <p class='ocr_par' dir='ltr' id='par_1_10' title="bbox 1101 2069 2085 2614">
     <span class='ocr_line' id='line_1_92' title="bbox 1205 2069 2085 2108; baseline 0.008 -6"><span class='ocrx_word' id='word_1_619' title='bbox 1205 2069 1377 2104; x_wconf 87' lang='lat' dir='ltr'>Tertium.</span> <span class='ocrx_word' id='word_1_620' title='bbox 1427 2070 1467 2104; x_wconf 91' lang='lat' dir='ltr'>In</span> <span class='ocrx_word' id='word_1_621' title='bbox 1486 2072 1662 2106; x_wconf 88' lang='lat' dir='ltr'>atrocibus</span> <span class='ocrx_word' id='word_1_622' title='bbox 1678 2073 1814 2107; x_wconf 89' lang='lat' dir='ltr'>delictis</span> <span class='ocrx_word' id='word_1_623' title='bbox 1831 2087 1952 2108; x_wconf 90' lang='lat' dir='ltr'>omnes</span> <span class='ocrx_word' id='word_1_624' title='bbox 1969 2074 2085 2108; x_wconf 79' lang='lat' dir='ltr'>homi-</span> 
     </span>
     <span class='ocr_line' id='line_1_93' title="bbox 1101 2122 2083 2166; baseline 0.006 -12"><span class='ocrx_word' id='word_1_625' title='bbox 1101 2133 1163 2154; x_wconf 91' lang='lat' dir='ltr'>nes</span> <span class='ocrx_word' id='word_1_626' title='bbox 1193 2122 1403 2155; x_wconf 85' lang='lat' dir='ltr'>naturaliter</span> <span class='ocrx_word' id='word_1_627' title='bbox 1427 2131 1681 2166; x_wconf 86' lang='lat' dir='ltr'>expavescunt,</span> <span class='ocrx_word' id='word_1_628' title='bbox 1726 2132 1758 2158; x_wconf 91' lang='lat' dir='ltr'>et</span> <span class='ocrx_word' id='word_1_629' title='bbox 1791 2126 1948 2160; x_wconf 86' lang='lat' dir='ltr'>iudicant</span> <span class='ocrx_word' id='word_1_630' title='bbox 1971 2127 2083 2160; x_wconf 88' lang='lat' dir='ltr'>Deum</span> 
     </span>
     <span class='ocr_line' id='line_1_94' title="bbox 1102 2173 2085 2221; baseline 0.005 -16"><span class='ocrx_word' id='word_1_631' title='bbox 1102 2184 1195 2213; x_wconf 89' lang='lat' dir='ltr'>esse,</span> <span class='ocrx_word' id='word_1_632' title='bbox 1222 2184 1259 2205; x_wconf 88' lang='lat' dir='ltr'>ac</span> <span class='ocrx_word' id='word_1_633' title='bbox 1277 2173 1405 2216; x_wconf 90' lang='lat' dir='ltr'>punire</span> <span class='ocrx_word' id='word_1_634' title='bbox 1423 2173 1559 2209; x_wconf 86' lang='lat' dir='ltr'>delicta.</span> <span class='ocrx_word' id='word_1_635' title='bbox 1606 2173 1701 2217; x_wconf 87' lang='lat' dir='ltr'>Ergo</span> <span class='ocrx_word' id='word_1_636' title='bbox 1718 2184 1865 2221; x_wconf 86' lang='lat' dir='ltr'>utraque</span> <span class='ocrx_word' id='word_1_637' title='bbox 1882 2177 2010 2210; x_wconf 87' lang='lat' dir='ltr'>noticia</span> <span class='ocrx_word' id='word_1_638' title='bbox 2029 2178 2085 2210; x_wconf 89' lang='lat' dir='ltr'>in-</span> 
     </span>
     <span class='ocr_line' id='line_1_95' title="bbox 1102 2221 2084 2271; baseline 0.006 -15"><span class='ocrx_word' id='word_1_639' title='bbox 1102 2224 1165 2256; x_wconf 91' lang='lat' dir='ltr'>sita</span> <span class='ocrx_word' id='word_1_640' title='bbox 1192 2230 1243 2256; x_wconf 87' lang='lat' dir='ltr'>est</span> <span class='ocrx_word' id='word_1_641' title='bbox 1274 2224 1384 2257; x_wconf 90' lang='lat' dir='ltr'>menti</span> <span class='ocrx_word' id='word_1_642' title='bbox 1415 2221 1608 2264; x_wconf 87' lang='lat' dir='ltr'>hnmanae,</span> <span class='ocrx_word' id='word_1_643' title='bbox 1652 2233 1685 2259; x_wconf 90' lang='lat' dir='ltr'>et</span> <span class='ocrx_word' id='word_1_644' title='bbox 1707 2228 1801 2271; x_wconf 90' lang='lat' dir='ltr'>quod</span> <span class='ocrx_word' id='word_1_645' title='bbox 1826 2227 1870 2260; x_wconf 88' lang='lat' dir='ltr'>sit</span> <span class='ocrx_word' id='word_1_646' title='bbox 1894 2226 2007 2266; x_wconf 86' lang='lat' dir='ltr'>Deus,</span> <span class='ocrx_word' id='word_1_647' title='bbox 2052 2236 2084 2262; x_wconf 83' lang='lat' dir='ltr'>et</span> 
     </span>
     <span class='ocr_line' id='line_1_96' title="bbox 1104 2275 2084 2319; baseline 0.004 -13"><span class='ocrx_word' id='word_1_648' title='bbox 1104 2275 1198 2319; x_wconf 87' lang='lat' dir='ltr'>quod</span> <span class='ocrx_word' id='word_1_649' title='bbox 1227 2275 1356 2308; x_wconf 89' lang='lat' dir='ltr'>scelera</span> <span class='ocrx_word' id='word_1_650' title='bbox 1381 2275 1516 2319; x_wconf 86' lang='lat' dir='ltr'>puniat.</span> <span class='ocrx_word' id='word_1_651' title='bbox 1576 2275 1814 2318; x_wconf 82' lang='lat' dir='ltr'>Quantumvis</span> <span class='ocrx_word' id='word_1_652' title='bbox 1838 2278 1924 2311; x_wconf 87' lang='lat' dir='ltr'>furit</span> <span class='ocrx_word' id='word_1_653' title='bbox 1940 2278 2084 2311; x_wconf 84' lang='lat' dir='ltr'>Mezen-</span> 
     </span>
     <span class='ocr_line' id='line_1_97' title="bbox 1102 2327 2085 2371; baseline 0.003 -12"><span class='ocrx_word' id='word_1_654' title='bbox 1102 2327 1184 2365; x_wconf 86' lang='lat' dir='ltr'>tius,</span> <span class='ocrx_word' id='word_1_655' title='bbox 1207 2332 1323 2358; x_wconf 86' lang='lat' dir='ltr'>tamen</span> <span class='ocrx_word' id='word_1_656' title='bbox 1343 2337 1479 2359; x_wconf 87' lang='lat' dir='ltr'>necesse</span> <span class='ocrx_word' id='word_1_657' title='bbox 1496 2333 1543 2359; x_wconf 82' lang='lat' dir='ltr'>est</span> <span class='ocrx_word' id='word_1_658' title='bbox 1563 2338 1640 2359; x_wconf 89' lang='lat' dir='ltr'>eum</span> <span class='ocrx_word' id='word_1_659' title='bbox 1658 2339 1759 2371; x_wconf 89' lang='lat' dir='ltr'>saepe</span> <span class='ocrx_word' id='word_1_660' title='bbox 1775 2329 1985 2362; x_wconf 84' lang='lat' dir='ltr'>conscientia</span> <span class='ocrx_word' id='word_1_661' title='bbox 2003 2341 2085 2362; x_wconf 85' lang='lat' dir='ltr'>suo-</span> 
     </span>
     <span class='ocr_line' id='line_1_98' title="bbox 1104 2376 2084 2422; baseline 0.004 -13"><span class='ocrx_word' id='word_1_662' title='bbox 1104 2388 1182 2409; x_wconf 87' lang='lat' dir='ltr'>rum</span> <span class='ocrx_word' id='word_1_663' title='bbox 1212 2376 1381 2409; x_wconf 87' lang='lat' dir='ltr'>scelerum</span> <span class='ocrx_word' id='word_1_664' title='bbox 1409 2377 1650 2419; x_wconf 85' lang='lat' dir='ltr'>perterrefieri.</span> <span class='ocrx_word' id='word_1_665' title='bbox 1725 2376 1891 2414; x_wconf 87' lang='lat' dir='ltr'>Clamitat</span> <span class='ocrx_word' id='word_1_666' title='bbox 1915 2380 2022 2422; x_wconf 81' lang='lat' dir='ltr'>igitur</span> <span class='ocrx_word' id='word_1_667' title='bbox 2048 2381 2084 2413; x_wconf 89' lang='lat' dir='ltr'>in</span> 
     </span>
     <span class='ocr_line' id='line_1_99' title="bbox 1105 2427 2082 2471; baseline 0.004 -12"><span class='ocrx_word' id='word_1_668' title='bbox 1105 2427 1177 2459; x_wconf 90' lang='lat' dir='ltr'>eius</span> <span class='ocrx_word' id='word_1_669' title='bbox 1195 2427 1332 2469; x_wconf 86' lang='lat' dir='ltr'>animo,</span> <span class='ocrx_word' id='word_1_670' title='bbox 1362 2427 1416 2460; x_wconf 87' lang='lat' dir='ltr'>vel</span> <span class='ocrx_word' id='word_1_671' title='bbox 1434 2428 1460 2460; x_wconf 90' lang='lat' dir='ltr'>si</span> <span class='ocrx_word' id='word_1_672' title='bbox 1479 2435 1664 2471; x_wconf 85' lang='lat' dir='ltr'>repugnet,</span> <span class='ocrx_word' id='word_1_673' title='bbox 1690 2440 1760 2461; x_wconf 87' lang='lat' dir='ltr'>esse</span> <span class='ocrx_word' id='word_1_674' title='bbox 1779 2427 1892 2462; x_wconf 90' lang='lat' dir='ltr'>Deum</span> <span class='ocrx_word' id='word_1_675' title='bbox 1910 2431 2082 2464; x_wconf 70' lang='lat' dir='ltr'>vindicem</span> 
     </span>
     <span class='ocr_line' id='line_1_100' title="bbox 1103 2478 2083 2523; baseline 0.001 -12"><span class='ocrx_word' id='word_1_676' title='bbox 1103 2478 1284 2513; x_wconf 86' lang='lat' dir='ltr'>scelerum.</span> <span class='ocrx_word' id='word_1_677' title='bbox 1337 2479 1483 2523; x_wconf 88' lang='lat' dir='ltr'>Alioqui</span> <span class='ocrx_word' id='word_1_678' title='bbox 1501 2490 1562 2511; x_wconf 89' lang='lat' dir='ltr'>cur</span> <span class='ocrx_word' id='word_1_679' title='bbox 1581 2491 1651 2511; x_wconf 91' lang='lat' dir='ltr'>non</span> <span class='ocrx_word' id='word_1_680' title='bbox 1673 2491 1752 2512; x_wconf 81' lang='lat' dir='ltr'>vere</span> <span class='ocrx_word' id='word_1_681' title='bbox 1770 2479 1919 2514; x_wconf 83' lang='lat' dir='ltr'>laetatur</span> <span class='ocrx_word' id='word_1_682' title='bbox 1943 2482 2083 2515; x_wconf 85' lang='lat' dir='ltr'>animus</span> 
     </span>
     <span class='ocr_line' id='line_1_101' title="bbox 1104 2529 2084 2573; baseline 0.005 -12"><span class='ocrx_word' id='word_1_683' title='bbox 1104 2536 1183 2573; x_wconf 88' lang='lat' dir='ltr'>post</span> <span class='ocrx_word' id='word_1_684' title='bbox 1207 2529 1342 2562; x_wconf 83' lang='lat' dir='ltr'>facinus</span> <span class='ocrx_word' id='word_1_685' title='bbox 1373 2536 1489 2570; x_wconf 84' lang='lat' dir='ltr'>atrox,</span> <span class='ocrx_word' id='word_1_686' title='bbox 1531 2529 1619 2563; x_wconf 87' lang='lat' dir='ltr'>sicut</span> <span class='ocrx_word' id='word_1_687' title='bbox 1643 2542 1723 2563; x_wconf 87' lang='lat' dir='ltr'>vere</span> <span class='ocrx_word' id='word_1_688' title='bbox 1746 2531 1895 2565; x_wconf 86' lang='lat' dir='ltr'>laetatur</span> <span class='ocrx_word' id='word_1_689' title='bbox 1922 2536 2084 2566; x_wconf 60' lang='lat' dir='ltr'>recorda»</span> 
     </span>
     <span class='ocr_line' id='line_1_102' title="bbox 1104 2580 1506 2614; baseline 0 0"><span class='ocrx_word' id='word_1_690' title='bbox 1104 2581 1198 2614; x_wconf 91' lang='lat' dir='ltr'>tione</span> <span class='ocrx_word' id='word_1_691' title='bbox 1218 2587 1308 2614; x_wconf 88' lang='lat' dir='ltr'>recte</span> <span class='ocrx_word' id='word_1_692' title='bbox 1324 2580 1506 2614; x_wconf 84' lang='lat' dir='ltr'>factorum.</span> 
     </span>
    </p>
   </div>
   <div class='ocr_carea' id='block_1_11' title="bbox 1106 2636 2087 2736">
    <p class='ocr_par' dir='ltr' id='par_1_11' title="bbox 1106 2636 2087 2736">
     <span class='ocr_line' id='line_1_103' title="bbox 1208 2636 2086 2682; baseline 0.002 -10"><span class='ocrx_word' id='word_1_693' title='bbox 1208 2638 1397 2682; x_wconf 86' lang='lat' dir='ltr'>Quartum.</span> <span class='ocrx_word' id='word_1_694' title='bbox 1451 2636 1509 2673; x_wconf 85' lang='lat' dir='ltr'>Ab</span> <span class='ocrx_word' id='word_1_695' title='bbox 1529 2639 1654 2673; x_wconf 89' lang='lat' dir='ltr'>ordine</span> <span class='ocrx_word' id='word_1_696' title='bbox 1670 2652 1785 2674; x_wconf 82' lang='lat' dir='ltr'>rerum</span> <span class='ocrx_word' id='word_1_697' title='bbox 1802 2641 1836 2673; x_wconf 91' lang='lat' dir='ltr'>in</span> <span class='ocrx_word' id='word_1_698' title='bbox 1861 2647 1932 2675; x_wconf 86' lang='lat' dir='ltr'>tota</span> <span class='ocrx_word' id='word_1_699' title='bbox 1950 2648 2086 2674; x_wconf 83' lang='lat' dir='ltr'>natura.</span> 
     </span>
     <span class='ocr_line' id='line_1_104' title="bbox 1106 2690 2087 2736; baseline 0 -13"><span class='ocrx_word' id='word_1_700' title='bbox 1106 2690 1277 2724; x_wconf 85' lang='lat' dir='ltr'>Videmus</span> <span class='ocrx_word' id='word_1_701' title='bbox 1300 2702 1404 2736; x_wconf 87' lang='lat' dir='ltr'>quam</span> <span class='ocrx_word' id='word_1_702' title='bbox 1436 2697 1549 2724; x_wconf 80' lang='lat' dir='ltr'>certae</span> <span class='ocrx_word' id='word_1_703' title='bbox 1576 2691 1646 2724; x_wconf 89' lang='lat' dir='ltr'>sint</span> <span class='ocrx_word' id='word_1_704' title='bbox 1673 2691 1765 2735; x_wconf 70' lang='lat' dir='ltr'>leges</span> <span class='ocrx_word' id='word_1_705' title='bbox 1789 2700 1947 2726; x_wconf 86' lang='lat' dir='ltr'>motuum</span> <span class='ocrx_word' id='word_1_706' title='bbox 1974 2692 2087 2724; x_wconf 85' lang='lat' dir='ltr'>coele-</span> 
     </span>
    </p>
   </div>
   <div class='ocr_carea' id='block_1_12' title="bbox 1402 2738 1483 2776">
    <p class='ocr_par' dir='ltr' id='par_1_12' title="bbox 1402 2738 1483 2776">
     <span class='ocr_line' id='line_1_105' title="bbox 1402 2738 1483 2776; baseline -0.012 0"><span class='ocrx_word' id='word_1_707' title='bbox 1402 2738 1483 2776; x_wconf 74' lang='lat'>36*</span> 
     </span>
    </p>
   </div>
  </div>
 </body>
</html>
