2415 2942
246 94 320 129 179

247 187 285 215 ut
311 178 444 213 tradam
470 175 536 209 boc
560 175 723 212 verbum,
760 172 855 216 quod
880 183 960 203 vere
984 170 1145 214 patefacit
1167 183 1230 203 vo-

250 232 422 264 luntatem
446 226 530 266 Dei,
557 224 733 269 quomodo
757 222 841 254 velit
863 222 1026 264 agnosci,
1051 222 1230 266 quomodo

251 279 473 325 perveniatur
502 277 543 308 ad
578 275 703 317 ipsum.
769 271 846 304 Itoc
871 273 1018 305 verbum
1041 279 1134 305 certo
1160 272 1231 305 scio

251 342 322 364 csse
349 329 456 372 ipsius
483 325 684 357 mandatum
697 347 708 366 ‚
737 334 844 367 quare
863 335 943 355 vere
959 329 991 356 et
1007 329 1098 356 recte
1114 323 1233 359 doceo,

251 392 314 413 nec
338 388 457 411 moror
479 374 602 408 mundi
629 380 688 406 aut
712 380 825 406 vestra
849 373 998 417 iudicia,
1028 373 1087 418 qui
1114 374 1156 406 de
1180 385 1234 406 me

251 441 324 463 non
357 426 498 470 potestis
527 424 664 464 testari,
696 424 776 469 quia
811 424 929 466 ignota
960 431 1010 457 est
1035 424 1136 457 vobis
1158 435 1233 456 mea

251 480 408 517 vocatio,
433 488 496 509 nec
520 474 704 518 agnoscitis
728 475 932 508 mandatum
957 475 1090 508 aeterni
1116 475 1236 518 patris.

252 530 374 573 ltaque
397 539 469 560 non
494 526 585 559 valet
610 532 721 558 vestra
741 525 998 568 argumentatio
1020 526 1062 558 de
1079 525 1236 558 testimo-

252 580 322 613 niis
353 576 536 617 humanis,
573 588 637 609 nec
667 576 748 609 estis
775 576 961 614 audiendi,
995 587 1074 608 cum
1100 575 1237 608 sumitis

252 630 354 663 vobis
378 628 548 662 iudicium
573 628 614 659 de
638 626 809 660 doctrina.
865 625 916 659 Ita
943 626 1047 659 simul
1071 632 1102 659 et
1120 632 1238 659 tuetur

253 680 474 714 autoritatem
505 677 685 710 doctrinae
709 688 769 709 seu
795 677 951 709 muneris
976 677 1043 709 sibi
1069 676 1239 715 mandati,

253 738 287 765 et
309 731 438 764 refutat
459 728 691 762 obiectionem
710 727 953 771 quaerentium
972 724 1126 760 humana
1143 726 1239 759 testi-

253 781 394 819 rnonia,
422 786 455 813 et
480 776 633 813 detrahit
657 778 705 810 eis
728 778 780 810 ius
805 777 987 811 iudicandi
1013 778 1055 810 de
1079 777 1239 810 doctrina

253 833 384 876 ignota.

355 890 473 923 Potest
503 889 610 932 igitur
640 885 725 920 haec
752 886 916 919 refutatio
943 885 1078 920 includi
1102 886 1241 920 duobus

255 941 482 987 syllogismis,
509 950 658 983 quorum
690 937 778 970 alter
807 937 911 970 diluit
936 937 1172 971 obiectionem
1199 938 1241 969 de

254 991 477 1030 testimonio,
507 987 573 1022 hoc
596 989 714 1021 mod0.
767 987 903 1021 Verum
928 994 977 1020 est
999 987 1240 1021 testimonium

254 1043 348 1082 eius,
376 1041 437 1086 qui
461 1038 565 1073 habet
583 1039 802 1071 vocationem
821 1045 853 1071 et
870 1038 1075 1072 mandatum
1091 1038 1144 1071 sui
1163 1050 1242 1071 mu-

255 1092 350 1126 neris
375 1103 435 1124 seu
459 1090 648 1123 doctrinae.
702 1088 795 1130 Ergo
819 1088 889 1122 scio
908 1089 1003 1122 unde
1022 1089 1148 1122 missus
1166 1089 1243 1129 sim,

256 1151 289 1177 et
321 1142 429 1175 affero
462 1141 608 1173 coeleste
638 1140 862 1180 mandatum,
897 1150 978 1181 ergo
1008 1139 1095 1173 falso
1124 1151 1240 1172 meum

255 1193 497 1228 testimonium
519 1190 704 1224 damnatis.
757 1189 858 1222 Alter
877 1190 1100 1234 syllogismus
1119 1197 1168 1222 est
1184 1202 1241 1222 ex-

255 1244 369 1288 ceptio
386 1249 506 1276 contra
525 1239 589 1274 hos
606 1240 749 1273 iudices.
804 1239 914 1272 Nemo
933 1247 1045 1274 sumat
1063 1241 1130 1273 sibi
1148 1240 1242 1273 iudi-

256 1295 350 1328 cium
373 1294 416 1327 de
440 1305 476 1326 re
502 1292 633 1335 ignota.
694 1290 767 1323 Vos
790 1302 863 1323 non
889 1291 998 1323 nostis
1023 1303 1100 1324 eum
1126 1303 1144 1324 a
1171 1303 1241 1335 quo

255 1345 381 1378 missus
405 1355 479 1377 sum
492 1367 500 1380 ,
529 1349 560 1375 et
576 1342 675 1375 cuius
693 1341 801 1373 affero
819 1342 1042 1382 mandatum,
1070 1353 1150 1384 ergo
1168 1353 1242 1374 non

256 1402 305 1429 est
323 1401 477 1428 vestrum
495 1393 651 1426 iudicare
670 1392 713 1424 de
731 1391 904 1426 doctrina.

356 1461 453 1494 Haec
481 1459 644 1493 refutatio
670 1458 749 1491 ideo
777 1457 1032 1491 consideranda
1060 1465 1128 1498 est,
1161 1458 1243 1502 quia

255 1512 363 1547 tradit
386 1511 488 1545 utiles
515 1510 662 1552 regulas,
732 1508 851 1541 Prima
877 1515 926 1541 est
950 1510 1043 1553 quod
1072 1509 1242 1541 iudicium

257 1565 300 1596 de
328 1561 488 1595 doctrina
512 1558 688 1593 Ecclesiae
714 1571 787 1592 non
812 1559 963 1602 pendeat
988 1559 1031 1592 ab
1056 1559 1241 1592 autoritate

256 1614 312 1646 vel
338 1611 590 1656 approbatione
614 1608 780 1643 humana.
833 1608 954 1643 Altera
979 1610 1022 1642 de
1045 1609 1242 1643 vocatione.

257 1663 404 1697 Necesse
434 1669 483 1696 est
506 1659 698 1694 Ecclesiam
725 1658 853 1692 habere
876 1659 1117 1692 testimonium
1139 1672 1243 1693 voca-

256 1714 364 1749 tionis
387 1720 420 1746 et
442 1712 597 1745 mandati
622 1711 780 1744 coelestis
802 1711 844 1742 de
861 1710 1038 1750 doctrina,
1066 1710 1240 1751 videlicet,

256 1772 297 1798 ut
322 1764 405 1797 certi
430 1763 555 1805 simus,
585 1760 674 1794 lianc
698 1760 894 1793 doctrinam
913 1772 992 1793 vere
1008 1772 1079 1793 esse
1097 1762 1241 1793 verbum

256 1813 335 1849 Dei.
390 1813 511 1856 Ignota
536 1819 603 1850 est,
639 1818 678 1845 ut
701 1822 801 1854 saepe
825 1811 893 1843 iam
919 1812 1051 1845 dictum
1075 1819 1142 1851 est,
1178 1812 1242 1843 do·

259 1866 368 1899 ctrina
393 1862 577 1906 Evangelii
610 1861 799 1906 sapientiae
830 1861 973 1899 mundi,
1009 1868 1041 1894 et
1070 1862 1243 1904 discrepat

258 1928 275 1948 a
301 1916 432 1948 iudicio
460 1913 615 1947 rationiS.
679 1911 797 1954 Quare
822 1913 865 1944 de
889 1924 925 1944 ea
951 1924 1021 1945 nou
1047 1919 1159 1953 potest
1182 1913 1242 1945 de-

257 1967 353 1999 cerni
391 1963 556 1997 humanis
596 1963 752 2002 iudiciis,
796 1974 860 1994 nec
900 1962 989 1995 valet
1023 1963 1241 2000 diiudicatio,

258 2029 346 2061 quae
363 2016 397 2048 fit
415 2016 469 2061 (ut
488 2016 522 2046 in
541 2013 618 2046 aliis
635 2013 882 2046 controversiis
900 2013 942 2045 de
960 2013 1062 2046 rebus
1078 2013 1242 2046 subiectis

256 2067 388 2100 iudicio
406 2065 568 2108 rationis)
585 2076 623 2096 ex
640 2063 887 2105 suffragatione
904 2070 961 2096 aut
979 2075 1151 2096 consensu
1167 2075 1244 2096 maa·

257 2117 342 2150 ioris
360 2117 466 2160 partis
485 2127 626 2152 eorum,
655 2114 713 2158 qui
733 2114 977 2148 existimantur
996 2121 1169 2158 praestare
1186 2126 1242 2147 sa-

256 2168 407 2211 pientia,
435 2166 639 2202 autoritate,
669 2164 820 2203 iudicio‚
846 2171 908 2199 etc.

361 2233 505 2267 Necesse
531 2239 580 2265 est
604 2231 710 2274 igitur
734 2230 878 2263 aliunde
904 2229 974 2273 peti
995 2231 1238 2264 certitudinem

257 2284 457 2322 doctrinae,
501 2282 682 2321 videlicet,
724 2287 762 2314 ut
800 2287 932 2313 constet
970 2282 1013 2313 de
1046 2283 1240 2322 vocatione,

257 2335 351 2378 quod
377 2334 533 2367 doctrina
552 2334 595 2366 sit
613 2332 738 2366 tradita
755 2332 919 2363 mandato
938 2329 1011 2363 Deo
1025 2358 1033 2371 ,
1062 2339 1095 2365 et
1114 2330 1239 2365 habeat

256 2396 337 2416 vera
367 2383 584 2421 testimonia,
617 2383 699 2415 inde
723 2393 833 2426 usque
857 2382 900 2414 ab
926 2381 1028 2413 initio
1053 2379 1238 2422 Ecclesiae,

256 2435 384 2479 quibus
409 2433 502 2466 Deus
528 2439 673 2466 testetur
696 2430 786 2465 hanc
809 2443 880 2464 esse
904 2431 1100 2464 doctrinam
1125 2432 1237 2465 coele-

256 2491 362 2521 stem,
392 2484 525 2517 etiamsi
551 2495 621 2516 non
648 2483 812 2516 accedant
835 2482 1034 2516 testimonia
1060 2488 1121 2515 aut
1136 2489 1236 2516 auto-

254 2535 339 2569 ritas
355 2532 551 2568 hominum.

356 2592 438 2626 Ideo
463 2592 526 2625 etsi
553 2592 691 2625 videtur
714 2591 831 2638 inepta
857 2597 890 2624 et
914 2590 1058 2633 indigna
1081 2590 1236 2634 sapiente

253 2644 432 2689 gloriatio,
459 2650 491 2678 et
514 2643 599 2677 alibi
624 2654 724 2677 suum
748 2642 864 2676 locum
883 2639 1111 2681 habetittud‚
1140 2642 1234 2686 quod

825 85 950 122 P111L.
983 84 1100 120 MEL.
1138 83 1345 119 SCRIPTA
1381 82 1680 120 EXEGETICA.

2198 86 2269 121 180

1282 171 1516 216 praecipitur,
1544 171 1720 216 praedicet
1747 178 1780 206 te
1804 184 1842 206 os
1866 172 2021 206 alienum
2038 179 2120 212 etc„
2149 179 2268 207 tamen

1283 223 1478 257 ministerio
1494 223 1680 266 Evangelii
1706 224 1898 256 necessaria
1915 232 1965 257 est
1982 224 2144 266 gloriatio
2163 236 2268 257 voca-

1282 274 1391 308 tionis
1414 274 1572 312 diviuae,
1600 280 1638 307 ut
1662 280 1796 307 constet
1812 274 2027 315 doctrinam,
2054 286 2142 319 quae
2158 275 2269 308 tradi-

1283 331 1355 363 tur,
1384 332 1478 358 certo
1497 322 1625 357 habere
1643 325 1847 358 mandatum
1862 323 1944 365 Dei,
1970 325 2058 358 sicut
2075 324 2199 358 Petrus
2213 325 2270 358 in-

1283 376 1376 420 quit:
1407 374 1479 417 Qui
1505 375 1682 419 loquitur,
1709 375 1875 420 loquatur
1899 382 2066 420 tanquam
2092 387 2270 409 sermones

1285 426 1369 466 Dei,
1398 432 1540 470 propter
1564 424 1653 459 banc
1672 438 1809 459 causam
1822 453 1831 466 ‚
1859 432 1892 459 et
1909 423 2071 460 Christus
2085 426 2211 469 passim
2231 427 2270 458 in

1284 475 1476 519 Evangelio
1493 483 1593 510 sonat
1610 473 1672 508 has
1689 488 1806 509 voces:
1836 476 1907 519 Qui
1923 476 2034 510 credit
2050 476 2087 509 in
2104 488 2170 517 me,
2197 488 2270 510 non

1286 527 1395 560 credit
1420 527 1457 558 in
1483 538 1555 567 me,
1583 528 1640 559 sed
1669 527 1705 559 in
1729 539 1826 566 eum,
1854 527 1915 572 qui
1935 539 1989 560 me
2006 527 2112 563 misit.
2166 526 2271 561 Item:

1285 577 1359 620 Ego
1385 589 1456 610 non
1484 588 1524 609 ex
1547 589 1602 609 me
1627 577 1701 620 ipso
1728 589 1805 611 sum
1827 577 1984 618 locutus,
2011 579 2071 611 sed
2095 577 2155 623 qui
2175 578 2273 612 misit

1287 640 1360 667 me,
1389 634 1503 671 pater,
1527 627 1556 660 is
1572 624 1660 659 mihi
1679 628 1881 661 mandatum
1896 628 1993 662 dedit
2008 635 2070 661 etc.
2123 626 2272 661 EtPau-

1287 679 1341 712 lus
1366 679 1491 720 allegat
1514 678 1734 711 vocationem
1754 679 1957 719 coelestem,
1983 686 2021 712 ut
2038 685 2172 712 constet
2191 690 2271 712 eum

1287 729 1412 762 afferre
1438 728 1634 761 doctrinam
1661 729 1826 762 traditam
1852 740 1870 761 a
1895 729 1988 771 Deo,
2021 736 2055 763 et
2076 740 2148 762 esse
2171 740 2273 762 man-

1289 781 1408 813 datum
1425 777 1509 819 Dei,
1537 786 1575 813 ut
1592 779 1644 812 illi
1660 779 1903 814 assentiamur.

1391 853 1511 887 Altera
1536 865 1615 898 pars
1637 854 1858 887 refutationis
1878 861 1990 888 sumta
2007 861 2058 889 est
2074 866 2114 888 ex
2132 861 2273 888 senten-

1290 905 1335 938 tia
1363 905 1468 946 legis,
1496 911 1529 937 et
1554 906 1741 949 respondet
1765 906 1807 938 ad
1832 907 2040 939 antecedens
2064 906 2274 939 obiectionis

1290 953 1572 989 Pharisaeorum.
1639 954 1712 988 Lex
1743 956 1808 996 ait,
1849 957 2000 989 duorum
2033 956 2273 990 testimonium

1291 1006 1416 1040 valere.
1484 1004 1541 1038 Sic
1567 1005 1660 1038 enim
1685 1006 1801 1050 inquit
1825 1013 1954 1045 textus,
1990 1006 2095 1040 Deut.
2122 1006 2196 1042 19.:
2232 1005 2274 1039 In

1291 1068 1350 1088 ore
1380 1056 1532 1088 duorum
1564 1062 1623 1088 aut
1650 1056 1755 1089 trium
1779 1057 1919 1090 testium
1946 1058 2145 1090 stabiliatur
2168 1069 2274 1090 omne

1291 1106 1453 1139 verbum:
1482 1117 1544 1147 ego
1573 1106 1813 1139 testimouium
1840 1105 2009 1150 perhibeo
2032 1109 2074 1140 de
2098 1108 2273 1147 doctrina,

1291 1164 1323 1190 et
1347 1156 1479 1189 accedit
1506 1155 1745 1190 testimonium
1771 1157 1899 1201 patris,
1935 1169 2015 1201 ergo
2039 1156 2094 1190 his
2118 1158 2276 1191 testimo-

1291 1207 1360 1240 niis
1385 1207 1597 1239 credendum
1624 1214 1683 1239 est.
1744 1206 1877 1250 Arguta
1902 1208 2124 1242 ratiocinatio
2150 1215 2216 1248 est,
2242 1214 2276 1241 et

1291 1258 1427 1296 minor,
1454 1257 1516 1290 etsi
1536 1263 1615 1289 ante
1634 1258 1726 1290 eludi
1747 1264 1896 1301 poterat,
1925 1265 2041 1291 tamen
2058 1270 2153 1292 nunc
2171 1259 2276 1296 valet,

1292 1316 1474 1353 postquam
1502 1307 1539 1339 in
1564 1307 1682 1351 priore
1704 1309 1863 1341 membro
1881 1309 2102 1342 refutationis
2121 1308 2276 1342 ostendIt

1292 1370 1388 1391 suam
1409 1358 1604 1390 doctrinam
1623 1370 1694 1391 esse
1713 1370 1829 1391 veram
1842 1385 1850 1399 ‚
1879 1359 2018 1392 allatam
2037 1371 2054 1392 e
2069 1359 2184 1399 coelo,
2212 1365 2277 1393 etc.

1293 1407 1398 1451 Quod
1423 1414 1538 1441 autem
1563 1408 1629 1441 ait:
1661 1408 1799 1441 Patrem
1825 1410 1944 1443 testari
1969 1410 2010 1442 (le
2025 1420 2116 1446 sese,
2144 1409 2276 1442 intelli-

1291 1466 1392 1501 gatur
1413 1465 1592 1502 utrunque
1618 1459 1820 1502 complecti,
1850 1460 2013 1493 videlicet
2035 1459 2275 1494 testimonium

1292 1509 1390 1542 verbi
1405 1507 1472 1542 Dei
1488 1516 1519 1542 et
1535 1509 1798 1543 miraculorum.

1392 1582 1444 1617 De
1468 1582 1585 1626 priore
1607 1594 1707 1626 saepe
1730 1583 1926 1626 allegantur
1946 1582 2202 1628 Prophetarum
2220 1585 2275 1618 di-

1293 1640 1362 1674 cta,
1397 1641 1428 1667 et
1452 1633 1546 1667 loan.
1564 1632 1598 1665 5.
1626 1634 1758 1667 dictum
1784 1640 1851 1667 est:
1886 1634 2101 1668 Scrutamini
2123 1635 2275 1678 scriptu-

1291 1695 1364 1724 ras,
1400 1684 1493 1727 ipsae
1519 1683 1612 1715 enim
1640 1690 1740 1721 sunt,
1775 1696 1864 1728 quae
1887 1685 2128 1718 testimonium
2155 1682 2276 1729 perbi-

1296 1735 1376 1767 bent
1400 1735 1441 1766 de
1466 1745 1531 1768 me.
1586 1732 1690 1766 Item:
1719 1733 1757 1767 Si
1774 1735 1960 1768 crederetis
1978 1735 2090 1776 Mosi,
2118 1736 2276 1769 credere-

1293 1785 1336 1817 tis
1359 1784 1461 1818 etiam
1479 1781 1587 1823 mihi,
1615 1785 1657 1817 de
1675 1796 1730 1817 me
1748 1785 1840 1817 enim
1860 1785 1920 1817 ille
1936 1786 2083 1829 scripsit.
2134 1786 2277 1829 Allega-

1293 1842 1350 1868 tur
1378 1835 1480 1867 etiam
1513 1835 1751 1867 testimonium
1785 1834 1946 1876 Ioannis,
1980 1836 2035 1868 cui
2063 1842 2199 1869 ostensa
2227 1843 2277 1870 est

1293 1886 1352 1918 illa
1378 1885 1583 1918 admiranda
1609 1885 1792 1925 revelatio,
1820 1886 1857 1917 in
1875 1897 1941 1929 qua
1959 1897 1994 1918 se
2013 1886 2143 1918 visibili
2161 1887 2276 1931 specie

1293 1933 1452 1969 exhibuit
1475 1941 1544 1967 tota
1571 1935 1755 1975 divinitas,
1782 1942 1813 1968 et
1838 1936 1950 1978 palam
1975 1936 2093 1970 sonuit
2115 1937 2158 1969 de
2178 1938 2275 1971 coelo

1293 1998 1358 2019 vox
1376 1985 1507 2019 aeterni
1529 1985 1652 2029 patris,
1677 1986 1835 2019 testantis
1852 1987 1894 2018 de
1913 1986 2003 2019 filio:
2030 1986 2097 2020 Hic
2115 1994 2163 2020 est
2183 1987 2276 2021 filius

1291 2047 1389 2069 meus
1414 2036 1581 2075 dilectus,
1607 2042 1670 2069 etc.
1723 2035 1780 2069 Ad
1805 2034 1888 2069 haec
1910 2037 2107 2070 testimonia
2127 2037 2277 2082 scriptu-

1292 2099 1369 2127 rae,
1395 2093 1427 2120 et
1444 2086 1538 2119 vocis
1551 2086 1712 2130 divinae,
1740 2087 1880 2130 respicit
1896 2094 1928 2120 et
1946 2084 2002 2120 hic
2017 2094 2049 2121 et
2064 2088 2168 2129 alibi,
2195 2101 2276 2122 cum

1292 2137 1358 2177 ait,
1383 2148 1418 2170 se
1442 2137 1585 2169 missum
1611 2149 1683 2169 esse
1708 2149 1726 2170 a
1749 2144 1854 2179 patre.
1910 2137 2000 2171 Sunt
2024 2139 2117 2170 enim
2141 2145 2220 2172 ante
2238 2140 2276 2172 in

1292 2187 1474 2232 scripturis
1498 2194 1530 2220 et
1551 2199 1632 2220 voce
1650 2185 1907 2231 Prophetarum
1926 2195 1957 2222 et
1975 2188 2171 2231 Baptistae,
2199 2190 2274 2222 edi-

1293 2245 1346 2272 tae
1376 2237 1623 2282 promissiones
1656 2239 1698 2270 de
1722 2236 1874 2272 Christo.
1940 2239 2081 2271 Deinde
2112 2251 2191 2272 cum
2219 2238 2273 2274 his

1293 2289 1502 2322 testimoniis
1533 2295 1733 2331 congruunt
1763 2289 1866 2323 etiam
1895 2289 2084 2329 miracula,
2123 2302 2211 2335 quae
2240 2297 2273 2324 et

1292 2340 1382 2372 edita
1411 2346 1509 2378 sunt,
1536 2346 1568 2373 et
1592 2340 1787 2381 allegantur
1812 2351 1829 2371 a
1849 2336 2007 2378 Christo,
2034 2340 2112 2373 ideo
2131 2347 2169 2374 ut
2188 2353 2273 2374 con-

1291 2390 1431 2423 firment
1457 2390 1559 2422 fidem
1585 2390 1741 2434 piorum,
1770 2387 1864 2422 hunc
1888 2401 1959 2422 esse
1976 2389 2141 2423 ‘Messiam
2159 2391 2272 2424 filium

1291 2440 1380 2480 Dei,
1414 2441 1558 2473 missum
1584 2451 1601 2472 a
1628 2446 1723 2483 patre
1747 2439 1841 2472 iuxta
1865 2440 2125 2483 promissiones.
2179 2441 2273 2484 Quia

1291 2488 1374 2523 haec
1397 2491 1563 2523 miracula
1585 2497 1718 2524 constat
1741 2490 1815 2522 fieri
1841 2497 1975 2524 tantum
2003 2491 2121 2524 divina
2145 2499 2272 2535 poten-

1291 2541 1356 2580 tia,
1383 2541 1470 2574 sicut
1495 2541 1567 2584 ipse
1591 2541 1654 2574 ait:
1683 2540 1783 2584 Quae
1806 2547 1903 2585 pater
1928 2541 2031 2581 facit,
2057 2542 2219 2576 similiter
2238 2550 2272 2577 et

1290 2591 1382 2624 filius
1408 2591 1499 2626 facit.
1567 2590 1635 2624 Sed
1660 2592 1702 2624 de
1727 2589 1781 2624 his
1806 2591 2014 2626 testimoniis
2039 2599 2072 2626 et
2093 2593 2196 2635 alibi,
2231 2600 2271 2627 ut

1288 2652 1391 2686 supra
1410 2654 1480 2687 cap.
1496 2639 1531 2676 5.
1549 2641 1681 2676 dictum
1699 2648 1758 2677 est.

2356 74 2411 119 {it
