2415 2942
221 115 316 149 1335

213 200 319 240 ltem,
347 196 531 233 P0.21.25.;
572 197 712 230 Lau-dio
740 196 829 229 iuter
857 196 1062 229 innocentes
1083 208 1207 230 manus

217 263 328 290 ineas,
356 258 386 283 et
413 250 517 282 altare
539 257 637 282 tuum
661 247 886 280 circumdabo
908 246 1069 282 Domine.
1122 245 1208 281 Esse

219 309 334 335 autem
360 312 480 333 verum
507 299 740 332 ministerium
766 297 951 340 Evangelii
977 299 1013 330 in
1043 310 1123 331 vera
1145 297 1211 331 Ec-

220 353 321 386 clesia
340 351 570 384 certissimum
589 356 638 382 est
657 361 695 382 ex
710 349 820 381 dicto:
849 349 1017 382 Ascendit
1036 348 1072 382 in
1091 349 1213 390 altum,

219 403 315 435 dedit
352 403 444 434 dona
481 399 705 442 bominibus,
746 396 960 443 Prophetas,
1007 400 1212 444 ApostOIOS,

219 453 380 486 Pastores
395 460 427 486 et
438 451 607 484 Doctores
627 459 688 483 etr.
723 448 892 492 Ephesios
911 450 944 484 4.
981 449 1100 492 Quare
1119 451 1214 493 apud

222 502 311 537 lianc
344 509 460 536 man-et
486 502 538 534 ius
564 502 774 540 vocationis,
802 501 883 545 quia
910 513 1011 534 verae
1036 499 1215 534 Ecclesiae

223 556 353 587 dictum
373 561 440 587 est:
467 551 649 586 Constitue
670 553 900 596 presbyteros

326 620 525 654 Necessaria
553 627 668 653 aute-n
700 620 853 651 membra
878 619 1115 652 ordinationis
1134 617 1218 652 baec

372 671 517 703 Vocatio
537 672 577 702 ad
599 670 846 709 ministerium,
874 670 1067 712 exploratio
1086 671 1218 703 doctri-

227 736 291 755 nae
305 748 313 761 ,
347 722 502 755 indicare
521 728 660 754 vocatos
678 719 872 760 Ecclesiae,
901 721 1096 763 approbare
1116 733 1218 753 voca-

226 775 378 813 tionem,
410 779 442 805 et
468 772 632 816 precatio.
688 770 770 803 Ideo
795 771 1027 803 certissimum
1048 779 1097 804 est
1122 773 1220 804 ordi-

229 825 407 857 nationem
434 823 609 867 pertinere
633 824 674 854 ad
702 833 818 854 veram
842 820 1052 864 Ecclesiam,
1080 835 1152 855 non
1178 824 1219 856 ad

231 874 349 908 hostes
367 873 553 907 Ecclesiae.

229 679 320 706 sunt.

338 933 496 967 fuerunt
515 940 630 966 autem
655 933 691 965 in
719 939 862 965 externo
889 932 959 965 ritu
986 933 1222 966 ordinationis
1250 960 1253 973 2
1522 959 1529 966 .
1560 960 1567 966 .
2060 960 2068 967 .

1277 966 1371 1004 petat
1387 960 1441 992 vel
1462 966 1605 1003 recipiat
1621 970 1730 999 onuS,
1756 960 1850 1003 quod
1875 966 2016 1003 superat
2035 971 2137 995 Vires,

1251 1021 1253 1045 1
1278 1010 1491 1043 ministratio
1510 1010 1546 1042 in
1564 1009 1720 1043 Ecclesia
1750 1017 1783 1043 et
1809 1010 1846 1042 in
1873 1010 2005 1054 politiis
2023 1011 2098 1043 sine
2112 1010 2184 1043 ulla
2201 1012 2270 1042 du-

233 985 348 1018 statim
382 985 417 1016 in
451 984 557 1017 veteri
584 981 740 1016 Ecclesia
767 983 1004 1024 ceremoniae,
1043 985 1223 1028 impositio

233 1047 403 1069 manuum
421 1042 452 1068 et
470 1035 653 1067 collocatio
670 1034 753 1066 libri
773 1045 876 1077 snpra
895 1042 997 1078 caput
1016 1042 1077 1069 etc.
1120 1034 1224 1068 Talia

235 1088 331 1130 signa
349 1087 426 1119 dico
446 1085 627 1119 mutabilia
656 1097 748 1125 esse,
782 1087 839 1117 sed
867 1093 982 1118 tamen
1006 1099 1084 1118 cum
1105 1086 1140 1118 in
1157 1085 1225 1118 Ec·
1252 1107 1254 1126 =
1278 1113 1382 1146 tenda
1410 1112 1464 1144 vel
1490 1111 1715 1155 recipientis>

1673 1134 1680 1144 1
1704 1139 1710 1144 .

236 1138 339 1171 clesia
357 1138 477 1170 deceat
494 1136 613 1169 omnia
631 1136 704 1168 fieri
723 1136 866 1175 ordine,
891 1147 962 1168 esse
987 1137 1140 1181 aliquem
1160 1149 1225 1181 pu-

236 1189 367 1221 blicum
386 1188 492 1221 ritum
511 1187 745 1220 ordinationis
763 1187 837 1218 sine
853 1187 1116 1228 superstitione,
1141 1188 1226 1220 utile
1254 1214 1255 1219 ,

239 1246 305 1280 est3
345 1241 374 1272 1.
392 1239 446 1271 Ad
466 1236 552 1278 hoc,
579 1244 615 1270 ut
633 1238 741 1280 magis
766 1238 915 1270 illustria
940 1238 1007 1270 sint
1027 1239 1226 1271 testimonia

239 1289 431 1323 vocationis
455 1296 487 1321 et
511 1289 775 1332 approbationis
802 1289 928 1321 vocati.
971 1290 1006 1324 2.
1024 1287 1067 1322 Et
1085 1297 1123 1322 ut
1141 1302 1227 1322 con—

240 1341 408 1384 spiciatur
434 1340 534 1372 cuius
559 1338 734 1372 Ecclesiae
765 1339 960 1371 doctrinam
988 1347 1130 1372 vocatus
1154 1353 1226 1372 am-

240 1393 421 1436 plectatur.
477 1390 510 1423 3.
543 1387 591 1422 Et
621 1396 659 1422 ut
694 1390 741 1421 ibi
779 1390 919 1432 publica
958 1391 1110 1433 precatio
1158 1389 1226 1426 fiat.

241 1443 275 1477 4.
312 1442 458 1474 Prodest
500 1441 603 1474 etiam
639 1438 695 1473 bic
729 1440 801 1483 ipse
839 1440 927 1472 ritus
960 1442 1002 1473 ad
1033 1441 1226 1474 multorum

243 1493 544 1526 confirmationem
563 1518 571 1530 ,
635 1498 671 1523 ut
726 1491 836 1522 sciant
885 1491 938 1523 ius
991 1492 1229 1524 ordinationis

243 1543 417 1588 pertinere
450 1544 493 1575 ad
532 1553 648 1574 veram
680 1540 884 1575 Ecclesiam.
933 1538 968 1575 5.
1005 1540 1048 1575 Et
1076 1543 1229 1585 cogitent

244 1595 302 1639 qui
321 1595 390 1627 sint
415 1604 549 1626 errores
573 1592 865 1624 adversariorum.
910 1591 944 1625 6.
970 1590 1014 1625 Et
1040 1594 1138 1625 cuius
1162 1591 1230 1625 Ec-

245 1646 368 1678 clesiae
410 1644 519 1676 velint
564 1654 634 1675 esse
671 1643 773 1675 cives,
829 1642 864 1677 7.
896 1641 1058 1687 Denique
1090 1644 1230 1687 vmultae

246 1703 325 1730 sunt
346 1695 531 1733 utilitates,
563 1707 641 1726 cum
659 1694 734 1727 sine
759 1693 934 1727 calumnia
953 1701 985 1727 et
1010 1694 1083 1727 sine
1110 1706 1231 1739 super-

245 1748 388 1782 stitione
406 1746 592 1780 iudicatur.

347 1805 442 1839 Haec
460 1806 502 1837 de
520 1804 704 1838 vocatione
722 1811 752 1838 et
769 1802 994 1837 ordinatione
1012 1804 1054 1836 ad
1077 1804 1232 1838 iuniores

246 1856 612 1891 commonefaciendos
631 1856 720 1888 dicta
738 1862 828 1888 sunt.

347 1916 556 1960 Disputatur
587 1913 645 1948 hic
671 1921 702 1948 et
728 1915 771 1947 de
793 1914 1005 1953 ambitione,
1043 1925 1087 1946 an
1119 1921 1235 1957 peccet

249 1975 369 2012 petens
402 1967 556 1999 officium
588 1966 762 2009 pastoris?
816 1964 1053 2008 Respondent
1096 1963 1233 2006 Duplex

249 2026 296 2052 est
317 2018 450 2062 petitio.
503 2016 622 2050 Altera
640 2023 690 2049 est
708 2017 762 2060 pia
776 2043 783 2056 ‚
813 2028 900 2060 quae
917 2017 962 2049 ita
981 2017 1028 2057 fit,
1057 2023 1092 2047 ut
1110 2016 1233 2048 offeras

249 2078 327 2103 tuos
345 2071 501 2111 labores,
528 2074 559 2100 et
583 2065 708 2100 habeas
735 2065 949 2111 προαίρεσιν
968 2075 1058 2100 recte
1083 2066 1235 2099 faciendi

249 2120 422 2160 officium,
451 2126 481 2152 et
508 2118 678 2151 iudicium
700 2119 741 2150 de
760 2125 792 2151 te
814 2118 993 2161 permittas
1017 2118 1058 2150 iis
1086 2117 1145 2162 qui
1171 2119 1235 2149 ad-

249 2169 436 2211 hibentur,
465 2182 527 2202 nec
543 2180 676 2213 pugnes
699 2169 830 2201 illicitis
856 2169 982 2203 modis.
1036 2168 1130 2201 Haec
1148 2168 1234 2211 peti-

248 2223 297 2256 tio
315 2222 453 2255 laudata
473 2228 521 2254 est
540 2232 558 2253 a
576 2219 686 2253 Paulo
708 2220 746 2252 in
765 2218 830 2252 hoc
850 2220 958 2253 dicto:
987 2218 1025 2253 Si
1051 2220 1129 2265 quis
1149 2217 1235 2262 Epi-

247 2273 342 2316 scopi
358 2271 576 2305 functionem
598 2270 743 2314 expetit,
771 2268 958 2303 honestum
984 2282 1072 2314 opus
1096 2270 1235 2313 expetit.

245 2322 382 2357 Laudat
399 2323 616 2356 voluntatem
636 2321 803 2365 petentis,
832 2328 864 2354 et
882 2321 1168 2358 commonefacit,
1197 2328 1236 2355 ut

247 2374 363 2418 operis
394 2373 676 2416 magnitudinem
709 2373 932 2406 consideret:
971 2372 1059 2406 sicut
1086 2372 1235 2404 manife-

249 2431 341 2458 stum
366 2431 437 2468 est,
473 2435 528 2457 res
554 2423 766 2456 difficilimas
790 2434 861 2456 esse
886 2423 1152 2466 explicationem
1171 2423 1234 2455 do-

246 2476 394 2516 ctrinae,
419 2474 722 2518 gubernationem,
751 2474 1098 2518 circumspectionem
1115 2485 1234 2507 neces—

246 2526 374 2560 sariam
393 2527 435 2559 ad
454 2526 597 2558 vitanda
615 2526 787 2559 scandala.

345 2583 420 2620 Nec
444 2585 614 2618 iniustum
638 2592 687 2617 est
704 2592 866 2629 appetere
885 2586 1078 2617 mercedem
1096 2596 1159 2618 suo
1176 2596 1234 2618 or-

243 2636 339 2671 dine.
367 2634 515 2670 Aetatis
528 2634 650 2679 petitio
668 2647 739 2668 non
758 2636 905 2678 impedit
923 2636 1154 2674 vocationem,
1172 2636 1231 2668 sed

240 2688 357 2730 potius
389 2687 498 2730 gratia
525 2687 672 2720 debetur
700 2687 850 2731 petenti,
894 2688 991 2732 quod
1020 2698 1056 2720 se
1088 2686 1231 2729 indicat,

839 109 964 147 PtttL.
994 108 1108 145 MEL.
1135 109 1345 146 SCRIPTA
1374 109 1674 147 EXEGETICA.

2155 113 2253 148 1536

1264 197 1345 242 quia
1377 194 1415 230 bi
1442 197 1502 242 qui
1533 203 1699 239 praesunt
1731 208 1803 230 non
1844 205 1976 232 norunt
2009 206 2078 232 tam
2111 199 2256 240 multos,

1265 261 1368 293 quam
1387 248 1506 281 multis
1523 259 1612 292 opus
1633 254 1683 281 est
1707 249 1750 281 ad
1769 247 2018 284 ministerium.
2071 249 2174 282 Tunc
2192 262 2258 282 au—

1266 306 1333 332 tem
1351 299 1481 332 dicitur
1497 299 1633 332 vocatio
1652 299 1740 332 facta
1766 310 1856 341 esse,
1887 312 1966 334 cum
1991 300 2134 334 accessit
2161 300 2257 333 iudi-
2301 298 2304 300 ’

1267 351 1360 383 cium
1380 356 1411 382 et
1430 350 1636 394 approbatio
1656 350 1826 385 vocantis.

1371 400 1451 433 Alia
1477 401 1598 443 petitio
1623 400 1807 434 ambitiosa
1834 407 1904 440 est,
1948 412 2037 446 quae
2061 401 2107 434 ita
2130 401 2187 441 fit,
2221 408 2262 436 ut

1269 451 1440 484 iudicium
1459 451 1638 495 impediat,
1663 458 1693 484 et
1714 458 1845 494 pugnet
1862 452 1995 485 illicitis
2012 452 2136 485 modis.
2164 451 2261 486 Haec

1269 502 1416 535 ambitio
1436 509 1567 545 pugnat
1586 515 1663 536 cum
1690 503 1894 541 vocatione,
1922 503 2004 547 quia
2029 509 2176 536 conatur
2193 504 2262 536 im-

1244 573 1246 601 3
1270 554 1390 597 pedire
1408 553 1592 594 iudicium,
1621 554 1713 597 quod
1732 554 1772 585 ad
1792 553 2010 587 vocationem
2028 554 2263 587 necessarium

1245 607 1247 617 ³
1272 611 1336 637 est:
1373 610 1404 636 et
1429 611 1644 637 concurrunt
1671 604 1778 636 multa
1805 604 1910 645 vitia,
1944 616 2017 636 non
2041 611 2264 648 quaeruntur

1273 655 1430 692 labores,
1473 656 1531 687 sed
1557 655 1688 687 reditus
1711 661 1768 687 aut
1795 655 1976 700 splendor.
2037 654 2127 689 Sunt
2148 662 2263 688 autem

1274 706 1561 749 perniciosissimi
1592 706 1704 746 sures,
1748 706 1808 749 qui
1844 706 1973 739 omisso
2008 705 2129 739 labore
2158 707 2266 739 devo-

1275 763 1353 789 rant
1386 757 1536 796 redituS,
1582 757 1679 789 etde
1710 757 1872 800 superbia
1908 757 2040 790 dictum
2072 764 2138 797 est,
2176 755 2266 789 Pro-

1276 809 1369 841 vcrb.
1394 807 1465 839 16.:
1507 806 1735 840 Abominatio
1759 816 1809 840 est
1833 819 1949 840 coram
1966 806 2042 840 Deo
2065 807 2179 841 omnis
2205 819 2266 841 su-

1250 898 1251 904 *
1277 859 1405 902 perbus
1423 858 1539 891 corde.

1378 907 1446 941 Hic
1473 915 1505 942 et
1521 907 1720 951 argumenti
1739 909 1923 952 explicatio
1949 915 2033 942 nota
2058 909 2120 949 sit,
2155 908 2267 943 Nemo

2191 958 2269 992 Ad-

1278 1062 1449 1095 bitatione
1467 1068 1607 1105 superat
1625 1061 1715 1093 vires
1729 1058 1922 1101 humanas,
1948 1059 2042 1104 Ergo
2059 1073 2132 1094 non
2146 1068 2194 1094 est
2208 1072 2270 1104 pe-

1775 1110 1988 1154 Respondeo
2014 1113 2056 1145 ad
2080 1111 2271 1145 maiorem:

1278 1163 1390 1196 Nemo
1412 1169 1502 1206 petat
1521 1163 1574 1195 vel
1598 1163 1761 1206 recipiat,
1786 1175 1865 1195 cum
1885 1174 1957 1195 non
1977 1163 2107 1196 accedit
2124 1163 2272 1196 vocatio.

1282 1213 1384 1247 ltem:
1421 1214 1534 1246 Nemo
1561 1220 1654 1257 petat
1685 1213 1739 1245 vel
1773 1213 1918 1257 recipiat
1950 1213 2075 1246 fiducia
2107 1214 2181 1254 sui,
2211 1213 2272 1246 sed

1280 1277 1358 1298 cum
1384 1265 1523 1297 accessit
1550 1264 1704 1304 vocatio,
1741 1264 1808 1297 iam
1839 1264 2097 1298 administratio
2121 1265 2158 1297 fit
2183 1275 2272 1308 opus

1280 1315 1501 1349 obedientiae
1518 1314 1593 1348 Deo
1614 1315 1769 1353 debitae,
1798 1321 1828 1347 et
1849 1315 1882 1347 id
1900 1315 2100 1348 faciendum
2115 1321 2166 1349 est
2180 1315 2271 1348 fidu-

1280 1367 1332 1399 cia
1357 1366 1478 1399 auxilii
1505 1366 1636 1407 divini,
1679 1372 1712 1399 et
1738 1366 1775 1398 in
1801 1365 1980 1409 agnitione
2012 1372 2045 1400 et
2077 1366 2273 1399 invocatio-

1283 1429 1326 1449 ne
1349 1415 1426 1450 Dei.

1383 1466 1522 1500 Deinde
1555 1467 1597 1500 ad
1628 1467 1802 1500 minorem
1841 1467 2054 1510 respondeo:
2105 1465 2273 1500 Admini-

1282 1518 1404 1552 stratio
1421 1525 1560 1561 superat
1576 1517 1666 1550 vires
1683 1516 1874 1556 humanas,
1910 1518 1948 1550 id
1971 1529 2092 1550 verum
2118 1523 2186 1556 est,
2212 1517 2272 1550 sed

1282 1569 1319 1602 fit
1340 1569 1516 1612 possibilis
1533 1575 1565 1601 et
1583 1569 1699 1601 efficax
1716 1569 1790 1602 Deo
1810 1568 1961 1601 iuvante.
2015 1566 2068 1601 Ac
2085 1567 2159 1601 vult
2177 1565 2273 1601 Deus

1283 1617 1350 1652 hoc
1373 1620 1477 1652 modo
1505 1619 1668 1661 colligere
1692 1618 1883 1652 Ecclesiam
1908 1630 1992 1650 voce
2018 1618 2273 1659 ministrorum,

1284 1671 1371 1703 sicut
1397 1670 1513 1715 inquit
1535 1669 1665 1702 Paulus
1693 1671 1724 1705 1.
1743 1668 1879 1704 Corint.
1898 1669 1949 1702 3.:
1978 1667 2043 1701 Dei
2069 1676 2272 1711 cooperato-

1286 1733 1339 1754 res
1361 1732 1498 1760 sumus,
1532 1718 1597 1753 Dei
1623 1719 1835 1763 agricultura
1871 1720 1970 1758 estis,
2007 1718 2083 1762 Ego
2105 1719 2274 1762 plantavi,

1286 1772 1415 1815 Apollo
1445 1771 1590 1814 rigavit,
1622 1770 1719 1804 Deus
1745 1772 2000 1803 incrementum
2031 1771 2138 1804 dedit.
2201 1770 2273 1804 Nee

1286 1822 1499 1867 requiritur,
1526 1829 1563 1855 ut
1580 1834 1645 1854 nos
1661 1822 1726 1865 ipsi
1743 1822 1952 1855 sufficientes
1967 1821 2076 1854 simus
2088 1849 2096 1860 ,
2123 1822 2181 1854 sed
2200 1821 2274 1854 suf-

1286 1874 1436 1907 ficientia
1466 1880 1586 1906 nostra
1620 1885 1668 1910 ex?
1685 1873 1758 1906 Deo
1788 1880 1855 1912 est,
1886 1874 1919 1907 2.
1945 1870 2107 1905 Corinth.
2128 1872 2162 1907 3.
2205 1871 2275 1906 Sed

1288 1923 1354 1957 hoc
1377 1924 1586 1969 requiritur,
1626 1924 1744 1956 fideles
1770 1930 1808 1956 ut
1834 1923 1959 1962 simus,
1996 1925 2026 1957 1.
2052 1921 2214 1956 Corinth.
2240 1922 2276 1956 4.

1287 1975 1454 2008 Fidelitas
1479 1982 1595 2008 autem
1623 1975 1867 2017 complectitur
1898 1974 2025 2006 bonam
2057 1974 2276 2007 voluntatem

1288 2034 1319 2060 et
1338 2038 1409 2059 non
1427 2026 1607 2068 ignavam,
1634 2027 1690 2057 sed
1711 2026 1802 2058 bona
1821 2024 2033 2058 conscientia
2052 2031 2277 2069 quaerentem

1289 2089 1342 2110 res
1369 2078 1579 2110 necessarias
1610 2076 1972 2115 administrationem,
1999 2075 2279 2109 scilicetmedio-

1289 2140 1380 2160 crem
1404 2128 1640 2171 cognitionem
1671 2127 1872 2165 doctrin-ie,
1913 2127 2150 2169 diligentiam,
2192 2139 2278 2160 con-

1287 2179 1450 2212 stantiam
1477 2179 1514 2210 in
1536 2178 1754 2211 confessione
1777 2185 1809 2211 et
1836 2177 1965 2209 similes
1989 2178 2155 2218 virtutes,
2189 2189 2275 2223 qua-

1289 2241 1366 2263 rum
1384 2229 1577 2271 catalogum
1593 2227 1659 2261 boc
1677 2230 1712 2261 in
1730 2229 1806 2261 loco
1823 2227 1952 2261 Paulus
1969 2234 2135 2261 recenset.

1392 2279 1499 2322 Quod
1516 2281 1649 2324 placeat
1666 2278 1740 2313 Deo
1758 2279 1892 2312 vocatio
1909 2291 1968 2312 seu
1992 2278 2112 2312 electio
2131 2290 2191 2322 per
2208 2276 2274 2312 ho-

1289 2331 1401 2364 mines
1417 2331 1522 2369 facta,
1551 2337 1583 2364 et
1601 2331 1694 2375 quod
1722 2329 1956 2363 ministerium
1982 2341 2043 2373 per
2060 2329 2144 2362 tales
2163 2330 2207 2364 sit
2225 2331 2275 2363 ef-

1288 2382 1385 2421 ficax,
1413 2379 1496 2414 hinc
1513 2382 1735 2415 manifestum
1752 2389 1812 2422 est,
1834 2380 1915 2426 quia
1934 2379 2064 2413 Paulus
2083 2380 2179 2413 iubet
2196 2381 2277 2424 eligi

1287 2433 1487 2471 ministros,
1515 2441 1547 2466 et
1572 2439 1689 2466 narrat
1713 2432 1831 2477 quales
1861 2431 1929 2463 sint
1956 2431 2130 2473 eligendi,
2162 2432 2231 2464 iam
2248 2431 2278 2464 si

1288 2484 1386 2516 nulla
1415 2495 1475 2527 per
1503 2481 1666 2515 homines
1689 2483 1845 2516 facienda
1875 2488 1962 2514 esset
1992 2482 2133 2522 electio,
2168 2494 2276 2527 quor-

1287 2545 1363 2567 sum
1389 2541 1588 2578 opusesset
1612 2535 1749 2567 tradere
1771 2534 1941 2573 formam,
1971 2533 2090 2577 quales
2115 2532 2186 2567 sint
2212 2533 2276 2566 eli-

1287 2585 1406 2628 gendi.

1388 2635 1570 2670 Caeterum
1591 2636 1632 2669 de
1647 2636 1759 2668 forma
1777 2631 1842 2667 hac
1858 2634 2008 2667 sciamus
2025 2641 2189 2678 oportere
2203 2633 2277 2668 sin-

1285 2687 1383 2730 gulos
1403 2685 1565 2721 homines
1590 2687 1676 2732 scire
1703 2697 1873 2720 summam
1893 2685 2094 2724 doctrinae,
2125 2697 2212 2731 quae
2233 2686 2277 2719 sit

2378 2616 2386 2633 (Ι
