2415 2942
58 113 133 150 269
456 111 538 147 ΧΗ.

27 188 31 220 Ῐ
64 212 118 233 me
143 206 368 232 contemnere
384 199 564 232 ministros
578 199 773 242 Evangelii,
801 205 834 232 et
851 199 965 241 ipsum
984 200 1053 232 mi-

29 273 31 275 -
63 251 269 290 nisterium,
297 251 386 283 sicut
405 249 537 283 Paulus
554 250 686 294 inquit:
721 249 912 292 Apostolos
930 247 1053 282 haberi

21 321 27 327 ν
62 314 126 346 pro
144 300 378 342 catharmatis‚
399 313 468 345 quo
484 298 576 333 nihil
593 300 830 333 detestabilius
847 300 916 332 dici
929 306 1052 342 potest.

20 357 25 376 ν’
64 351 243 386 Adversus
284 349 368 384 haec
412 352 520 394 impia
562 351 691 383 iudicia
729 350 854 383 mundi
889 347 1051 383 Christus
1077 371 1079 389 ,ι

64 403 246 436 confirmat
270 415 333 434 nos
359 402 479 435 multis
503 402 621 442 dictis,
654 413 692 433 ac
715 400 885 444 praecipit
901 407 940 433 ut
956 412 1051 433 ame-
1076 423 1078 430 ⁴

63 465 160 491 mus,
188 465 226 486 ac
251 460 411 486 tueamur
429 452 611 494 Evangelii
637 451 838 488 ministros,
872 457 912 484 ut
932 450 1050 483 Lucae

65 504 142 539 10.:
179 502 249 546 Qui
273 516 330 536 vos
348 503 462 543 audit,
497 515 552 535 me
576 502 693 539 audit,
730 501 791 546 qui
819 512 880 533 vos
905 502 1050 544 spernit,

62 567 117 587 me
140 554 284 598 spernit,
342 554 387 587 Et
406 550 533 586 Matth.
559 553 631 586 lO.:
665 551 737 594 Qui
760 552 896 585 dederit
924 559 1047 595 potum

62 617 172 650 aquae
197 605 258 637 uni
280 616 318 637 ex
346 604 501 636 minimis
530 603 622 643 istis,
667 610 812 646 propter
841 603 1050 643 doctrinam,

13 670 16 675 ·
62 667 163 688 amen
184 655 262 688 dico
282 656 399 695 vobis,
426 666 499 686 non
515 655 634 697 perdet
652 655 847 686 mercedem
866 665 965 686 suam
979 677 987 691 ‚
1016 660 1050 687 et

63 708 94 740 1.
109 707 151 738 ad
169 703 312 737 Thessa.
326 706 390 738 ult.
409 704 552 738 dicitur:
588 703 659 737 Eos
675 704 736 749 qui
755 711 922 747 praesunt
947 703 1048 736 vobis

59 757 96 788 in
114 756 278 795 domino,
312 755 447 797 diligite
470 753 696 795 excellenter,
726 762 869 798 propter
893 754 1047 787 officium

60 808 153 852 quod
178 812 314 849 gerunt.
371 805 480 839 Norat
506 805 636 839 Paulus
663 817 784 838 sensus
808 805 946 849 populi,
987 805 1049 849 qui

59 857 161 891 facile
190 857 324 890 fastidit
353 857 531 894 doctores,
577 863 610 889 et
634 856 781 894 [levibus
807 856 1049 889 occasionibus

58 907 205 947 oblatis,
232 919 290 940 eos
312 907 458 945 excutit,
492 907 661 940 adversus
685 905 768 940 haec
794 906 932 939 fastidia
950 905 1045 940 Pau-
1074 922 1075 927 ¹

58 960 113 992 lus
143 958 261 991 studet
292 958 440 991 excitare
473 964 508 991 et
545 958 752 990 confirmare
789 957 1047 994 benevolentia,

58 1021 147 1054 quae
171 1020 245 1040 non
269 1009 383 1041 solum
410 1020 483 1041 non
506 1008 659 1042 admittit
685 1009 813 1041 iniusta
839 1008 938 1048 odia,
985 1009 1044 1040 sed

57 1061 162 1094 etiam
179 1059 294 1104 aliqua
314 1059 403 1092 levia
427 1059 650 1091 incommoda
675 1059 711 1091 in
728 1059 933 1092 doctoribus
957 1065 1047 1091 recte

57 1109 275 1150 docentibus,
303 1117 335 1144 et
350 1110 425 1142 sine
443 1110 664 1152 turpitudine
685 1110 889 1142 viventibus
910 1109 1047 1152 placide

58 1162 203 1199 tolerat,
232 1167 264 1193 et
288 1162 461 1193 condonat
491 1160 663 1193 functioni
690 1168 720 1194 et
743 1160 922 1193 communi
948 1167 1045 1193 tran·
1072 1204 1074 1208 V

59 1211 236 1257 quillitati.
291 1210 386 1244 Haec
403 1211 513 1242 officia
534 1211 586 1253 pia
605 1222 683 1252 erga
708 1211 888 1243 ministros
914 1210 1046 1252 signifi-

59 1269 182 1296 cantur
197 1269 375 1304 uugueuto
400 1262 436 1293 in
454 1262 558 1303 pedes
583 1261 702 1294 effuso.

58 1312 213 1347 Ecclesia
247 1313 401 1345 auditrix
432 1312 532 1354 ungit
568 1313 689 1354 pedes,
732 1311 768 1344 id
794 1319 862 1351 est,
894 1312 988 1344 fovet
1013 1318 1045 1343 et

58 1371 177 1397 tuetur
216 1363 396 1395 ministros
417 1360 622 1404 Evangelii,
665 1369 697 1395 et
730 1362 967 1394 ministerium
1000 1362 1043 1393 ad

57 1414 171 1448 studia
188 1413 368 1446 doctrinae
388 1412 554 1452 coelestis,
582 1411 896 1452 utConstantinus,
923 1409 1044 1444 Theo-

57 1465 193 1502 dosius,
222 1471 253 1497 et
274 1464 372 1506 pauci
391 1463 450 1496 alii
469 1464 514 1506 pii
533 1465 785 1505 gubernatores
801 1463 983 1502 foverunt,
1011 1469 1044 1495 et

56 1523 217 1550 texerunt
233 1516 403 1553 doctores,
428 1520 460 1546 et
479 1515 592 1547 studia
611 1515 805 1553 doctrinae,
834 1514 867 1545 id
887 1514 1042 1546 officium

57 1567 214 1610 exemplo
241 1563 345 1598 liuius
370 1562 538 1597 historiae
561 1562 723 1598 Christus
749 1562 812 1596 hac
838 1564 1043 1597 laudatione

55 1618 158 1651 uobis
191 1617 424 1650 commendat.
485 1614 529 1648 Et
554 1627 592 1648 ex
618 1613 684 1648 boc
714 1621 894 1657 unguento
926 1615 1043 1646 suavis

51 1660 143 1701 odor
163 1675 194 1700 et
219 1666 408 1708 fragrantia
437 1665 473 1697 in
502 1672 610 1698 totam
644 1666 789 1698 domuin
820 1665 1043 1705 diffunditur,

58 1721 90 1752 id
111 1725 177 1757 est,
211 1715 444 1757 Evangelium
470 1716 574 1749 latius
597 1723 829 1759 propagatur,
864 1716 1043 1758 colligitur

55 1768 229 1808 Ecclesia,
256 1767 377 1800 crescit
401 1778 481 1800 vera
500 1766 677 1799 invocatio
695 1765 780 1807 Dei,
808 1773 841 1800 et
864 1766 951 1799 aliae
969 1767 1041 1800 vir-

56 1827 157 1854 tutes.

267 1898 451 1936 Postridie
469 1899 578 1933 turba
596 1898 715 1933 multa
728 1928 736 1941 ,
765 1905 825 1936 etc.

155 1969 307 2015 Aliquae
324 1976 405 2002 sunt
426 1969 462 2001 in
479 1967 674 2010 Evangelio
699 1980 864 2011 pompae,
892 1976 931 2002 ut
956 1982 1041 2003 con-

54 2029 178 2056 ventus
195 2021 433 2064 Angelorum,
461 2018 664 2059 Pastorum,
692 2018 893 2060 Magorum,
921 2032 1041 2053 recens

55 2081 138 2106 nato
160 2070 321 2110 Christo,
357 2072 438 2103 item
466 2070 625 2102 miranda
652 2069 819 2102 revelatio
843 2071 1040 2104 divinitatis

56 2126 92 2158 in
124 2124 300 2167 baptismo
324 2119 458 2155 Christi
483 2128 516 2154 et
538 2120 736 2154 testimonia
762 2120 923 2163 Ioannis,
955 2122 1039 2155 item

54 2185 244 2209 concursus
263 2173 304 2205 ad
322 2171 619 2205 resuscitationem
635 2170 771 2205 Lazari.
827 2171 912 2205 ltem
930 2174 1038 2205 corni-

51 2233 142 2260 tatus
160 2224 280 2269 populi
308 2223 484 2268 sequentis
498 2220 697 2262 Christum,
737 2229 769 2256 et
793 2223 824 2255 ei
850 2235 1039 2256 occurren-

51 2277 96 2312 tis
115 2289 192 2309 cum
210 2274 397 2308 frondibus
417 2274 612 2316 palmarum
630 2279 663 2305 ct
680 2273 794 2314 oleae,
818 2274 901 2307 item
919 2286 1038 2307 ascen-

53 2328 103 2361 sio
133 2325 267 2360 Christi
298 2325 335 2357 in
366 2324 514 2357 coelum.
573 2322 649 2356 Hae
677 2336 826 2367 pompae
849 2332 881 2357 et
907 2325 1037 2358 similes

54 2390 173 2411 omnes
196 2375 327 2410 habent
356 2387 462 2408 unam
497 2386 653 2414 causam,
688 2376 782 2418 quod
805 2374 900 2408 Deus
925 2376 1037 2410 voluit

53 2435 167 2461 extare
183 2435 272 2461 certa
291 2434 322 2459 et
340 2426 520 2459 manifesta
545 2425 767 2468 testimonia,
802 2438 890 2470 quae
919 2434 1036 2460 osten..

54 2479 174 2511 derent
189 2476 367 2511 Christum
383 2477 492 2509 filium
512 2475 707 2508 exhibitum
728 2487 810 2508 esse.
845 2476 922 2509 Etsi
940 2478 1033 2510 enim

54 2526 182 2562 Christi
199 2530 284 2562 sacta
303 2541 374 2561 non
394 2529 443 2560 sic
466 2527 653 2560 incurrunt
673 2527 709 2558 in
724 2527 882 2559 omnium
902 2529 1033 2569 oculos,

49 2586 88 2613 ut
100 2578 300 2616 Alexandri,
327 2586 386 2612 aut
401 2577 438 2612 C.
448 2577 605 2611 Caesaris
620 2577 857 2620 expeditiones
874 2579 1033 2612 omnium

51 2630 205 2672 gendum
221 2630 328 2662 oculis
347 2636 558 2667 cernuntur,
584 2628 745 2661 omnium
773 2641 856 2661 voce
874 2636 906 2662 et
923 2629 1033 2663 literis

52 2680 290 2719 celebrantur,
323 2687 439 2714 tamen
466 2679 560 2713 Deus
583 2691 654 2712 non
679 2680 752 2713 vult
777 2679 932 2723 ignorari
950 2693 1032 2723 sese,

589 110 882 148 ENARRATIO
911 112 960 148 1N
988 111 1173 151 EVANG.
1200 111 1415 152 lOANNIS.
1473 116 1577 154 CAP.
1604 117 1689 153 XIIa

756 1260 894 1299 lssaria,
929 1261 963 1293 id
985 1269 1045 1298 est,
1071 1281 1073 1300 5

1109 212 1171 233 nec
1204 211 1285 234 suas
1307 202 1539 236 revelationes
1564 204 1639 237 sine
1670 205 1882 239 testimoniis
1902 208 2035 250 magnis
2061 216 2094 242 et

1108 251 1210 284 certis
1227 253 1413 296 proponit,
1443 255 1517 287 vult
1535 255 1637 287 fidem
1665 268 1738 288 non
1764 268 1835 289 esse
1853 258 1997 290 dubiam
2016 259 2093 300 opi-

1107 301 1266 343 inionem,
1295 304 1353 335 sed
1373 305 1474 337 certis
1492 305 1700 338 testimoniis
1717 319 1895 340 accensam
1913 315 1945 341 et
1963 310 2092 341 coufir-

1107 358 1234 384 matam
1252 363 1336 392 esse,
1364 353 1444 385 ideo
1463 363 1543 388 sunt
1559 357 1651 389 edita
1671 357 1851 397 miracula,
1868 371 1956 402 quae
1973 367 2092 392 osten-

1105 402 1229 434 derent
1260 404 1491 445 praesentiam
1524 413 1669 439 naturae
1701 409 1973 451 omnipotentis,
2011 417 2093 443 suut

1104 451 1216 484 additi
1234 459 1444 495 spectatores
1461 462 1494 487 et
1511 462 1612 488 testes
1629 457 1750 497 multi,
1779 466 1817 491 ut
1843 460 1878 491 in
1899 461 2092 499 nativitate,

1104 502 1298 545 baptismo,
1326 504 1531 537 ascensione
1549 503 1692 541 Christi.
1748 507 1788 540 ln
1807 507 1868 541 has
1888 511 2092 553 patefactio—

1104 564 1165 584 nes
1189 564 1327 596 semper
1351 554 1388 586 in
1416 555 1640 588 invocatione
1673 557 1892 597 intueamur,
1936 573 1979 593 ne
2003 562 2092 595 sicut

1103 600 1337 636 Ethnicorum
1362 605 1472 637 animi
1497 607 1716 649 vagabantur
1738 609 1938 643 dubitantes
1949 609 1964 656 ,l
1993 613 2093 655 quid,

1103 665 1166 685 cur
1196 653 1424 696 invocarent,
1466 668 1511 688 an
1537 659 1805 699 exaudirentur,
1850 660 1896 692 ita
1924 667 1956 692 et
1981 663 2092 694 nostri

1103 710 1293 746 vagentur,
1327 712 1360 738 et
1375 706 1539 740 amittant
1557 706 1692 747 Deum,
1724 721 1806 752 ergo
1834 710 1935 742 illum
1964 718 2093 744 statuas

1104 765 1183 786 vere
1212 766 1284 787 esse
1303 754 1437 794 Deum,
1471 764 1652 790 aeternum
1681 767 1834 802 patrem,
1871 762 2092 794 conditorem

1103 817 1243 845 rerum,
1271 818 1349 839 curn
1364 807 1437 839 filio
1458 806 1535 840 Iesu
1552 806 1716 849 Christo,
1745 816 1776 842 et
1793 810 1947 853 Spiritu,
1975 812 2036 857 qui
2059 825 2092 844 se

1103 856 1265 899 patefecit
1288 857 1394 890 misso
1421 855 1486 890 hoc
1510 858 1601 899 filio,
1626 867 1709 893 nato
1736 872 1776 893 ex
1794 861 1947 902 virgine,
1975 863 2090 896 cruci-

1102 907 1168 938 fixo
1187 913 1222 940 et
1237 908 1441 948 rsuscitato‚
1470 915 1503 942 et
1521 922 1625 954 quem
1642 922 1768 953 magna
1794 913 1985 945 multitudo
2006 914 2093 947 vidit

1103 968 1266 990 revocare
1296 957 1468 991 Lazarum
1493 971 1533 992 ex
1568 967 1680 994 morte
1713 968 1777 994 etc.
1847 962 1926 995 Non
1964 965 2093 1005 cogites

1103 1006 1221 1040 Deum
1245 1008 1350 1041 inane
1376 1021 1508 1042 nomen
1532 1022 1623 1051 esse,
1659 1023 1721 1044 nec
1747 1023 1782 1044 se
1807 1013 1935 1047 frustra
1962 1015 2093 1056 patefe-

1101 1058 1207 1098 cisse,
1236 1060 1295 1091 sed
1313 1059 1392 1093 ideo
1413 1072 1447 1092 se
1462 1061 1672 1103 patefecisse,
1700 1070 1738 1096 ut
1753 1069 1939 1097 testaretur
1953 1076 1988 1097 se
2006 1077 2089 1098 vere

1104 1109 1191 1140 velle
1207 1111 1383 1143 exaudire.
1435 1109 1511 1144 Hac
1526 1112 1653 1144 fiducia
1676 1114 1817 1145 accedas
1843 1115 1884 1145 ad
1911 1112 2005 1146 hunc
2032 1128 2091 1159 pa-

1101 1159 1261 1191 tefactum
1285 1159 1421 1199 Deum,
1462 1169 1495 1194 et
1523 1162 1712 1205 experieris
1738 1164 1969 1206 precationem
1996 1171 2091 1198 tuam

1101 1222 1173 1241 non
1198 1210 1273 1242 fore
1299 1211 1448 1245 irritam.
1503 1211 1663 1244 Primum
1687 1213 1793 1254 igitur
1817 1214 1851 1245 iu
1881 1213 1943 1247 hac
1969 1228 2092 1248 narra-

1100 1260 1217 1300 tione,
1245 1272 1305 1293 sen
1324 1261 1361 1293 in
1380 1273 1506 1305 pompa
1526 1262 1702 1305 ingressus
1720 1264 1755 1295 in
1773 1265 1894 1296 urbem
1914 1264 2090 1312 lerosoly-

1100 1322 1210 1351 mam,
1246 1308 1313 1344 hoc
1337 1312 1563 1355 praecipuum
1591 1314 1777 1346 consilium
1799 1313 1861 1346 Dei
1887 1317 2091 1350 memineri-

1098 1372 1196 1400 muS,
1222 1363 1317 1406 quod
1334 1362 1408 1396 vult
1425 1370 1541 1397 extare
1558 1363 1777 1406 testimonia,
1812 1367 1906 1410 quod
1933 1378 1968 1399 se
1995 1375 2091 1412 pate-

1098 1411 1231 1446 fecerit.

1203 1461 1341 1496 Deinde
1358 1463 1430 1507 ipsa
1447 1477 1574 1509 pompa
1595 1466 1709 1509 imago
1734 1474 1783 1500 est
1803 1468 2004 1501 dulcissima
2022 1468 2091 1501 Er-

1098 1513 1233 1548 clesiae.
1288 1513 1526 1549 Personarum
1545 1529 1670 1559 genera
1689 1526 1838 1562 quatuor
1856 1528 1956 1559 snut,
1984 1517 2089 1554 ([11ΐὶ-

1098 1570 1189 1603 stus,
1222 1564 1405 1608 Apostoli,
1440 1568 1591 1610 populus
1616 1570 1780 1611 credens,
1829 1576 1860 1602 et
1884 1571 2088 1605 adversarii.

1098 1613 1144 1646 Hi
1168 1616 1296 1655 gradus
1323 1627 1460 1659 semper
1487 1618 1522 1649 in
1542 1617 1699 1651 Ecclesia
1722 1620 1969 1653 considerandi
1995 1629 2088 1659 sunt,

1097 1663 1260 1698 Christus
1290 1666 1383 1699 filius
1409 1667 1475 1700 Dei
1500 1669 1624 1701 missus
1656 1676 1723 1708 est,
1764 1677 1800 1702 ut
1828 1670 1923 1703 fieret
1948 1672 2087 1704 victima

1098 1728 1160 1759 pro
1187 1714 1411 1756 homiuibus,
1452 1720 1512 1751 dat
1539 1717 1770 1761 Evangelium
1796 1732 1876 1753 suae
1900 1719 2088 1762 Ecclesiae,

1097 1773 1130 1799 et
1144 1767 1367 1801 credentibus
1381 1770 1490 1802 donat
1507 1770 1748 1802 remissionem
1770 1779 2002 1814 pcccatorum,
2032 1786 2086 1805 re-

1098 1818 1195 1851 ducit
1222 1829 1280 1851 eos
1304 1820 1346 1852 ad
1373 1826 1554 1852 aeternum
1580 1827 1733 1864 patrem,
1771 1828 1803 1854 et
1826 1822 1883 1855 dat
1911 1822 2085 1866 Spiritum

1096 1875 1255 1901 sanctum
1283 1876 1316 1902 et
1341 1871 1448 1904 vitam
1473 1877 1662 1905 aeternam.
1716 1870 1814 1905 Talis
1838 1885 1897 1905 rex
1915 1881 1982 1913 est,
2011 1887 2083 1906 nou

1097 1919 1193 1952 venit
1211 1926 1248 1952 ut
1265 1920 1410 1964 imperia
1431 1922 1556 1954 mundi
1582 1922 1771 1965 partiatur,
1805 1930 1843 1956 ut
1872 1922 1990 1956 ludaei
2017 1925 2083 1956 silxi

1096 1968 1246 2002 Messiae
1265 1983 1411 2014 regnum
1428 1972 1625 2010 somniant,
1658 1974 1715 2005 sed
1739 1985 1792 2006 res
1818 1981 1994 2014 aeternas,
2029 1976 2084 2007 iu-

1095 2020 1230 2052 sticiam
1255 2029 1287 2054 et
1312 2022 1420 2055 vitam
1448 2029 1624 2055 aeternam
1648 2023 1767 2064 affert,
1801 2024 1850 2056 sic
1873 2025 2084 2058 describitur

1095 2070 1242 2104 Messias
1260 2072 1296 2105 in
1316 2073 1377 2106 illo
1396 2073 1470 2117 ipso
1492 2085 1564 2117 cap.
1580 2071 1791 2114 Zachariae,
1826 2076 1919 2119 quod
1949 2073 2004 2108 hic
2032 2075 2082 2108 ri-

1094 2128 1204 2154 tatur:
1234 2122 1291 2156 Tu
1310 2136 1449 2169 quoque
1467 2124 1504 2156 in
1523 2125 1694 2166 sanguine
1709 2126 1903 2158 testamenti
1924 2126 1974 2158 tui
1992 2125 2080 2159 eini-

1093 2172 1166 2205 sisti
1194 2173 1330 2207 vinctos
1356 2175 1398 2208 de
1422 2175 1519 2214 lacu,
1554 2175 1589 2207 in
1617 2188 1686 2219 quo
1711 2188 1782 2208 non
1808 2184 1857 2209 est
1882 2188 1990 2221 aqua,
2018 2187 2078 2212 etc.

1094 2221 1133 2255 ld
1161 2231 1228 2264 est,
1269 2224 1365 2258 Deus
1396 2225 1665 2269 promissionem
1695 2227 1813 2266 dedit,
1849 2239 1952 2270 quam
1979 2237 2079 2261 vocat

1092 2281 1338 2309 testamentum
1352 2303 1362 2317 ,
1388 2283 1420 2309 et
1437 2277 1471 2308 id
1492 2276 1567 2309 vult
1581 2277 1750 2318 sanguine
1768 2275 1917 2310 Messiae
1939 2280 2078 2316 sanciri,

1093 2322 1157 2357 hoc
1179 2327 1349 2369 sanguine
1370 2325 1522 2359 Messiae
1545 2328 1622 2359 suso
1646 2328 1769 2360 educet
1796 2328 1931 2361 vinctos
1954 2341 1970 2360 e
1988 2330 2077 2366 lacu,

1092 2375 1126 2407 id
1150 2384 1217 2418 est,
1253 2378 1384 2410 abolita
1416 2384 1528 2410 morte
1561 2377 1718 2410 restituet
1749 2378 1854 2410 vitam
1886 2386 2075 2413 aeternam.

1090 2425 1253 2472 Denique
1279 2426 1369 2461 hanc
1390 2428 1611 2472 praecipuam
1638 2439 1821 2471 personam
1840 2427 2019 2463 Christum
2038 2431 2075 2463 in

1090 2475 1156 2511 boc
1173 2479 1370 2521 spectaculo
1389 2490 1525 2511 necesse
1543 2485 1591 2511 est
1608 2479 1759 2511 maxime
1774 2481 1926 2521 agnosci,
1953 2488 1984 2514 et
2002 2481 2075 2513 eius

1089 2530 1257 2563 beneficia
1286 2529 1455 2572 intelligi,
1504 2541 1593 2574 quae
1618 2541 1719 2574 saepe
1751 2530 1837 2563 alibi
1861 2543 2075 2565 commemo—

1087 2587 1223 2615 rantur.

1187 2631 1271 2664 Post
1300 2629 1480 2664 Christum
1511 2627 1674 2674 Apostoli
1710 2632 1995 2674 considerentur,
2037 2633 2073 2666 id

1084 2687 1151 2722 est,
1179 2680 1331 2714 ministri
1347 2680 1551 2725 Evangelii,
1581 2680 1617 2714 hi
1635 2684 1675 2715 ad
1694 2681 1875 2717 Clu-istum
1893 2686 2071 2718 adducunt
