2415 2942
278 143 350 180 391

280 230 425 263 verbum
453 239 572 261 eorum
599 226 634 258 in
659 237 734 264 me,
763 231 794 257 et
819 221 899 258 Esa.
925 234 999 267 cap.
1015 221 1075 257 53.
1098 222 1267 266 scriptum

282 288 347 314 est:
382 278 457 322 lpse
488 283 623 321 peccata
656 276 848 309 multorum
876 274 976 313 tulit,
1010 281 1043 307 et
1067 285 1129 316 pro
1155 280 1269 306 trans·-

283 330 498 375 gressoribus
522 327 666 370 rogavit.
718 325 901 360 Postremo
925 331 956 358 et
979 324 1185 357 sacrificium
1206 336 1268 368 pro

281 382 384 415 nobis
404 379 531 413 obtulit
545 405 554 418 ,
582 390 679 411 suam
701 385 868 417 mortem,
896 383 928 409 et
948 376 1089 420 quidem
1109 375 1144 408 id
1162 375 1270 408 sacri-

282 431 400 464 ficium
425 442 487 473 pro
507 429 608 463 nobis
627 428 835 473 applicavit,
862 428 950 460 sicut
967 437 1125 470 expresse
1144 426 1270 471 inquit,

284 482 379 515 Ioan.
412 481 481 516 17.:
517 479 585 513 Pro
609 480 658 512 eis
682 491 744 521 ego
773 478 949 512 sanctifico
974 490 1048 521 me,
1085 484 1123 510 ut
1149 484 1181 510 et
1205 476 1270 519 ipsi

283 534 352 566 sint
372 531 574 565 sanctificati
602 531 636 563 in
662 531 826 569 veritate,
854 537 887 562 et
911 526 1128 562 Matth.20.:
1158 526 1271 560 Filius

284 582 438 617 hominis
472 582 568 615 venit
607 583 690 614 dare
722 581 875 613 animam
909 591 1005 612 snam
1040 576 1175 625 λύτρον
1207 590 1270 621 pro

284 635 460 668 omnibus.
514 632 609 665 Ilaec
632 639 748 665 autem
773 631 961 675 applicatio
986 631 1054 663 fide
1073 626 1271 673 apprehen-

284 686 399 718 denda
424 692 492 728 est,
528 692 565 718 nt
590 695 693 727 supra
722 682 812 721 dixi,
846 689 877 715 et
903 679 980 716 Act.
1001 681 1058 714 10.
1087 680 1270 713 scribitur:

284 735 378 770 Huic
417 746 539 769 omnes
568 732 765 778 Prophetae
802 732 1042 767 testimonium
1074 728 1274 774 perhibent,

285 787 528 821 remissionem
550 793 768 829 peccatorum
790 785 944 827 accipere
964 794 1024 826 per
1040 793 1169 815 nomen
1187 781 1275 820 eius,

286 849 409 872 omnes
430 838 490 882 qui
515 836 659 869 credunt
687 836 723 867 in
747 847 838 869 eum.
893 832 969 866 Hoc
993 833 1127 866 dictum
1153 838 1274 875 postu—

287 890 352 924 lat,
382 897 419 922 ut
445 888 512 921 fide
530 887 741 930 accipiamus
758 884 966 917 beneficium
983 881 1136 922 Christi,
1160 883 1195 915 id
1212 888 1275 922 est,

287 946 480 973 statuamus
511 949 590 970 vere
621 936 724 969 nobis
748 935 873 968 donari
899 934 1162 973 remissionem,
1193 944 1275 976 pro-

287 997 364 1035 pter
394 987 499 1022 huius
527 987 731 1020 mediatoris
761 986 969 1019 sacrificium
1001 992 1033 1018 et
1057 983 1276 1017 intercessio-

287 1053 380 1075 nem.
442 1038 559 1072 Iluins
592 1038 698 1072 totius
729 1037 909 1071 doctrinae
931 1036 1096 1078 cogitatio
1122 1042 1171 1068 est
1196 1046 1277 1078 pae-

287 1091 434 1134 dagogia
463 1089 653 1135 quaedam,
697 1089 754 1121 sed
789 1095 905 1121 tamen
939 1098 1013 1119 non
1047 1086 1279 1130 aspernanda,

288 1143 316 1176 si
346 1142 383 1175 fit
407 1142 482 1174 sine
507 1140 765 1184 superstitione.
827 1138 915 1172 Nam
937 1150 997 1181 per
1015 1135 1078 1170 has
1097 1136 1278 1180 cogitatio-

287 1205 349 1226 nes
366 1193 608 1226 accenduntur
623 1197 738 1224 motus
757 1189 966 1234 spirituales.

393 1276 459 1311 Est
484 1276 590 1319 igitur
615 1275 768 1308 secunda
796 1273 998 1313 meditatio,
1026 1285 1114 1318 quae
1138 1272 1279 1316 proprie

290 1335 435 1362 vocatur
466 1326 678 1372 spiritualis,
711 1332 744 1359 et
774 1332 823 1358 est
854 1324 1035 1364 salutaris,
1070 1336 1151 1356 vere
1176 1335 1280 1368 expa-

290 1391 429 1413 vescere
451 1379 556 1412 corda
580 1377 781 1419 cognitione
801 1376 872 1408 irae
892 1374 957 1408 Dei
976 1376 1143 1408 adversus
1159 1381 1280 1407 nostra

290 1437 447 1475 peccata,
475 1436 507 1462 et
531 1426 621 1461 hanc
646 1427 734 1460 iram
758 1438 900 1460 cernere
927 1426 964 1458 in
980 1425 1089 1458 filium
1108 1424 1175 1459 Dei
1193 1425 1280 1458 effu—

291 1493 381 1521 sam,
419 1481 509 1513 sicus
534 1478 666 1512 Paulus
693 1478 809 1523 inquit
833 1478 875 1509 ad
904 1475 1011 1511 Rom.
1030 1476 1085 1517 8.,
1117 1483 1280 1520 oportere

289 1544 354 1566 nos
370 1532 443 1564 fieri
461 1530 593 1564 similes
609 1529 772 1571 imaginis
788 1528 851 1561 filii
863 1526 940 1561 Dei.
992 1525 1037 1560 Et
1053 1528 1095 1560 ad
1112 1525 1216 1562 Rom.
1229 1527 1279 1562 6.:

291 1583 395 1617 Insiti
413 1592 534 1615 sumus
551 1579 777 1613 similitudini
796 1579 919 1612 mortis
939 1578 1023 1611 eius.
1077 1576 1180 1611 Item:
1210 1577 1280 1610 Ve-

290 1641 346 1668 tus
364 1640 482 1666 noster
499 1630 607 1664 homo
623 1630 729 1663 simul
747 1630 932 1663 crucifixus
948 1636 1015 1669 est,
1043 1635 1081 1662 ut
1099 1629 1282 1662 aboleatur

292 1696 419 1728 corpus
443 1682 585 1727 peccati.

293 1747 414 1774 rores,
443 1735 500 1768 sed
527 1733 690 1766 accedere
715 1731 992 1765 consolationem
1018 1738 1050 1764 et
1074 1730 1281 1764 vivificatio-

292 1798 373 1820 nem
398 1791 546 1830 oportet.

293 1888 415 1922 statuit
436 1888 523 1920 iram
542 1884 608 1919 Dei
634 1885 804 1929 placatam
823 1896 895 1917 esse
913 1896 973 1928 per
990 1884 1122 1923 filium,
1149 1889 1183 1916 et
1202 1895 1283 1927 pro-

293 1947 370 1984 pter
391 1939 503 1972 filium
529 1936 632 1970 nobis
654 1936 785 1969 remitti
811 1942 969 1980 peccata,
998 1941 1031 1968 et
1054 1934 1157 1968 nobis
1182 1934 1283 1967 reddi

293 1990 469 2024 iusticiam
491 1996 523 2022 et
540 1987 666 2026 vitam,
695 1987 782 2020 sicut
800 1986 967 2030 scriptum
984 1993 1034 2019 est
1050 1986 1092 2018 ad
1109 1983 1215 2019 Rom.
1234 1986 1283 2020 6.:

293 2041 353 2076 Sic
377 2046 515 2084 oportet
539 2050 603 2070 nos
627 2038 736 2071 inseri
761 2037 989 2071 similitudini
1015 2036 1284 2070 resurrectionis

295 2090 438 2127 Christi.
491 2086 655 2124 Corinth.
673 2090 724 2124 2:
754 2087 821 2121 Per
844 2100 947 2133 quem
965 2094 998 2121 et
1014 2088 1118 2120 simul
1137 2087 1284 2120 resusci—

293 2143 358 2177 tati
381 2142 461 2176 estis
485 2153 545 2184 per
569 2140 693 2183 fidem,
728 2139 900 2172 efficaciae
922 2137 999 2171 Dei.
1063 2137 1110 2171 Et
1131 2138 1175 2170 ad
1200 2134 1284 2170 Phi-

294 2195 358 2238 lip.
375 2193 428 2227 3.:
455 2191 503 2226 Ut
526 2191 686 2226 inveniar
710 2190 746 2223 in
769 2201 828 2228 eo,
858 2201 930 2222 non
950 2188 1084 2222 habens
1100 2200 1213 2221 meam
1231 2187 1286 2220 iu-

295 2245 449 2283 sticiam,
477 2254 566 2288 quae
588 2248 637 2275 est
663 2253 702 2274 ex
728 2241 820 2284 lege,
848 2240 906 2273 sed
933 2251 1008 2272 eam
1035 2250 1124 2283 quae
1150 2245 1200 2271 est
1226 2251 1286 2282 per

296 2297 400 2329 fidem
419 2292 573 2334 Christi,
601 2304 690 2337 quae
716 2299 765 2325 est
784 2291 921 2324 iusticia
942 2303 983 2323 ex
1000 2289 1075 2323 Deo
1094 2301 1154 2333 per
1171 2289 1287 2329 fidem,

298 2353 337 2379 ut
369 2357 552 2388 agnoscam
584 2356 683 2384 eum,
725 2350 758 2377 et
792 2341 985 2386 potentiam
1020 2341 1287 2374 resurrectionis

298 2397 391 2435 eius,
419 2403 452 2429 et
468 2395 667 2429 societatem
687 2393 888 2438 passionum
907 2392 992 2427 eius.

400 2462 496 2496 Haec
535 2463 686 2495 secunda
723 2460 907 2494 meditatio
940 2459 1128 2501 diligenter
1157 2459 1287 2492 discer-

299 2515 416 2548 nenda
440 2520 491 2546 est
514 2526 531 2545 a
557 2513 677 2553 tertia,
705 2524 794 2557 quae
812 2518 862 2545 est
883 2510 1109 2554 exemplaris,
1134 2511 1286 2543 secunda

299 2562 533 2610 apprehendit
555 2562 735 2596 Christum
770 2562 1040 2606 propiciatorem
1073 2568 1105 2594 et
1136 2561 1288 2594 salvato-

300 2629 394 2657 rem,
422 2622 454 2648 et
475 2614 626 2658 pretium
649 2621 682 2647 et
705 2625 843 2647 causam
868 2620 1006 2645 nostrae
1028 2612 1288 2646 reconciliatio-

301 2668 375 2708 nis,
404 2665 562 2699 iusticiae
585 2671 617 2697 et
641 2665 730 2696 vitae
755 2671 933 2704 aeternae,
961 2665 1019 2697 sed
1046 2664 1169 2704 tertia,
1196 2675 1285 2708 quae

302 2726 354 2753 est
382 2716 607 2760 exemplaris,
643 2716 800 2749 intuetur
823 2713 1004 2748 Christum
1033 2722 1072 2748 ut
1097 2716 1289 2756 doctorem,

862 137 987 174 PIIIL.
1022 135 1138 172 MEL.
1177 135 1384 171 SCRIPTA
1420 134 1720 171 EXEGETICA.

640 1680 712 1714 Nec
737 1687 853 1714 tamen
878 1687 1043 1713 maneant
1066 1686 1202 1713 tantum
1221 1691 1281 1722 pa·
1304 1692 1305 1695 ¹

599 1781 695 1826 Ergo
718 1783 755 1815 in
778 1780 842 1815 hac
860 1781 1035 1826 spirituali
1050 1782 1282 1815 meditatione
1304 1777 1305 1780 ¹

292 1838 396 1872 etiam
418 1849 508 1870 nova
533 1835 593 1868 lux
619 1841 652 1867 et
681 1834 846 1878 gaudium
874 1833 1065 1873 sentiatur,
1094 1844 1172 1865 cum
1198 1832 1283 1865 fides
1305 1867 1306 1871 ,

2233 136 2308 171 892

1318 221 1416 255 cuius
1442 221 1609 265 exemplis
1632 232 1697 254 nos
1721 221 1960 262 consolemur,
1993 228 2026 256 et
2048 232 2151 267 quem
2176 221 2308 255 imitari

1318 273 1536 312 studeamus,
1571 278 1610 305 ut
1633 271 1782 305 Davidis
1813 273 1969 316 exempla
2002 272 2104 306 nobis
2136 272 2309 316 proponi-

1318 336 1406 357 mus.
1472 322 1645 356 Yidemus
1669 320 1869 363 Christum,
1901 323 2012 364 Abel,
2045 322 2238 361 Davidem,
2273 328 2309 356 et

1318 375 1404 407 alias
1441 381 1595 413 sanctos,
1639 371 1828 407 horribiles
1869 385 2054 407 aerumnas
2087 374 2308 408 sustinuisse.

1319 425 1478 460 Sciamus
1498 436 1578 468 ergo
1597 425 1815 459 voluntatem
1833 423 1897 458 Dei
1917 436 2007 463 esse,
2035 431 2073 457 ut
2090 422 2244 458 Ecclesia
2264 425 2310 458 sit

1320 478 1475 510 subiecta
1508 476 1621 514 cruci,
1663 488 1727 509 nec
1758 488 1823 508 nos
1854 476 2007 508 abiectos
2038 486 2130 516 esse,
2172 474 2309 509 etiamsi

1321 529 1407 560 dura
1432 528 1603 571 patimur,
1632 527 1813 559 imitemur
1836 532 1869 559 et
1894 525 2175 567 invocationem,
2204 537 2310 571 quam

1322 578 1373 610 illi
1400 578 1434 611 in
1455 590 1555 611 cruce
1578 585 1827 617 exercuerunt,
1860 577 2111 617 tolerantiam,‘
2135 588 2252 620 spem,
2277 583 2311 611 et

1321 629 1407 661 alias
1425 629 1585 664 virtutes.
1637 627 1733 661 Haec
1752 628 1960 672 exemplaris
1977 627 2159 661 meditatio
2179 627 2234 671 pia
2249 634 2312 668 est,

1321 680 1350 712 si
1377 692 1449 712 non
1474 680 1563 713 desit
1578 680 1742 714 secunda.
1795 678 1917 723 Neque
1933 679 2026 711 enim
2046 686 2138 712 recte
2153 678 2312 721 agnoscit

1323 728 1524 771 Christum,
1553 731 1612 775 qui
1631 742 1709 763 eum
1728 737 1862 763 tantum
1882 736 1978 773 putat
1997 730 2177 763 doctorem
2194 728 2312 770 fuisse,

1323 789 1361 815 ut
1377 780 1521 821 Mosen,
1550 788 1608 815 aut
1624 787 1759 814 tantum
1777 781 1933 824 exempla
1952 781 1995 813 ab
2013 792 2053 813 eo
2066 781 2214 824 petenda
2229 791 2313 821 esse,

1323 839 1361 866 ut
1378 844 1396 865 a
1413 830 1568 873 Davide,
1595 838 1654 865 aut
1672 831 1859 865 similibus.

1427 882 1496 916 Sed
1524 890 1615 916 recte
1638 883 1789 916 instituti
1815 882 1853 914 in
1877 880 2089 924 Evangelio,
2123 886 2155 913 et
2179 879 2314 913 intelli-

1325 940 1442 977 gentes
1459 935 1646 967 secundam
1663 933 1929 966 meditationem
1941 959 1949 972 ‚
1976 932 2059 965 inde
2075 931 2315 965 dulcissimam

1325 984 1615 1024 consolationem,
1642 991 1673 1017 et
1689 985 1792 1017 utiles
1806 983 2068 1017 admonitiones
2081 994 2219 1016 sumere
2232 993 2315 1026 pos-

1324 1043 1418 1070 sunt.
1471 1034 1560 1069 Nam
1585 1035 1621 1067 in
1646 1033 1711 1067 hac
1733 1035 1806 1078 ipsa
1829 1032 1974 1068 historia
1994 1033 2166 1077 passionis
2180 1030 2316 1066 Christi

1326 1086 1496 1128 imagines
1521 1091 1771 1130 proponuntur
1795 1096 1882 1128 pene
1904 1084 2084 1125 omnium,
2112 1095 2201 1129 quae
2225 1083 2317 1116 acci-

1326 1138 1416 1170 dunt
1431 1135 1617 1170 Ecclesiae.
1671 1135 1845 1168 Personae
1864 1142 1947 1168 sunt
1964 1133 2040 1173 hic,
2064 1134 2195 1174 sancti,
2222 1132 2317 1166 firmi

1327 1195 1360 1222 et
1388 1188 1539 1227 infirmi,
1582 1185 1738 1220 hostium
1770 1185 1880 1218 multa
1915 1197 2060 1228 genera,
2098 1183 2316 1230 hypocritae,

1301 1251 1302 1255 ¹
1327 1239 1489 1285 tyranni,
1523 1239 1736 1277 sacerdotes,
1770 1236 1964 1280 principes,
1991 1236 2135 1277 vulgus,
2161 1235 2318 1278 pericula

1327 1290 1444 1330 varia,
1471 1289 1653 1322 manifesta
1672 1287 1852 1326 violentia,
1879 1286 2027 1319 insidiae
2044 1285 2211 1324 occultae,
2235 1297 2319 1329 pro-

1327 1341 1435 1381 ditio,
1462 1341 1656 1374 amicorum
1674 1339 1795 1382 fugae,
1824 1334 2034 1383 σαρκασμοὶ
2051 1335 2317 1378 ἱιιξεθΙειῐηὶῑθιε.

1327 1390 1481 1425 Econtra
1499 1403 1582 1423 vero
1600 1401 1747 1434 pugnae,
1769 1388 2028 1422 consolationes
2044 1395 2077 1421 et
2090 1386 2318 1419 liberationes

1328 1443 1511 1475 mirandae
1540 1448 1761 1480 sanctorum,
1799 1446 1831 1472 et
1853 1439 2070 1473 tristissimae
2095 1449 2226 1481 poenae
2250 1437 2320 1469 im-

1330 1494 1490 1537 piorum,
1519 1499 1559 1526 ut
1583 1491 1701 1526 Iudae.
1755 1490 1918 1534 Denique
1942 1486 2025 1522 haec
2049 1485 2195 1522 historia
2220 1487 2320 1532 quasi

1329 1542 1513 1589 prophetia
1539 1549 1606 1584 est,
1637 1541 1838 1585 significans
1854 1538 2030 1573 Ecclesiae
2049 1539 2209 1572 omnium
2228 1546 2320 1572 tem-

1330 1608 1456 1639 porum
1473 1594 1603 1627 similes
1616 1593 1848 1632 calamitates,
1876 1591 2153 1629 consolationes,
2180 1596 2212 1623 et
2231 1589 2321 1622 libe-

1330 1646 1495 1680 rationes.
1555 1643 1693 1677 Horum
1720 1642 1960 1686 exemplorum
1985 1641 2220 1674 consideratio
2245 1640 2321 1684 pios

1331 1697 1486 1735 erudire,
1515 1702 1548 1729 et
1567 1695 1774 1728 confirmare
1790 1700 1824 1726 et
1842 1692 2016 1725 consolari
2035 1697 2158 1736 potest.

1714 1777 1941 1811 Historia.

1433 1847 1653 1882 Distribuam
1672 1853 1787 1880 autem
1806 1842 1990 1878 historiam
2008 1843 2045 1875 in
2061 1842 2196 1887 aliquot
2214 1848 2323 1883 actus,

1333 1907 1366 1934 et
1396 1907 1436 1933 ut
1468 1899 1570 1932 lectio
1597 1899 1640 1932 sit
1666 1897 1777 1940 magis
1799 1895 2001 1940 perspicua,
2036 1893 2141 1926 initio
2165 1899 2324 1935 tempora

1332 1951 1525 1985 annotabo,
1578 1948 1722 1982 Certum
1749 1953 1798 1979 est
1814 1943 1996 1979 Christum
2014 1943 2218 1977 crucifixum
2238 1953 2322 1984 esse,

1333 2002 1367 2036 8.
1385 2000 1531 2035 Calend.
1550 1999 1664 2042 April.
1681 1997 1746 2031 hoc
1764 2003 1814 2030 est
1827 2023 1836 2037 ‚
1861 1995 1917 2029 die
1933 1993 1995 2029 25.
2005 1993 2147 2037 Martii,
2171 2000 2211 2027 ut
2230 2005 2324 2027 nunc

1333 2059 1384 2086 est
1408 2051 1533 2084 usitata
1558 2049 1730 2083 mensium
1749 2047 1857 2086 ratio,
1886 2058 1980 2080 anno
2001 2045 2149 2091 Tyberii
2170 2044 2226 2077 18.
2245 2045 2325 2078 sue-

1333 2109 1458 2147 ratque
1497 2102 1565 2134 iam
1599 2098 1762 2134 Christus
1801 2099 1977 2140 ingressus
2017 2108 2150 2129 annum
2185 2094 2246 2130 34.
2278 2093 2325 2129 Et

1334 2165 1535 2199 quanquam
1562 2152 1700 2185 dierum
1725 2148 2007 2193 praecedentium
2028 2147 2118 2181 ratio
2137 2158 2208 2180 nou
2230 2152 2325 2179 certo

1335 2203 1501 2238 constitui
1527 2209 1658 2246 potest,
1680 2208 1797 2234 tamen
1814 2197 1899 2233 haec
1917 2198 2104 2233 mediocris
2120 2196 2324 2230 distributio

1335 2255 1469 2301 aliquid
1489 2254 1577 2287 lucis
1594 2254 1695 2286 affert
1709 2250 1891 2285 historiae.

1438 2304 1505 2338 Die
1534 2304 1591 2340 14.
1607 2303 1732 2337 Martii
1755 2303 1896 2335 videtur
1921 2300 2096 2342 ingressus
2121 2297 2186 2331 iter
2205 2309 2245 2330 ex
2264 2298 2325 2331 de—

1336 2364 1427 2391 serto
1439 2384 1447 2396 ,
1474 2357 1537 2389 ubi
1556 2353 1732 2388 lohannes
1749 2353 2003 2397 baptizaverat,
2029 2349 2124 2382 unde
2138 2360 2155 2381 a
2173 2347 2326 2382 Iordane

1336 2410 1379 2442 ad
1402 2405 1538 2441 Iericho
1564 2406 1716 2451 spatium
1739 2411 1789 2438 est
1807 2404 1958 2436 duorum
1977 2400 2169 2433 miliarium
2189 2410 2327 2442 germa-

1337 2460 1518 2500 nicorum,
1545 2459 1581 2490 in
1600 2469 1670 2502 quo
1688 2456 1813 2489 itinere
1828 2464 1965 2486 caecum
1983 2450 2130 2486 sanavit,
2183 2448 2251 2484 Die
2267 2447 2326 2485 15.

1338 2510 1467 2544 mansit
1485 2510 1576 2553 apud
1597 2505 1806 2541 Zachaeum.
1857 2502 1926 2537 Die
1946 2502 2002 2536 16.
2021 2503 2086 2535 iter
2101 2501 2184 2535 fecit
2200 2513 2217 2534 a
2239 2500 2327 2534 leri-

1338 2560 1403 2595 cho
1430 2574 1468 2595 ac
1487 2558 1713 2601 Bethaniam.
1765 2555 1852 2589 Nam
1874 2551 2009 2587 Iericho
2030 2554 2134 2587 distat
2150 2565 2168 2586 a
2190 2551 2329 2586 Ierusa-⁴

1338 2613 1406 2645 lem
1426 2612 1532 2656 paulo
1549 2611 1628 2655 plus
1645 2615 1795 2654 quatuor
1813 2605 1943 2639 nostris
1962 2605 2173 2639 miliaribus,

1439 2662 1506 2697 Die
1531 2662 1589 2696 17.
1612 2659 1736 2694 Martii
1760 2657 1912 2691 Lazarus
1936 2656 2105 2689 excitatur
2126 2661 2206 2688 ante
2231 2653 2327 2686 diem

1338 2713 1553 2750 Palmarum.
1607 2711 1678 2746 Die
1698 2710 1752 2745 18.
1770 2708 1926 2742 fortassis
1944 2707 2071 2741 mansit
2090 2706 2126 2739 in
2142 2702 2330 2742 Bethania.⁴
