2415 2942
253 95 321 128 187

249 190 336 225 quac
355 177 473 211 statuit
492 188 553 209 nos
573 181 713 219 propter
739 170 832 206 hunc
858 171 1126 215 propiciatorem
1149 169 1232 202 mis-

248 242 325 263 sum
345 242 361 260 a
381 227 476 267 Deo,
504 226 608 269 recipi
631 231 662 256 et
678 223 824 262 salvari,
859 234 929 254 non
957 222 1032 259 lex,
1067 232 1139 253 non
1159 220 1234 253 cnl-

249 288 305 314 tus
322 290 479 325 operum,
508 288 579 309 non
597 275 742 306 virtutes
761 270 934 305 humanae
953 273 1103 305 liberant
1121 284 1138 304 a
1155 284 1234 315 pec-

249 338 323 362 cato
342 336 372 361 et
391 340 406 360 a
424 327 543 370 poenis
561 324 731 363 externis,
766 323 902 356 etiamsi
925 322 1035 368 aliqui
1062 323 1235 355 excellen-

249 388 300 412 tes
319 386 348 410 et
371 376 501 409 heroici
521 375 586 407 viri
606 373 735 406 hahent
759 374 893 416 egregia
919 375 1066 414 decora,
1099 372 1233 406 etiamsi

249 428 455 462 Pharisaeus
481 432 629 469 praestat
653 424 772 458 multis
793 424 893 467 aliis,
920 430 1058 465 tamen,
1085 423 1166 469 quia
1186 430 1235 456 est

249 481 322 512 sim·
342 478 427 515 fide,
456 489 528 509 non
548 476 659 520 placet
677 475 774 515 Deo,
809 487 880 507 non
900 475 1070 508 liberatur
1088 487 1105 507 a
1124 481 1234 507 morte

250 536 407 567 aeterna,
437 534 576 560 econtra
594 526 720 558 misera
738 526 866 559 mulier
888 526 1079 569 peccatrix,
1107 532 1164 557 aut
1183 525 1234 557 la-

250 587 305 613 tro
341 579 499 622 pendens
530 578 565 609 in
589 588 708 617 cruce,
740 577 800 609 etsi
828 588 901 608 non
924 576 1075 610 afferunt
1101 576 1236 615 merita,

250 638 365 663 tamen
386 630 465 674 quia
486 629 521 661 in
540 627 755 672 poenitentia
774 627 840 660 side
858 627 1065 668 confugiunt
1082 627 1124 659 ad
1142 624 1236 658 hunc

251 680 459 720 dominum,
495 691 574 711 vere
606 685 869 722 consequuntur
893 678 1135 710 remissionem
1158 689 1237 720 pec-

251 738 408 764 catorum
434 736 466 763 et
492 730 597 763 vitam
623 736 811 763 aeternam.
882 727 923 760 ln
950 728 1047 768 aliis,
1079 727 1140 759 uhi
1166 738 1235 759 non

251 789 301 815 est
334 781 464 823 agnitio
496 792 555 812 seu
592 780 675 812 fides
708 778 1005 812 reconciliationis
1046 778 1237 821 promissae

251 839 394 877 propter
412 829 505 864 hunc
524 831 764 870 mediatorem,
788 840 924 861 necesse
943 835 993 861 est
1011 828 1109 872 sequi
1126 834 1238 860 aeter-

251 895 332 915 nam
353 883 459 919 iram,
493 882 574 925 quia
600 887 631 913 et
657 880 788 924 alioqui
813 879 1015 912 universum
1041 890 1148 921 genus
1172 876 1238 910 hu-

252 944 397 965 manum
432 943 637 975 oppressum
670 937 719 963 est
745 936 902 974 peccam,
943 936 975 962 et
995 940 1095 961 reum
1123 940 1238 961 coram

251 982 341 1023 Deo,
365 981 594 1014 sicutl‘aulus
612 981 743 1025 inquit:
771 979 919 1012 Eramus
936 986 1061 1012 natura
1076 979 1138 1011 filii
1158 979 1239 1013 irae.

254 1033 362 1066 ltem:
393 1030 528 1065 Omnes
546 1038 791 1075 peccaverunt,
819 1043 879 1063 seu
897 1030 946 1063 rei
964 1037 1063 1070 sunt,
1090 1036 1122 1062 et
1139 1041 1240 1073 prae-

253 1091 346 1117 terea
366 1083 497 1116 accedit
514 1081 750 1121 incredulitas,
774 1093 862 1126 quae
879 1081 1035 1114 cumulat
1051 1087 1242 1124 peccatum,

254 1142 287 1167 et
305 1135 462 1178 impedit,
490 1145 560 1178 quo
580 1133 698 1164 minus
717 1132 956 1165 reconciliatio
969 1159 977 1171 ,
1005 1143 1065 1164 seu
1082 1130 1240 1163 remissio

254 1185 363 1228 accipi
383 1184 503 1228 possit.
556 1182 644 1217 Nam
674 1182 709 1214 in
727 1180 800 1223 his,
831 1182 891 1226 qui
918 1183 1090 1222 credunt,
1121 1192 1241 1225 pecca-

255 1243 329 1268 tum
351 1235 418 1267 iam
438 1234 621 1267 remissum
647 1239 715 1273 est,
746 1240 778 1266 et
801 1234 894 1277 quod
921 1233 1097 1277 reliquum
1124 1230 1243 1264 haeret
1263 1253 1265 1256 <

254 1287 294 1318 in
313 1292 455 1323 natura,
485 1285 616 1327 regitur
633 1284 718 1323 fide,
745 1290 871 1316 utnon
889 1284 1050 1326 damnet,
1075 1282 1163 1315 sicut
1183 1293 1242 1315 su-

255 1349 318 1381 pra
336 1337 468 1369 dictum
488 1342 551 1368 est:
580 1333 653 1377 Qui
673 1335 785 1367 credit
804 1334 840 1366 in
858 1334 986 1374 filium,
1015 1345 1086 1365 non
1108 1332 1243 1365 iudica-

256 1395 327 1421 tur.
378 1385 550 1425 Econtra,
584 1392 622 1419 ut
644 1384 716 1417 illic
740 1385 884 1417 dicitur:
930 1383 1001 1426 Qui
1026 1396 1098 1416 non
1124 1383 1245 1422 credit,

256 1439 325 1470 iam
346 1437 519 1470 iudicatus
542 1442 609 1473 est,
645 1436 725 1480 quia
750 1447 822 1467 non
846 1435 957 1467 credit
979 1435 1017 1466 in
1039 1434 1150 1466 filium
1168 1433 1244 1468 Dei.

256 1487 310 1521 Ita
331 1485 386 1520 hic
406 1488 468 1520 ait:
506 1486 543 1520 Si
570 1498 641 1518 non
671 1486 912 1526 credideritis,
948 1486 1042 1530 quod
1067 1496 1128 1528 ego
1155 1495 1244 1522 sum,

257 1538 460 1571 moriemini
478 1537 513 1570 in
532 1543 671 1583 peccato
688 1543 813 1573 vestro·

448 1652 635 1689 Dt'cebanl
656 1653 787 1699 igitur:
816 1651 875 1687 Tu
893 1652 976 1701 quis
993 1652 1056 1686 es?

360 1739 572 1782 Intelligunt
595 1736 777 1771 Pharisaei
801 1736 982 1772 Christum
1008 1737 1189 1780 magnifice
1205 1738 1247 1769 de

260 1803 333 1825 sese
361 1791 479 1835 loqui,
515 1789 701 1822 audierant
731 1790 823 1833 quod
854 1789 958 1830 dixit,
1002 1800 1036 1821 se
1059 1788 1204 1821 missum
1229 1799 1248 1820 a

260 1849 369 1887 patre.
422 1840 527 1881 Item,
554 1850 625 1872 esse
643 1840 684 1872 de
702 1840 881 1882 supernis,
910 1839 1062 1884 denique
1085 1851 1162 1871 cum
1191 1839 1247 1870 iu-

260 1893 355 1938 quit:
391 1890 469 1924 Nisi
488 1890 726 1927 credideritis,
755 1892 849 1934 quod
867 1902 928 1933 ego
946 1902 1042 1930 sum,
1068 1889 1248 1921 moriemi-

260 1944 299 1976 ni
317 1943 353 1975 in
373 1948 512 1987 peccato
533 1947 657 1974 vestro.
710 1939 811 1973 llanc
831 1953 912 1974 vero
931 1941 1089 1974 iudicant
1106 1952 1177 1972 non
1198 1941 1248 1972 fe-

260 1994 410 2027 rendam
428 2004 499 2025 esse
518 1991 774 2033 arrogantiam,
807 1992 888 2036 quia
914 2003 985 2025 sese
1011 1991 1124 2034 palam
1150 1997 1249 2023 ante-

260 2046 349 2078 serat
365 2043 530 2076 omnibus
549 2042 693 2086 reliquis
710 2042 924 2082 doctoribus,
951 2039 1148 2085 Prophetis,
1177 2041 1248 2073 imo

262 2095 330 2139 ipsi
348 2093 441 2126 Mosi
457 2100 490 2126 et
506 2092 674 2137 patribuS.
728 2090 803 2125 Etsi
827 2100 941 2125 autem
958 2093 1116 2125 iudicant
1130 2103 1248 2124 vocem

264 2157 335 2178 esse
362 2142 621 2187 blasphemam,
661 2149 778 2175 tamen
812 2145 929 2186 potius
960 2144 1095 2176 ducunt
1119 2143 1192 2175 risu
1217 2148 1249 2174 et

263 2193 443 2229 cachinnis
464 2205 534 2228 esse
560 2193 829 2236 explodendam.
881 2193 1000 2235 Quare
1018 2194 1061 2226 ad
1080 2193 1153 2225 eius
1170 2204 1248 2234 gra-

263 2246 441 2278 vissimam
466 2243 693 2284 concionem,
735 2244 834 2287 quasi
866 2243 1051 2286 indignum
1081 2254 1248 2286 responso

265 2293 355 2329 nillil
375 2295 470 2328 aliud
496 2294 707 2335 subiiciunt,
741 2306 846 2338 quam
875 2291 965 2326 hanc
989 2305 1124 2326 vocem:
1160 2292 1249 2335 Quis

266 2358 300 2379 es
317 2345 380 2379 tu?
431 2344 563 2389 Estque
597 2342 680 2377 haec
714 2345 787 2388 ipsa
812 2357 877 2376 vox
907 2342 998 2377 nihil
1030 2345 1144 2384 aliud,
1181 2343 1249 2376 nisi

266 2396 472 2439 significatio
490 2407 549 2437 per
566 2395 760 2428 ludibrium
788 2395 1012 2428 irridentium
1027 2421 1036 2434 ‚
1072 2394 1170 2439 quasi
1194 2394 1250 2427 di-

267 2454 362 2480 cant:
390 2444 527 2490 Ecquid
548 2445 611 2478 tibi
630 2446 762 2478 sumis?
795 2457 867 2478 non
894 2446 1001 2489 pudet
1024 2452 1057 2477 te
1082 2455 1249 2487 arrogan-

266 2497 358 2532 tiae?
393 2508 437 2530 an
460 2507 540 2527 vero
567 2496 672 2528 audes
697 2498 891 2539 postulare,
929 2503 968 2528 ut
994 2495 1058 2528 tibi
1089 2496 1250 2528 credatur

267 2555 337 2581 tarn
355 2547 506 2579 absurda
523 2545 678 2578 dicenti?
732 2544 779 2579 Ili
799 2553 879 2580 sunt
896 2544 1058 2579 cachinni
1083 2557 1155 2578 non
1178 2546 1249 2577 dis-

268 2598 399 2632 similes
442 2596 584 2628 illorum
602 2620 610 2633 2
671 2595 731 2640 qui
783 2604 1015 2641 conspuentes
1055 2593 1249 2637 Christum,

268 2654 387 2693 postea
403 2647 554 2681 salutant
571 2656 698 2689 regern.

843 87 968 124 PlllL.
996 85 1110 121 MEL.
1135 82 1343 120 SCRIPTA
1371 80 1670 118 EXEGETICA.

1262 312 1264 328 1

1263 330 1264 345 l

1262 349 1265 362 l

1262 452 1265 493 2

1262 365 1265 379 ἲ
1289 338 1372 372 satis
1396 337 1532 372 erudita
1555 337 1726 372 versione.

1262 400 1265 407 ’
1286 389 1380 433 quod
1406 386 1568 422 Christus
1593 400 1628 421 se
1651 393 1749 420 vocet
1781 387 2015 430 principium,
2059 389 2118 420 sed
2143 386 2277 420 Graece

2196 84 2266 119 188

1451 165 1659 216 Principio,
1686 165 1785 215 quod
1799 172 1829 202 et
1847 167 1977 217 loquor
1995 167 2107 204 robis.

1390 233 1517 269 Aliena
1547 243 1596 270 est
1631 233 1696 268 hoc
1726 235 1802 268 loco
1835 236 2079 280 interpretatio
2110 234 2273 269 vocabuli

1288 287 1525 332 principium,
1564 288 1608 319 de
1641 286 1827 320 divinitate
1847 283 2000 328 Christi,
2042 293 2117 320 orta
2143 298 2181 319 ex
2203 298 2277 318 non

1780 336 1868 369 Nam
1885 343 1998 370 textus
2014 348 2086 371 non
2105 334 2171 370 hoc
2188 336 2276 379 vult,

1289 447 1338 472 est
1356 439 1480 472 usitata
1500 436 1637 482 phrasis
1662 439 1698 471 in
1718 450 1800 471 voce
1824 435 1891 482 πῂ]
1909 435 2046 482 ἀρχὴν,
2076 450 2164 482 quae
2188 438 2277 470 solet

1289 502 1351 534 pro
1370 489 1537 523 adverbio
1555 490 1736 533 usurpari,
1767 495 1806 522 ut
1827 500 1891 521 nos
1907 489 2074 522 dicimus:
2104 487 2277 532 principio

1289 547 1348 574 aut
1372 541 1557 583 inprimis,
1590 552 1649 572 seu
1674 547 1755 573 aute
1781 539 1919 579 omnia,
1956 550 2015 572 seu
2039 550 2203 583 prorsus,
2230 538 2278 571 ita

1290 589 1346 624 hic
1365 603 1505 635 quoque
1522 590 1713 634 accipiatur
1739 590 1935 633 principio,
1965 587 2031 622 hoc
2058 590 2171 633 ipsum
2200 599 2278 621 sum

1291 644 1382 686 quod
1410 642 1555 686 loquor,
1583 640 1682 686 quasi
1706 640 1811 674 dicat:
1841 639 2001 674 Rideatis
2018 651 2119 680 sane,
2146 650 2206 682 ego
2226 645 2280 671 ta-

1290 704 1371 724 men
1397 692 1535 724 affirmo
1558 692 1659 724 vobis
1683 703 1739 723 me
1771 701 1842 723 esse
1872 688 1967 723 hunc
2001 690 2135 733 ipsum,
2175 699 2280 733 quem

1291 742 1380 775 dixi:
1409 741 1486 775 Hoc
1508 749 1588 776 ante
1611 741 1730 774 omnia
1753 740 1853 774 vobis
1875 741 2049 783 agendum
2075 746 2143 783 est,
2170 746 2208 773 ut
2226 750 2281 771 me

1290 792 1484 835 agnoscatis
1509 804 1580 825 esse
1596 794 1775 826 doctorem
1793 791 1936 824 missum
1958 802 1975 823 a
1992 797 2107 834 patre,
2130 789 2280 822 afferen-

1292 850 1360 876 tem
1384 843 1530 875 verbum
1554 850 1586 875 et
1614 843 1817 876 mandatum
1843 841 1969 885 patris,
1997 847 2035 874 ut
2056 838 2145 873 mihi
2161 841 2281 873 creda-

1292 894 1345 926 tis.
1400 891 1477 926 Hoc
1493 894 1638 926 verbum
1656 894 1811 937 primum
1836 891 2052 925 audiendum
2075 897 2144 932 est,
2172 898 2205 924 et
2223 902 2281 924 ac-

1292 943 1495 991 cipiendum
1510 943 1597 985 fide,
1626 944 1672 977 ita
1691 945 1832 977 demum
1850 942 2066 985 cognoscetis
2085 942 2162 987 quis
2178 940 2256 976 sim.

1396 1008 1491 1041 Haec
1510 1015 1560 1042 est
1583 1020 1660 1041 meo
1680 1008 1812 1041 iudicio
1832 1006 2089 1050 simplicissima
2110 1005 2283 1040 sententia

1292 1057 1399 1093 huius
1425 1059 1528 1100 dicti,
1555 1070 1699 1102 prorsus
1724 1070 1822 1099 sum,
1857 1059 1950 1103 quod
1979 1058 2123 1102 loquor,
2157 1058 2193 1090 id
2217 1064 2281 1099 est,

1293 1121 1370 1143 sum
1404 1121 1553 1153 persona
1587 1109 1755 1154 loquens,
1798 1109 1946 1141 afferens
1969 1110 2116 1141 verbum
2150 1107 2284 1141 aeterni

1293 1160 1379 1199 Dei,
1408 1161 1502 1205 quod
1521 1159 1663 1204 quidem
1684 1159 1790 1192 tradit
1807 1159 1928 1192 utilem
1947 1159 2155 1192 doctrinam.
2210 1157 2284 1191 Re-

1295 1218 1397 1244 vocat
1414 1223 1477 1243 nos
1492 1209 1653 1243 Christus
1672 1211 1714 1243 ad
1734 1210 1898 1250 verbum,
1924 1215 1956 1242 et
1977 1209 2078 1242 docet
2100 1209 2146 1243 ita
2171 1220 2206 1242 se
2226 1220 2285 1241 co-

1295 1262 1434 1305 gnosci,
1461 1262 1489 1293 si
1506 1259 1588 1294 huic
1614 1261 1691 1293 voci
1716 1261 1916 1300 credamus,
1952 1271 2040 1303 quae
2067 1265 2117 1293 est
2140 1259 2244 1293 allata
2264 1270 2284 1292 a

1296 1312 1368 1345 filio
1387 1311 1474 1352 Dei,
1500 1318 1532 1345 et
1554 1318 1764 1355 propagatur
1785 1322 1847 1354 per
1870 1310 2104 1343 ministerium
2120 1308 2285 1352 Evange-

1297 1363 1350 1396 lii.
1403 1361 1484 1395 Non
1500 1362 1576 1396 vult
1599 1374 1663 1395 nos
1686 1361 1783 1407 sequi
1808 1359 1978 1393 humanas
2004 1360 2284 1403 imaginationes,

1297 1420 1357 1446 aut
1382 1413 1553 1445 iudicium
1579 1413 1768 1456 sapientiae
1792 1411 1993 1450 rationalis,
2036 1411 2078 1444 de
2102 1411 2284 1444 voluntate

1299 1470 1332 1497 et
1357 1464 1523 1507 oporibus
1542 1463 1624 1502 Dei,
1659 1475 1722 1495 nec
1746 1473 1912 1508 quaerere
1934 1461 2018 1494 alias
2043 1462 2285 1501 revelationes,

1297 1521 1357 1548 aut
1374 1513 1651 1547 illuminationes
1676 1520 1769 1546 extra
1795 1513 1961 1552 verbum,
1995 1512 2055 1544 sed
2078 1512 2198 1555 alligat
2220 1522 2285 1544 nos

1298 1566 1341 1598 ad
1359 1577 1478 1597 vocem
1491 1563 1674 1606 Evangelii
1696 1564 1737 1596 de
1754 1561 1916 1602 Christo,
1952 1574 2040 1606 quae
2061 1562 2167 1596 habet
2191 1568 2285 1595 certa

1304 1623 1337 1649 et
1361 1616 1461 1647 firma
1484 1615 1684 1648 testimonia
1708 1614 1891 1647 universae
1907 1611 2100 1652 Ecclesiae,
2128 1613 2210 1645 inde
2226 1623 2286 1645 us-

1299 1678 1366 1710 qne
1395 1667 1438 1698 ab
1470 1665 1572 1698 initio
1606 1665 1750 1705 mundi,
1804 1663 1967 1703 Patruin,
2016 1660 2286 1706 Prophetarum,

1300 1714 1434 1750 Christi
1457 1723 1488 1748 et
1506 1715 1768 1759 Apostolorum.
1821 1712 1982 1756 Denique
2010 1713 2213 1746 confirmata
2236 1718 2286 1746 est

1299 1767 1509 1800 testimoniis
1525 1766 1777 1798 miraculorum
1802 1763 1899 1796 missi
1916 1762 2069 1807 Spiritus
2085 1763 2195 1797 sancti
2222 1769 2285 1796 etc.

1300 1816 1356 1851 Ad
1387 1815 1471 1850 haec
1495 1816 1694 1849 testimonia
1719 1814 1794 1847 vult
1815 1813 1911 1846 Deus
1939 1814 2109 1858 respicere
2132 1814 2224 1858 pios,
2252 1820 2285 1846 et

1301 1868 1346 1900 ita
1363 1869 1505 1901 demum
1521 1864 1797 1911 apprehenditur
1817 1871 1848 1897 et
1870 1866 2088 1906 agnoscitur,
2116 1876 2194 1897 cum
2210 1875 2285 1896 cre-

1301 1919 1416 1951 dimus
1443 1916 1525 1950 huic
1555 1918 1679 1953 verbo,
1720 1917 1813 1959 quod
1844 1914 1944 1947 affert
1972 1914 2066 1947 filius
2090 1913 2174 1952 Dei,
2222 1926 2285 1958 per

1301 1970 1395 2014 quod
1412 1969 1530 2000 efficax
1549 1974 1597 1999 est
1614 1967 1767 2010 Spiritu-s
1784 1971 1921 1997 sanctus
1940 1965 1976 1996 in
2001 1966 2199 2006 mentibus,
2227 1977 2284 1998 ac-

1301 2019 1418 2052 cendit
1440 2029 1567 2051 novam
1594 2018 1728 2057 lucem,
1771 2023 1805 2049 et
1834 2015 1950 2048 erudit
1980 2015 2053 2059 pias
2084 2022 2216 2048 mentes
2241 2016 2284 2048 de

1300 2077 1448 2114 utraque
1467 2081 1520 2109 re,
1548 2068 1727 2107 videlicet,
1755 2067 1797 2099 de
1814 2067 1864 2098 ira
1881 2064 1947 2098 Dei
1971 2067 2136 2099 adversus
2163 2078 2284 2110 pecca·

1301 2127 1373 2154 tum
1386 2145 1393 2157 ,
1424 2127 1454 2153 et
1470 2131 1589 2152 rursus
1607 2120 1648 2151 de
1664 2119 1834 2149 immensa
1850 2116 2089 2150 misericordia
2101 2144 2110 2157 ,
2132 2129 2210 2151 cum
2227 2117 2285 2149 in-

1301 2178 1446 2204 tuentur
1462 2170 1707 2203 admirandum
1727 2167 1913 2201 consilium
1933 2166 2017 2208 Dei,
2055 2168 2147 2212 quod
2171 2167 2284 2200 filium

1302 2222 1414 2254 voluit
1433 2221 1608 2254 victimam
1626 2219 1699 2251 fieri
1718 2230 1779 2262 pro
1800 2218 1948 2266 peccatis
1964 2218 2101 2260 generis
2123 2215 2284 2251 humani.

1303 2271 1397 2305 Haec
1416 2278 1465 2305 est
1491 2283 1570 2304 vera
1596 2277 1628 2303 et
1654 2270 1847 2314 spiritualis
1873 2268 2002 2301 noticia
2025 2267 2110 2306 Dei,
2145 2276 2177 2302 et
2200 2266 2285 2302 haec

1301 2323 1385 2355 fides
1403 2323 1438 2354 in
1456 2322 1546 2355 veris
1564 2321 1815 2354 certaminibus
1841 2319 1941 2352 affert
1965 2319 2101 2352 firmam
2123 2320 2286 2352 consola-

1303 2374 1451 2413 tionem,
1479 2380 1510 2406 et
1528 2373 1627 2414 erigit
1646 2380 1793 2409 mentes,
1828 2377 1866 2404 ut
1890 2369 2065 2403 excutiant
2091 2370 2285 2403 dubitatio—

1303 2436 1384 2457 nem
1396 2451 1404 2464 ,
1435 2429 1467 2456 ct
1483 2424 1624 2456 vincant
1641 2430 1791 2455 terrores
1803 2448 1812 2461 ,
1838 2429 1870 2454 et
1887 2421 1991 2453 corda
2003 2447 2012 2460 ‚
2039 2426 2203 2464 concepta
2220 2417 2285 2453 hac

1302 2474 1378 2507 luce
1394 2481 1425 2508 et
1443 2474 1700 2511 consolatione,
1728 2473 1796 2505 iam
1820 2471 1993 2515 incipiunt
2016 2482 2096 2503 vere
2118 2471 2284 2504 invocare

1303 2523 1435 2566 Deum,
1459 2532 1490 2558 et
1505 2530 1682 2568 praestant
1701 2534 1801 2556 veros
1819 2522 1932 2556 cultus
1948 2521 2160 2565 spirituale&

1403 2592 1558 2626 Econtra
1575 2591 1637 2625 ubi
1653 2597 1786 2624 mentes
1805 2589 1960 2632 neglecta
1982 2584 2047 2621 hac
2063 2600 2147 2622 voce
2165 2585 2286 2622 Evan-

1303 2643 1384 2687 gelii
1411 2649 1582 2687 vagantur
1618 2641 1688 2676 suis
1721 2638 2051 2683 imaginationibus,
2097 2646 2130 2673 et
2159 2639 2214 2674 vel
2244 2650 2285 2673 ex
