<?xml version="1.0" encoding="UTF-8"?>
<!DOCTYPE html PUBLIC "-//W3C//DTD XHTML 1.0 Transitional//EN"
    "http://www.w3.org/TR/xhtml1/DTD/xhtml1-transitional.dtd">
<html xmlns="http://www.w3.org/1999/xhtml" xml:lang="en" lang="en">
 <head>
  <title>
</title>
<meta http-equiv="Content-Type" content="text/html;charset=utf-8" />
  <meta name='ocr-system' content='tesseract 3.04.00' />
  <meta name='ocr-capabilities' content='ocr_page ocr_carea ocr_par ocr_line ocrx_word'/>
</head>
<body>
  <div class='ocr_page' id='page_1' title='image "./operaquaesupersu15melauoft_0104.png"; bbox 0 0 2415 2942; ppageno 0'>
   <div class='ocr_carea' id='block_1_1' title="bbox 223 80 1633 135">
    <p class='ocr_par' dir='ltr' id='par_1_1' title="bbox 223 80 1633 135">
     <span class='ocr_line' id='line_1_1' title="bbox 223 80 1633 135; baseline -0.013 0"><span class='ocrx_word' id='word_1_1' title='bbox 223 100 291 135; x_wconf 87' lang='lat'>191</span> <span class='ocrx_word' id='word_1_2' title='bbox 802 88 916 122; x_wconf 67' lang='lat' dir='ltr'>pun,</span> <span class='ocrx_word' id='word_1_3' title='bbox 954 86 1068 121; x_wconf 80' lang='lat' dir='ltr'><strong>MEL.</strong></span> <span class='ocrx_word' id='word_1_4' title='bbox 1099 83 1307 120; x_wconf 77' lang='lat' dir='ltr'><strong>SCRIPTA</strong></span> <span class='ocrx_word' id='word_1_5' title='bbox 1335 80 1633 118; x_wconf 77' lang='lat' dir='ltr'>ExEGETmA,</span> 
     </span>
    </p>
   </div>
   <div class='ocr_carea' id='block_1_2' title="bbox 294 168 1132 226">
    <p class='ocr_par' dir='ltr' id='par_1_2' title="bbox 294 168 1132 226">
     <span class='ocr_line' id='line_1_2' title="bbox 294 168 1132 226; baseline -0.018 -9"><span class='ocrx_word' id='word_1_6' title='bbox 294 180 382 218; x_wconf 74' lang='lat' dir='ltr'>IVon</span> <span class='ocrx_word' id='word_1_7' title='bbox 406 181 663 226; x_wconf 64' lang='lat' dir='ltr'>cognoverunt,</span> <span class='ocrx_word' id='word_1_8' title='bbox 691 171 795 222; x_wconf 81' lang='lat' dir='ltr'>quod</span> <span class='ocrx_word' id='word_1_9' title='bbox 809 170 850 205; x_wconf 71' lang='lat' dir='ltr'>de</span> <span class='ocrx_word' id='word_1_10' title='bbox 869 176 974 219; x_wconf 76' lang='lat' dir='ltr'>patre</span> <span class='ocrx_word' id='word_1_11' title='bbox 991 168 1132 206; x_wconf 77' lang='lat' dir='ltr'>diceret.</span> 
     </span>
    </p>
   </div>
   <div class='ocr_carea' id='block_1_3' title="bbox 224 245 1227 1712">
    <p class='ocr_par' dir='ltr' id='par_1_3' title="bbox 224 245 1227 1712">
     <span class='ocr_line' id='line_1_3' title="bbox 324 245 1209 299; baseline -0.017 -8"><span class='ocrx_word' id='word_1_12' title='bbox 324 255 423 291; x_wconf 62' lang='lat' dir='ltr'>Nihil</span> <span class='ocrx_word' id='word_1_13' title='bbox 442 253 553 299; x_wconf 86' lang='lat' dir='ltr'>potuit</span> <span class='ocrx_word' id='word_1_14' title='bbox 573 251 641 283; x_wconf 86' lang='lat' dir='ltr'>dici</span> <span class='ocrx_word' id='word_1_15' title='bbox 660 249 798 288; x_wconf 77' lang='lat' dir='ltr'>clarius,</span> <span class='ocrx_word' id='word_1_16' title='bbox 826 258 930 291; x_wconf 87' lang='lat' dir='ltr'>quam</span> <span class='ocrx_word' id='word_1_17' title='bbox 951 246 1045 290; x_wconf 85' lang='lat' dir='ltr'>quod</span> <span class='ocrx_word' id='word_1_18' title='bbox 1063 245 1131 278; x_wconf 89' lang='lat' dir='ltr'>iam</span> <span class='ocrx_word' id='word_1_19' title='bbox 1152 245 1209 277; x_wconf 92' lang='lat' dir='ltr'>in-</span> 
     </span>
     <span class='ocr_line' id='line_1_4' title="bbox 224 295 1208 346; baseline -0.017 -2"><span class='ocrx_word' id='word_1_20' title='bbox 224 309 394 346; x_wconf 69' lang='lat' dir='ltr'>culcavit,</span> <span class='ocrx_word' id='word_1_21' title='bbox 436 317 470 338; x_wconf 88' lang='lat' dir='ltr'>se</span> <span class='ocrx_word' id='word_1_22' title='bbox 495 303 639 336; x_wconf 86' lang='lat' dir='ltr'>missum</span> <span class='ocrx_word' id='word_1_23' title='bbox 664 311 682 332; x_wconf 85' lang='lat' dir='ltr'>a</span> <span class='ocrx_word' id='word_1_24' title='bbox 706 305 824 342; x_wconf 88' lang='lat' dir='ltr'>patre,</span> <span class='ocrx_word' id='word_1_25' title='bbox 867 309 939 330; x_wconf 85' lang='lat' dir='ltr'>esse</span> <span class='ocrx_word' id='word_1_26' title='bbox 966 295 1060 329; x_wconf 89' lang='lat' dir='ltr'>hunc</span> <span class='ocrx_word' id='word_1_27' title='bbox 1093 297 1208 343; x_wconf 85' lang='lat' dir='ltr'>ipsum</span> 
     </span>
     <span class='ocr_line' id='line_1_5' title="bbox 224 348 1210 397; baseline -0.013 -4"><span class='ocrx_word' id='word_1_28' title='bbox 224 361 336 394; x_wconf 84' lang='lat' dir='ltr'>filium</span> <span class='ocrx_word' id='word_1_29' title='bbox 361 356 446 393; x_wconf 84' lang='lat' dir='ltr'>Dei,</span> <span class='ocrx_word' id='word_1_30' title='bbox 486 358 630 397; x_wconf 89' lang='lat' dir='ltr'>propter</span> <span class='ocrx_word' id='word_1_31' title='bbox 662 361 764 394; x_wconf 84' lang='lat' dir='ltr'>quem</span> <span class='ocrx_word' id='word_1_32' title='bbox 790 348 884 382; x_wconf 91' lang='lat' dir='ltr'>Deus</span> <span class='ocrx_word' id='word_1_33' title='bbox 910 349 953 381; x_wconf 81' lang='lat' dir='ltr'>ab</span> <span class='ocrx_word' id='word_1_34' title='bbox 983 348 1085 380; x_wconf 88' lang='lat' dir='ltr'>initio</span> <span class='ocrx_word' id='word_1_35' title='bbox 1109 348 1210 389; x_wconf 80' lang='lat' dir='ltr'>elegit</span> 
     </span>
     <span class='ocr_line' id='line_1_6' title="bbox 225 399 1210 444; baseline -0.013 -2"><span class='ocrx_word' id='word_1_36' title='bbox 225 408 433 444; x_wconf 78' lang='lat' dir='ltr'>Ecclesiam,</span> <span class='ocrx_word' id='word_1_37' title='bbox 470 410 502 436; x_wconf 87' lang='lat' dir='ltr'>et</span> <span class='ocrx_word' id='word_1_38' title='bbox 529 402 604 435; x_wconf 72' lang='lat' dir='ltr'>vult</span> <span class='ocrx_word' id='word_1_39' title='bbox 627 401 762 433; x_wconf 84' lang='lat' dir='ltr'>salvare</span> <span class='ocrx_word' id='word_1_40' title='bbox 784 400 983 438; x_wconf 85' lang='lat' dir='ltr'>credentes,</span> <span class='ocrx_word' id='word_1_41' title='bbox 1011 399 1110 437; x_wconf 84' lang='lat' dir='ltr'>item,</span> <span class='ocrx_word' id='word_1_42' title='bbox 1138 409 1173 430; x_wconf 90' lang='lat' dir='ltr'>se</span> <span class='ocrx_word' id='word_1_43' title='bbox 1192 409 1210 430; x_wconf 94' lang='lat' dir='ltr'>a</span> 
     </span>
     <span class='ocr_line' id='line_1_7' title="bbox 226 449 1211 503; baseline -0.012 -11"><span class='ocrx_word' id='word_1_44' title='bbox 226 466 323 503; x_wconf 80' lang='lat' dir='ltr'>patre</span> <span class='ocrx_word' id='word_1_45' title='bbox 353 456 476 488; x_wconf 74' lang='lat' dir='ltr'>afferre</span> <span class='ocrx_word' id='word_1_46' title='bbox 503 464 622 486; x_wconf 75' lang='lat' dir='ltr'>vocem</span> <span class='ocrx_word' id='word_1_47' title='bbox 647 450 850 494; x_wconf 77' lang='lat' dir='ltr'><strong>Evangelii,</strong></span> <span class='ocrx_word' id='word_1_48' title='bbox 884 457 915 483; x_wconf 92' lang='lat' dir='ltr'>et</span> <span class='ocrx_word' id='word_1_49' title='bbox 945 450 1018 482; x_wconf 90' lang='lat' dir='ltr'>eius</span> <span class='ocrx_word' id='word_1_50' title='bbox 1047 449 1211 481; x_wconf 85' lang='lat' dir='ltr'>mandato</span> 
     </span>
     <span class='ocr_line' id='line_1_8' title="bbox 225 497 1212 553; baseline -0.01 -11"><span class='ocrx_word' id='word_1_51' title='bbox 225 508 322 553; x_wconf 89' lang='lat' dir='ltr'>loqui</span> <span class='ocrx_word' id='word_1_52' title='bbox 352 514 385 539; x_wconf 90' lang='lat' dir='ltr'>et</span> <span class='ocrx_word' id='word_1_53' title='bbox 414 504 580 538; x_wconf 87' lang='lat' dir='ltr'>iudicare.</span> <span class='ocrx_word' id='word_1_54' title='bbox 647 502 687 535; x_wconf 92' lang='lat' dir='ltr'>ln</span> <span class='ocrx_word' id='word_1_55' title='bbox 706 500 760 534; x_wconf 82' lang='lat' dir='ltr'>liis</span> <span class='ocrx_word' id='word_1_56' title='bbox 776 500 893 534; x_wconf 77' lang='lat' dir='ltr'>verbis</span> <span class='ocrx_word' id='word_1_57' title='bbox 916 512 994 533; x_wconf 91' lang='lat' dir='ltr'>cum</span> <span class='ocrx_word' id='word_1_58' title='bbox 1019 497 1110 531; x_wconf 85' lang='lat' dir='ltr'>nibil</span> <span class='ocrx_word' id='word_1_59' title='bbox 1129 499 1212 532; x_wconf 86' lang='lat' dir='ltr'>insit</span> 
     </span>
     <span class='ocr_line' id='line_1_9' title="bbox 227 551 1210 595; baseline -0.011 -3"><span class='ocrx_word' id='word_1_60' title='bbox 227 558 388 595; x_wconf 82' lang='lat' dir='ltr'>obscuri,</span> <span class='ocrx_word' id='word_1_61' title='bbox 415 563 447 589; x_wconf 88' lang='lat' dir='ltr'>et</span> <span class='ocrx_word' id='word_1_62' title='bbox 465 556 566 589; x_wconf 86' lang='lat' dir='ltr'>toties</span> <span class='ocrx_word' id='word_1_63' title='bbox 584 553 793 587; x_wconf 79' lang='lat' dir='ltr'>nominatim</span> <span class='ocrx_word' id='word_1_64' title='bbox 812 551 980 594; x_wconf 82' lang='lat' dir='ltr'>allegetur</span> <span class='ocrx_word' id='word_1_65' title='bbox 1000 558 1107 594; x_wconf 85' lang='lat' dir='ltr'>pater,</span> <span class='ocrx_word' id='word_1_66' title='bbox 1135 558 1210 583; x_wconf 83' lang='lat' dir='ltr'>tan-</span> 
     </span>
     <span class='ocr_line' id='line_1_10' title="bbox 227 601 1214 655; baseline -0.009 -13"><span class='ocrx_word' id='word_1_67' title='bbox 227 621 332 655; x_wconf 87' lang='lat' dir='ltr'>quam</span> <span class='ocrx_word' id='word_1_68' title='bbox 364 619 417 640; x_wconf 87' lang='lat' dir='ltr'>res</span> <span class='ocrx_word' id='word_1_69' title='bbox 449 606 537 638; x_wconf 88' lang='lat' dir='ltr'>mira</span> <span class='ocrx_word' id='word_1_70' title='bbox 570 604 732 644; x_wconf 80' lang='lat' dir='ltr'>additur,</span> <span class='ocrx_word' id='word_1_71' title='bbox 782 603 862 635; x_wconf 89' lang='lat' dir='ltr'>illos</span> <span class='ocrx_word' id='word_1_72' title='bbox 894 614 966 634; x_wconf 91' lang='lat' dir='ltr'>non</span> <span class='ocrx_word' id='word_1_73' title='bbox 999 601 1214 644; x_wconf 63' lang='lat' dir='ltr'>cognovisse,</span> 
     </span>
     <span class='ocr_line' id='line_1_11' title="bbox 229 651 1213 705; baseline -0.01 -12"><span class='ocrx_word' id='word_1_74' title='bbox 229 661 324 705; x_wconf 92' lang='lat' dir='ltr'>quod</span> <span class='ocrx_word' id='word_1_75' title='bbox 349 665 485 703; x_wconf 90' lang='lat' dir='ltr'>patrem</span> <span class='ocrx_word' id='word_1_76' title='bbox 512 656 560 688; x_wconf 90' lang='lat' dir='ltr'>eis</span> <span class='ocrx_word' id='word_1_77' title='bbox 583 655 727 688; x_wconf 88' lang='lat' dir='ltr'>diceret:</span> <span class='ocrx_word' id='word_1_78' title='bbox 770 652 850 686; x_wconf 67' lang='lat' dir='ltr'>*Non</span> <span class='ocrx_word' id='word_1_79' title='bbox 876 659 1057 685; x_wconf 85' lang='lat' dir='ltr'>accusatur</span> <span class='ocrx_word' id='word_1_80' title='bbox 1081 651 1213 693; x_wconf 88' lang='lat' dir='ltr'>ingenii</span> 
     </span>
     <span class='ocr_line' id='line_1_12' title="bbox 229 701 1213 750; baseline -0.011 -6"><span class='ocrx_word' id='word_1_81' title='bbox 229 710 376 745; x_wconf 73' lang='lat' dir='ltr'>tarditas</span> <span class='ocrx_word' id='word_1_82' title='bbox 400 715 434 741; x_wconf 88' lang='lat' dir='ltr'>et</span> <span class='ocrx_word' id='word_1_83' title='bbox 457 714 600 750; x_wconf 89' lang='lat' dir='ltr'>stupor,</span> <span class='ocrx_word' id='word_1_84' title='bbox 633 705 877 747; x_wconf 82' lang='lat' dir='ltr'>intelligebant</span> <span class='ocrx_word' id='word_1_85' title='bbox 903 701 964 736; x_wconf 88' lang='lat' dir='ltr'>has</span> <span class='ocrx_word' id='word_1_86' title='bbox 988 714 1107 741; x_wconf 88' lang='lat' dir='ltr'>voces,</span> <span class='ocrx_word' id='word_1_87' title='bbox 1135 714 1213 734; x_wconf 90' lang='lat' dir='ltr'>cum</span> 
     </span>
     <span class='ocr_line' id='line_1_13' title="bbox 230 752 1215 801; baseline -0.012 -6"><span class='ocrx_word' id='word_1_88' title='bbox 230 761 339 801; x_wconf 74' lang='lat' dir='ltr'>dixit,</span> <span class='ocrx_word' id='word_1_89' title='bbox 368 771 402 792; x_wconf 91' lang='lat' dir='ltr'>se</span> <span class='ocrx_word' id='word_1_90' title='bbox 418 770 490 791; x_wconf 87' lang='lat' dir='ltr'>uon</span> <span class='ocrx_word' id='word_1_91' title='bbox 506 769 577 790; x_wconf 91' lang='lat' dir='ltr'>esse</span> <span class='ocrx_word' id='word_1_92' title='bbox 594 768 633 789; x_wconf 87' lang='lat' dir='ltr'>ex</span> <span class='ocrx_word' id='word_1_93' title='bbox 651 753 718 788; x_wconf 84' lang='lat' dir='ltr'>boc</span> <span class='ocrx_word' id='word_1_94' title='bbox 737 756 890 791; x_wconf 87' lang='lat' dir='ltr'>mundo,</span> <span class='ocrx_word' id='word_1_95' title='bbox 915 754 974 786; x_wconf 92' lang='lat' dir='ltr'>sed</span> <span class='ocrx_word' id='word_1_96' title='bbox 996 765 1036 785; x_wconf 86' lang='lat' dir='ltr'>ex</span> <span class='ocrx_word' id='word_1_97' title='bbox 1054 752 1215 795; x_wconf 82' lang='lat' dir='ltr'>supernis</span> 
     </span>
     <span class='ocr_line' id='line_1_14' title="bbox 230 801 1215 853; baseline -0.012 -8"><span class='ocrx_word' id='word_1_98' title='bbox 230 813 377 845; x_wconf 89' lang='lat' dir='ltr'>missum</span> <span class='ocrx_word' id='word_1_99' title='bbox 397 821 415 842; x_wconf 89' lang='lat' dir='ltr'>a</span> <span class='ocrx_word' id='word_1_100' title='bbox 433 815 532 853; x_wconf 87' lang='lat' dir='ltr'>patre</span> <span class='ocrx_word' id='word_1_101' title='bbox 559 813 634 847; x_wconf 66' lang='lat' dir='ltr'>etc„</span> <span class='ocrx_word' id='word_1_102' title='bbox 658 807 716 838; x_wconf 89' lang='lat' dir='ltr'>sed</span> <span class='ocrx_word' id='word_1_103' title='bbox 734 812 850 838; x_wconf 85' lang='lat' dir='ltr'>tantus</span> <span class='ocrx_word' id='word_1_104' title='bbox 868 811 918 836; x_wconf 82' lang='lat' dir='ltr'>est</span> <span class='ocrx_word' id='word_1_105' title='bbox 936 810 1132 836; x_wconf 76' lang='lat' dir='ltr'>contemtus</span> <span class='ocrx_word' id='word_1_106' title='bbox 1149 801 1215 834; x_wconf 87' lang='lat' dir='ltr'>hn-</span> 
     </span>
     <span class='ocr_line' id='line_1_15' title="bbox 231 853 1217 902; baseline -0.012 -6"><span class='ocrx_word' id='word_1_107' title='bbox 231 863 287 896; x_wconf 90' lang='lat' dir='ltr'>ius</span> <span class='ocrx_word' id='word_1_108' title='bbox 304 860 477 898; x_wconf 88' lang='lat' dir='ltr'>doctoris,</span> <span class='ocrx_word' id='word_1_109' title='bbox 503 870 606 902; x_wconf 88' lang='lat' dir='ltr'>quem</span> <span class='ocrx_word' id='word_1_110' title='bbox 625 857 817 888; x_wconf 88' lang='lat' dir='ltr'>induerunt</span> <span class='ocrx_word' id='word_1_111' title='bbox 836 854 995 886; x_wconf 87' lang='lat' dir='ltr'>fascinati</span> <span class='ocrx_word' id='word_1_112' title='bbox 1020 853 1217 896; x_wconf 75' lang='lat' dir='ltr'>persuasio-</span> 
     </span>
     <span class='ocr_line' id='line_1_16' title="bbox 229 902 1218 951; baseline -0.012 -4"><span class='ocrx_word' id='word_1_113' title='bbox 229 925 276 947; x_wconf 89' lang='lat' dir='ltr'>ne</span> <span class='ocrx_word' id='word_1_114' title='bbox 293 911 451 946; x_wconf 85' lang='lat' dir='ltr'>iusticiae</span> <span class='ocrx_word' id='word_1_115' title='bbox 469 909 553 951; x_wconf 86' lang='lat' dir='ltr'>legis</span> <span class='ocrx_word' id='word_1_116' title='bbox 580 915 612 940; x_wconf 89' lang='lat' dir='ltr'>et</span> <span class='ocrx_word' id='word_1_117' title='bbox 635 907 731 939; x_wconf 86' lang='lat' dir='ltr'>illius</span> <span class='ocrx_word' id='word_1_118' title='bbox 748 905 899 947; x_wconf 88' lang='lat' dir='ltr'>gloriae,</span> <span class='ocrx_word' id='word_1_119' title='bbox 939 905 1033 948; x_wconf 86' lang='lat' dir='ltr'>quod</span> <span class='ocrx_word' id='word_1_120' title='bbox 1057 902 1114 936; x_wconf 90' lang='lat' dir='ltr'>hic</span> <span class='ocrx_word' id='word_1_121' title='bbox 1132 910 1218 936; x_wconf 80' lang='lat' dir='ltr'>esset</span> 
     </span>
     <span class='ocr_line' id='line_1_17' title="bbox 231 954 1217 1008; baseline -0.01 -12"><span class='ocrx_word' id='word_1_122' title='bbox 231 963 385 1008; x_wconf 89' lang='lat' dir='ltr'>populus</span> <span class='ocrx_word' id='word_1_123' title='bbox 409 959 494 996; x_wconf 87' lang='lat' dir='ltr'>Dei,</span> <span class='ocrx_word' id='word_1_124' title='bbox 535 956 668 991; x_wconf 82' lang='lat' dir='ltr'>habens</span> <span class='ocrx_word' id='word_1_125' title='bbox 700 956 828 999; x_wconf 83' lang='lat' dir='ltr'>legem,</span> <span class='ocrx_word' id='word_1_126' title='bbox 866 955 1050 999; x_wconf 73' lang='lat' dir='ltr'>politiam,</span> <span class='ocrx_word' id='word_1_127' title='bbox 1085 954 1217 987; x_wconf 86' lang='lat' dir='ltr'>cultum</span> 
     </span>
     <span class='ocr_line' id='line_1_18' title="bbox 233 1004 1218 1052; baseline -0.011 -5"><span class='ocrx_word' id='word_1_128' title='bbox 233 1027 252 1047; x_wconf 89' lang='lat' dir='ltr'>a</span> <span class='ocrx_word' id='word_1_129' title='bbox 278 1012 352 1046; x_wconf 89' lang='lat' dir='ltr'>Deo</span> <span class='ocrx_word' id='word_1_130' title='bbox 380 1010 568 1046; x_wconf 90' lang='lat' dir='ltr'>traditum,</span> <span class='ocrx_word' id='word_1_131' title='bbox 601 1014 639 1040; x_wconf 90' lang='lat' dir='ltr'>ut</span> <span class='ocrx_word' id='word_1_132' title='bbox 662 1004 753 1039; x_wconf 84' lang='lat' dir='ltr'>nihil</span> <span class='ocrx_word' id='word_1_133' title='bbox 776 1006 892 1038; x_wconf 90' lang='lat' dir='ltr'>minus</span> <span class='ocrx_word' id='word_1_134' title='bbox 916 1005 1037 1038; x_wconf 89' lang='lat' dir='ltr'>subeat</span> <span class='ocrx_word' id='word_1_135' title='bbox 1061 1005 1218 1052; x_wconf 85' lang='lat' dir='ltr'>ipsorum</span> 
     </span>
     <span class='ocr_line' id='line_1_19' title="bbox 233 1056 1219 1105; baseline -0.009 -9"><span class='ocrx_word' id='word_1_136' title='bbox 233 1064 389 1099; x_wconf 87' lang='lat' dir='ltr'>animos,</span> <span class='ocrx_word' id='word_1_137' title='bbox 416 1072 521 1105; x_wconf 88' lang='lat' dir='ltr'>quam</span> <span class='ocrx_word' id='word_1_138' title='bbox 543 1057 638 1091; x_wconf 84' lang='lat' dir='ltr'>hunc</span> <span class='ocrx_word' id='word_1_139' title='bbox 653 1069 724 1090; x_wconf 83' lang='lat' dir='ltr'>esse</span> <span class='ocrx_word' id='word_1_140' title='bbox 742 1069 863 1090; x_wconf 77' lang='lat' dir='ltr'>verum</span> <span class='ocrx_word' id='word_1_141' title='bbox 883 1057 1060 1089; x_wconf 88' lang='lat' dir='ltr'>doctorem</span> <span class='ocrx_word' id='word_1_142' title='bbox 1076 1056 1219 1088; x_wconf 89' lang='lat' dir='ltr'>missum</span> 
     </span>
     <span class='ocr_line' id='line_1_20' title="bbox 234 1105 1222 1153; baseline -0.01 -6"><span class='ocrx_word' id='word_1_143' title='bbox 234 1127 253 1148; x_wconf 86' lang='lat' dir='ltr'>a</span> <span class='ocrx_word' id='word_1_144' title='bbox 269 1113 344 1148; x_wconf 83' lang='lat' dir='ltr'>Deo</span> <span class='ocrx_word' id='word_1_145' title='bbox 356 1140 364 1153; x_wconf 90' lang='lat'><em>‚</em></span> <span class='ocrx_word' id='word_1_146' title='bbox 390 1112 522 1144; x_wconf 87' lang='lat' dir='ltr'>nedum</span> <span class='ocrx_word' id='word_1_147' title='bbox 541 1109 707 1143; x_wconf 66' lang='lat' dir='ltr'>blessiam</span> <span class='ocrx_word' id='word_1_148' title='bbox 723 1114 781 1141; x_wconf 88' lang='lat' dir='ltr'>aut</span> <span class='ocrx_word' id='word_1_149' title='bbox 798 1108 908 1140; x_wconf 86' lang='lat' dir='ltr'>filium</span> <span class='ocrx_word' id='word_1_150' title='bbox 926 1105 1012 1147; x_wconf 80' lang='lat' dir='ltr'>Dei,</span> <span class='ocrx_word' id='word_1_151' title='bbox 1039 1118 1118 1139; x_wconf 90' lang='lat' dir='ltr'>cum</span> <span class='ocrx_word' id='word_1_152' title='bbox 1136 1106 1222 1138; x_wconf 79' lang='lat' dir='ltr'>asfe-</span> 
     </span>
     <span class='ocr_line' id='line_1_21' title="bbox 234 1156 1221 1204; baseline -0.01 -6"><span class='ocrx_word' id='word_1_153' title='bbox 234 1171 289 1198; x_wconf 86' lang='lat' dir='ltr'>rat</span> <span class='ocrx_word' id='word_1_154' title='bbox 306 1174 436 1196; x_wconf 82' lang='lat' dir='ltr'>novum</span> <span class='ocrx_word' id='word_1_155' title='bbox 454 1172 563 1204; x_wconf 87' lang='lat' dir='ltr'>genus</span> <span class='ocrx_word' id='word_1_156' title='bbox 581 1161 774 1202; x_wconf 84' lang='lat' dir='ltr'>doctrinae,</span> <span class='ocrx_word' id='word_1_157' title='bbox 802 1165 834 1191; x_wconf 88' lang='lat' dir='ltr'>et</span> <span class='ocrx_word' id='word_1_158' title='bbox 852 1158 925 1191; x_wconf 88' lang='lat' dir='ltr'>sine</span> <span class='ocrx_word' id='word_1_159' title='bbox 942 1158 1120 1190; x_wconf 76' lang='lat' dir='ltr'>mentione</span> <span class='ocrx_word' id='word_1_160' title='bbox 1136 1156 1221 1199; x_wconf 73' lang='lat' dir='ltr'>legis</span> 
     </span>
     <span class='ocr_line' id='line_1_22' title="bbox 237 1207 1222 1251; baseline -0.01 -3"><span class='ocrx_word' id='word_1_161' title='bbox 237 1222 269 1249; x_wconf 87' lang='lat' dir='ltr'>et</span> <span class='ocrx_word' id='word_1_162' title='bbox 287 1214 445 1247; x_wconf 89' lang='lat' dir='ltr'>cultuum</span> <span class='ocrx_word' id='word_1_163' title='bbox 463 1211 702 1245; x_wconf 83' lang='lat' dir='ltr'>Mosaicorum</span> <span class='ocrx_word' id='word_1_164' title='bbox 720 1210 762 1242; x_wconf 87' lang='lat' dir='ltr'>de</span> <span class='ocrx_word' id='word_1_165' title='bbox 789 1220 860 1242; x_wconf 91' lang='lat' dir='ltr'>sese</span> <span class='ocrx_word' id='word_1_166' title='bbox 877 1214 1082 1251; x_wconf 76' lang='lat' dir='ltr'>arroganter</span> <span class='ocrx_word' id='word_1_167' title='bbox 1102 1207 1222 1239; x_wconf 78' lang='lat' dir='ltr'>videa-</span> 
     </span>
     <span class='ocr_line' id='line_1_23' title="bbox 235 1258 1222 1303; baseline -0.011 -3"><span class='ocrx_word' id='word_1_168' title='bbox 235 1274 294 1301; x_wconf 84' lang='lat' dir='ltr'>tur</span> <span class='ocrx_word' id='word_1_169' title='bbox 315 1263 529 1298; x_wconf 86' lang='lat' dir='ltr'>concionari.</span> <span class='ocrx_word' id='word_1_170' title='bbox 582 1260 677 1293; x_wconf 73' lang='lat' dir='ltr'>Haec</span> <span class='ocrx_word' id='word_1_171' title='bbox 703 1266 775 1293; x_wconf 87' lang='lat' dir='ltr'>erat</span> <span class='ocrx_word' id='word_1_172' title='bbox 792 1272 852 1303; x_wconf 90' lang='lat' dir='ltr'>per</span> <span class='ocrx_word' id='word_1_173' title='bbox 877 1270 949 1292; x_wconf 82' lang='lat' dir='ltr'>sese</span> <span class='ocrx_word' id='word_1_174' title='bbox 966 1270 1090 1301; x_wconf 85' lang='lat' dir='ltr'>magna</span> <span class='ocrx_word' id='word_1_175' title='bbox 1109 1258 1222 1291; x_wconf 80' lang='lat' dir='ltr'>offen·</span> 
     </span>
     <span class='ocr_line' id='line_1_24' title="bbox 236 1308 1224 1356; baseline -0.008 -7"><span class='ocrx_word' id='word_1_176' title='bbox 236 1317 307 1356; x_wconf 91' lang='lat' dir='ltr'>sio,</span> <span class='ocrx_word' id='word_1_177' title='bbox 334 1322 372 1348; x_wconf 88' lang='lat' dir='ltr'>ut</span> <span class='ocrx_word' id='word_1_178' title='bbox 391 1318 633 1347; x_wconf 87' lang='lat' dir='ltr'>aversarentur</span> <span class='ocrx_word' id='word_1_179' title='bbox 649 1308 743 1344; x_wconf 89' lang='lat' dir='ltr'>hunc</span> <span class='ocrx_word' id='word_1_180' title='bbox 763 1312 963 1350; x_wconf 87' lang='lat' dir='ltr'>doctorem,</span> <span class='ocrx_word' id='word_1_181' title='bbox 991 1316 1023 1343; x_wconf 90' lang='lat' dir='ltr'>et</span> <span class='ocrx_word' id='word_1_182' title='bbox 1041 1309 1224 1342; x_wconf 82' lang='lat' dir='ltr'>accedebat</span> 
     </span>
     <span class='ocr_line' id='line_1_25' title="bbox 236 1358 1224 1412; baseline -0.009 -12"><span class='ocrx_word' id='word_1_183' title='bbox 236 1377 407 1412; x_wconf 79' lang='lat' dir='ltr'>personae</span> <span class='ocrx_word' id='word_1_184' title='bbox 433 1370 648 1402; x_wconf 81' lang='lat' dir='ltr'>contemtus,</span> <span class='ocrx_word' id='word_1_185' title='bbox 677 1362 772 1406; x_wconf 88' lang='lat' dir='ltr'>quod</span> <span class='ocrx_word' id='word_1_186' title='bbox 795 1358 901 1394; x_wconf 87' lang='lat' dir='ltr'>homo</span> <span class='ocrx_word' id='word_1_187' title='bbox 926 1361 1082 1403; x_wconf 88' lang='lat' dir='ltr'>ignotus,</span> <span class='ocrx_word' id='word_1_188' title='bbox 1109 1371 1224 1402; x_wconf 79' lang='lat' dir='ltr'>egens,</span> 
     </span>
     <span class='ocr_line' id='line_1_26' title="bbox 236 1411 1226 1456; baseline -0.009 -6"><span class='ocrx_word' id='word_1_189' title='bbox 236 1418 312 1451; x_wconf 89' lang='lat' dir='ltr'>sine</span> <span class='ocrx_word' id='word_1_190' title='bbox 327 1415 451 1450; x_wconf 78' lang='lat' dir='ltr'>studiis</span> <span class='ocrx_word' id='word_1_191' title='bbox 475 1421 507 1448; x_wconf 88' lang='lat' dir='ltr'>et</span> <span class='ocrx_word' id='word_1_192' title='bbox 524 1412 771 1456; x_wconf 72' lang='lat' dir='ltr'>suffragatione</span> <span class='ocrx_word' id='word_1_193' title='bbox 787 1418 988 1455; x_wconf 85' lang='lat' dir='ltr'>potentum,</span> <span class='ocrx_word' id='word_1_194' title='bbox 1017 1411 1226 1454; x_wconf 88' lang='lat' dir='ltr'>sapientum,</span> 
     </span>
     <span class='ocr_line' id='line_1_27' title="bbox 238 1459 1226 1505; baseline -0.01 -3"><span class='ocrx_word' id='word_1_195' title='bbox 238 1475 300 1502; x_wconf 87' lang='lat' dir='ltr'>etc.</span> <span class='ocrx_word' id='word_1_196' title='bbox 335 1473 485 1500; x_wconf 80' lang='lat' dir='ltr'>sumeret</span> <span class='ocrx_word' id='word_1_197' title='bbox 512 1465 579 1498; x_wconf 87' lang='lat' dir='ltr'>sibi</span> <span class='ocrx_word' id='word_1_198' title='bbox 604 1475 732 1497; x_wconf 84' lang='lat' dir='ltr'>munus</span> <span class='ocrx_word' id='word_1_199' title='bbox 759 1463 907 1495; x_wconf 86' lang='lat' dir='ltr'>docendi</span> <span class='ocrx_word' id='word_1_200' title='bbox 936 1462 972 1494; x_wconf 91' lang='lat' dir='ltr'>in</span> <span class='ocrx_word' id='word_1_201' title='bbox 998 1461 1129 1505; x_wconf 90' lang='lat' dir='ltr'>populo</span> <span class='ocrx_word' id='word_1_202' title='bbox 1148 1459 1226 1500; x_wconf 89' lang='lat' dir='ltr'>Dei,</span> 
     </span>
     <span class='ocr_line' id='line_1_28' title="bbox 239 1512 1225 1557; baseline -0.009 -5"><span class='ocrx_word' id='word_1_203' title='bbox 239 1525 360 1552; x_wconf 87' lang='lat' dir='ltr'>contra</span> <span class='ocrx_word' id='word_1_204' title='bbox 393 1516 616 1549; x_wconf 75' lang='lat' dir='ltr'>autoritatem</span> <span class='ocrx_word' id='word_1_205' title='bbox 647 1513 775 1547; x_wconf 89' lang='lat' dir='ltr'>summi</span> <span class='ocrx_word' id='word_1_206' title='bbox 810 1512 965 1550; x_wconf 86' lang='lat' dir='ltr'>ordinis,</span> <span class='ocrx_word' id='word_1_207' title='bbox 1002 1513 1062 1557; x_wconf 91' lang='lat' dir='ltr'>qui</span> <span class='ocrx_word' id='word_1_208' title='bbox 1086 1512 1225 1545; x_wconf 87' lang='lat' dir='ltr'>tenebat</span> 
     </span>
     <span class='ocr_line' id='line_1_29' title="bbox 239 1562 1227 1613; baseline -0.008 -11"><span class='ocrx_word' id='word_1_209' title='bbox 239 1568 551 1613; x_wconf 81' lang='lat' dir='ltr'>gubernationem,</span> <span class='ocrx_word' id='word_1_210' title='bbox 594 1577 702 1610; x_wconf 83' lang='lat' dir='ltr'>quare</span> <span class='ocrx_word' id='word_1_211' title='bbox 732 1562 825 1597; x_wconf 84' lang='lat' dir='ltr'>nibil</span> <span class='ocrx_word' id='word_1_212' title='bbox 857 1564 974 1596; x_wconf 89' lang='lat' dir='ltr'>minus</span> <span class='ocrx_word' id='word_1_213' title='bbox 1016 1563 1227 1605; x_wconf 79' lang='lat' dir='ltr'>cogitabant,</span> 
     </span>
     <span class='ocr_line' id='line_1_30' title="bbox 241 1613 1226 1664; baseline -0.008 -12"><span class='ocrx_word' id='word_1_214' title='bbox 241 1631 346 1664; x_wconf 90' lang='lat' dir='ltr'>quam</span> <span class='ocrx_word' id='word_1_215' title='bbox 363 1616 458 1651; x_wconf 85' lang='lat' dir='ltr'>hunc</span> <span class='ocrx_word' id='word_1_216' title='bbox 476 1628 548 1650; x_wconf 88' lang='lat' dir='ltr'>esse</span> <span class='ocrx_word' id='word_1_217' title='bbox 567 1616 712 1648; x_wconf 88' lang='lat' dir='ltr'>missum</span> <span class='ocrx_word' id='word_1_218' title='bbox 732 1627 750 1648; x_wconf 89' lang='lat' dir='ltr'>a</span> <span class='ocrx_word' id='word_1_219' title='bbox 769 1614 863 1655; x_wconf 92' lang='lat' dir='ltr'>Deo,</span> <span class='ocrx_word' id='word_1_220' title='bbox 890 1620 921 1647; x_wconf 85' lang='lat' dir='ltr'>et</span> <span class='ocrx_word' id='word_1_221' title='bbox 945 1613 1087 1658; x_wconf 82' lang='lat' dir='ltr'>quidem</span> <span class='ocrx_word' id='word_1_222' title='bbox 1114 1613 1226 1645; x_wconf 86' lang='lat' dir='ltr'>filium</span> 
     </span>
     <span class='ocr_line' id='line_1_31' title="bbox 239 1664 1202 1712; baseline -0.007 -9"><span class='ocrx_word' id='word_1_223' title='bbox 239 1669 325 1712; x_wconf 83' lang='lat' dir='ltr'>Dei,</span> <span class='ocrx_word' id='word_1_224' title='bbox 354 1668 491 1702; x_wconf 87' lang='lat' dir='ltr'>etiamsi</span> <span class='ocrx_word' id='word_1_225' title='bbox 515 1667 643 1700; x_wconf 87' lang='lat' dir='ltr'>millies</span> <span class='ocrx_word' id='word_1_226' title='bbox 661 1664 723 1699; x_wconf 87' lang='lat' dir='ltr'>has</span> <span class='ocrx_word' id='word_1_227' title='bbox 740 1677 840 1699; x_wconf 67' lang='lat' dir='ltr'>voces</span> <span class='ocrx_word' id='word_1_228' title='bbox 857 1666 899 1698; x_wconf 91' lang='lat' dir='ltr'>de</span> <span class='ocrx_word' id='word_1_229' title='bbox 917 1672 1012 1708; x_wconf 89' lang='lat' dir='ltr'>patre</span> <span class='ocrx_word' id='word_1_230' title='bbox 1035 1665 1202 1699; x_wconf 80' lang='lat' dir='ltr'>iterasset.</span> 
     </span>
    </p>
   </div>
   <div class='ocr_carea' id='block_1_4' title="bbox 243 1737 1238 2698">
    <p class='ocr_par' dir='ltr' id='par_1_4' title="bbox 243 1737 1238 2698">
     <span class='ocr_line' id='line_1_32' title="bbox 342 1737 1229 1783; baseline -0.007 -6"><span class='ocrx_word' id='word_1_231' title='bbox 342 1742 481 1777; x_wconf 87' lang='lat' dir='ltr'>Deinde</span> <span class='ocrx_word' id='word_1_232' title='bbox 507 1743 548 1775; x_wconf 94' lang='lat' dir='ltr'>de</span> <span class='ocrx_word' id='word_1_233' title='bbox 565 1741 696 1775; x_wconf 82' lang='lat' dir='ltr'>Messia</span> <span class='ocrx_word' id='word_1_234' title='bbox 720 1740 825 1783; x_wconf 88' lang='lat' dir='ltr'>longe</span> <span class='ocrx_word' id='word_1_235' title='bbox 857 1740 944 1772; x_wconf 88' lang='lat' dir='ltr'>aliae</span> <span class='ocrx_word' id='word_1_236' title='bbox 978 1746 1077 1772; x_wconf 90' lang='lat' dir='ltr'>erant</span> <span class='ocrx_word' id='word_1_237' title='bbox 1104 1737 1229 1772; x_wconf 88' lang='lat' dir='ltr'>Phari-</span> 
     </span>
     <span class='ocr_line' id='line_1_33' title="bbox 244 1789 1231 1836; baseline -0.006 -6"><span class='ocrx_word' id='word_1_238' title='bbox 244 1806 404 1831; x_wconf 84' lang='lat' dir='ltr'>saeorum</span> <span class='ocrx_word' id='word_1_239' title='bbox 430 1792 718 1836; x_wconf 76' lang='lat' dir='ltr'>imaginationes,</span> <span class='ocrx_word' id='word_1_240' title='bbox 755 1789 847 1824; x_wconf 90' lang='lat' dir='ltr'>nibil</span> <span class='ocrx_word' id='word_1_241' title='bbox 876 1791 971 1823; x_wconf 87' lang='lat' dir='ltr'>aliud</span> <span class='ocrx_word' id='word_1_242' title='bbox 995 1791 1231 1830; x_wconf 82' lang='lat' dir='ltr'>somniabant,</span> 
     </span>
     <span class='ocr_line' id='line_1_34' title="bbox 244 1841 1230 1892; baseline -0.007 -12"><span class='ocrx_word' id='word_1_243' title='bbox 244 1859 350 1892; x_wconf 90' lang='lat' dir='ltr'>quam</span> <span class='ocrx_word' id='word_1_244' title='bbox 371 1852 558 1878; x_wconf 84' lang='lat' dir='ltr'>venturum</span> <span class='ocrx_word' id='word_1_245' title='bbox 583 1855 623 1875; x_wconf 76' lang='lat' dir='ltr'>ex</span> <span class='ocrx_word' id='word_1_246' title='bbox 647 1842 758 1875; x_wconf 90' lang='lat' dir='ltr'>nobili</span> <span class='ocrx_word' id='word_1_247' title='bbox 781 1848 812 1875; x_wconf 93' lang='lat' dir='ltr'>et</span> <span class='ocrx_word' id='word_1_248' title='bbox 837 1848 981 1885; x_wconf 88' lang='lat' dir='ltr'>potente</span> <span class='ocrx_word' id='word_1_249' title='bbox 1006 1841 1140 1874; x_wconf 85' lang='lat' dir='ltr'>familia</span> <span class='ocrx_word' id='word_1_250' title='bbox 1164 1841 1230 1874; x_wconf 88' lang='lat' dir='ltr'>ali-</span> 
     </span>
     <span class='ocr_line' id='line_1_35' title="bbox 243 1892 1230 1943; baseline -0.007 -13"><span class='ocrx_word' id='word_1_251' title='bbox 243 1908 348 1943; x_wconf 89' lang='lat' dir='ltr'>quem</span> <span class='ocrx_word' id='word_1_252' title='bbox 387 1895 604 1940; x_wconf 87' lang='lat' dir='ltr'>principem,</span> <span class='ocrx_word' id='word_1_253' title='bbox 653 1893 819 1936; x_wconf 88' lang='lat' dir='ltr'>stipatum</span> <span class='ocrx_word' id='word_1_254' title='bbox 849 1892 995 1925; x_wconf 86' lang='lat' dir='ltr'>catervis</span> <span class='ocrx_word' id='word_1_255' title='bbox 1034 1904 1230 1936; x_wconf 86' lang='lat' dir='ltr'>procerum,</span> 
     </span>
     <span class='ocr_line' id='line_1_36' title="bbox 243 1943 1231 1988; baseline -0.006 -7"><span class='ocrx_word' id='word_1_256' title='bbox 243 1947 423 1981; x_wconf 84' lang='lat' dir='ltr'>munitum</span> <span class='ocrx_word' id='word_1_257' title='bbox 441 1945 566 1985; x_wconf 90' lang='lat' dir='ltr'>armis,</span> <span class='ocrx_word' id='word_1_258' title='bbox 593 1944 769 1988; x_wconf 87' lang='lat' dir='ltr'>potentia,</span> <span class='ocrx_word' id='word_1_259' title='bbox 797 1943 857 1988; x_wconf 88' lang='lat' dir='ltr'>qui</span> <span class='ocrx_word' id='word_1_260' title='bbox 877 1954 1017 1976; x_wconf 82' lang='lat' dir='ltr'>excussa</span> <span class='ocrx_word' id='word_1_261' title='bbox 1033 1943 1145 1975; x_wconf 89' lang='lat' dir='ltr'>aliena</span> <span class='ocrx_word' id='word_1_262' title='bbox 1167 1943 1231 1976; x_wconf 93' lang='lat' dir='ltr'>do-</span> 
     </span>
     <span class='ocr_line' id='line_1_37' title="bbox 244 1994 1232 2038; baseline -0.006 -6"><span class='ocrx_word' id='word_1_263' title='bbox 244 1997 462 2037; x_wconf 88' lang='lat' dir='ltr'>minatione,</span> <span class='ocrx_word' id='word_1_264' title='bbox 496 1994 694 2028; x_wconf 85' lang='lat' dir='ltr'>restitueret</span> <span class='ocrx_word' id='word_1_265' title='bbox 717 1995 847 2038; x_wconf 91' lang='lat' dir='ltr'>populo</span> <span class='ocrx_word' id='word_1_266' title='bbox 871 1994 1090 2037; x_wconf 83' lang='lat' dir='ltr'>libertatem,</span> <span class='ocrx_word' id='word_1_267' title='bbox 1117 2000 1149 2027; x_wconf 86' lang='lat' dir='ltr'>et</span> <span class='ocrx_word' id='word_1_268' title='bbox 1165 1994 1232 2027; x_wconf 90' lang='lat' dir='ltr'>late</span> 
     </span>
     <span class='ocr_line' id='line_1_38' title="bbox 243 2042 1232 2094; baseline -0.006 -12"><span class='ocrx_word' id='word_1_269' title='bbox 243 2053 452 2094; x_wconf 85' lang='lat' dir='ltr'>propagaret</span> <span class='ocrx_word' id='word_1_270' title='bbox 469 2045 657 2089; x_wconf 89' lang='lat' dir='ltr'>imperium</span> <span class='ocrx_word' id='word_1_271' title='bbox 676 2045 712 2077; x_wconf 89' lang='lat' dir='ltr'>in</span> <span class='ocrx_word' id='word_1_272' title='bbox 730 2045 814 2077; x_wconf 87' lang='lat' dir='ltr'>alias</span> <span class='ocrx_word' id='word_1_273' title='bbox 831 2044 1002 2077; x_wconf 89' lang='lat' dir='ltr'>nationes.</span> <span class='ocrx_word' id='word_1_274' title='bbox 1051 2042 1151 2077; x_wconf 80' lang='lat' dir='ltr'>Nihil</span> <span class='ocrx_word' id='word_1_275' title='bbox 1167 2042 1232 2076; x_wconf 88' lang='lat' dir='ltr'>ho-</span> 
     </span>
     <span class='ocr_line' id='line_1_39' title="bbox 244 2094 1232 2141; baseline -0.006 -8"><span class='ocrx_word' id='word_1_276' title='bbox 244 2112 324 2133; x_wconf 87' lang='lat' dir='ltr'>rum</span> <span class='ocrx_word' id='word_1_277' title='bbox 349 2097 583 2141; x_wconf 87' lang='lat' dir='ltr'>recipiebant,</span> <span class='ocrx_word' id='word_1_278' title='bbox 615 2096 709 2140; x_wconf 88' lang='lat' dir='ltr'>quod</span> <span class='ocrx_word' id='word_1_279' title='bbox 736 2102 904 2129; x_wconf 76' lang='lat' dir='ltr'>venturus</span> <span class='ocrx_word' id='word_1_280' title='bbox 926 2101 1013 2128; x_wconf 88' lang='lat' dir='ltr'>esset</span> <span class='ocrx_word' id='word_1_281' title='bbox 1035 2095 1128 2128; x_wconf 90' lang='lat' dir='ltr'>filius</span> <span class='ocrx_word' id='word_1_282' title='bbox 1153 2094 1232 2135; x_wconf 91' lang='lat' dir='ltr'>Dei,</span> 
     </span>
     <span class='ocr_line' id='line_1_40' title="bbox 248 2143 1233 2195; baseline -0.005 -12"><span class='ocrx_word' id='word_1_283' title='bbox 248 2150 308 2195; x_wconf 89' lang='lat' dir='ltr'>qui</span> <span class='ocrx_word' id='word_1_284' title='bbox 328 2150 491 2182; x_wconf 91' lang='lat' dir='ltr'>indueret</span> <span class='ocrx_word' id='word_1_285' title='bbox 511 2154 671 2180; x_wconf 90' lang='lat' dir='ltr'>naturam</span> <span class='ocrx_word' id='word_1_286' title='bbox 689 2143 898 2185; x_wconf 81' lang='lat' dir='ltr'>humanam,</span> <span class='ocrx_word' id='word_1_287' title='bbox 924 2153 963 2178; x_wconf 88' lang='lat' dir='ltr'>ut</span> <span class='ocrx_word' id='word_1_288' title='bbox 979 2144 1076 2178; x_wconf 86' lang='lat' dir='ltr'>fieret</span> <span class='ocrx_word' id='word_1_289' title='bbox 1093 2145 1233 2178; x_wconf 81' lang='lat' dir='ltr'>victima</span> 
     </span>
     <span class='ocr_line' id='line_1_41' title="bbox 246 2195 1233 2245; baseline -0.004 -12"><span class='ocrx_word' id='word_1_290' title='bbox 246 2212 311 2245; x_wconf 91' lang='lat' dir='ltr'>pro</span> <span class='ocrx_word' id='word_1_291' title='bbox 328 2211 453 2243; x_wconf 85' lang='lat' dir='ltr'>genere</span> <span class='ocrx_word' id='word_1_292' title='bbox 476 2195 652 2237; x_wconf 90' lang='lat' dir='ltr'>humano,</span> <span class='ocrx_word' id='word_1_293' title='bbox 678 2196 738 2241; x_wconf 92' lang='lat' dir='ltr'>qui</span> <span class='ocrx_word' id='word_1_294' title='bbox 758 2202 845 2228; x_wconf 88' lang='lat' dir='ltr'>esset</span> <span class='ocrx_word' id='word_1_295' title='bbox 862 2195 1032 2229; x_wconf 87' lang='lat' dir='ltr'>allaturus</span> <span class='ocrx_word' id='word_1_296' title='bbox 1050 2208 1177 2229; x_wconf 72' lang='lat' dir='ltr'>novam</span> <span class='ocrx_word' id='word_1_297' title='bbox 1199 2202 1233 2229; x_wconf 88' lang='lat' dir='ltr'>et</span> 
     </span>
     <span class='ocr_line' id='line_1_42' title="bbox 244 2245 1234 2295; baseline -0.005 -12"><span class='ocrx_word' id='word_1_298' title='bbox 244 2257 451 2295; x_wconf 87' lang='lat' dir='ltr'>perpetuam</span> <span class='ocrx_word' id='word_1_299' title='bbox 486 2247 659 2281; x_wconf 87' lang='lat' dir='ltr'>iusticiam</span> <span class='ocrx_word' id='word_1_300' title='bbox 687 2254 718 2280; x_wconf 90' lang='lat' dir='ltr'>et</span> <span class='ocrx_word' id='word_1_301' title='bbox 745 2246 862 2278; x_wconf 72' lang='lat' dir='ltr'>vitam.</span> <span class='ocrx_word' id='word_1_302' title='bbox 921 2245 1016 2279; x_wconf 87' lang='lat' dir='ltr'>Haec</span> <span class='ocrx_word' id='word_1_303' title='bbox 1047 2247 1109 2280; x_wconf 90' lang='lat' dir='ltr'>etsi</span> <span class='ocrx_word' id='word_1_304' title='bbox 1136 2252 1234 2279; x_wconf 89' lang='lat' dir='ltr'>erant</span> 
     </span>
     <span class='ocr_line' id='line_1_43' title="bbox 247 2297 1233 2342; baseline -0.006 -7"><span class='ocrx_word' id='word_1_305' title='bbox 247 2301 353 2335; x_wconf 89' lang='lat' dir='ltr'>etiam</span> <span class='ocrx_word' id='word_1_306' title='bbox 380 2300 417 2331; x_wconf 89' lang='lat' dir='ltr'>in</span> <span class='ocrx_word' id='word_1_307' title='bbox 442 2298 622 2342; x_wconf 89' lang='lat' dir='ltr'>scripturis</span> <span class='ocrx_word' id='word_1_308' title='bbox 647 2297 728 2331; x_wconf 90' lang='lat' dir='ltr'>satis</span> <span class='ocrx_word' id='word_1_309' title='bbox 757 2297 848 2330; x_wconf 87' lang='lat' dir='ltr'>clare</span> <span class='ocrx_word' id='word_1_310' title='bbox 881 2297 1075 2339; x_wconf 84' lang='lat' dir='ltr'>praedicta,</span> <span class='ocrx_word' id='word_1_311' title='bbox 1116 2304 1233 2330; x_wconf 89' lang='lat' dir='ltr'>tamen</span> 
     </span>
     <span class='ocr_line' id='line_1_44' title="bbox 248 2347 1235 2396; baseline -0.004 -12"><span class='ocrx_word' id='word_1_312' title='bbox 248 2362 392 2396; x_wconf 86' lang='lat' dir='ltr'>prorsus</span> <span class='ocrx_word' id='word_1_313' title='bbox 413 2350 538 2382; x_wconf 84' lang='lat' dir='ltr'>alienis</span> <span class='ocrx_word' id='word_1_314' title='bbox 563 2349 690 2381; x_wconf 90' lang='lat' dir='ltr'>animis</span> <span class='ocrx_word' id='word_1_315' title='bbox 715 2355 747 2381; x_wconf 92' lang='lat' dir='ltr'>et</span> <span class='ocrx_word' id='word_1_316' title='bbox 771 2347 915 2380; x_wconf 88' lang='lat' dir='ltr'>auribus</span> <span class='ocrx_word' id='word_1_317' title='bbox 941 2347 1148 2387; x_wconf 81' lang='lat' dir='ltr'>audiebant,</span> <span class='ocrx_word' id='word_1_318' title='bbox 1171 2359 1235 2380; x_wconf 90' lang='lat' dir='ltr'>nec</span> 
     </span>
     <span class='ocr_line' id='line_1_45' title="bbox 250 2397 1235 2442; baseline -0.004 -7"><span class='ocrx_word' id='word_1_319' title='bbox 250 2402 412 2435; x_wconf 86' lang='lat' dir='ltr'>sinebant</span> <span class='ocrx_word' id='word_1_320' title='bbox 438 2411 472 2432; x_wconf 87' lang='lat' dir='ltr'>se</span> <span class='ocrx_word' id='word_1_321' title='bbox 498 2399 717 2442; x_wconf 74' lang='lat' dir='ltr'>persuaderi,</span> <span class='ocrx_word' id='word_1_322' title='bbox 743 2405 782 2431; x_wconf 92' lang='lat' dir='ltr'>ut</span> <span class='ocrx_word' id='word_1_323' title='bbox 805 2397 1072 2432; x_wconf 77' lang='lat' dir='ltr'>assentirentur.</span> <span class='ocrx_word' id='word_1_324' title='bbox 1124 2397 1235 2431; x_wconf 85' lang='lat' dir='ltr'>Docet</span> 
     </span>
     <span class='ocr_line' id='line_1_46' title="bbox 249 2448 1236 2495; baseline -0.005 -10"><span class='ocrx_word' id='word_1_325' title='bbox 249 2453 356 2495; x_wconf 83' lang='lat' dir='ltr'>igitur</span> <span class='ocrx_word' id='word_1_326' title='bbox 374 2451 589 2492; x_wconf 78' lang='lat' dir='ltr'>exemplum:</span> <span class='ocrx_word' id='word_1_327' title='bbox 628 2449 708 2482; x_wconf 70' lang='lat' dir='ltr'>Non</span> <span class='ocrx_word' id='word_1_328' title='bbox 735 2460 805 2481; x_wconf 83' lang='lat' dir='ltr'>esse</span> <span class='ocrx_word' id='word_1_329' title='bbox 830 2448 1050 2488; x_wconf 81' lang='lat' dir='ltr'>mirandum,</span> <span class='ocrx_word' id='word_1_330' title='bbox 1085 2460 1158 2481; x_wconf 90' lang='lat' dir='ltr'>non</span> <span class='ocrx_word' id='word_1_331' title='bbox 1180 2449 1236 2481; x_wconf 85' lang='lat' dir='ltr'>in-</span> 
     </span>
     <span class='ocr_line' id='line_1_47' title="bbox 250 2499 1236 2545; baseline -0.006 -8"><span class='ocrx_word' id='word_1_332' title='bbox 250 2503 362 2545; x_wconf 84' lang='lat' dir='ltr'>telligi</span> <span class='ocrx_word' id='word_1_333' title='bbox 382 2501 579 2533; x_wconf 78' lang='lat' dir='ltr'>doctrinam</span> <span class='ocrx_word' id='word_1_334' title='bbox 596 2499 779 2542; x_wconf 71' lang='lat' dir='ltr'>Evangelii</span> <span class='ocrx_word' id='word_1_335' title='bbox 797 2511 815 2532; x_wconf 86' lang='lat' dir='ltr'>a</span> <span class='ocrx_word' id='word_1_336' title='bbox 833 2499 971 2539; x_wconf 89' lang='lat' dir='ltr'>multis,</span> <span class='ocrx_word' id='word_1_337' title='bbox 995 2499 1057 2545; x_wconf 87' lang='lat' dir='ltr'>qui</span> <span class='ocrx_word' id='word_1_338' title='bbox 1075 2499 1236 2532; x_wconf 88' lang='lat' dir='ltr'>iudican-</span> 
     </span>
     <span class='ocr_line' id='line_1_48' title="bbox 251 2548 1237 2592; baseline -0.005 -5"><span class='ocrx_word' id='word_1_339' title='bbox 251 2561 311 2588; x_wconf 87' lang='lat' dir='ltr'>tur</span> <span class='ocrx_word' id='word_1_340' title='bbox 339 2551 506 2585; x_wconf 78' lang='lat' dir='ltr'>excellere</span> <span class='ocrx_word' id='word_1_341' title='bbox 539 2550 729 2592; x_wconf 85' lang='lat' dir='ltr'>sapientia,</span> <span class='ocrx_word' id='word_1_342' title='bbox 764 2550 934 2592; x_wconf 86' lang='lat' dir='ltr'>ingeniis,</span> <span class='ocrx_word' id='word_1_343' title='bbox 971 2557 1033 2582; x_wconf 85' lang='lat' dir='ltr'>etc.</span> <span class='ocrx_word' id='word_1_344' title='bbox 1095 2548 1169 2582; x_wconf 86' lang='lat' dir='ltr'>Imo</span> <span class='ocrx_word' id='word_1_345' title='bbox 1193 2562 1237 2582; x_wconf 91' lang='lat' dir='ltr'>ne</span> 
     </span>
     <span class='ocr_line' id='line_1_49' title="bbox 252 2600 1238 2648; baseline -0.002 -11"><span class='ocrx_word' id='word_1_346' title='bbox 252 2615 352 2648; x_wconf 89' lang='lat' dir='ltr'>posse</span> <span class='ocrx_word' id='word_1_347' title='bbox 377 2601 518 2647; x_wconf 88' lang='lat' dir='ltr'>quidem</span> <span class='ocrx_word' id='word_1_348' title='bbox 544 2600 691 2642; x_wconf 85' lang='lat' dir='ltr'>adduci,</span> <span class='ocrx_word' id='word_1_349' title='bbox 726 2607 764 2633; x_wconf 90' lang='lat' dir='ltr'>ut</span> <span class='ocrx_word' id='word_1_350' title='bbox 789 2601 901 2634; x_wconf 67' lang='lat' dir='ltr'>velint</span> <span class='ocrx_word' id='word_1_351' title='bbox 923 2612 998 2632; x_wconf 85' lang='lat' dir='ltr'>eam</span> <span class='ocrx_word' id='word_1_352' title='bbox 1021 2611 1238 2643; x_wconf 86' lang='lat' dir='ltr'>cognoscere.</span> 
     </span>
     <span class='ocr_line' id='line_1_50' title="bbox 257 2650 1238 2698; baseline -0.004 -10"><span class='ocrx_word' id='word_1_353' title='bbox 257 2654 402 2698; x_wconf 86' lang='lat' dir='ltr'>Semper</span> <span class='ocrx_word' id='word_1_354' title='bbox 425 2651 472 2685; x_wconf 88' lang='lat' dir='ltr'>sic</span> <span class='ocrx_word' id='word_1_355' title='bbox 492 2659 573 2684; x_wconf 83' lang='lat' dir='ltr'>sunt</span> <span class='ocrx_word' id='word_1_356' title='bbox 590 2650 692 2694; x_wconf 81' lang='lat' dir='ltr'>impii</span> <span class='ocrx_word' id='word_1_357' title='bbox 711 2651 900 2684; x_wconf 81' lang='lat' dir='ltr'>dementati</span> <span class='ocrx_word' id='word_1_358' title='bbox 917 2651 1141 2695; x_wconf 85' lang='lat' dir='ltr'>persuasione</span> <span class='ocrx_word' id='word_1_359' title='bbox 1156 2663 1238 2696; x_wconf 90' lang='lat' dir='ltr'>pro-</span> 
     </span>
    </p>
   </div>
   <div class='ocr_carea' id='block_1_5' title="bbox 2173 83 2248 121">
    <p class='ocr_par' dir='ltr' id='par_1_5' title="bbox 2173 83 2248 121">
     <span class='ocr_line' id='line_1_51' title="bbox 2173 83 2248 121; baseline 0.027 -3"><span class='ocrx_word' id='word_1_360' title='bbox 2173 83 2248 121; x_wconf 76' lang='lat'>192</span> 
     </span>
    </p>
   </div>
   <div class='ocr_carea' id='block_1_6' title="bbox 1261 167 2252 466">
    <p class='ocr_par' dir='ltr' id='par_1_6' title="bbox 1261 167 2252 466">
     <span class='ocr_line' id='line_1_52' title="bbox 1261 167 2251 215; baseline -0.001 -12"><span class='ocrx_word' id='word_1_361' title='bbox 1261 169 1356 214; x_wconf 88' lang='lat' dir='ltr'>priae</span> <span class='ocrx_word' id='word_1_362' title='bbox 1371 168 1561 213; x_wconf 86' lang='lat' dir='ltr'>sapientiae</span> <span class='ocrx_word' id='word_1_363' title='bbox 1577 174 1637 202; x_wconf 89' lang='lat' dir='ltr'>aut</span> <span class='ocrx_word' id='word_1_364' title='bbox 1655 167 1813 202; x_wconf 89' lang='lat' dir='ltr'>iusticiae</span> <span class='ocrx_word' id='word_1_365' title='bbox 1825 195 1835 210; x_wconf 90' lang='lat'>‚</span> <span class='ocrx_word' id='word_1_366' title='bbox 1861 168 1909 203; x_wconf 88' lang='lat' dir='ltr'>ita</span> <span class='ocrx_word' id='word_1_367' title='bbox 1926 170 2049 215; x_wconf 88' lang='lat' dir='ltr'>procul</span> <span class='ocrx_word' id='word_1_368' title='bbox 2073 170 2155 204; x_wconf 91' lang='lat' dir='ltr'>totis</span> <span class='ocrx_word' id='word_1_369' title='bbox 2171 170 2251 203; x_wconf 83' lang='lat' dir='ltr'>ani-</span> 
     </span>
     <span class='ocr_line' id='line_1_53' title="bbox 1262 218 2252 265; baseline 0.001 -12"><span class='ocrx_word' id='word_1_370' title='bbox 1262 222 1327 254; x_wconf 89' lang='lat' dir='ltr'>mis</span> <span class='ocrx_word' id='word_1_371' title='bbox 1341 218 1534 253; x_wconf 85' lang='lat' dir='ltr'>abhorrent</span> <span class='ocrx_word' id='word_1_372' title='bbox 1549 231 1568 253; x_wconf 87' lang='lat' dir='ltr'>a</span> <span class='ocrx_word' id='word_1_373' title='bbox 1585 219 1745 253; x_wconf 87' lang='lat' dir='ltr'>doctrina</span> <span class='ocrx_word' id='word_1_374' title='bbox 1756 218 1952 264; x_wconf 86' lang='lat' dir='ltr'>Evangelii,</span> <span class='ocrx_word' id='word_1_375' title='bbox 1979 228 2017 255; x_wconf 90' lang='lat' dir='ltr'>ut</span> <span class='ocrx_word' id='word_1_376' title='bbox 2033 234 2097 255; x_wconf 90' lang='lat' dir='ltr'>nec</span> <span class='ocrx_word' id='word_1_377' title='bbox 2112 221 2252 265; x_wconf 88' lang='lat' dir='ltr'>patian-</span> 
     </span>
     <span class='ocr_line' id='line_1_54' title="bbox 1262 270 2251 316; baseline -0.001 -11"><span class='ocrx_word' id='word_1_378' title='bbox 1262 279 1320 305; x_wconf 88' lang='lat' dir='ltr'>tur</span> <span class='ocrx_word' id='word_1_379' title='bbox 1342 283 1377 304; x_wconf 89' lang='lat' dir='ltr'>se</span> <span class='ocrx_word' id='word_1_380' title='bbox 1401 270 1541 311; x_wconf 89' lang='lat' dir='ltr'>doceri,</span> <span class='ocrx_word' id='word_1_381' title='bbox 1583 282 1648 303; x_wconf 89' lang='lat' dir='ltr'>nec</span> <span class='ocrx_word' id='word_1_382' title='bbox 1671 271 1807 314; x_wconf 89' lang='lat' dir='ltr'>possint</span> <span class='ocrx_word' id='word_1_383' title='bbox 1835 271 2051 316; x_wconf 87' lang='lat' dir='ltr'>intelligere,</span> <span class='ocrx_word' id='word_1_384' title='bbox 2094 273 2184 306; x_wconf 87' lang='lat' dir='ltr'>sicut</span> <span class='ocrx_word' id='word_1_385' title='bbox 2207 273 2251 304; x_wconf 87' lang='lat' dir='ltr'>de</span> 
     </span>
     <span class='ocr_line' id='line_1_55' title="bbox 1263 319 2250 365; baseline 0 -10"><span class='ocrx_word' id='word_1_386' title='bbox 1263 321 1372 356; x_wconf 86' lang='lat' dir='ltr'>bisin</span> <span class='ocrx_word' id='word_1_387' title='bbox 1391 319 1577 364; x_wconf 84' lang='lat' dir='ltr'>Prophetis</span> <span class='ocrx_word' id='word_1_388' title='bbox 1591 321 1820 365; x_wconf 87' lang='lat' dir='ltr'>praedicitur:</span> <span class='ocrx_word' id='word_1_389' title='bbox 1857 320 2091 357; x_wconf 88' lang='lat' dir='ltr'>Incrassatum</span> <span class='ocrx_word' id='word_1_390' title='bbox 2117 329 2168 356; x_wconf 88' lang='lat' dir='ltr'>est</span> <span class='ocrx_word' id='word_1_391' title='bbox 2190 333 2250 355; x_wconf 90' lang='lat' dir='ltr'>cor</span> 
     </span>
     <span class='ocr_line' id='line_1_56' title="bbox 1265 370 2252 417; baseline 0 -11"><span class='ocrx_word' id='word_1_392' title='bbox 1265 373 1388 417; x_wconf 88' lang='lat' dir='ltr'>populi</span> <span class='ocrx_word' id='word_1_393' title='bbox 1411 370 1535 413; x_wconf 88' lang='lat' dir='ltr'>huius,</span> <span class='ocrx_word' id='word_1_394' title='bbox 1568 379 1603 405; x_wconf 91' lang='lat' dir='ltr'>et</span> <span class='ocrx_word' id='word_1_395' title='bbox 1626 372 1771 405; x_wconf 91' lang='lat' dir='ltr'>auribus</span> <span class='ocrx_word' id='word_1_396' title='bbox 1795 373 1947 415; x_wconf 87' lang='lat' dir='ltr'>graviter</span> <span class='ocrx_word' id='word_1_397' title='bbox 1970 374 2179 413; x_wconf 87' lang='lat' dir='ltr'>audierunt,</span> <span class='ocrx_word' id='word_1_398' title='bbox 2206 384 2252 406; x_wconf 89' lang='lat' dir='ltr'>ne</span> 
     </span>
     <span class='ocr_line' id='line_1_57' title="bbox 1264 423 1908 466; baseline -0.002 -9"><span class='ocrx_word' id='word_1_399' title='bbox 1264 426 1353 459; x_wconf 80' lang='lat' dir='ltr'>forte</span> <span class='ocrx_word' id='word_1_400' title='bbox 1373 423 1573 466; x_wconf 85' lang='lat' dir='ltr'>intelligant</span> <span class='ocrx_word' id='word_1_401' title='bbox 1593 429 1627 457; x_wconf 87' lang='lat' dir='ltr'>et</span> <span class='ocrx_word' id='word_1_402' title='bbox 1643 430 1908 460; x_wconf 84' lang='lat' dir='ltr'>convertantur.</span> 
     </span>
    </p>
   </div>
   <div class='ocr_carea' id='block_1_7' title="bbox 1399 503 2122 552">
    <p class='ocr_par' dir='ltr' id='par_1_7' title="bbox 1399 503 2122 552">
     <span class='ocr_line' id='line_1_58' title="bbox 1399 503 2122 552; baseline 0.003 -12"><span class='ocrx_word' id='word_1_403' title='bbox 1399 503 1493 541; x_wconf 85' lang='lat' dir='ltr'>Cum</span> <span class='ocrx_word' id='word_1_404' title='bbox 1521 505 1776 541; x_wconf 61' lang='lat' dir='ltr'>exaltaveritis</span> <span class='ocrx_word' id='word_1_405' title='bbox 1792 505 1922 552; x_wconf 81' lang='lat' dir='ltr'>filium</span> <span class='ocrx_word' id='word_1_406' title='bbox 1946 504 2122 543; x_wconf 79' lang='lat' dir='ltr'>hominis.</span> 
     </span>
    </p>
   </div>
   <div class='ocr_carea' id='block_1_8' title="bbox 1267 575 2271 2239">
    <p class='ocr_par' dir='ltr' id='par_1_8' title="bbox 1267 575 2271 2136">
     <span class='ocr_line' id='line_1_59' title="bbox 1366 575 2256 620; baseline -0.001 -10"><span class='ocrx_word' id='word_1_407' title='bbox 1366 575 1447 610; x_wconf 84' lang='lat' dir='ltr'>Non</span> <span class='ocrx_word' id='word_1_408' title='bbox 1462 576 1663 619; x_wconf 87' lang='lat' dir='ltr'>intelligunt</span> <span class='ocrx_word' id='word_1_409' title='bbox 1682 588 1745 609; x_wconf 85' lang='lat' dir='ltr'>nec</span> <span class='ocrx_word' id='word_1_410' title='bbox 1763 576 1940 620; x_wconf 88' lang='lat' dir='ltr'>accipiunt</span> <span class='ocrx_word' id='word_1_411' title='bbox 1966 576 2060 620; x_wconf 89' lang='lat' dir='ltr'>quod</span> <span class='ocrx_word' id='word_1_412' title='bbox 2087 575 2193 616; x_wconf 84' lang='lat' dir='ltr'>dixit,</span> <span class='ocrx_word' id='word_1_413' title='bbox 2219 587 2256 609; x_wconf 88' lang='lat' dir='ltr'>se</span> 
     </span>
     <span class='ocr_line' id='line_1_60' title="bbox 1267 626 2257 670; baseline -0.001 -10"><span class='ocrx_word' id='word_1_414' title='bbox 1267 638 1339 660; x_wconf 85' lang='lat' dir='ltr'>esse</span> <span class='ocrx_word' id='word_1_415' title='bbox 1354 627 1498 660; x_wconf 88' lang='lat' dir='ltr'>missum</span> <span class='ocrx_word' id='word_1_416' title='bbox 1517 627 1560 659; x_wconf 90' lang='lat' dir='ltr'>ab</span> <span class='ocrx_word' id='word_1_417' title='bbox 1579 633 1721 660; x_wconf 83' lang='lat' dir='ltr'>aeterno</span> <span class='ocrx_word' id='word_1_418' title='bbox 1740 633 1854 670; x_wconf 87' lang='lat' dir='ltr'>patre,</span> <span class='ocrx_word' id='word_1_419' title='bbox 1883 634 1915 660; x_wconf 86' lang='lat' dir='ltr'>et</span> <span class='ocrx_word' id='word_1_420' title='bbox 1939 627 2178 660; x_wconf 89' lang='lat' dir='ltr'>iudicaturum</span> <span class='ocrx_word' id='word_1_421' title='bbox 2200 626 2257 659; x_wconf 90' lang='lat' dir='ltr'>di-</span> 
     </span>
     <span class='ocr_line' id='line_1_61' title="bbox 1269 675 2256 721; baseline 0 -11"><span class='ocrx_word' id='word_1_422' title='bbox 1269 678 1350 710; x_wconf 82' lang='lat' dir='ltr'>vina</span> <span class='ocrx_word' id='word_1_423' title='bbox 1369 677 1524 721; x_wconf 86' lang='lat' dir='ltr'>potentia</span> <span class='ocrx_word' id='word_1_424' title='bbox 1543 689 1615 710; x_wconf 91' lang='lat' dir='ltr'>non</span> <span class='ocrx_word' id='word_1_425' title='bbox 1635 678 1826 712; x_wconf 83' lang='lat' dir='ltr'>credentes.</span> <span class='ocrx_word' id='word_1_426' title='bbox 1880 676 1958 710; x_wconf 86' lang='lat' dir='ltr'>Hoc</span> <span class='ocrx_word' id='word_1_427' title='bbox 1974 677 2067 710; x_wconf 84' lang='lat' dir='ltr'>dicto</span> <span class='ocrx_word' id='word_1_428' title='bbox 2085 678 2146 710; x_wconf 87' lang='lat' dir='ltr'>etsi</span> <span class='ocrx_word' id='word_1_429' title='bbox 2162 675 2256 710; x_wconf 85' lang='lat' dir='ltr'>nihil</span> 
     </span>
     <span class='ocr_line' id='line_1_62' title="bbox 1270 727 2260 771; baseline 0.001 -11"><span class='ocrx_word' id='word_1_430' title='bbox 1270 735 1476 767; x_wconf 79' lang='lat' dir='ltr'>moventur,</span> <span class='ocrx_word' id='word_1_431' title='bbox 1509 740 1573 760; x_wconf 80' lang='lat' dir='ltr'>nec</span> <span class='ocrx_word' id='word_1_432' title='bbox 1600 735 1725 761; x_wconf 84' lang='lat' dir='ltr'>curant</span> <span class='ocrx_word' id='word_1_433' title='bbox 1747 739 1954 769; x_wconf 86' lang='lat' dir='ltr'>cognoscere</span> <span class='ocrx_word' id='word_1_434' title='bbox 1977 734 2037 761; x_wconf 85' lang='lat' dir='ltr'>aut</span> <span class='ocrx_word' id='word_1_435' title='bbox 2060 727 2175 771; x_wconf 87' lang='lat' dir='ltr'>ipsum</span> <span class='ocrx_word' id='word_1_436' title='bbox 2198 733 2260 761; x_wconf 87' lang='lat' dir='ltr'>aut</span> 
     </span>
     <span class='ocr_line' id='line_1_63' title="bbox 1272 778 2258 823; baseline 0 -12"><span class='ocrx_word' id='word_1_437' title='bbox 1272 785 1428 822; x_wconf 89' lang='lat' dir='ltr'>patrem,</span> <span class='ocrx_word' id='word_1_438' title='bbox 1476 786 1593 812; x_wconf 87' lang='lat' dir='ltr'>tamen</span> <span class='ocrx_word' id='word_1_439' title='bbox 1627 779 1738 822; x_wconf 83' lang='lat' dir='ltr'>pergit</span> <span class='ocrx_word' id='word_1_440' title='bbox 1775 778 1908 817; x_wconf 84' lang='lat' dir='ltr'>dicere,</span> <span class='ocrx_word' id='word_1_441' title='bbox 1957 779 2136 823; x_wconf 86' lang='lat' dir='ltr'>quomodo</span> <span class='ocrx_word' id='word_1_442' title='bbox 2173 779 2258 812; x_wconf 87' lang='lat' dir='ltr'>velit</span> 
     </span>
     <span class='ocr_line' id='line_1_64' title="bbox 1270 827 2258 873; baseline 0.001 -11"><span class='ocrx_word' id='word_1_443' title='bbox 1270 829 1422 872; x_wconf 86' lang='lat' dir='ltr'>agnosci.</span> <span class='ocrx_word' id='word_1_444' title='bbox 1484 828 1617 872; x_wconf 83' lang='lat' dir='ltr'>Estque</span> <span class='ocrx_word' id='word_1_445' title='bbox 1643 827 1727 861; x_wconf 83' lang='lat' dir='ltr'>haec</span> <span class='ocrx_word' id='word_1_446' title='bbox 1754 840 1898 873; x_wconf 92' lang='lat' dir='ltr'>prorsus</span> <span class='ocrx_word' id='word_1_447' title='bbox 1924 829 2104 869; x_wconf 87' lang='lat' dir='ltr'>inaudita,</span> <span class='ocrx_word' id='word_1_448' title='bbox 2138 836 2172 862; x_wconf 91' lang='lat' dir='ltr'>et</span> <span class='ocrx_word' id='word_1_449' title='bbox 2193 830 2258 863; x_wconf 85' lang='lat' dir='ltr'>ab·</span> 
     </span>
     <span class='ocr_line' id='line_1_65' title="bbox 1270 878 2257 922; baseline 0.001 -10"><span class='ocrx_word' id='word_1_450' title='bbox 1270 881 1375 912; x_wconf 90' lang='lat' dir='ltr'>surda</span> <span class='ocrx_word' id='word_1_451' title='bbox 1408 880 1530 912; x_wconf 83' lang='lat' dir='ltr'>concio</span> <span class='ocrx_word' id='word_1_452' title='bbox 1562 878 1777 917; x_wconf 82' lang='lat' dir='ltr'>Pharisaeis,</span> <span class='ocrx_word' id='word_1_453' title='bbox 1824 891 1888 912; x_wconf 89' lang='lat' dir='ltr'>nec</span> <span class='ocrx_word' id='word_1_454' title='bbox 1922 880 2032 922; x_wconf 87' lang='lat' dir='ltr'>magis</span> <span class='ocrx_word' id='word_1_455' title='bbox 2067 880 2257 920; x_wconf 87' lang='lat' dir='ltr'>intellecta,</span> 
     </span>
     <span class='ocr_line' id='line_1_66' title="bbox 1272 928 2258 975; baseline 0.002 -12"><span class='ocrx_word' id='word_1_456' title='bbox 1272 943 1374 975; x_wconf 86' lang='lat' dir='ltr'>quam</span> <span class='ocrx_word' id='word_1_457' title='bbox 1393 942 1430 962; x_wconf 89' lang='lat' dir='ltr'>ea</span> <span class='ocrx_word' id='word_1_458' title='bbox 1447 942 1551 974; x_wconf 85' lang='lat' dir='ltr'>qnam</span> <span class='ocrx_word' id='word_1_459' title='bbox 1570 928 1738 964; x_wconf 87' lang='lat' dir='ltr'>hactenus</span> <span class='ocrx_word' id='word_1_460' title='bbox 1754 930 1856 964; x_wconf 82' lang='lat' dir='ltr'>dixit:</span> <span class='ocrx_word' id='word_1_461' title='bbox 1881 929 1931 963; x_wconf 93' lang='lat' dir='ltr'>Ita</span> <span class='ocrx_word' id='word_1_462' title='bbox 1944 932 2086 963; x_wconf 88' lang='lat' dir='ltr'>demum</span> <span class='ocrx_word' id='word_1_463' title='bbox 2104 930 2152 964; x_wconf 86' lang='lat' dir='ltr'>ait</span> <span class='ocrx_word' id='word_1_464' title='bbox 2169 931 2258 972; x_wconf 85' lang='lat' dir='ltr'>fore,</span> 
     </span>
     <span class='ocr_line' id='line_1_67' title="bbox 1273 980 2259 1023; baseline 0.003 -11"><span class='ocrx_word' id='word_1_465' title='bbox 1273 987 1311 1013; x_wconf 87' lang='lat' dir='ltr'>ut</span> <span class='ocrx_word' id='word_1_466' title='bbox 1329 987 1537 1023; x_wconf 87' lang='lat' dir='ltr'>agnoscatur</span> <span class='ocrx_word' id='word_1_467' title='bbox 1555 992 1626 1013; x_wconf 88' lang='lat' dir='ltr'>esse</span> <span class='ocrx_word' id='word_1_468' title='bbox 1644 981 1736 1014; x_wconf 82' lang='lat' dir='ltr'>filius</span> <span class='ocrx_word' id='word_1_469' title='bbox 1750 980 1827 1021; x_wconf 87' lang='lat' dir='ltr'>Dei,</span> <span class='ocrx_word' id='word_1_470' title='bbox 1860 993 1938 1014; x_wconf 89' lang='lat' dir='ltr'>cum</span> <span class='ocrx_word' id='word_1_471' title='bbox 1957 981 2125 1014; x_wconf 81' lang='lat' dir='ltr'>exaltatus</span> <span class='ocrx_word' id='word_1_472' title='bbox 2139 982 2259 1023; x_wconf 83' lang='lat' dir='ltr'>suerit,</span> 
     </span>
     <span class='ocr_line' id='line_1_68' title="bbox 1272 1029 2258 1076; baseline 0.003 -13"><span class='ocrx_word' id='word_1_473' title='bbox 1272 1029 1338 1064; x_wconf 87' lang='lat' dir='ltr'>hoc</span> <span class='ocrx_word' id='word_1_474' title='bbox 1356 1037 1424 1071; x_wconf 91' lang='lat' dir='ltr'>est,</span> <span class='ocrx_word' id='word_1_475' title='bbox 1451 1031 1609 1063; x_wconf 87' lang='lat' dir='ltr'>sublatus</span> <span class='ocrx_word' id='word_1_476' title='bbox 1627 1031 1664 1063; x_wconf 91' lang='lat' dir='ltr'>in</span> <span class='ocrx_word' id='word_1_477' title='bbox 1683 1043 1819 1064; x_wconf 91' lang='lat' dir='ltr'>crucem</span> <span class='ocrx_word' id='word_1_478' title='bbox 1840 1039 1874 1066; x_wconf 87' lang='lat' dir='ltr'>et</span> <span class='ocrx_word' id='word_1_479' title='bbox 1889 1032 2068 1065; x_wconf 87' lang='lat' dir='ltr'>teterrimo</span> <span class='ocrx_word' id='word_1_480' title='bbox 2084 1032 2258 1076; x_wconf 89' lang='lat' dir='ltr'>supplicio</span> 
     </span>
     <span class='ocr_line' id='line_1_69' title="bbox 1277 1080 2262 1125; baseline 0.003 -11"><span class='ocrx_word' id='word_1_481' title='bbox 1277 1082 1441 1121; x_wconf 82' lang='lat' dir='ltr'>affectus,</span> <span class='ocrx_word' id='word_1_482' title='bbox 1468 1080 1566 1124; x_wconf 86' lang='lat' dir='ltr'>quasi</span> <span class='ocrx_word' id='word_1_483' title='bbox 1586 1081 1693 1114; x_wconf 87' lang='lat' dir='ltr'>dicat:</span> <span class='ocrx_word' id='word_1_484' title='bbox 1731 1081 1811 1114; x_wconf 76' lang='lat' dir='ltr'>Non</span> <span class='ocrx_word' id='word_1_485' title='bbox 1833 1083 1963 1115; x_wconf 88' lang='lat' dir='ltr'>auditis</span> <span class='ocrx_word' id='word_1_486' title='bbox 1986 1094 2051 1115; x_wconf 92' lang='lat' dir='ltr'>nec</span> <span class='ocrx_word' id='word_1_487' title='bbox 2073 1083 2262 1125; x_wconf 82' lang='lat' dir='ltr'>agnoscitis</span> 
     </span>
     <span class='ocr_line' id='line_1_70' title="bbox 1276 1131 2260 1175; baseline 0.003 -11"><span class='ocrx_word' id='word_1_488' title='bbox 1276 1144 1329 1164; x_wconf 89' lang='lat' dir='ltr'>me</span> <span class='ocrx_word' id='word_1_489' title='bbox 1357 1144 1452 1164; x_wconf 89' lang='lat' dir='ltr'>nunc</span> <span class='ocrx_word' id='word_1_490' title='bbox 1476 1131 1697 1175; x_wconf 85' lang='lat' dir='ltr'>loquentem,</span> <span class='ocrx_word' id='word_1_491' title='bbox 1731 1139 1765 1166; x_wconf 90' lang='lat' dir='ltr'>et</span> <span class='ocrx_word' id='word_1_492' title='bbox 1790 1132 1994 1166; x_wconf 81' lang='lat' dir='ltr'>afferentem</span> <span class='ocrx_word' id='word_1_493' title='bbox 2018 1134 2260 1167; x_wconf 83' lang='lat' dir='ltr'>testimonium</span> 
     </span>
     <span class='ocr_line' id='line_1_71' title="bbox 1276 1182 2261 1227; baseline 0.004 -12"><span class='ocrx_word' id='word_1_494' title='bbox 1276 1183 1439 1223; x_wconf 83' lang='lat' dir='ltr'>coeleste,</span> <span class='ocrx_word' id='word_1_495' title='bbox 1479 1182 1574 1227; x_wconf 90' lang='lat' dir='ltr'>quod</span> <span class='ocrx_word' id='word_1_496' title='bbox 1606 1182 1733 1215; x_wconf 87' lang='lat' dir='ltr'>missus</span> <span class='ocrx_word' id='word_1_497' title='bbox 1761 1182 1826 1214; x_wconf 88' lang='lat' dir='ltr'>sim</span> <span class='ocrx_word' id='word_1_498' title='bbox 1858 1195 1875 1215; x_wconf 91' lang='lat' dir='ltr'>a</span> <span class='ocrx_word' id='word_1_499' title='bbox 1900 1190 2016 1226; x_wconf 89' lang='lat' dir='ltr'>patre,</span> <span class='ocrx_word' id='word_1_500' title='bbox 2051 1190 2089 1217; x_wconf 90' lang='lat' dir='ltr'>ut</span> <span class='ocrx_word' id='word_1_501' title='bbox 2111 1185 2261 1219; x_wconf 88' lang='lat' dir='ltr'>credatis</span> 
     </span>
     <span class='ocr_line' id='line_1_72' title="bbox 1276 1232 2262 1275; baseline 0.004 -10"><span class='ocrx_word' id='word_1_502' title='bbox 1276 1245 1372 1266; x_wconf 89' lang='lat' dir='ltr'>meae</span> <span class='ocrx_word' id='word_1_503' title='bbox 1392 1232 1488 1272; x_wconf 86' lang='lat' dir='ltr'>voci,</span> <span class='ocrx_word' id='word_1_504' title='bbox 1522 1233 1582 1265; x_wconf 91' lang='lat' dir='ltr'>sed</span> <span class='ocrx_word' id='word_1_505' title='bbox 1607 1233 1731 1265; x_wconf 81' lang='lat' dir='ltr'>offensi</span> <span class='ocrx_word' id='word_1_506' title='bbox 1755 1243 1881 1275; x_wconf 84' lang='lat' dir='ltr'>genere</span> <span class='ocrx_word' id='word_1_507' title='bbox 1907 1233 2088 1267; x_wconf 87' lang='lat' dir='ltr'>doctrinae</span> <span class='ocrx_word' id='word_1_508' title='bbox 2109 1235 2225 1268; x_wconf 88' lang='lat' dir='ltr'>alieno</span> <span class='ocrx_word' id='word_1_509' title='bbox 2241 1247 2262 1269; x_wconf 79' lang='lat' dir='ltr'>a</span> 
     </span>
     <span class='ocr_line' id='line_1_73' title="bbox 1277 1281 2261 1328; baseline 0.003 -12"><span class='ocrx_word' id='word_1_510' title='bbox 1277 1291 1391 1316; x_wconf 89' lang='lat' dir='ltr'>vestro</span> <span class='ocrx_word' id='word_1_511' title='bbox 1412 1282 1563 1324; x_wconf 85' lang='lat' dir='ltr'>iudicio,</span> <span class='ocrx_word' id='word_1_512' title='bbox 1591 1290 1623 1316; x_wconf 84' lang='lat' dir='ltr'>et</span> <span class='ocrx_word' id='word_1_513' title='bbox 1648 1283 1712 1317; x_wconf 91' lang='lat' dir='ltr'>ista</span> <span class='ocrx_word' id='word_1_514' title='bbox 1731 1281 1858 1316; x_wconf 87' lang='lat' dir='ltr'>humili</span> <span class='ocrx_word' id='word_1_515' title='bbox 1881 1284 1995 1328; x_wconf 90' lang='lat' dir='ltr'>specie</span> <span class='ocrx_word' id='word_1_516' title='bbox 2019 1296 2115 1326; x_wconf 88' lang='lat' dir='ltr'>mea,</span> <span class='ocrx_word' id='word_1_517' title='bbox 2141 1298 2186 1319; x_wconf 90' lang='lat' dir='ltr'>ne</span> <span class='ocrx_word' id='word_1_518' title='bbox 2205 1287 2261 1319; x_wconf 93' lang='lat' dir='ltr'>di-</span> 
     </span>
     <span class='ocr_line' id='line_1_74' title="bbox 1278 1334 2261 1379; baseline 0.005 -14"><span class='ocrx_word' id='word_1_519' title='bbox 1278 1346 1384 1377; x_wconf 82' lang='lat' dir='ltr'>gnum</span> <span class='ocrx_word' id='word_1_520' title='bbox 1409 1334 1550 1378; x_wconf 87' lang='lat' dir='ltr'>quidem</span> <span class='ocrx_word' id='word_1_521' title='bbox 1579 1334 1801 1372; x_wconf 78' lang='lat' dir='ltr'>existimatis,</span> <span class='ocrx_word' id='word_1_522' title='bbox 1836 1346 1939 1379; x_wconf 89' lang='lat' dir='ltr'>quem</span> <span class='ocrx_word' id='word_1_523' title='bbox 1965 1335 2128 1372; x_wconf 87' lang='lat' dir='ltr'>audiatis.</span> <span class='ocrx_word' id='word_1_524' title='bbox 2190 1336 2261 1371; x_wconf 89' lang='lat' dir='ltr'>Sed</span> 
     </span>
     <span class='ocr_line' id='line_1_75' title="bbox 1278 1385 2261 1430; baseline 0.005 -14"><span class='ocrx_word' id='word_1_525' title='bbox 1278 1397 1351 1417; x_wconf 90' lang='lat' dir='ltr'>non</span> <span class='ocrx_word' id='word_1_526' title='bbox 1377 1385 1459 1417; x_wconf 79' lang='lat' dir='ltr'>satis</span> <span class='ocrx_word' id='word_1_527' title='bbox 1483 1391 1533 1416; x_wconf 88' lang='lat' dir='ltr'>est</span> <span class='ocrx_word' id='word_1_528' title='bbox 1557 1396 1652 1417; x_wconf 89' lang='lat' dir='ltr'>nunc</span> <span class='ocrx_word' id='word_1_529' title='bbox 1677 1397 1731 1417; x_wconf 91' lang='lat' dir='ltr'>me</span> <span class='ocrx_word' id='word_1_530' title='bbox 1764 1391 1977 1417; x_wconf 87' lang='lat' dir='ltr'>contemtum</span> <span class='ocrx_word' id='word_1_531' title='bbox 2001 1392 2034 1419; x_wconf 91' lang='lat' dir='ltr'>et</span> <span class='ocrx_word' id='word_1_532' title='bbox 2057 1392 2212 1430; x_wconf 90' lang='lat' dir='ltr'>spretum</span> <span class='ocrx_word' id='word_1_533' title='bbox 2242 1400 2261 1421; x_wconf 88' lang='lat' dir='ltr'>a</span> 
     </span>
     <span class='ocr_line' id='line_1_76' title="bbox 1279 1432 2263 1478; baseline 0.004 -11"><span class='ocrx_word' id='word_1_534' title='bbox 1279 1435 1379 1468; x_wconf 84' lang='lat' dir='ltr'>vobis</span> <span class='ocrx_word' id='word_1_535' title='bbox 1404 1434 1562 1478; x_wconf 79' lang='lat' dir='ltr'>explodi,</span> <span class='ocrx_word' id='word_1_536' title='bbox 1604 1446 1725 1468; x_wconf 88' lang='lat' dir='ltr'>verum</span> <span class='ocrx_word' id='word_1_537' title='bbox 1753 1432 1819 1468; x_wconf 89' lang='lat' dir='ltr'>hoc</span> <span class='ocrx_word' id='word_1_538' title='bbox 1850 1442 1975 1474; x_wconf 84' lang='lat' dir='ltr'>restat,</span> <span class='ocrx_word' id='word_1_539' title='bbox 2008 1443 2048 1470; x_wconf 90' lang='lat' dir='ltr'>ut</span> <span class='ocrx_word' id='word_1_540' title='bbox 2077 1437 2182 1470; x_wconf 87' lang='lat' dir='ltr'>etiam</span> <span class='ocrx_word' id='word_1_541' title='bbox 2207 1450 2263 1472; x_wconf 89' lang='lat' dir='ltr'>me</span> 
     </span>
     <span class='ocr_line' id='line_1_77' title="bbox 1280 1485 2263 1526; baseline 0.004 -7"><span class='ocrx_word' id='word_1_542' title='bbox 1280 1485 1412 1520; x_wconf 85' lang='lat' dir='ltr'>tollatis</span> <span class='ocrx_word' id='word_1_543' title='bbox 1436 1486 1473 1517; x_wconf 90' lang='lat' dir='ltr'>in</span> <span class='ocrx_word' id='word_1_544' title='bbox 1497 1497 1654 1526; x_wconf 90' lang='lat' dir='ltr'>crucem,</span> <span class='ocrx_word' id='word_1_545' title='bbox 1703 1493 1778 1519; x_wconf 91' lang='lat' dir='ltr'>tum</span> <span class='ocrx_word' id='word_1_546' title='bbox 1809 1498 1891 1519; x_wconf 80' lang='lat' dir='ltr'>vero</span> <span class='ocrx_word' id='word_1_547' title='bbox 1923 1486 2082 1520; x_wconf 88' lang='lat' dir='ltr'>statuetis</span> <span class='ocrx_word' id='word_1_548' title='bbox 2104 1500 2160 1521; x_wconf 89' lang='lat' dir='ltr'>me</span> <span class='ocrx_word' id='word_1_549' title='bbox 2184 1495 2263 1523; x_wconf 84' lang='lat' dir='ltr'>tan-</span> 
     </span>
     <span class='ocr_line' id='line_1_78' title="bbox 1281 1533 2265 1582; baseline 0.004 -13"><span class='ocrx_word' id='word_1_550' title='bbox 1281 1548 1385 1582; x_wconf 90' lang='lat' dir='ltr'>quam</span> <span class='ocrx_word' id='word_1_551' title='bbox 1410 1533 1654 1580; x_wconf 85' lang='lat' dir='ltr'>blasphemum</span> <span class='ocrx_word' id='word_1_552' title='bbox 1677 1542 1710 1569; x_wconf 89' lang='lat' dir='ltr'>et</span> <span class='ocrx_word' id='word_1_553' title='bbox 1726 1536 1950 1570; x_wconf 87' lang='lat' dir='ltr'>maledictum</span> <span class='ocrx_word' id='word_1_554' title='bbox 1969 1549 1986 1570; x_wconf 93' lang='lat' dir='ltr'>a</span> <span class='ocrx_word' id='word_1_555' title='bbox 2005 1538 2101 1579; x_wconf 84' lang='lat' dir='ltr'>Deo,</span> <span class='ocrx_word' id='word_1_556' title='bbox 2128 1539 2198 1572; x_wconf 87' lang='lat' dir='ltr'>iam</span> <span class='ocrx_word' id='word_1_557' title='bbox 2213 1546 2265 1574; x_wconf 85' lang='lat' dir='ltr'>ta-</span> 
     </span>
     <span class='ocr_line' id='line_1_79' title="bbox 1281 1587 2265 1630; baseline 0.003 -10"><span class='ocrx_word' id='word_1_558' title='bbox 1281 1599 1357 1620; x_wconf 91' lang='lat' dir='ltr'>cere</span> <span class='ocrx_word' id='word_1_559' title='bbox 1385 1587 1586 1629; x_wconf 87' lang='lat' dir='ltr'>turpissime</span> <span class='ocrx_word' id='word_1_560' title='bbox 1617 1598 1840 1630; x_wconf 85' lang='lat' dir='ltr'>oppressum,</span> <span class='ocrx_word' id='word_1_561' title='bbox 1881 1594 1913 1620; x_wconf 91' lang='lat' dir='ltr'>et</span> <span class='ocrx_word' id='word_1_562' title='bbox 1943 1599 2087 1630; x_wconf 90' lang='lat' dir='ltr'>prorsus</span> <span class='ocrx_word' id='word_1_563' title='bbox 2111 1601 2200 1622; x_wconf 87' lang='lat' dir='ltr'>vana</span> <span class='ocrx_word' id='word_1_564' title='bbox 2225 1603 2265 1624; x_wconf 87' lang='lat' dir='ltr'>ac</span> 
     </span>
     <span class='ocr_line' id='line_1_80' title="bbox 1282 1636 2266 1682; baseline 0.002 -11"><span class='ocrx_word' id='word_1_565' title='bbox 1282 1639 1367 1671; x_wconf 85' lang='lat' dir='ltr'>falsa</span> <span class='ocrx_word' id='word_1_566' title='bbox 1386 1638 1512 1679; x_wconf 82' lang='lat' dir='ltr'>fuisse,</span> <span class='ocrx_word' id='word_1_567' title='bbox 1538 1649 1626 1682; x_wconf 85' lang='lat' dir='ltr'>quae</span> <span class='ocrx_word' id='word_1_568' title='bbox 1643 1650 1738 1670; x_wconf 90' lang='lat' dir='ltr'>nunc</span> <span class='ocrx_word' id='word_1_569' title='bbox 1754 1639 1796 1670; x_wconf 88' lang='lat' dir='ltr'>de</span> <span class='ocrx_word' id='word_1_570' title='bbox 1819 1649 1874 1670; x_wconf 87' lang='lat' dir='ltr'>me</span> <span class='ocrx_word' id='word_1_571' title='bbox 1900 1638 1988 1670; x_wconf 82' lang='lat' dir='ltr'>dixi:</span> <span class='ocrx_word' id='word_1_572' title='bbox 2025 1636 2072 1672; x_wconf 88' lang='lat' dir='ltr'>At</span> <span class='ocrx_word' id='word_1_573' title='bbox 2097 1646 2181 1673; x_wconf 88' lang='lat' dir='ltr'>tunc</span> <span class='ocrx_word' id='word_1_574' title='bbox 2203 1640 2266 1673; x_wconf 88' lang='lat' dir='ltr'>de-</span> 
     </span>
     <span class='ocr_line' id='line_1_81' title="bbox 1283 1688 2267 1732; baseline 0.003 -10"><span class='ocrx_word' id='word_1_575' title='bbox 1283 1700 1380 1722; x_wconf 86' lang='lat' dir='ltr'>mum</span> <span class='ocrx_word' id='word_1_576' title='bbox 1412 1688 1485 1728; x_wconf 87' lang='lat' dir='ltr'>fiet,</span> <span class='ocrx_word' id='word_1_577' title='bbox 1527 1695 1567 1721; x_wconf 89' lang='lat' dir='ltr'>ut</span> <span class='ocrx_word' id='word_1_578' title='bbox 1596 1688 1710 1732; x_wconf 83' lang='lat' dir='ltr'>palam</span> <span class='ocrx_word' id='word_1_579' title='bbox 1744 1699 1912 1730; x_wconf 87' lang='lat' dir='ltr'>agnoscar</span> <span class='ocrx_word' id='word_1_580' title='bbox 1936 1688 1974 1720; x_wconf 89' lang='lat' dir='ltr'>in</span> <span class='ocrx_word' id='word_1_581' title='bbox 1995 1690 2146 1730; x_wconf 88' lang='lat' dir='ltr'>mundo,</span> <span class='ocrx_word' id='word_1_582' title='bbox 2186 1702 2267 1724; x_wconf 85' lang='lat' dir='ltr'>cum</span> 
     </span>
     <span class='ocr_line' id='line_1_82' title="bbox 1283 1736 2268 1782; baseline 0.003 -10"><span class='ocrx_word' id='word_1_583' title='bbox 1283 1741 1392 1772; x_wconf 88' lang='lat' dir='ltr'>sactus</span> <span class='ocrx_word' id='word_1_584' title='bbox 1408 1738 1548 1772; x_wconf 81' lang='lat' dir='ltr'>victima</span> <span class='ocrx_word' id='word_1_585' title='bbox 1568 1750 1632 1782; x_wconf 88' lang='lat' dir='ltr'>pro</span> <span class='ocrx_word' id='word_1_586' title='bbox 1647 1749 1773 1780; x_wconf 83' lang='lat' dir='ltr'>genere</span> <span class='ocrx_word' id='word_1_587' title='bbox 1793 1736 1968 1780; x_wconf 84' lang='lat' dir='ltr'>humano,</span> <span class='ocrx_word' id='word_1_588' title='bbox 1995 1746 2028 1773; x_wconf 90' lang='lat' dir='ltr'>et</span> <span class='ocrx_word' id='word_1_589' title='bbox 2044 1740 2268 1775; x_wconf 88' lang='lat' dir='ltr'>resuscitatus</span> 
     </span>
     <span class='ocr_line' id='line_1_83' title="bbox 1284 1789 2268 1835; baseline 0.004 -13"><span class='ocrx_word' id='word_1_590' title='bbox 1284 1802 1324 1822; x_wconf 79' lang='lat' dir='ltr'>ex</span> <span class='ocrx_word' id='word_1_591' title='bbox 1342 1796 1455 1822; x_wconf 90' lang='lat' dir='ltr'>morte</span> <span class='ocrx_word' id='word_1_592' title='bbox 1470 1789 1623 1831; x_wconf 85' lang='lat' dir='ltr'>regnabo</span> <span class='ocrx_word' id='word_1_593' title='bbox 1640 1789 1955 1832; x_wconf 65' lang='lat' dir='ltr'>divina&#39;potentia‚</span> <span class='ocrx_word' id='word_1_594' title='bbox 1988 1797 2020 1824; x_wconf 85' lang='lat' dir='ltr'>et</span> <span class='ocrx_word' id='word_1_595' title='bbox 2044 1802 2202 1835; x_wconf 84' lang='lat' dir='ltr'>spargam</span> <span class='ocrx_word' id='word_1_596' title='bbox 2228 1804 2268 1826; x_wconf 87' lang='lat' dir='ltr'>ac</span> 
     </span>
     <span class='ocr_line' id='line_1_84' title="bbox 1285 1836 2268 1884; baseline 0.005 -13"><span class='ocrx_word' id='word_1_597' title='bbox 1285 1840 1485 1884; x_wconf 87' lang='lat' dir='ltr'>propagabo</span> <span class='ocrx_word' id='word_1_598' title='bbox 1504 1836 1570 1872; x_wconf 88' lang='lat' dir='ltr'>hoc</span> <span class='ocrx_word' id='word_1_599' title='bbox 1587 1840 1753 1878; x_wconf 85' lang='lat' dir='ltr'>verbum,</span> <span class='ocrx_word' id='word_1_600' title='bbox 1781 1840 1873 1883; x_wconf 89' lang='lat' dir='ltr'>quod</span> <span class='ocrx_word' id='word_1_601' title='bbox 1903 1841 2088 1874; x_wconf 86' lang='lat' dir='ltr'>testabitur</span> <span class='ocrx_word' id='word_1_602' title='bbox 2114 1854 2170 1875; x_wconf 88' lang='lat' dir='ltr'>me</span> <span class='ocrx_word' id='word_1_603' title='bbox 2194 1853 2268 1876; x_wconf 89' lang='lat' dir='ltr'>esse</span> 
     </span>
     <span class='ocr_line' id='line_1_85' title="bbox 1286 1887 2270 1938; baseline -0.001 -15"><span class='ocrx_word' id='word_1_604' title='bbox 1286 1891 1399 1924; x_wconf 82' lang='lat' dir='ltr'>filium</span> <span class='ocrx_word' id='word_1_605' title='bbox 1420 1889 1503 1931; x_wconf 89' lang='lat' dir='ltr'>Dei,</span> <span class='ocrx_word' id='word_1_606' title='bbox 1529 1897 1563 1923; x_wconf 88' lang='lat' dir='ltr'>et</span> <span class='ocrx_word' id='word_1_607' title='bbox 1587 1902 1648 1933; x_wconf 92' lang='lat' dir='ltr'>per</span> <span class='ocrx_word' id='word_1_608' title='bbox 1664 1887 1729 1922; x_wconf 87' lang='lat' dir='ltr'>hoc</span> <span class='ocrx_word' id='word_1_609' title='bbox 1747 1890 1860 1933; x_wconf 87' lang='lat' dir='ltr'>ipsum</span> <span class='ocrx_word' id='word_1_610' title='bbox 1880 1902 1938 1922; x_wconf 84' lang='lat' dir='ltr'>ero</span> <span class='ocrx_word' id='word_1_611' title='bbox 1957 1890 2074 1924; x_wconf 77' lang='lat' dir='ltr'>efficax</span> <span class='ocrx_word' id='word_1_612' title='bbox 2090 1892 2171 1925; x_wconf 87' lang='lat' dir='ltr'>dato</span> <span class='ocrx_word' id='word_1_613' title='bbox 2187 1892 2270 1938; x_wconf 76' lang='lat' dir='ltr'>Spi-</span> 
     </span>
     <span class='ocr_line' id='line_1_86' title="bbox 1285 1940 2271 1986; baseline 0.003 -12"><span class='ocrx_word' id='word_1_614' title='bbox 1285 1942 1356 1974; x_wconf 91' lang='lat' dir='ltr'>ritu</span> <span class='ocrx_word' id='word_1_615' title='bbox 1374 1947 1514 1981; x_wconf 88' lang='lat' dir='ltr'>sancto,</span> <span class='ocrx_word' id='word_1_616' title='bbox 1541 1947 1625 1973; x_wconf 90' lang='lat' dir='ltr'>tunc</span> <span class='ocrx_word' id='word_1_617' title='bbox 1647 1941 1800 1983; x_wconf 90' lang='lat' dir='ltr'>primum</span> <span class='ocrx_word' id='word_1_618' title='bbox 1822 1940 1970 1973; x_wconf 88' lang='lat' dir='ltr'>audietis</span> <span class='ocrx_word' id='word_1_619' title='bbox 1994 1953 2049 1974; x_wconf 89' lang='lat' dir='ltr'>me</span> <span class='ocrx_word' id='word_1_620' title='bbox 2073 1943 2211 1986; x_wconf 90' lang='lat' dir='ltr'>publice</span> <span class='ocrx_word' id='word_1_621' title='bbox 2236 1951 2271 1979; x_wconf 89' lang='lat' dir='ltr'>et</span> 
     </span>
     <span class='ocr_line' id='line_1_87' title="bbox 1286 1991 2270 2038; baseline 0.004 -14"><span class='ocrx_word' id='word_1_622' title='bbox 1286 1992 1401 2035; x_wconf 89' lang='lat' dir='ltr'>palam</span> <span class='ocrx_word' id='word_1_623' title='bbox 1427 1991 1619 2035; x_wconf 80' lang='lat' dir='ltr'>praedicari</span> <span class='ocrx_word' id='word_1_624' title='bbox 1639 1997 1670 2023; x_wconf 90' lang='lat' dir='ltr'>et</span> <span class='ocrx_word' id='word_1_625' title='bbox 1687 1991 1827 2033; x_wconf 88' lang='lat' dir='ltr'>agnosci</span> <span class='ocrx_word' id='word_1_626' title='bbox 1852 1991 1962 2036; x_wconf 84' lang='lat' dir='ltr'>filium</span> <span class='ocrx_word' id='word_1_627' title='bbox 1986 1992 2074 2033; x_wconf 86' lang='lat' dir='ltr'>Dei,</span> <span class='ocrx_word' id='word_1_628' title='bbox 2108 1999 2141 2026; x_wconf 86' lang='lat' dir='ltr'>et</span> <span class='ocrx_word' id='word_1_629' title='bbox 2165 2006 2270 2038; x_wconf 85' lang='lat' dir='ltr'>expe-</span> 
     </span>
     <span class='ocr_line' id='line_1_88' title="bbox 1285 2041 2269 2081; baseline 0.003 -6"><span class='ocrx_word' id='word_1_630' title='bbox 1285 2041 1428 2076; x_wconf 86' lang='lat' dir='ltr'>ricmini</span> <span class='ocrx_word' id='word_1_631' title='bbox 1448 2053 1518 2074; x_wconf 89' lang='lat' dir='ltr'>esse</span> <span class='ocrx_word' id='word_1_632' title='bbox 1537 2041 1727 2081; x_wconf 82' lang='lat' dir='ltr'>efficacem,</span> <span class='ocrx_word' id='word_1_633' title='bbox 1753 2041 1967 2075; x_wconf 84' lang='lat' dir='ltr'>salvaturum</span> <span class='ocrx_word' id='word_1_634' title='bbox 1987 2044 2169 2078; x_wconf 84' lang='lat' dir='ltr'>credentes</span> <span class='ocrx_word' id='word_1_635' title='bbox 2188 2057 2269 2078; x_wconf 88' lang='lat' dir='ltr'>ver-</span> 
     </span>
     <span class='ocr_line' id='line_1_89' title="bbox 1286 2092 2040 2136; baseline 0 -10"><span class='ocrx_word' id='word_1_636' title='bbox 1286 2094 1352 2134; x_wconf 90' lang='lat' dir='ltr'>bo,</span> <span class='ocrx_word' id='word_1_637' title='bbox 1379 2099 1412 2125; x_wconf 91' lang='lat' dir='ltr'>et</span> <span class='ocrx_word' id='word_1_638' title='bbox 1430 2092 1637 2136; x_wconf 88' lang='lat' dir='ltr'>puniturum</span> <span class='ocrx_word' id='word_1_639' title='bbox 1657 2104 1730 2124; x_wconf 85' lang='lat' dir='ltr'>non</span> <span class='ocrx_word' id='word_1_640' title='bbox 1747 2092 2040 2136; x_wconf 87' lang='lat' dir='ltr'>obtemperantes.</span> 
     </span>
    </p>

    <p class='ocr_par' dir='ltr' id='par_1_9' title="bbox 1287 2142 2270 2239">
     <span class='ocr_line' id='line_1_90' title="bbox 1389 2142 2270 2187; baseline 0.006 -12"><span class='ocrx_word' id='word_1_641' title='bbox 1389 2142 1483 2175; x_wconf 86' lang='lat' dir='ltr'>Haec</span> <span class='ocrx_word' id='word_1_642' title='bbox 1501 2150 1551 2176; x_wconf 90' lang='lat' dir='ltr'>est</span> <span class='ocrx_word' id='word_1_643' title='bbox 1566 2143 1680 2185; x_wconf 79' lang='lat' dir='ltr'>gravis</span> <span class='ocrx_word' id='word_1_644' title='bbox 1697 2142 1830 2182; x_wconf 81' lang='lat' dir='ltr'>concio,</span> <span class='ocrx_word' id='word_1_645' title='bbox 1856 2143 2090 2187; x_wconf 89' lang='lat' dir='ltr'>complectens</span> <span class='ocrx_word' id='word_1_646' title='bbox 2106 2157 2270 2180; x_wconf 87' lang='lat' dir='ltr'>arcanam</span> 
     </span>
     <span class='ocr_line' id='line_1_91' title="bbox 1287 2193 2268 2239; baseline 0.003 -12"><span class='ocrx_word' id='word_1_647' title='bbox 1287 2194 1505 2234; x_wconf 87' lang='lat' dir='ltr'>doctrinam,</span> <span class='ocrx_word' id='word_1_648' title='bbox 1533 2194 1687 2236; x_wconf 89' lang='lat' dir='ltr'>ignotam</span> <span class='ocrx_word' id='word_1_649' title='bbox 1714 2193 1843 2226; x_wconf 88' lang='lat' dir='ltr'>rationi</span> <span class='ocrx_word' id='word_1_650' title='bbox 1867 2201 1899 2227; x_wconf 89' lang='lat' dir='ltr'>et</span> <span class='ocrx_word' id='word_1_651' title='bbox 1918 2195 2108 2238; x_wconf 84' lang='lat' dir='ltr'>sapientiae</span> <span class='ocrx_word' id='word_1_652' title='bbox 2123 2198 2268 2239; x_wconf 89' lang='lat' dir='ltr'>carnali,</span> 
     </span>
    </p>
   </div>
   <div class='ocr_carea' id='block_1_9' title="bbox 1288 2238 2306 2289">
    <p class='ocr_par' dir='ltr' id='par_1_10' title="bbox 1288 2238 2306 2289">
     <span class='ocr_line' id='line_1_92' title="bbox 1288 2238 2306 2289; baseline 0.004 -11"><span class='ocrx_word' id='word_1_653' title='bbox 1288 2247 1330 2278; x_wconf 91' lang='lat' dir='ltr'>de</span> <span class='ocrx_word' id='word_1_654' title='bbox 1364 2245 1425 2278; x_wconf 91' lang='lat' dir='ltr'>illo</span> <span class='ocrx_word' id='word_1_655' title='bbox 1452 2244 1659 2277; x_wconf 87' lang='lat' dir='ltr'>admirando</span> <span class='ocrx_word' id='word_1_656' title='bbox 1684 2244 1831 2277; x_wconf 79' lang='lat' dir='ltr'>consilio</span> <span class='ocrx_word' id='word_1_657' title='bbox 1855 2243 1941 2285; x_wconf 85' lang='lat' dir='ltr'>Dei,</span> <span class='ocrx_word' id='word_1_658' title='bbox 1978 2247 2071 2289; x_wconf 87' lang='lat' dir='ltr'>quod</span> <span class='ocrx_word' id='word_1_659' title='bbox 2101 2253 2134 2280; x_wconf 91' lang='lat' dir='ltr'>et</span> <span class='ocrx_word' id='word_1_660' title='bbox 2158 2249 2271 2283; x_wconf 84' lang='lat' dir='ltr'>voluit</span> <span class='ocrx_word' id='word_1_661' title='bbox 2302 2238 2306 2241; x_wconf 14' lang='lat' dir='ltr'>l</span> 
     </span>
    </p>
   </div>
   <div class='ocr_carea' id='block_1_10' title="bbox 1286 2295 2275 2695">
    <p class='ocr_par' dir='ltr' id='par_1_11' title="bbox 1286 2295 2275 2695">
     <span class='ocr_line' id='line_1_93' title="bbox 1287 2295 2271 2342; baseline 0.004 -14"><span class='ocrx_word' id='word_1_662' title='bbox 1287 2296 1396 2328; x_wconf 83' lang='lat' dir='ltr'>filium</span> <span class='ocrx_word' id='word_1_663' title='bbox 1421 2295 1495 2328; x_wconf 84' lang='lat' dir='ltr'>fieri</span> <span class='ocrx_word' id='word_1_664' title='bbox 1516 2295 1693 2328; x_wconf 87' lang='lat' dir='ltr'>victimam</span> <span class='ocrx_word' id='word_1_665' title='bbox 1718 2295 1840 2328; x_wconf 83' lang='lat' dir='ltr'>induta</span> <span class='ocrx_word' id='word_1_666' title='bbox 1867 2306 1989 2336; x_wconf 86' lang='lat' dir='ltr'>carne,</span> <span class='ocrx_word' id='word_1_667' title='bbox 2023 2304 2056 2330; x_wconf 87' lang='lat' dir='ltr'>et</span> <span class='ocrx_word' id='word_1_668' title='bbox 2082 2299 2175 2342; x_wconf 90' lang='lat' dir='ltr'>quod</span> <span class='ocrx_word' id='word_1_669' title='bbox 2204 2296 2271 2333; x_wconf 87' lang='lat' dir='ltr'>hoc</span> 
     </span>
     <span class='ocr_line' id='line_1_94' title="bbox 1287 2345 2272 2391; baseline 0.004 -12"><span class='ocrx_word' id='word_1_670' title='bbox 1287 2358 1414 2379; x_wconf 87' lang='lat' dir='ltr'>arcano</span> <span class='ocrx_word' id='word_1_671' title='bbox 1447 2347 1552 2379; x_wconf 88' lang='lat' dir='ltr'>modo</span> <span class='ocrx_word' id='word_1_672' title='bbox 1580 2345 1656 2379; x_wconf 89' lang='lat' dir='ltr'>vult</span> <span class='ocrx_word' id='word_1_673' title='bbox 1693 2357 1727 2378; x_wconf 90' lang='lat' dir='ltr'>se</span> <span class='ocrx_word' id='word_1_674' title='bbox 1759 2345 1920 2388; x_wconf 83' lang='lat' dir='ltr'>agnosci,</span> <span class='ocrx_word' id='word_1_675' title='bbox 1972 2358 2074 2391; x_wconf 84' lang='lat' dir='ltr'>quern</span> <span class='ocrx_word' id='word_1_676' title='bbox 2110 2349 2272 2391; x_wconf 85' lang='lat' dir='ltr'>patefecit</span> 
     </span>
     <span class='ocr_line' id='line_1_95' title="bbox 1286 2396 2271 2441; baseline 0.004 -12"><span class='ocrx_word' id='word_1_677' title='bbox 1286 2396 1537 2439; x_wconf 71' lang='lat' dir='ltr'>Evangelium,</span> <span class='ocrx_word' id='word_1_678' title='bbox 1565 2398 1656 2441; x_wconf 87' lang='lat' dir='ltr'>qnod</span> <span class='ocrx_word' id='word_1_679' title='bbox 1675 2396 1829 2429; x_wconf 86' lang='lat' dir='ltr'>ostendit</span> <span class='ocrx_word' id='word_1_680' title='bbox 1853 2403 1885 2429; x_wconf 88' lang='lat' dir='ltr'>et</span> <span class='ocrx_word' id='word_1_681' title='bbox 1909 2396 1995 2429; x_wconf 89' lang='lat' dir='ltr'>iram</span> <span class='ocrx_word' id='word_1_682' title='bbox 2016 2396 2080 2430; x_wconf 86' lang='lat' dir='ltr'>Dei</span> <span class='ocrx_word' id='word_1_683' title='bbox 2105 2399 2271 2433; x_wconf 82' lang='lat' dir='ltr'>adversus</span> 
     </span>
     <span class='ocr_line' id='line_1_96' title="bbox 1289 2445 2271 2492; baseline 0.005 -13"><span class='ocrx_word' id='word_1_684' title='bbox 1289 2455 1464 2491; x_wconf 79' lang='lat' dir='ltr'>peccatum</span> <span class='ocrx_word' id='word_1_685' title='bbox 1482 2445 1627 2480; x_wconf 82' lang='lat' dir='ltr'>humani</span> <span class='ocrx_word' id='word_1_686' title='bbox 1647 2447 1799 2489; x_wconf 85' lang='lat' dir='ltr'>generis,</span> <span class='ocrx_word' id='word_1_687' title='bbox 1828 2448 1922 2492; x_wconf 87' lang='lat' dir='ltr'>quod</span> <span class='ocrx_word' id='word_1_688' title='bbox 1944 2448 2040 2480; x_wconf 89' lang='lat' dir='ltr'>nulla</span> <span class='ocrx_word' id='word_1_689' title='bbox 2066 2449 2134 2482; x_wconf 90' lang='lat' dir='ltr'>alia</span> <span class='ocrx_word' id='word_1_690' title='bbox 2158 2447 2271 2484; x_wconf 85' lang='lat' dir='ltr'>hostia</span> 
     </span>
     <span class='ocr_line' id='line_1_97' title="bbox 1290 2497 2273 2543; baseline -0.001 -12"><span class='ocrx_word' id='word_1_691' title='bbox 1290 2499 1441 2542; x_wconf 85' lang='lat' dir='ltr'>potuerit</span> <span class='ocrx_word' id='word_1_692' title='bbox 1459 2498 1608 2542; x_wconf 89' lang='lat' dir='ltr'>placari,</span> <span class='ocrx_word' id='word_1_693' title='bbox 1636 2497 1704 2530; x_wconf 89' lang='lat' dir='ltr'>nisi</span> <span class='ocrx_word' id='word_1_694' title='bbox 1720 2505 1834 2530; x_wconf 88' lang='lat' dir='ltr'>morte</span> <span class='ocrx_word' id='word_1_695' title='bbox 1850 2498 2023 2540; x_wconf 84' lang='lat' dir='ltr'>unigeniti</span> <span class='ocrx_word' id='word_1_696' title='bbox 2039 2498 2114 2543; x_wconf 86' lang='lat' dir='ltr'>filii,</span> <span class='ocrx_word' id='word_1_697' title='bbox 2142 2506 2175 2534; x_wconf 87' lang='lat' dir='ltr'>et</span> <span class='ocrx_word' id='word_1_698' title='bbox 2193 2513 2273 2534; x_wconf 84' lang='lat' dir='ltr'>rur.</span> 
     </span>
     <span class='ocr_line' id='line_1_98' title="bbox 1290 2548 2273 2596; baseline 0.005 -16"><span class='ocrx_word' id='word_1_699' title='bbox 1290 2560 1346 2581; x_wconf 91' lang='lat' dir='ltr'>sus</span> <span class='ocrx_word' id='word_1_700' title='bbox 1363 2555 1533 2582; x_wconf 87' lang='lat' dir='ltr'>monstrat</span> <span class='ocrx_word' id='word_1_701' title='bbox 1558 2548 1832 2580; x_wconf 86' lang='lat' dir='ltr'>miscricordiam</span> <span class='ocrx_word' id='word_1_702' title='bbox 1860 2548 2149 2591; x_wconf 87' lang='lat' dir='ltr'>inenarrabilem,</span> <span class='ocrx_word' id='word_1_703' title='bbox 2176 2552 2273 2596; x_wconf 88' lang='lat' dir='ltr'>quod</span> 
     </span>
     <span class='ocr_line' id='line_1_99' title="bbox 1291 2597 2275 2643; baseline 0.004 -12"><span class='ocrx_word' id='word_1_704' title='bbox 1291 2606 1452 2632; x_wconf 84' lang='lat' dir='ltr'>aeternus</span> <span class='ocrx_word' id='word_1_705' title='bbox 1470 2606 1566 2643; x_wconf 89' lang='lat' dir='ltr'>pater</span> <span class='ocrx_word' id='word_1_706' title='bbox 1585 2598 1740 2631; x_wconf 87' lang='lat' dir='ltr'>voluerit</span> <span class='ocrx_word' id='word_1_707' title='bbox 1755 2597 1868 2632; x_wconf 89' lang='lat' dir='ltr'>filium</span> <span class='ocrx_word' id='word_1_708' title='bbox 1886 2599 2057 2632; x_wconf 88' lang='lat' dir='ltr'>sustinere</span> <span class='ocrx_word' id='word_1_709' title='bbox 2073 2607 2182 2634; x_wconf 88' lang='lat' dir='ltr'>totam</span> <span class='ocrx_word' id='word_1_710' title='bbox 2198 2614 2275 2635; x_wconf 90' lang='lat' dir='ltr'>mo-</span> 
     </span>
     <span class='ocr_line' id='line_1_100' title="bbox 1294 2647 2274 2695; baseline 0.004 -13"><span class='ocrx_word' id='word_1_711' title='bbox 1294 2650 1362 2683; x_wconf 89' lang='lat' dir='ltr'>lem</span> <span class='ocrx_word' id='word_1_712' title='bbox 1391 2650 1542 2695; x_wconf 88' lang='lat' dir='ltr'>peccati,</span> <span class='ocrx_word' id='word_1_713' title='bbox 1582 2647 1648 2683; x_wconf 91' lang='lat' dir='ltr'>hoc</span> <span class='ocrx_word' id='word_1_714' title='bbox 1677 2655 1749 2690; x_wconf 89' lang='lat' dir='ltr'>est,</span> <span class='ocrx_word' id='word_1_715' title='bbox 1783 2649 1984 2684; x_wconf 84' lang='lat' dir='ltr'>universam</span> <span class='ocrx_word' id='word_1_716' title='bbox 2011 2652 2274 2687; x_wconf 86' lang='lat' dir='ltr'>damnationem</span> 
     </span>
    </p>
   </div>
  </div>
 </body>
</html>
