2415 2942
86 126 159 163 589
263 124 364 163 xm.
417 127 453 162 2.
479 121 856 172 ‚COMMENTARII
886 124 935 161 IN
964 123 1119 162 EPIST.
1146 123 1295 161 PAULI
1321 122 1389 159 AD
1417 123 1678 164 ROMANOS.
1731 126 1836 166 CAP.
1866 129 1930 167 111.
2040 129 2114 165 590

461 207 532 244 Per
554 208 680 256 fidem.
1395 208 1550 258 Propter
1575 213 1837 250 remissionem.

180 269 386 306 Adversarii
408 270 512 304 etiam
531 271 687 306 fatentur
706 269 889 305 Christum
907 282 979 304 esse
994 283 1066 304 me·
1223 276 1391 311 Definitio
1420 286 1470 312 est
1494 282 1733 323 praecedentis
1759 282 1970 326 particulae,
1999 283 2111 318 inter-

81 322 250 356 diatorem
268 329 301 355 et
319 322 601 366 propiciatorem.
645 322 713 356 Sed
735 320 800 355 boc
816 322 929 365 ipsum
950 329 1066 366 postea
1123 335 1280 372 pretatur
1303 329 1397 361 enim
1429 330 1515 374 quid
1545 332 1672 366 dixerit
1696 334 1871 366 iusticiam
1901 346 2011 368 suam,
2072 335 2112 368 Si

80 380 219 408 mutant
245 381 279 407 et
307 379 550 417 corrumpunt.
622 371 722 406 Nihil
747 373 840 405 enim
874 373 995 406 dicunt
1025 374 1068 406 de
1123 385 1235 412 mutes
1253 380 1357 412 verba
1380 379 1446 412 erit
1471 380 1508 412 iii
1532 382 1682 424 clarius,
1707 391 1745 417 ut
1770 385 1923 419 declaret
1945 386 2039 431 quod
2059 384 2112 420 'sit

81 425 336 468 applicatione,
378 436 443 457 nec
467 425 596 457 docent
614 425 783 457 utendum
803 435 874 456 eSSfl
896 424 1067 457 mediato-
1122 429 1391 470 iustificatnrus,
1425 430 1558 464 scilicet
1584 445 1646 476 per
1673 435 1915 468 remissionem
1948 444 2110 480 peccato-

82 488 119 509 re
152 474 308 509 Christo.
378 475 428 507 Ac
452 474 605 518 primum
636 472 727 507 nihil
757 485 901 517 prorsus
927 476 970 507 de
1003 472 1068 507 hac
1121 492 1212 513 rum.
1266 478 1317 513 Ita
1348 480 1446 523 ponit
1471 482 1733 525 definitionem,
1774 493 1806 519 et
1838 493 1876 519 ut
1902 486 1949 519 ita
1982 488 2110 526 dicam,

81 527 169 567 fide,
205 527 239 559 id
265 533 333 567 est,
367 526 409 558 de
435 524 560 557 fiducia
592 525 793 558 mediatoris
818 525 959 566 dicunt,
993 537 1068 558 non
1120 530 1267 564 formale
1293 531 1562 565 iustificationis.
1623 533 1770 578 Proprie
1792 536 1884 568 enim
1911 537 2111 572 iustificatio

81 578 209 611 docent
243 577 293 610 uti
320 576 510 609 mediatore
532 572 672 608 Christo
691 603 700 616 ‚
741 575 813 608 imo
848 576 971 609 iubent
1002 578 1068 609 du·
1120 589 1170 615 est
1193 581 1352 614 remissio
1380 589 1600 624 peccatorum
1624 593 1769 628 propter
1791 583 1994 629 Christum,
2028 601 2108 622 cuin

81 628 193 661 bitare
228 627 488 661 conscientiam.
551 624 646 659 Haec
673 627 848 659 dubitatio
885 628 1068 661 manifeste
1123 644 1190 677 qua
1210 632 1397 665 coniuncta
1417 639 1466 665 est
1483 634 1627 667 donatio
1647 635 1802 678 Spiritus
1820 638 1929 671 sancti
1947 645 2008 672 etc,
2064 639 2111 673 Et

81 685 213 723 pugnat
232 691 309 712 cuin
327 679 413 717 fide,
440 688 544 721 quam
564 673 621 709 hic
647 677 794 722 requirit
811 677 953 711 Paulus.
1005 678 1067 712 Se-
1119 683 1278 716 remissio
1305 690 1525 727 peccatorum
1552 686 1771 729 intelligatur
1799 699 1871 720 non
1904 695 2040 722 tantum
2067 691 2111 722 de

82 731 218 770 cundo,
248 730 383 772 fingunt
399 724 579 762 Christum
599 739 671 761 esse
699 728 969 772 propiciatorem
988 736 1066 763 tan-
1119 734 1314 768 actualibus
1331 734 1484 773 delictis,
1513 737 1570 768 sed
1589 737 1693 769 etiam
1717 738 1760 770 de
1781 738 1935 772 naturali
1954 739 2109 773 immun-

81 788 176 821 tum,
212 783 306 825 quod
337 780 379 812 ad
414 778 632 811 OCCRSiOUCm
664 780 824 813 merendi
851 780 994 819 attinet,
1029 787 1067 813 ut
1119 786 1218 819 ditie.
1271 783 1334 818 Est
1350 786 1467 829 itaque
1487 786 1687 820 iustificatio
1705 788 1816 822 iustos
1834 790 2008 833 reputari,
2037 802 2109 824 non

82 844 159 865 cnm
178 830 427 875 paterfamilias
444 829 553 862 iratus
570 841 671 862 servo
698 830 857 874 placatur
881 832 924 864 ab
953 831 1065 864 amico
1118 843 1261 881 propter
1284 843 1420 869 nostras
1439 837 1606 878 virtutes,
1634 839 1693 871 sed
1713 838 1788 873 Deo
1808 841 2005 874 remittente
2029 854 2108 886 pec-

79 883 211 926 aliquo.
265 880 317 913 Ibi
334 881 464 913 amicus
482 879 540 912 ille
558 880 692 913 aditum
713 893 812 914 servo
840 882 1003 925 impetrat
1023 884 1064 915 ad
1118 895 1208 925 caia,
1239 895 1272 921 et
1300 888 1506 921 immundos
1537 896 1570 922 et
1602 890 1770 935 indignos
1797 899 2016 935 acceptante,
2049 904 2110 936 per

78 931 291 973 Dominum,
325 931 451 964 deinde
476 928 567 963 nihil
595 931 642 964 ibi
673 933 803 975 negotii
839 931 961 973 habet,
1004 935 1063 966 sed
1117 939 1394 971 misericordiam
1435 946 1578 983 propter
1616 938 1810 975 Christum.
1885 942 1984 977 Sicut
2024 943 2110 976 alias

79 985 191 1027 placet
221 994 340 1015 servus
367 988 510 1025 propter
544 983 684 1026 propria
710 982 837 1018 officia.
908 985 1063 1017 Tantum
1117 990 1240 1023 definit
1266 989 1548 1023 iustificationem
1577 1002 1650 1024 esse
1676 993 1920 1026 remissionem
1945 1001 2107 1038 peccato—

79 1035 243 1069 tribuunt
265 1031 424 1073 Christo,
452 1033 547 1077 quod
573 1031 638 1065 boc
665 1034 879 1078 principium
907 1042 938 1068 et
965 1048 1062 1068 occa-
1116 1053 1212 1073 rum:
1241 1039 1340 1074 Beati
1359 1053 1510 1085 quorum
1528 1042 1674 1075 remissa
1694 1051 1776 1078 sunt
1794 1051 1946 1089 peccata.

80 1087 213 1120 sionem
239 1085 396 1117 merendi
419 1084 522 1116 nobis
539 1085 781 1127 promeruerit.
838 1085 907 1129 Ipsi
937 1087 986 1119 sic
1011 1087 1064 1118 lo-

77 1144 260 1182 quuntur,
299 1133 480 1169 Christum
520 1136 686 1167 meruisse
721 1136 869 1179 primam
905 1137 1062 1179 gratiam.

77 1188 200 1222 Postea
225 1187 400 1231 sepeliunt
433 1197 533 1225 eum,
576 1192 608 1218 et
635 1186 771 1228 fingunt
803 1188 954 1221 otiosum
981 1200 1064 1228 esse,

78 1247 111 1273 et
136 1239 374 1281 imaginantur
397 1234 556 1268 homines
574 1237 699 1269 mereri
722 1238 962 1271 remissionem
984 1251 1062 1282 pec-

80 1297 237 1323 catorum
261 1295 293 1321 et
318 1288 426 1320 iustos
448 1298 536 1326 esse,
563 1294 706 1330 propter
734 1290 911 1332 propriam
938 1289 1062 1331 imple-

79 1341 212 1374 tionem
237 1340 321 1381 legis
348 1345 379 1370 et
400 1344 543 1371 caetera.
596 1337 668 1370 Nos
685 1346 825 1371 econtra
845 1347 936 1372 recte
955 1340 1061 1371 intel-

1087 996 1093 1380 !
1336 1130 1624 1167 Praeteritorum
1648 1141 1886 1182 peccalorum.

76 1392 244 1434 ligamus,
278 1387 456 1422 Christum
480 1399 616 1431 semper
644 1401 785 1421 manere
820 1390 1062 1429 mediatorem,

1084 2096 1087 2122 l

1218 1201 1322 1234 Hanc
1348 1202 1554 1244 particulam
1586 1203 1710 1237 dicunt
1741 1205 1911 1238 adiectam
1944 1217 2035 1247 esse,
2069 1215 2107 1241 iit

1116 1252 1269 1285 sciamus
1293 1253 1329 1284 in
1348 1250 1544 1295 Evangelio
1570 1266 1642 1286 non
1669 1257 1814 1288 concedi
1832 1256 2010 1290 licentiam
2027 1270 2108 1302 pec—

1115 1303 1242 1343 candi,
1285 1304 1344 1335 sed
1376 1303 1527 1336 scianins
1558 1313 1693 1347 peccata
1718 1307 1851 1341 remitti
1877 1308 1913 1340 iii
1940 1305 2010 1347 his,
2045 1309 2107 1353 qui

1115 1360 1222 1395 agunt
1246 1353 1516 1396 poenitentiam,
1546 1355 1581 1387 in
1602 1356 1730 1400 quibus
1749 1366 1927 1401 peccatum
1958 1360 2107 1392 mortifi-

1115 1413 1225 1436 catur.
1266 1403 1337 1436 Nec
1356 1411 1470 1437 tamen
1491 1406 1572 1438 inde
1590 1408 1766 1451 seqnitur,
1790 1410 1884 1454 quod
1904 1409 2010 1453 lapsis
2028 1417 2104 1454 post

1118 1454 1379 1493 remissionem,
1410 1456 1436 1487 si
1461 1468 1580 1489 rursus
1605 1466 1706 1500 agant
1731 1461 2006 1503 poenitentiam,
2033 1474 2106 1494 non

1115 1506 1223 1548 possit
1241 1505 1368 1539 iterum
1389 1508 1488 1539 venia
1508 1509 1726 1552 contingere:
1754 1511 1836 1554 quia
1852 1523 1999 1555 semper,
2015 1524 2105 1557 quo-

1114 1557 1321 1601 tiescunque
1344 1559 1515 1600 contingit
1543 1560 1720 1600 remissio,
1748 1562 1785 1594 fii
1814 1563 1973 1595 remissio
2002 1575 2105 1606 prae-

1116 1607 1269 1640 cedentis
1289 1610 1428 1650 peccati.
1484 1608 1545 1642 Est
1573 1622 1655 1652 ergo
1682 1612 1870 1655 descriptio
1889 1614 2106 1647 remissionis

1120 1659 1311 1700 praesentis
1338 1658 1374 1690 in
1403 1670 1547 1701 genere,
1584 1673 1657 1694 iion
1680 1668 1729 1694 est
1755 1663 1929 1697 exclusiva
1956 1676 2105 1709 sequen-

1117 1716 1204 1741 tium
1230 1720 1490 1742 remissionum.

1220 1758 1288 1793 Sed
1317 1772 1395 1792 meo
1421 1761 1552 1794 iudicio
1577 1762 1834 1806 simplicissima
1858 1765 2028 1799 sententia
2046 1774 2107 1808 est,

1123 1811 1149 1842 si
1172 1810 1388 1852 intelligatur
1412 1813 1544 1856 opponi
1579 1810 1663 1846 baec
1695 1815 1864 1857 particula
1890 1816 1976 1859 legi,
2005 1819 2103 1862 quasi

1121 1862 1230 1895 dicat:
1259 1861 1443 1894 Peccatum
1471 1864 1629 1906 regnavit
1655 1861 1840 1907 hactenns,
1872 1879 1916 1899 ne
1947 1868 1999 1901 lex
2024 1869 2105 1913 qui-

1121 1914 1199 1944 dem
1226 1913 1379 1945 abolevit
1407 1922 1584 1956 peccatum
1609 1922 1642 1948 et
1667 1923 1832 1956 mortem,
1864 1919 1922 1950 sed
1946 1917 2010 1953 hac
2036 1921 2103 1953 fide

1120 1964 1155 1995 in
1172 1961 1351 1996 Christum
1371 1964 1438 1996 iain
1457 1966 1617 1998 aboletur
1642 1975 1837 2010 peccatum,
1868 1971 1961 2012 qnod
1988 1968 2103 2004 bacte-

1120 2026 1185 2047 nus
1208 2014 1321 2047 extitit
1346 2027 1407 2047 seu
1430 2017 1597 2059 regnavit.
1669 2017 1761 2060 Quia
1788 2018 1918 2053 Paulus
1945 2021 2104 2066 loquitur

331 2091 338 2097 .
426 2091 433 2097 .
562 2090 569 2097 .
719 2104 724 2108 ι
1009 2093 1016 2100 .
1121 2078 1191 2098 non
1217 2067 1330 2097 solum
1357 2068 1399 2098 de
1426 2068 1621 2101 actualibus
1646 2069 1806 2110 delictis,
1845 2071 1904 2103 sed
1932 2073 2035 2105 etiam
2060 2074 2103 2105 de

181 2092 360 2126 semmua
386 2097 450 2123 emt
475 2091 614 2133 plamor
639 2097 770 2124 11111111111
797 2092 908 2126 1111111111
929 2100 1058 2126 omno*
1113 2117 1291 2159 originali.
1351 2116 1461 2159 Quasi
1487 2119 1595 2159 (licat,
1618 2120 1749 2153 remitti
1774 2128 1971 2164 peccatum,
2005 2125 2100 2167 quod

81 2157 152 2178 iiis:
192 2143 245 2176 Ad
273 2148 506 2205 ostensionem
528 2148 701 2199 'insuetae-
719 2153 818 2183 suae,
854 2145 888 2176 ul
916 2151 985 2202 est,
1020 2151 1059 2177 ut
1084 2182 1086 2191 Ι
1114 2165 1280 2200 hactenus
1298 2168 1429 2208 extitit,
1456 2169 1544 2202 Sicut
1563 2170 1653 2203 infra
1678 2172 1741 2204 aih
1770 2171 1889 2216 Usque
1920 2175 1962 2206 ad
1991 2175 2099 2217 legem

80 2195 231 2229 declfss'et
254 2192 367 2232 Dens,
402 2191 495 2236 quod
526 2203 598 2234 19511
622 2193 870 2227 11151156311111115
896 2203 957 2235 511’
992 2202 1059 2228 1151“
1083 2207 1086 2262 l
1115 2226 1293 2262 peccatum
1319 2219 1384 2252 fuit
1411 2220 1448 2251 in
1472 2222 1626 2262 mundo,
1650 2222 1685 2254 id
1713 2229 1780 2263 est,
1808 2235 1851 2255 ne
1876 2223 1928 2256 lex
1956 2226 2098 2270 quidem

80 2259 147 2292 que
176 2241 372 2300 ³¹¹¹¹¹he⁵¹⁵1
449 2242 706 2299 51111111.11181111
740 2257 861 2327 omhnes
893 2253 926 2280 et
960 2247 1058 2314 111Ε11ἶ
1084 2264 1086 2297 l
1113 2270 1265 2303 abolevit
1282 2277 1473 2313 peccatum.
1528 2271 1600 2304 lam
1620 2280 1734 2305 antem
1754 2280 1931 2317 peccatum
1952 2277 2099 2318 originis

80 2310 143 2331 1¹05
169 2309 240 2329 ⁰0¹³
267 2307 339 2327 ‘³⁵⁵9
364 2300 491 2332 ¹¹¹⁵tos’
536 2301 638 2326 mmm
666 2306 744 2326 cum
800 2298 941 2330 abemus
973 2298 1058 2340 leg¹⁵
1112 2321 1273 2353 aboletur
1289 2321 1462 2362 bifariam,
1491 2323 1696 2366 imputative
1717 2325 1857 2363 scilicet,
1885 2327 1966 2370 qnia
1983 2335 2098 2360 reatus

79 2361 191 2393 opem·
246 2346 312 2380 Sed
340 2357 433 2377 nnnc
462 2356 498 2376 m
520 2341 660 2377 “imsm
687 2346 815 2379 1181181111
838 2346 932 2381 Deus
958 2356 1086 2504 111511”Ι
1114 2372 1268 2412 tollitur,
1306 2379 1338 2405 et
1361 2372 1487 2416 incipit
1513 2374 1623 2416 reipsa
1651 2375 1782 2408 aboleri
1818 2383 1850 2409 et
1882 2379 2098 2418 mortificari,

83 2412 169 2433 Clam
193 2410 308 2438 snam,
343 2398 376 2429 'd
406 2402 473 2453 f'Sl’
516 2396 608 2453 11111111
628 2408 714 2453 ,111511
737 2403 778 2429 511
802 2399 1049 2456 11151111Ῡ1111111115
1112 2422 1243 2456 scilicet
1262 2424 1404 2468 quando
1422 2424 1457 2456 iii
1476 2424 1691 2467 poenitentia
1710 2426 1864 2460 existunt
1886 2429 1959 2461 veri
1984 2435 2095 2462 terro·-

82 2450 375 2495 quemadmodum
405 2459 440 2479 in
474 2448 767 2489 promissionibus
797 2449 974 2491 pollicitus
998 2457 1045 2483 est
1112 2486 1165 2506 res
1225 2487 1305 2507 vera
1331 2475 1525 2508 consolatio
1551 2487 1590 2508 ac
1614 2475 1757 2509 initium
1783 2490 1894 2511 novae
1921 2489 2100 2514 creaturae

80 2502 173 2546 quod
191 2513 316 2533 novam
336 2499 529 2537 iusticiam,
557 2510 684 2530 novam
702 2506 733 2531 et
750 2506 926 2532 aeternam
951 2501 1058 2534 vitam
1083 2507 1087 2627 ι
1113 2525 1149 2557 in
1170 2501 1286 2561 ξυνᾶς,

77 1449 109 1475 et
125 1441 373 1485 applicandum
391 1450 463 1470 esse
478 1438 557 1478 fide,
584 1438 619 1470 id
637 1446 697 1480 est,
725 1441 947 1473 statuendum
967 1443 1060 1486 quod

76 1493 292 1536 placeamus,
320 1501 391 1522 non
410 1495 551 1532 propter
569 1496 723 1522 nostram
744 1491 951 1533 dignitatem
968 1519 976 1531 ‚
1003 1499 1062 1524 ant

77 1543 317 1586 impletionem
339 1540 442 1583 tegis,
476 1541 533 1572 sed
559 1548 702 1583 propter
725 1539 920 1578 Christum,
980 1542 1061 1576 Non

76 1596 244 1627 debemus
276 1604 452 1636 opponere
476 1591 607 1623 iudicio
632 1590 696 1624 Dei
732 1600 869 1626 nostras
902 1594 1061 1633 virtutes,

76 1647 135 1679 sed
153 1644 328 1677 victimam
348 1649 378 1674 et
400 1642 669 1685 propiciatorem
685 1641 879 1678 Christum.
936 1644 986 1678 lta
1006 1645 1061 1676 di-

77 1704 165 1730 serte
189 1695 279 1728 infra
296 1693 427 1726 Paulus
452 1694 494 1725 de
518 1693 752 1735 applicatione
778 1695 954 1739 loquitur,
983 1707 1062 1728 cum

77 1749 140 1781 ait:
166 1746 234 1779 Per
251 1757 352 1790 quem
373 1741 540 1776 babemus
561 1755 733 1776 accessum
761 1745 828 1777 fide
854 1746 890 1777 iii
914 1747 1060 1788 gratiam

77 1797 186 1839 lianc,
220 1796 317 1842 quasi
342 1795 450 1828 dicat:
489 1793 537 1826 lta
570 1795 765 1827 accedimns
796 1797 838 1828 ad
862 1795 995 1837 Deum,
1031 1797 1060 1828 si

75 1859 219 1884 utamur
235 1847 426 1880 mediatore
443 1843 604 1885 Christo,
632 1846 658 1877 si
678 1846 743 1878 fide
761 1848 1003 1889 confugiamus
1021 1849 1063 1880 ad

76 1901 172 1935 bunc
205 1898 500 1942 propiciatorem,
535 1903 568 1930 et
598 1903 758 1940 putemus
790 1899 892 1932 nobis
923 1906 1066 1944 propter

76 1954 189 1997 ipsum
208 1949 351 1994 ignosci.

274 2029 335 2066 Ad
350 2030 586 2064 ostensionem
607 2028 772 2064 iuslt‘ciae
788 2043 889 2067 suae.

1054 2427 1060 2439 ⁷

1054 2478 1061 2490 7

80 2555 273 2585 donaturus
298 2550 362 2592 sit,
393 2550 483 2595 qnod
510 2549 555 2582 sit
584 2549 842 2583 instauraturus
867 2562 974 2594 genus
991 2550 1059 2585 hu-

77 2615 222 2637 manum
248 2601 377 2634 abolito
404 2607 542 2644 peccato
569 2608 601 2634 et
626 2601 755 2634 abolita
783 2608 905 2637 morte.
958 2602 1059 2636 Hanc

77 2665 204 2687 novam
233 2652 403 2686 iusticiam
431 2660 463 2686 et
485 2652 591 2685 vitam
626 2652 693 2684 iam
720 2652 849 2686 revelat
872 2653 909 2686 in
936 2652 1058 2688 Evan-

75 2706 165 2750 gelio
190 2711 253 2740 etc.

1382 2591 1462 2626 Ubi
1481 2591 1596 2637 igilur
1614 2592 1824 2639 gloriatio?

1221 2652 1333 2685 Addit
1363 2652 1597 2696 propositioni
1631 2652 1876 2699 epiphonema.
1954 2656 2097 2694 Confert

1114 2703 1206 2738 enim
1225 2703 1462 2746 contrarium,
1485 2704 1615 2740 scilicet
1631 2706 1716 2751 quid
1740 2707 1785 2741 sit
1808 2707 2030 2743 sentiendum
2055 2711 2098 2744 de
