<?xml version="1.0" encoding="UTF-8"?>
<!DOCTYPE html PUBLIC "-//W3C//DTD XHTML 1.0 Transitional//EN"
    "http://www.w3.org/TR/xhtml1/DTD/xhtml1-transitional.dtd">
<html xmlns="http://www.w3.org/1999/xhtml" xml:lang="en" lang="en">
 <head>
  <title>
</title>
<meta http-equiv="Content-Type" content="text/html;charset=utf-8" />
  <meta name='ocr-system' content='tesseract 3.04.00' />
  <meta name='ocr-capabilities' content='ocr_page ocr_carea ocr_par ocr_line ocrx_word'/>
</head>
<body>
  <div class='ocr_page' id='page_1' title='image "./operaquaesupersu15melauoft/operaquaesupersu15melauoft_0193.png"; bbox 0 0 2415 2942; ppageno 0'>
   <div class='ocr_carea' id='block_1_1' title="bbox 11 855 24 1167">
    <p class='ocr_par' dir='ltr' id='par_1_1' title="bbox 11 855 24 1167">
     <span class='ocr_line' id='line_1_1' title="bbox 11 855 24 1167; textangle 90"><span class='ocrx_word' id='word_1_1' title='bbox 11 1158 15 1167; x_wconf 53' lang='grc' dir='ltr'>ν</span> <span class='ocrx_word' id='word_1_2' title='bbox 12 1111 17 1126; x_wconf 54' lang='grc' dir='ltr'>«ν</span> <span class='ocrx_word' id='word_1_3' title='bbox 12 898 24 1086; x_wconf 38' lang='grc' dir='ltr'>,μεως-ὤμω...</span> <span class='ocrx_word' id='word_1_4' title='bbox 16 855 22 870; x_wconf 33' lang='grc' dir='ltr'>Δ,</span> 
     </span>
    </p>
   </div>
   <div class='ocr_carea' id='block_1_2' title="bbox 36 170 45 186">
    <p class='ocr_par' dir='ltr' id='par_1_2' title="bbox 36 170 45 186">
     <span class='ocr_line' id='line_1_2' title="bbox 36 170 45 186; textangle 90"><span class='ocrx_word' id='word_1_5' title='bbox 36 170 45 186; x_wconf 72' lang='grc' dir='ltr'>.ι</span> 
     </span>
    </p>
   </div>
   <div class='ocr_carea' id='block_1_3' title="bbox 91 97 562 137">
    <p class='ocr_par' dir='ltr' id='par_1_3' title="bbox 91 97 562 137">
     <span class='ocr_line' id='line_1_3' title="bbox 91 97 562 137; baseline 0 -4"><span class='ocrx_word' id='word_1_6' title='bbox 91 99 167 137; x_wconf 78' lang='grc'>569</span> <span class='ocrx_word' id='word_1_7' title='bbox 481 97 562 133; x_wconf 86' lang='lat' dir='ltr'>Xll.</span> 
     </span>
    </p>
   </div>
   <div class='ocr_carea' id='block_1_4' title="bbox 79 181 1075 1380">
    <p class='ocr_par' dir='ltr' id='par_1_4' title="bbox 79 181 1075 1380">
     <span class='ocr_line' id='line_1_4' title="bbox 91 181 1075 229; baseline 0.001 -14"><span class='ocrx_word' id='word_1_8' title='bbox 91 196 179 229; x_wconf 82' lang='lat' dir='ltr'>quae</span> <span class='ocrx_word' id='word_1_9' title='bbox 204 183 323 216; x_wconf 89' lang='lat' dir='ltr'>iubent</span> <span class='ocrx_word' id='word_1_10' title='bbox 349 183 493 227; x_wconf 89' lang='lat' dir='ltr'>precari.</span> <span class='ocrx_word' id='word_1_11' title='bbox 546 183 634 217; x_wconf 78' lang='lat' dir='ltr'>Nam</span> <span class='ocrx_word' id='word_1_12' title='bbox 661 196 757 217; x_wconf 87' lang='lat' dir='ltr'>mens</span> <span class='ocrx_word' id='word_1_13' title='bbox 779 181 950 223; x_wconf 82' lang='lat' dir='ltr'>humana,</span> <span class='ocrx_word' id='word_1_14' title='bbox 977 196 1075 227; x_wconf 74' lang='lat' dir='ltr'>prae-</span> 
     </span>
     <span class='ocr_line' id='line_1_5' title="bbox 89 232 1073 278; baseline -0.002 -11"><span class='ocrx_word' id='word_1_15' title='bbox 89 235 206 267; x_wconf 87' lang='lat' dir='ltr'>sertim</span> <span class='ocrx_word' id='word_1_16' title='bbox 231 234 345 266; x_wconf 89' lang='lat' dir='ltr'>saucia</span> <span class='ocrx_word' id='word_1_17' title='bbox 369 235 548 277; x_wconf 84' lang='lat' dir='ltr'>agnitione</span> <span class='ocrx_word' id='word_1_18' title='bbox 575 235 701 278; x_wconf 88' lang='lat' dir='ltr'>peccati</span> <span class='ocrx_word' id='word_1_19' title='bbox 728 234 799 274; x_wconf 90' lang='lat' dir='ltr'>sui,</span> <span class='ocrx_word' id='word_1_20' title='bbox 833 234 921 277; x_wconf 80' lang='lat' dir='ltr'>fugit</span> <span class='ocrx_word' id='word_1_21' title='bbox 947 232 1073 276; x_wconf 78' lang='lat' dir='ltr'>Deum,</span> 
     </span>
     <span class='ocr_line' id='line_1_6' title="bbox 89 284 1073 329; baseline -0.003 -11"><span class='ocrx_word' id='word_1_22' title='bbox 89 297 152 318; x_wconf 87' lang='lat' dir='ltr'>nec</span> <span class='ocrx_word' id='word_1_23' title='bbox 184 286 286 318; x_wconf 87' lang='lat' dir='ltr'>audet</span> <span class='ocrx_word' id='word_1_24' title='bbox 317 285 407 318; x_wconf 84' lang='lat' dir='ltr'>bona</span> <span class='ocrx_word' id='word_1_25' title='bbox 437 292 563 327; x_wconf 84' lang='lat' dir='ltr'>petere.</span> <span class='ocrx_word' id='word_1_26' title='bbox 632 285 724 318; x_wconf 88' lang='lat' dir='ltr'>Huic</span> <span class='ocrx_word' id='word_1_27' title='bbox 749 284 975 329; x_wconf 69' lang='lat' dir='ltr'>trepidationi</span> <span class='ocrx_word' id='word_1_28' title='bbox 1001 285 1073 327; x_wconf 89' lang='lat' dir='ltr'>pri-</span> 
     </span>
     <span class='ocr_line' id='line_1_7' title="bbox 89 334 1071 380; baseline -0.002 -12"><span class='ocrx_word' id='word_1_29' title='bbox 89 347 183 368; x_wconf 85' lang='lat' dir='ltr'>mum</span> <span class='ocrx_word' id='word_1_30' title='bbox 209 336 392 376; x_wconf 83' lang='lat' dir='ltr'>mandata,</span> <span class='ocrx_word' id='word_1_31' title='bbox 421 336 549 369; x_wconf 91' lang='lat' dir='ltr'>deiude</span> <span class='ocrx_word' id='word_1_32' title='bbox 566 336 832 380; x_wconf 76' lang='lat' dir='ltr'>promissiones,</span> <span class='ocrx_word' id='word_1_33' title='bbox 861 341 893 367; x_wconf 90' lang='lat' dir='ltr'>et</span> <span class='ocrx_word' id='word_1_34' title='bbox 913 334 1071 367; x_wconf 89' lang='lat' dir='ltr'>doctrina</span> 
     </span>
     <span class='ocr_line' id='line_1_8' title="bbox 88 385 1072 430; baseline -0.002 -12"><span class='ocrx_word' id='word_1_35' title='bbox 88 387 131 419; x_wconf 87' lang='lat' dir='ltr'>de</span> <span class='ocrx_word' id='word_1_36' title='bbox 159 385 224 418; x_wconf 88' lang='lat' dir='ltr'>fide</span> <span class='ocrx_word' id='word_1_37' title='bbox 249 393 484 430; x_wconf 83' lang='lat' dir='ltr'>opponantur.</span> <span class='ocrx_word' id='word_1_38' title='bbox 548 386 670 419; x_wconf 85' lang='lat' dir='ltr'>Tertio</span> <span class='ocrx_word' id='word_1_39' title='bbox 696 386 801 429; x_wconf 82' lang='lat' dir='ltr'>igitur</span> <span class='ocrx_word' id='word_1_40' title='bbox 824 385 1072 428; x_wconf 66' lang='lat' dir='ltr'>promissiones</span> 
     </span>
     <span class='ocr_line' id='line_1_9' title="bbox 89 436 1070 482; baseline -0.002 -13"><span class='ocrx_word' id='word_1_41' title='bbox 89 438 289 475; x_wconf 83' lang='lat' dir='ltr'>intuemur,</span> <span class='ocrx_word' id='word_1_42' title='bbox 321 450 411 482; x_wconf 87' lang='lat' dir='ltr'>quae</span> <span class='ocrx_word' id='word_1_43' title='bbox 432 438 607 470; x_wconf 82' lang='lat' dir='ltr'>affirmant</span> <span class='ocrx_word' id='word_1_44' title='bbox 629 437 741 470; x_wconf 88' lang='lat' dir='ltr'>Deum</span> <span class='ocrx_word' id='word_1_45' title='bbox 765 448 843 468; x_wconf 76' lang='lat' dir='ltr'>vere</span> <span class='ocrx_word' id='word_1_46' title='bbox 865 436 954 468; x_wconf 81' lang='lat' dir='ltr'>velle</span> <span class='ocrx_word' id='word_1_47' title='bbox 979 436 1070 467; x_wconf 89' lang='lat' dir='ltr'>bona</span> 
     </span>
     <span class='ocr_line' id='line_1_10' title="bbox 87 485 1072 531; baseline -0.002 -11"><span class='ocrx_word' id='word_1_48' title='bbox 87 495 227 521; x_wconf 81' lang='lat' dir='ltr'>aeterna</span> <span class='ocrx_word' id='word_1_49' title='bbox 258 497 290 520; x_wconf 84' lang='lat' dir='ltr'>et</span> <span class='ocrx_word' id='word_1_50' title='bbox 316 488 508 531; x_wconf 80' lang='lat' dir='ltr'>praesentia</span> <span class='ocrx_word' id='word_1_51' title='bbox 535 488 628 521; x_wconf 88' lang='lat' dir='ltr'>dare.</span> <span class='ocrx_word' id='word_1_52' title='bbox 700 485 835 528; x_wconf 84' lang='lat' dir='ltr'>Quarto</span> <span class='ocrx_word' id='word_1_53' title='bbox 861 487 1072 519; x_wconf 76' lang='lat' dir='ltr'>accendatur</span> 
     </span>
     <span class='ocr_line' id='line_1_11' title="bbox 85 535 1070 582; baseline -0.002 -12"><span class='ocrx_word' id='word_1_54' title='bbox 85 539 189 578; x_wconf 76' lang='lat' dir='ltr'>fides,</span> <span class='ocrx_word' id='word_1_55' title='bbox 225 550 313 582; x_wconf 89' lang='lat' dir='ltr'>quae</span> <span class='ocrx_word' id='word_1_56' title='bbox 345 539 462 571; x_wconf 78' lang='lat' dir='ltr'>statuit</span> <span class='ocrx_word' id='word_1_57' title='bbox 495 549 561 571; x_wconf 88' lang='lat' dir='ltr'>nos</span> <span class='ocrx_word' id='word_1_58' title='bbox 584 543 725 581; x_wconf 87' lang='lat' dir='ltr'>propter</span> <span class='ocrx_word' id='word_1_59' title='bbox 749 535 926 570; x_wconf 71' lang='lat' dir='ltr'>(hristum</span> <span class='ocrx_word' id='word_1_60' title='bbox 963 537 1070 580; x_wconf 92' lang='lat' dir='ltr'>recipi</span> 
     </span>
     <span class='ocr_line' id='line_1_12' title="bbox 88 586 1071 632; baseline -0.001 -11"><span class='ocrx_word' id='word_1_61' title='bbox 88 596 120 621; x_wconf 88' lang='lat' dir='ltr'>et</span> <span class='ocrx_word' id='word_1_62' title='bbox 141 588 316 626; x_wconf 75' lang='lat' dir='ltr'>exaudiri,</span> <span class='ocrx_word' id='word_1_63' title='bbox 343 589 430 622; x_wconf 92' lang='lat' dir='ltr'>sicut</span> <span class='ocrx_word' id='word_1_64' title='bbox 450 586 507 622; x_wconf 89' lang='lat' dir='ltr'>hic</span> <span class='ocrx_word' id='word_1_65' title='bbox 525 588 652 622; x_wconf 79' lang='lat' dir='ltr'><strong>diserte</strong></span> <span class='ocrx_word' id='word_1_66' title='bbox 669 588 784 621; x_wconf 89' lang='lat' dir='ltr'>addit:</span> <span class='ocrx_word' id='word_1_67' title='bbox 813 587 991 632; x_wconf 83' lang='lat' dir='ltr'>Quicquid</span> <span class='ocrx_word' id='word_1_68' title='bbox 1009 599 1071 631; x_wconf 89' lang='lat' dir='ltr'>pe-</span> 
     </span>
     <span class='ocr_line' id='line_1_13' title="bbox 87 638 1070 682; baseline -0.003 -10"><span class='ocrx_word' id='word_1_69' title='bbox 87 639 213 672; x_wconf 87' lang='lat' dir='ltr'>tieritis</span> <span class='ocrx_word' id='word_1_70' title='bbox 236 646 366 682; x_wconf 87' lang='lat' dir='ltr'>patrem</span> <span class='ocrx_word' id='word_1_71' title='bbox 391 639 426 671; x_wconf 92' lang='lat' dir='ltr'>in</span> <span class='ocrx_word' id='word_1_72' title='bbox 446 639 590 671; x_wconf 87' lang='lat' dir='ltr'>nomine</span> <span class='ocrx_word' id='word_1_73' title='bbox 609 650 703 678; x_wconf 87' lang='lat' dir='ltr'>meo,</span> <span class='ocrx_word' id='word_1_74' title='bbox 731 639 764 670; x_wconf 89' lang='lat' dir='ltr'>id</span> <span class='ocrx_word' id='word_1_75' title='bbox 784 645 851 678; x_wconf 78' lang='lat' dir='ltr'>est,</span> <span class='ocrx_word' id='word_1_76' title='bbox 879 650 934 670; x_wconf 89' lang='lat' dir='ltr'>me</span> <span class='ocrx_word' id='word_1_77' title='bbox 953 638 1070 670; x_wconf 85' lang='lat' dir='ltr'>nomi-</span> 
     </span>
     <span class='ocr_line' id='line_1_14' title="bbox 87 689 1068 738; baseline -0.001 -16"><span class='ocrx_word' id='word_1_78' title='bbox 87 697 190 733; x_wconf 82' lang='lat' dir='ltr'>nato,</span> <span class='ocrx_word' id='word_1_79' title='bbox 226 702 281 722; x_wconf 88' lang='lat' dir='ltr'>me</span> <span class='ocrx_word' id='word_1_80' title='bbox 312 696 547 738; x_wconf 69' lang='lat' dir='ltr'>proponentes</span> <span class='ocrx_word' id='word_1_81' title='bbox 581 689 688 732; x_wconf 81' lang='lat' dir='ltr'>patri,</span> <span class='ocrx_word' id='word_1_82' title='bbox 723 697 889 733; x_wconf 87' lang='lat' dir='ltr'>tanquam</span> <span class='ocrx_word' id='word_1_83' title='bbox 919 690 1068 732; x_wconf 54' lang='lat' dir='ltr'>placato-</span> 
     </span>
     <span class='ocr_line' id='line_1_15' title="bbox 87 739 1069 779; baseline -0.001 -6"><span class='ocrx_word' id='word_1_84' title='bbox 87 752 159 773; x_wconf 90' lang='lat' dir='ltr'>rem</span> <span class='ocrx_word' id='word_1_85' title='bbox 191 748 223 774; x_wconf 86' lang='lat' dir='ltr'>et</span> <span class='ocrx_word' id='word_1_86' title='bbox 246 741 529 779; x_wconf 74' lang='lat' dir='ltr'>intercessorem,</span> <span class='ocrx_word' id='word_1_87' title='bbox 562 740 597 772; x_wconf 91' lang='lat' dir='ltr'>id</span> <span class='ocrx_word' id='word_1_88' title='bbox 622 746 688 772; x_wconf 88' lang='lat' dir='ltr'>est:</span> <span class='ocrx_word' id='word_1_89' title='bbox 720 739 825 772; x_wconf 81' lang='lat' dir='ltr'>Fides</span> <span class='ocrx_word' id='word_1_90' title='bbox 851 747 963 773; x_wconf 78' lang='lat' dir='ltr'>vestra</span> <span class='ocrx_word' id='word_1_91' title='bbox 988 751 1069 772; x_wconf 76' lang='lat' dir='ltr'>vere</span> 
     </span>
     <span class='ocr_line' id='line_1_16' title="bbox 87 791 1069 835; baseline -0.001 -12"><span class='ocrx_word' id='word_1_92' title='bbox 87 798 239 835; x_wconf 85' lang='lat' dir='ltr'>expectet</span> <span class='ocrx_word' id='word_1_93' title='bbox 275 792 383 828; x_wconf 87' lang='lat' dir='ltr'>bona,</span> <span class='ocrx_word' id='word_1_94' title='bbox 419 798 450 824; x_wconf 89' lang='lat' dir='ltr'>et</span> <span class='ocrx_word' id='word_1_95' title='bbox 481 791 615 824; x_wconf 79' lang='lat' dir='ltr'>nitatur</span> <span class='ocrx_word' id='word_1_96' title='bbox 644 802 716 823; x_wconf 89' lang='lat' dir='ltr'>non</span> <span class='ocrx_word' id='word_1_97' title='bbox 747 797 859 824; x_wconf 84' lang='lat' dir='ltr'>vestra</span> <span class='ocrx_word' id='word_1_98' title='bbox 887 791 1069 834; x_wconf 74' lang='lat' dir='ltr'>dignitate,</span> 
     </span>
     <span class='ocr_line' id='line_1_17' title="bbox 85 841 1068 884; baseline 0 -10"><span class='ocrx_word' id='word_1_99' title='bbox 85 853 158 874; x_wconf 87' lang='lat' dir='ltr'>non</span> <span class='ocrx_word' id='word_1_100' title='bbox 176 842 256 874; x_wconf 90' lang='lat' dir='ltr'>ullis</span> <span class='ocrx_word' id='word_1_101' title='bbox 273 842 350 874; x_wconf 89' lang='lat' dir='ltr'>aliis</span> <span class='ocrx_word' id='word_1_102' title='bbox 366 842 666 880; x_wconf 77' lang='lat' dir='ltr'>intercessoribus,</span> <span class='ocrx_word' id='word_1_103' title='bbox 695 843 752 874; x_wconf 84' lang='lat' dir='ltr'>sed</span> <span class='ocrx_word' id='word_1_104' title='bbox 771 841 905 875; x_wconf 79' lang='lat' dir='ltr'>nitatur</span> <span class='ocrx_word' id='word_1_105' title='bbox 922 854 975 873; x_wconf 87' lang='lat' dir='ltr'>me</span> <span class='ocrx_word' id='word_1_106' title='bbox 988 853 1068 884; x_wconf 89' lang='lat' dir='ltr'>pro-</span> 
     </span>
     <span class='ocr_line' id='line_1_18' title="bbox 83 891 1068 936; baseline 0 -12"><span class='ocrx_word' id='word_1_107' title='bbox 83 891 268 934; x_wconf 86' lang='lat' dir='ltr'>piciatore,</span> <span class='ocrx_word' id='word_1_108' title='bbox 294 899 327 925; x_wconf 89' lang='lat' dir='ltr'>et</span> <span class='ocrx_word' id='word_1_109' title='bbox 352 892 493 936; x_wconf 85' lang='lat' dir='ltr'>quidem</span> <span class='ocrx_word' id='word_1_110' title='bbox 522 892 731 925; x_wconf 89' lang='lat' dir='ltr'>nominatim</span> <span class='ocrx_word' id='word_1_111' title='bbox 758 892 803 925; x_wconf 91' lang='lat' dir='ltr'>ita</span> <span class='ocrx_word' id='word_1_112' title='bbox 824 892 944 935; x_wconf 86' lang='lat' dir='ltr'>petite:</span> <span class='ocrx_word' id='word_1_113' title='bbox 973 891 1068 924; x_wconf 90' lang='lat' dir='ltr'>Deus</span> 
     </span>
     <span class='ocr_line' id='line_1_19' title="bbox 81 941 1068 984; baseline 0 -9"><span class='ocrx_word' id='word_1_114' title='bbox 81 949 232 981; x_wconf 76' lang='lat' dir='ltr'>aeterne,</span> <span class='ocrx_word' id='word_1_115' title='bbox 256 942 503 984; x_wconf 89' lang='lat' dir='ltr'>paterDomini</span> <span class='ocrx_word' id='word_1_116' title='bbox 524 941 877 981; x_wconf 79' lang='lat' dir='ltr'>nostrilesuChristi,</span> <span class='ocrx_word' id='word_1_117' title='bbox 904 943 1068 975; x_wconf 85' lang='lat' dir='ltr'>miserere</span> 
     </span>
     <span class='ocr_line' id='line_1_20' title="bbox 82 993 1066 1037; baseline 0 -12"><span class='ocrx_word' id='word_1_118' title='bbox 82 993 215 1030; x_wconf 82' lang='lat' dir='ltr'>nostri,</span> <span class='ocrx_word' id='word_1_119' title='bbox 249 993 390 1034; x_wconf 80' lang='lat' dir='ltr'>exaudi,</span> <span class='ocrx_word' id='word_1_120' title='bbox 417 1000 449 1026; x_wconf 92' lang='lat' dir='ltr'>et</span> <span class='ocrx_word' id='word_1_121' title='bbox 472 993 552 1026; x_wconf 76' lang='lat' dir='ltr'>iuva</span> <span class='ocrx_word' id='word_1_122' title='bbox 576 1006 640 1026; x_wconf 91' lang='lat' dir='ltr'>nos</span> <span class='ocrx_word' id='word_1_123' title='bbox 665 1002 808 1037; x_wconf 91' lang='lat' dir='ltr'>propter</span> <span class='ocrx_word' id='word_1_124' title='bbox 833 994 943 1026; x_wconf 84' lang='lat' dir='ltr'>filium</span> <span class='ocrx_word' id='word_1_125' title='bbox 969 1001 1066 1026; x_wconf 90' lang='lat' dir='ltr'>tuum</span> 
     </span>
     <span class='ocr_line' id='line_1_21' title="bbox 81 1041 1067 1089; baseline 0.002 -15"><span class='ocrx_word' id='word_1_126' title='bbox 81 1041 274 1076; x_wconf 84' lang='lat' dir='ltr'>Dominum</span> <span class='ocrx_word' id='word_1_127' title='bbox 302 1052 459 1076; x_wconf 89' lang='lat' dir='ltr'>nostrum</span> <span class='ocrx_word' id='word_1_128' title='bbox 486 1044 597 1077; x_wconf 88' lang='lat' dir='ltr'>Iesum</span> <span class='ocrx_word' id='word_1_129' title='bbox 625 1042 826 1084; x_wconf 65' lang='lat' dir='ltr'>(hristum,</span> <span class='ocrx_word' id='word_1_130' title='bbox 855 1056 958 1089; x_wconf 88' lang='lat' dir='ltr'>quem</span> <span class='ocrx_word' id='word_1_131' title='bbox 983 1057 1067 1077; x_wconf 90' lang='lat' dir='ltr'>cou—</span> 
     </span>
     <span class='ocr_line' id='line_1_22' title="bbox 81 1094 1068 1138; baseline 0.001 -12"><span class='ocrx_word' id='word_1_132' title='bbox 81 1094 221 1127; x_wconf 88' lang='lat' dir='ltr'>stituisti</span> <span class='ocrx_word' id='word_1_133' title='bbox 250 1095 537 1138; x_wconf 74' lang='lat' dir='ltr'>propiciatorem,</span> <span class='ocrx_word' id='word_1_134' title='bbox 564 1102 601 1128; x_wconf 90' lang='lat' dir='ltr'>ut</span> <span class='ocrx_word' id='word_1_135' title='bbox 626 1107 726 1138; x_wconf 90' lang='lat' dir='ltr'>saepe</span> <span class='ocrx_word' id='word_1_136' title='bbox 742 1096 824 1128; x_wconf 85' lang='lat' dir='ltr'>alibi</span> <span class='ocrx_word' id='word_1_137' title='bbox 845 1096 992 1127; x_wconf 82' lang='lat' dir='ltr'>sormam</span> <span class='ocrx_word' id='word_1_138' title='bbox 1013 1108 1068 1127; x_wconf 88' lang='lat' dir='ltr'>re-</span> 
     </span>
     <span class='ocr_line' id='line_1_23' title="bbox 81 1144 1068 1190; baseline 0.002 -14"><span class='ocrx_word' id='word_1_139' title='bbox 81 1145 210 1177; x_wconf 87' lang='lat' dir='ltr'>censui.</span> <span class='ocrx_word' id='word_1_140' title='bbox 265 1144 401 1187; x_wconf 82' lang='lat' dir='ltr'>Quinto</span> <span class='ocrx_word' id='word_1_141' title='bbox 428 1153 646 1178; x_wconf 85' lang='lat' dir='ltr'>recenseatur</span> <span class='ocrx_word' id='word_1_142' title='bbox 662 1146 697 1178; x_wconf 92' lang='lat' dir='ltr'>iu</span> <span class='ocrx_word' id='word_1_143' title='bbox 718 1146 916 1190; x_wconf 75' lang='lat' dir='ltr'>precatione</span> <span class='ocrx_word' id='word_1_144' title='bbox 934 1158 988 1178; x_wconf 84' lang='lat' dir='ltr'>res</span> <span class='ocrx_word' id='word_1_145' title='bbox 1009 1158 1068 1189; x_wconf 89' lang='lat' dir='ltr'>pe-</span> 
     </span>
     <span class='ocr_line' id='line_1_24' title="bbox 80 1193 1068 1239; baseline 0.001 -11"><span class='ocrx_word' id='word_1_146' title='bbox 80 1196 207 1233; x_wconf 85' lang='lat' dir='ltr'>tenda,</span> <span class='ocrx_word' id='word_1_147' title='bbox 236 1196 317 1239; x_wconf 84' lang='lat' dir='ltr'>quia</span> <span class='ocrx_word' id='word_1_148' title='bbox 343 1196 494 1238; x_wconf 89' lang='lat' dir='ltr'>precatio</span> <span class='ocrx_word' id='word_1_149' title='bbox 520 1193 610 1228; x_wconf 86' lang='lat' dir='ltr'>nihil</span> <span class='ocrx_word' id='word_1_150' title='bbox 631 1204 770 1239; x_wconf 86' lang='lat' dir='ltr'>petens,</span> <span class='ocrx_word' id='word_1_151' title='bbox 796 1204 944 1230; x_wconf 88' lang='lat' dir='ltr'>autnon</span> <span class='ocrx_word' id='word_1_152' title='bbox 964 1207 1068 1238; x_wconf 83' lang='lat' dir='ltr'>agens</span> 
     </span>
     <span class='ocr_line' id='line_1_25' title="bbox 80 1245 1067 1293; baseline 0.003 -15"><span class='ocrx_word' id='word_1_153' title='bbox 80 1245 206 1287; x_wconf 80' lang='lat' dir='ltr'>gratias</span> <span class='ocrx_word' id='word_1_154' title='bbox 244 1258 307 1289; x_wconf 89' lang='lat' dir='ltr'>pro</span> <span class='ocrx_word' id='word_1_155' title='bbox 348 1246 544 1284; x_wconf 83' lang='lat' dir='ltr'>beneficiis,</span> <span class='ocrx_word' id='word_1_156' title='bbox 588 1254 638 1279; x_wconf 88' lang='lat' dir='ltr'>est</span> <span class='ocrx_word' id='word_1_157' title='bbox 675 1247 802 1289; x_wconf 78' lang='lat' dir='ltr'>frigida</span> <span class='ocrx_word' id='word_1_158' title='bbox 832 1245 1067 1293; x_wconf 60' lang='grc' dir='ltr'><em>ταυτολογιά.</em></span> 
     </span>
     <span class='ocr_line' id='line_1_26' title="bbox 80 1294 1066 1341; baseline 0.002 -13"><span class='ocrx_word' id='word_1_159' title='bbox 80 1294 177 1328; x_wconf 87' lang='lat' dir='ltr'>Haec</span> <span class='ocrx_word' id='word_1_160' title='bbox 203 1295 355 1328; x_wconf 85' lang='lat' dir='ltr'>breviter</span> <span class='ocrx_word' id='word_1_161' title='bbox 376 1296 552 1338; x_wconf 87' lang='lat' dir='ltr'>percurri,</span> <span class='ocrx_word' id='word_1_162' title='bbox 581 1297 662 1341; x_wconf 84' lang='lat' dir='ltr'>quia</span> <span class='ocrx_word' id='word_1_163' title='bbox 679 1298 765 1331; x_wconf 84' lang='lat' dir='ltr'>alibi</span> <span class='ocrx_word' id='word_1_164' title='bbox 781 1297 955 1341; x_wconf 85' lang='lat' dir='ltr'>copiosius</span> <span class='ocrx_word' id='word_1_165' title='bbox 974 1298 1066 1330; x_wconf 87' lang='lat' dir='ltr'>dicta</span> 
     </span>
     <span class='ocr_line' id='line_1_27' title="bbox 79 1344 667 1380; baseline -0.002 -1"><span class='ocrx_word' id='word_1_166' title='bbox 79 1353 171 1380; x_wconf 86' lang='lat' dir='ltr'>suut.</span> <span class='ocrx_word' id='word_1_167' title='bbox 224 1345 292 1380; x_wconf 89' lang='lat' dir='ltr'>Sed</span> <span class='ocrx_word' id='word_1_168' title='bbox 311 1358 371 1379; x_wconf 89' lang='lat' dir='ltr'>cur</span> <span class='ocrx_word' id='word_1_169' title='bbox 389 1346 471 1379; x_wconf 83' lang='lat' dir='ltr'>dicit</span> <span class='ocrx_word' id='word_1_170' title='bbox 490 1344 667 1380; x_wconf 86' lang='lat' dir='ltr'>hocloco:</span> 
     </span>
    </p>
   </div>
   <div class='ocr_carea' id='block_1_5' title="bbox 76 1445 1065 1496">
    <p class='ocr_par' dir='ltr' id='par_1_5' title="bbox 76 1445 1065 1496">
     <span class='ocr_line' id='line_1_28' title="bbox 76 1445 1065 1496; baseline 0.004 -16"><span class='ocrx_word' id='word_1_171' title='bbox 76 1445 264 1481; x_wconf 79' lang='lat' dir='ltr'>Hactenus</span> <span class='ocrx_word' id='word_1_172' title='bbox 283 1459 356 1481; x_wconf 85' lang='lat' dir='ltr'>non</span> <span class='ocrx_word' id='word_1_173' title='bbox 368 1447 527 1496; x_wconf 76' lang='lat' dir='ltr'>petiistis</span> <span class='ocrx_word' id='word_1_174' title='bbox 545 1447 740 1496; x_wconf 75' lang='lat' dir='ltr'>quicquam</span> <span class='ocrx_word' id='word_1_175' title='bbox 759 1448 797 1482; x_wconf 86' lang='lat' dir='ltr'>in</span> <span class='ocrx_word' id='word_1_176' title='bbox 815 1448 960 1483; x_wconf 82' lang='lat' dir='ltr'>nomine</span> <span class='ocrx_word' id='word_1_177' title='bbox 978 1460 1065 1484; x_wconf 79' lang='lat' dir='ltr'>mec).</span> 
     </span>
    </p>
   </div>
   <div class='ocr_carea' id='block_1_6' title="bbox 72 1529 1067 2224">
    <p class='ocr_par' dir='ltr' id='par_1_6' title="bbox 72 1529 1067 2224">
     <span class='ocr_line' id='line_1_29' title="bbox 178 1529 1066 1576; baseline 0.001 -11"><span class='ocrx_word' id='word_1_178' title='bbox 178 1529 409 1575; x_wconf 82' lang='lat' dir='ltr'>Respondeo‚</span> <span class='ocrx_word' id='word_1_179' title='bbox 437 1530 495 1566; x_wconf 86' lang='lat' dir='ltr'>hic</span> <span class='ocrx_word' id='word_1_180' title='bbox 518 1533 608 1566; x_wconf 86' lang='lat' dir='ltr'>tradi</span> <span class='ocrx_word' id='word_1_181' title='bbox 631 1546 703 1566; x_wconf 90' lang='lat' dir='ltr'>rem</span> <span class='ocrx_word' id='word_1_182' title='bbox 724 1533 985 1576; x_wconf 78' lang='lat' dir='ltr'>gravissimam,</span> <span class='ocrx_word' id='word_1_183' title='bbox 1013 1533 1066 1566; x_wconf 77' lang='lat' dir='ltr'>vi-</span> 
     </span>
     <span class='ocr_line' id='line_1_30' title="bbox 77 1581 1066 1625; baseline 0.003 -12"><span class='ocrx_word' id='word_1_184' title='bbox 77 1581 202 1614; x_wconf 90' lang='lat' dir='ltr'>delicet</span> <span class='ocrx_word' id='word_1_185' title='bbox 228 1582 416 1615; x_wconf 87' lang='lat' dir='ltr'>discrimen</span> <span class='ocrx_word' id='word_1_186' title='bbox 439 1584 585 1616; x_wconf 80' lang='lat' dir='ltr'>fiduciae</span> <span class='ocrx_word' id='word_1_187' title='bbox 612 1585 779 1623; x_wconf 87' lang='lat' dir='ltr'>carnalis,</span> <span class='ocrx_word' id='word_1_188' title='bbox 807 1591 839 1618; x_wconf 89' lang='lat' dir='ltr'>et</span> <span class='ocrx_word' id='word_1_189' title='bbox 855 1596 956 1617; x_wconf 89' lang='lat' dir='ltr'>verae</span> <span class='ocrx_word' id='word_1_190' title='bbox 974 1585 1066 1625; x_wconf 87' lang='lat' dir='ltr'>fidei,</span> 
     </span>
     <span class='ocr_line' id='line_1_31' title="bbox 77 1631 1066 1679; baseline 0.004 -16"><span class='ocrx_word' id='word_1_191' title='bbox 77 1631 224 1664; x_wconf 86' lang='lat' dir='ltr'>lucentis</span> <span class='ocrx_word' id='word_1_192' title='bbox 256 1632 293 1665; x_wconf 90' lang='lat' dir='ltr'>in</span> <span class='ocrx_word' id='word_1_193' title='bbox 325 1635 429 1666; x_wconf 90' lang='lat' dir='ltr'>corde</span> <span class='ocrx_word' id='word_1_194' title='bbox 455 1635 620 1668; x_wconf 90' lang='lat' dir='ltr'>destituto</span> <span class='ocrx_word' id='word_1_195' title='bbox 646 1635 846 1668; x_wconf 87' lang='lat' dir='ltr'>carnalibus</span> <span class='ocrx_word' id='word_1_196' title='bbox 872 1635 1066 1679; x_wconf 80' lang='lat' dir='ltr'>praesidiis.</span> 
     </span>
     <span class='ocr_line' id='line_1_32' title="bbox 76 1679 1066 1729; baseline 0.004 -16"><span class='ocrx_word' id='word_1_197' title='bbox 76 1679 256 1715; x_wconf 72' lang='lat' dir='ltr'>Hactenus</span> <span class='ocrx_word' id='word_1_198' title='bbox 275 1683 408 1727; x_wconf 75' lang='lat' dir='ltr'>inquit,</span> <span class='ocrx_word' id='word_1_199' title='bbox 437 1684 516 1717; x_wconf 88' lang='lat' dir='ltr'>estis</span> <span class='ocrx_word' id='word_1_200' title='bbox 537 1685 656 1718; x_wconf 81' lang='lat' dir='ltr'>confisi</span> <span class='ocrx_word' id='word_1_201' title='bbox 676 1685 868 1729; x_wconf 84' lang='lat' dir='ltr'>praesentia</span> <span class='ocrx_word' id='word_1_202' title='bbox 888 1698 962 1718; x_wconf 86' lang='lat' dir='ltr'>mea</span> <span class='ocrx_word' id='word_1_203' title='bbox 982 1686 1066 1719; x_wconf 72' lang='lat' dir='ltr'>visi-</span> 
     </span>
     <span class='ocr_line' id='line_1_33' title="bbox 78 1731 1067 1774; baseline 0.006 -11"><span class='ocrx_word' id='word_1_204' title='bbox 78 1731 161 1774; x_wconf 83' lang='lat' dir='ltr'>bili,</span> <span class='ocrx_word' id='word_1_205' title='bbox 190 1739 228 1765; x_wconf 89' lang='lat' dir='ltr'>ut</span> <span class='ocrx_word' id='word_1_206' title='bbox 250 1733 378 1766; x_wconf 85' lang='lat' dir='ltr'>milites</span> <span class='ocrx_word' id='word_1_207' title='bbox 392 1732 540 1767; x_wconf 76' lang='lat' dir='ltr'>Davidis</span> <span class='ocrx_word' id='word_1_208' title='bbox 562 1736 784 1768; x_wconf 81' lang='lat' dir='ltr'>confidebant</span> <span class='ocrx_word' id='word_1_209' title='bbox 803 1735 907 1769; x_wconf 86' lang='lat' dir='ltr'>huius</span> <span class='ocrx_word' id='word_1_210' title='bbox 927 1737 979 1769; x_wconf 90' lang='lat' dir='ltr'>sui</span> <span class='ocrx_word' id='word_1_211' title='bbox 1000 1738 1067 1769; x_wconf 88' lang='lat' dir='ltr'>du-</span> 
     </span>
     <span class='ocr_line' id='line_1_34' title="bbox 77 1782 1064 1829; baseline 0.005 -15"><span class='ocrx_word' id='word_1_212' title='bbox 77 1782 126 1814; x_wconf 82' lang='lat' dir='ltr'>cis</span> <span class='ocrx_word' id='word_1_213' title='bbox 155 1784 365 1826; x_wconf 87' lang='lat' dir='ltr'>praesentia:</span> <span class='ocrx_word' id='word_1_214' title='bbox 402 1783 590 1828; x_wconf 86' lang='lat' dir='ltr'>Propterea</span> <span class='ocrx_word' id='word_1_215' title='bbox 623 1784 712 1818; x_wconf 88' lang='lat' dir='ltr'>nihil</span> <span class='ocrx_word' id='word_1_216' title='bbox 746 1786 892 1829; x_wconf 86' lang='lat' dir='ltr'>petiistis</span> <span class='ocrx_word' id='word_1_217' title='bbox 925 1787 962 1819; x_wconf 91' lang='lat' dir='ltr'>in</span> <span class='ocrx_word' id='word_1_218' title='bbox 988 1799 1064 1819; x_wconf 90' lang='lat' dir='ltr'>meo</span> 
     </span>
     <span class='ocr_line' id='line_1_35' title="bbox 77 1833 1065 1880; baseline 0.005 -15"><span class='ocrx_word' id='word_1_219' title='bbox 77 1833 242 1873; x_wconf 82' lang='lat' dir='ltr'>nomine,</span> <span class='ocrx_word' id='word_1_220' title='bbox 276 1835 310 1866; x_wconf 91' lang='lat' dir='ltr'>id</span> <span class='ocrx_word' id='word_1_221' title='bbox 342 1842 408 1874; x_wconf 89' lang='lat' dir='ltr'>est,</span> <span class='ocrx_word' id='word_1_222' title='bbox 441 1835 508 1867; x_wconf 83' lang='lat' dir='ltr'>fide</span> <span class='ocrx_word' id='word_1_223' title='bbox 534 1848 612 1868; x_wconf 85' lang='lat' dir='ltr'>vera</span> <span class='ocrx_word' id='word_1_224' title='bbox 637 1837 822 1869; x_wconf 82' lang='lat' dir='ltr'>invocante</span> <span class='ocrx_word' id='word_1_225' title='bbox 845 1835 957 1869; x_wconf 90' lang='lat' dir='ltr'>Deum</span> <span class='ocrx_word' id='word_1_226' title='bbox 982 1849 1065 1880; x_wconf 91' lang='lat' dir='ltr'>pro-</span> 
     </span>
     <span class='ocr_line' id='line_1_36' title="bbox 76 1885 1066 1930; baseline 0.006 -15"><span class='ocrx_word' id='word_1_227' title='bbox 76 1891 153 1926; x_wconf 84' lang='lat' dir='ltr'>pter</span> <span class='ocrx_word' id='word_1_228' title='bbox 184 1895 238 1916; x_wconf 91' lang='lat' dir='ltr'>me</span> <span class='ocrx_word' id='word_1_229' title='bbox 263 1885 551 1928; x_wconf 77' lang='lat' dir='ltr'>propiciatorem,</span> <span class='ocrx_word' id='word_1_230' title='bbox 586 1888 642 1919; x_wconf 90' lang='lat' dir='ltr'>sed</span> <span class='ocrx_word' id='word_1_231' title='bbox 669 1888 832 1930; x_wconf 79' lang='lat' dir='ltr'>deinceps</span> <span class='ocrx_word' id='word_1_232' title='bbox 857 1889 1066 1921; x_wconf 77' lang='lat' dir='ltr'>accendetur</span> 
     </span>
     <span class='ocr_line' id='line_1_37' title="bbox 76 1932 1064 1982; baseline 0.006 -17"><span class='ocrx_word' id='word_1_233' title='bbox 76 1933 111 1965; x_wconf 91' lang='lat' dir='ltr'>in</span> <span class='ocrx_word' id='word_1_234' title='bbox 131 1935 226 1966; x_wconf 88' lang='lat' dir='ltr'>vobis</span> <span class='ocrx_word' id='word_1_235' title='bbox 245 1932 328 1968; x_wconf 82' lang='lat' dir='ltr'>baec</span> <span class='ocrx_word' id='word_1_236' title='bbox 346 1936 405 1968; x_wconf 82' lang='lat' dir='ltr'>lux</span> <span class='ocrx_word' id='word_1_237' title='bbox 421 1948 522 1968; x_wconf 88' lang='lat' dir='ltr'>verae</span> <span class='ocrx_word' id='word_1_238' title='bbox 539 1937 618 1969; x_wconf 83' lang='lat' dir='ltr'>fidei</span> <span class='ocrx_word' id='word_1_239' title='bbox 637 1938 833 1970; x_wconf 81' lang='lat' dir='ltr'>invocantis</span> <span class='ocrx_word' id='word_1_240' title='bbox 849 1946 992 1982; x_wconf 83' lang='lat' dir='ltr'>propter</span> <span class='ocrx_word' id='word_1_241' title='bbox 1009 1951 1064 1971; x_wconf 92' lang='lat' dir='ltr'>me</span> 
     </span>
     <span class='ocr_line' id='line_1_38' title="bbox 75 1984 1064 2031; baseline 0.005 -14"><span class='ocrx_word' id='word_1_242' title='bbox 75 1985 357 2028; x_wconf 82' lang='lat' dir='ltr'>propiciatorem.</span> <span class='ocrx_word' id='word_1_243' title='bbox 419 1984 481 2020; x_wconf 88' lang='lat' dir='ltr'>Est</span> <span class='ocrx_word' id='word_1_244' title='bbox 508 1999 588 2030; x_wconf 84' lang='lat' dir='ltr'>ergo</span> <span class='ocrx_word' id='word_1_245' title='bbox 614 1986 788 2031; x_wconf 84' lang='lat' dir='ltr'>emphasis</span> <span class='ocrx_word' id='word_1_246' title='bbox 812 1989 848 2021; x_wconf 90' lang='lat' dir='ltr'>in</span> <span class='ocrx_word' id='word_1_247' title='bbox 874 1986 938 2021; x_wconf 88' lang='lat' dir='ltr'>hac</span> <span class='ocrx_word' id='word_1_248' title='bbox 962 1990 1064 2022; x_wconf 87' lang='lat' dir='ltr'>addi-</span> 
     </span>
     <span class='ocr_line' id='line_1_39' title="bbox 75 2034 1064 2083; baseline 0.004 -15"><span class='ocrx_word' id='word_1_249' title='bbox 75 2035 188 2068; x_wconf 71' lang='lat' dir='ltr'>tione:</span> <span class='ocrx_word' id='word_1_250' title='bbox 217 2034 258 2068; x_wconf 88' lang='lat' dir='ltr'>In</span> <span class='ocrx_word' id='word_1_251' title='bbox 281 2037 425 2070; x_wconf 88' lang='lat' dir='ltr'>nomine</span> <span class='ocrx_word' id='word_1_252' title='bbox 448 2049 544 2077; x_wconf 89' lang='lat' dir='ltr'>meo,</span> <span class='ocrx_word' id='word_1_253' title='bbox 571 2038 604 2070; x_wconf 89' lang='lat' dir='ltr'>id</span> <span class='ocrx_word' id='word_1_254' title='bbox 629 2046 696 2078; x_wconf 89' lang='lat' dir='ltr'>est,</span> <span class='ocrx_word' id='word_1_255' title='bbox 722 2051 793 2071; x_wconf 88' lang='lat' dir='ltr'>non</span> <span class='ocrx_word' id='word_1_256' title='bbox 820 2039 966 2083; x_wconf 86' lang='lat' dir='ltr'>petiistis</span> <span class='ocrx_word' id='word_1_257' title='bbox 984 2040 1064 2080; x_wconf 84' lang='lat' dir='ltr'>fide,</span> 
     </span>
     <span class='ocr_line' id='line_1_40' title="bbox 76 2088 1062 2132; baseline 0.005 -14"><span class='ocrx_word' id='word_1_258' title='bbox 76 2098 164 2130; x_wconf 84' lang='lat' dir='ltr'>quae</span> <span class='ocrx_word' id='word_1_259' title='bbox 190 2098 245 2119; x_wconf 88' lang='lat' dir='ltr'>me</span> <span class='ocrx_word' id='word_1_260' title='bbox 275 2088 416 2121; x_wconf 85' lang='lat' dir='ltr'>absente.</span> <span class='ocrx_word' id='word_1_261' title='bbox 447 2088 716 2132; x_wconf 85' lang='lat' dir='ltr'>propiciatorem</span> <span class='ocrx_word' id='word_1_262' title='bbox 751 2090 965 2131; x_wconf 82' lang='lat' dir='ltr'>intueretur,</span> <span class='ocrx_word' id='word_1_263' title='bbox 1003 2092 1062 2123; x_wconf 89' lang='lat' dir='ltr'>sed</span> 
     </span>
     <span class='ocr_line' id='line_1_41' title="bbox 74 2137 1062 2175; baseline 0.006 -7"><span class='ocrx_word' id='word_1_264' title='bbox 74 2137 205 2170; x_wconf 86' lang='lat' dir='ltr'>carnali</span> <span class='ocrx_word' id='word_1_265' title='bbox 224 2150 317 2171; x_wconf 89' lang='lat' dir='ltr'>more</span> <span class='ocrx_word' id='word_1_266' title='bbox 336 2138 456 2171; x_wconf 86' lang='lat' dir='ltr'>confisi</span> <span class='ocrx_word' id='word_1_267' title='bbox 475 2140 555 2172; x_wconf 91' lang='lat' dir='ltr'>estis</span> <span class='ocrx_word' id='word_1_268' title='bbox 575 2140 705 2173; x_wconf 84' lang='lat' dir='ltr'>visibili</span> <span class='ocrx_word' id='word_1_269' title='bbox 724 2141 928 2174; x_wconf 83' lang='lat' dir='ltr'>defensione</span> <span class='ocrx_word' id='word_1_270' title='bbox 944 2142 981 2174; x_wconf 90' lang='lat' dir='ltr'>in</span> <span class='ocrx_word' id='word_1_271' title='bbox 998 2139 1062 2175; x_wconf 88' lang='lat' dir='ltr'>hac</span> 
     </span>
     <span class='ocr_line' id='line_1_42' title="bbox 72 2187 522 2224; baseline 0.009 -5"><span class='ocrx_word' id='word_1_272' title='bbox 72 2187 237 2221; x_wconf 78' lang='lat' dir='ltr'>familiari</span> <span class='ocrx_word' id='word_1_273' title='bbox 255 2190 522 2224; x_wconf 86' lang='lat' dir='ltr'>consuetudine.</span> 
     </span>
    </p>
   </div>
   <div class='ocr_carea' id='block_1_7' title="bbox 123 2278 1061 2376">
    <p class='ocr_par' dir='ltr' id='par_1_7' title="bbox 123 2278 1061 2376">
     <span class='ocr_line' id='line_1_43' title="bbox 123 2278 1061 2365; baseline 0.005 -51"><span class='ocrx_word' id='word_1_274' title='bbox 123 2278 235 2365; x_wconf 35' lang='lat' dir='ltr'>Potae</span> <span class='ocrx_word' id='word_1_275' title='bbox 263 2287 294 2315; x_wconf 83' lang='lat' dir='ltr'>el</span> <span class='ocrx_word' id='word_1_276' title='bbox 322 2282 527 2329; x_wconf 80' lang='lat' dir='ltr'>accipietis,</span> <span class='ocrx_word' id='word_1_277' title='bbox 565 2288 602 2317; x_wconf 78' lang='lat' dir='ltr'>ut</span> <span class='ocrx_word' id='word_1_278' title='bbox 627 2282 809 2330; x_wconf 79' lang='lat' dir='ltr'>gaudium</span> <span class='ocrx_word' id='word_1_279' title='bbox 837 2290 990 2319; x_wconf 68' lang='lat' dir='ltr'>vestrum</span> <span class='ocrx_word' id='word_1_280' title='bbox 1012 2285 1061 2319; x_wconf 77' lang='lat' dir='ltr'>sit</span> 
     </span>
     <span class='ocr_line' id='line_1_44' title="bbox 173 2344 331 2376; baseline 0.013 -11"><span class='ocrx_word' id='word_1_281' title='bbox 173 2344 196 2376; x_wconf 85' lang='lat' dir='ltr'>p</span> <span class='ocrx_word' id='word_1_282' title='bbox 217 2345 331 2367; x_wconf 81' lang='lat' dir='ltr'>enum.</span> 
     </span>
    </p>
   </div>
   <div class='ocr_carea' id='block_1_8' title="bbox 76 2407 1059 2752">
    <p class='ocr_par' dir='ltr' id='par_1_8' title="bbox 76 2407 1059 2711">
     <span class='ocr_line' id='line_1_45' title="bbox 174 2407 1059 2457; baseline 0.007 -15"><span class='ocrx_word' id='word_1_283' title='bbox 174 2407 315 2454; x_wconf 82' lang='lat' dir='ltr'>Repetit</span> <span class='ocrx_word' id='word_1_284' title='bbox 345 2413 551 2446; x_wconf 85' lang='lat' dir='ltr'>mandatum</span> <span class='ocrx_word' id='word_1_285' title='bbox 578 2413 620 2446; x_wconf 92' lang='lat' dir='ltr'>de</span> <span class='ocrx_word' id='word_1_286' title='bbox 643 2413 861 2457; x_wconf 82' lang='lat' dir='ltr'>precatione,</span> <span class='ocrx_word' id='word_1_287' title='bbox 896 2421 934 2447; x_wconf 90' lang='lat' dir='ltr'>ut</span> <span class='ocrx_word' id='word_1_288' title='bbox 957 2426 1059 2457; x_wconf 84' lang='lat' dir='ltr'>saepe</span> 
     </span>
     <span class='ocr_line' id='line_1_46' title="bbox 78 2458 1058 2511; baseline 0.009 -22"><span class='ocrx_word' id='word_1_289' title='bbox 78 2458 179 2499; x_wconf 81' lang='lat' dir='ltr'>alias,</span> <span class='ocrx_word' id='word_1_290' title='bbox 225 2468 258 2495; x_wconf 88' lang='lat' dir='ltr'>et</span> <span class='ocrx_word' id='word_1_291' title='bbox 293 2462 390 2496; x_wconf 85' lang='lat' dir='ltr'>addit</span> <span class='ocrx_word' id='word_1_292' title='bbox 427 2464 710 2508; x_wconf 82' lang='lat' dir='ltr'>promissionem.</span> <span class='ocrx_word' id='word_1_293' title='bbox 793 2464 895 2498; x_wconf 92' lang='lat' dir='ltr'>Tunc</span> <span class='ocrx_word' id='word_1_294' title='bbox 924 2465 1058 2511; x_wconf 83' lang='lat' dir='ltr'>inquit:</span> 
     </span>
     <span class='ocr_line' id='line_1_47' title="bbox 78 2507 1059 2559; baseline 0.009 -19"><span class='ocrx_word' id='word_1_295' title='bbox 78 2507 257 2543; x_wconf 80' lang='lat' dir='ltr'>Gaudium</span> <span class='ocrx_word' id='word_1_296' title='bbox 288 2520 442 2548; x_wconf 81' lang='lat' dir='ltr'>vestrum</span> <span class='ocrx_word' id='word_1_297' title='bbox 473 2515 538 2548; x_wconf 83' lang='lat' dir='ltr'>erit</span> <span class='ocrx_word' id='word_1_298' title='bbox 572 2515 783 2559; x_wconf 79' lang='lat' dir='ltr'>perfectum,</span> <span class='ocrx_word' id='word_1_299' title='bbox 818 2516 853 2548; x_wconf 89' lang='lat' dir='ltr'>id</span> <span class='ocrx_word' id='word_1_300' title='bbox 884 2523 950 2555; x_wconf 89' lang='lat' dir='ltr'>est,</span> <span class='ocrx_word' id='word_1_301' title='bbox 986 2529 1059 2549; x_wconf 90' lang='lat' dir='ltr'>non</span> 
     </span>
     <span class='ocr_line' id='line_1_48' title="bbox 76 2556 1058 2605; baseline 0.01 -15"><span class='ocrx_word' id='word_1_302' title='bbox 76 2556 349 2604; x_wconf 72' lang='lat' dir='ltr'>hypocriticum,</span> <span class='ocrx_word' id='word_1_303' title='bbox 375 2577 447 2598; x_wconf 90' lang='lat' dir='ltr'>non</span> <span class='ocrx_word' id='word_1_304' title='bbox 464 2565 686 2603; x_wconf 85' lang='lat' dir='ltr'>simulatum,</span> <span class='ocrx_word' id='word_1_305' title='bbox 715 2567 772 2599; x_wconf 90' lang='lat' dir='ltr'>sed</span> <span class='ocrx_word' id='word_1_306' title='bbox 793 2579 931 2605; x_wconf 79' lang='lat' dir='ltr'>verum,</span> <span class='ocrx_word' id='word_1_307' title='bbox 958 2579 1058 2600; x_wconf 85' lang='lat' dir='ltr'>man-</span> 
     </span>
     <span class='ocr_line' id='line_1_49' title="bbox 76 2614 1058 2662; baseline 0.01 -21"><span class='ocrx_word' id='word_1_308' title='bbox 76 2621 214 2650; x_wconf 83' lang='lat' dir='ltr'>surum,</span> <span class='ocrx_word' id='word_1_309' title='bbox 255 2619 444 2649; x_wconf 88' lang='lat' dir='ltr'>aeternum.</span> <span class='ocrx_word' id='word_1_310' title='bbox 513 2616 618 2650; x_wconf 84' lang='lat' dir='ltr'>Fides</span> <span class='ocrx_word' id='word_1_311' title='bbox 651 2623 770 2659; x_wconf 89' lang='lat' dir='ltr'>petens</span> <span class='ocrx_word' id='word_1_312' title='bbox 802 2618 990 2662; x_wconf 83' lang='lat' dir='ltr'>acquiescit</span> <span class='ocrx_word' id='word_1_313' title='bbox 1020 2614 1058 2651; x_wconf 88' lang='lat' dir='ltr'>in</span> 
     </span>
     <span class='ocr_line' id='line_1_50' title="bbox 77 2662 1057 2711; baseline 0.009 -18"><span class='ocrx_word' id='word_1_314' title='bbox 77 2662 320 2704; x_wconf 84' lang='lat' dir='ltr'>promissione,</span> <span class='ocrx_word' id='word_1_315' title='bbox 347 2671 379 2697; x_wconf 88' lang='lat' dir='ltr'>et</span> <span class='ocrx_word' id='word_1_316' title='bbox 394 2673 547 2710; x_wconf 84' lang='lat' dir='ltr'>expectat</span> <span class='ocrx_word' id='word_1_317' title='bbox 562 2668 730 2701; x_wconf 77' lang='lat' dir='ltr'>auxilium</span> <span class='ocrx_word' id='word_1_318' title='bbox 749 2676 780 2701; x_wconf 90' lang='lat' dir='ltr'>et</span> <span class='ocrx_word' id='word_1_319' title='bbox 795 2668 1057 2711; x_wconf 83' lang='lat' dir='ltr'>mitigationem.</span> 
     </span>
    </p>

    <p class='ocr_par' dir='ltr' id='par_1_9' title="bbox 130 2713 633 2752">
     <span class='ocr_line' id='line_1_51' title="bbox 130 2713 633 2752; baseline 0.016 -9"><span class='ocrx_word' id='word_1_320' title='bbox 130 2713 304 2747; x_wconf 57' lang='grc' dir='ltr'>Μεωκτιι,</span> <span class='ocrx_word' id='word_1_321' title='bbox 326 2716 426 2749; x_wconf 68' lang='lat' dir='ltr'>Orza.</span> <span class='ocrx_word' id='word_1_322' title='bbox 456 2716 538 2752; x_wconf 78' lang='lat' dir='ltr'>VoL.</span> <span class='ocrx_word' id='word_1_323' title='bbox 558 2721 633 2751; x_wconf 81' lang='lat' dir='ltr'>XV.</span> 
     </span>
    </p>
   </div>
   <div class='ocr_carea' id='block_1_9' title="bbox 616 94 1723 134">
    <p class='ocr_par' dir='ltr' id='par_1_10' title="bbox 616 94 1723 134">
     <span class='ocr_line' id='line_1_52' title="bbox 616 94 1723 134; baseline -0.001 -2"><span class='ocrx_word' id='word_1_324' title='bbox 616 96 912 134; x_wconf 70' lang='lat' dir='ltr'>ENARRATIO</span> <span class='ocrx_word' id='word_1_325' title='bbox 942 98 990 133; x_wconf 69' lang='lat' dir='ltr'>[N</span> <span class='ocrx_word' id='word_1_326' title='bbox 1018 97 1201 134; x_wconf 67' lang='lat' dir='ltr'><strong>EVANG.</strong></span> <span class='ocrx_word' id='word_1_327' title='bbox 1229 94 1442 131; x_wconf 73' lang='lat' dir='ltr'>IOANNIS.</span> <span class='ocrx_word' id='word_1_328' title='bbox 1496 94 1598 132; x_wconf 66' lang='lat' dir='ltr'><strong>CAP.</strong></span> <span class='ocrx_word' id='word_1_329' title='bbox 1626 95 1723 131; x_wconf 63' lang='lat' dir='ltr'>xm.</span> 
     </span>
    </p>
   </div>
   <div class='ocr_carea' id='block_1_10' title="bbox 2041 100 2116 136">
    <p class='ocr_par' dir='ltr' id='par_1_11' title="bbox 2041 100 2116 136">
     <span class='ocr_line' id='line_1_53' title="bbox 2041 100 2116 136; baseline 0.04 -4"><span class='ocrx_word' id='word_1_330' title='bbox 2041 100 2116 136; x_wconf 75' lang='lat'>570</span> 
     </span>
    </p>
   </div>
   <div class='ocr_carea' id='block_1_11' title="bbox 1099 181 2115 883">
    <p class='ocr_par' dir='ltr' id='par_1_12' title="bbox 1099 181 2115 883">
     <span class='ocr_line' id='line_1_54' title="bbox 1099 181 2109 227; baseline 0.002 -11"><span class='ocrx_word' id='word_1_331' title='bbox 1099 182 1203 225; x_wconf 71' lang='lat' dir='ltr'>2Hoe</span> <span class='ocrx_word' id='word_1_332' title='bbox 1231 182 1346 226; x_wconf 88' lang='lat' dir='ltr'>ipsum</span> <span class='ocrx_word' id='word_1_333' title='bbox 1376 182 1593 227; x_wconf 83' lang='lat' dir='ltr'>acquiescere</span> <span class='ocrx_word' id='word_1_334' title='bbox 1624 188 1674 215; x_wconf 88' lang='lat' dir='ltr'>est</span> <span class='ocrx_word' id='word_1_335' title='bbox 1705 193 1784 226; x_wconf 87' lang='lat' dir='ltr'>pars</span> <span class='ocrx_word' id='word_1_336' title='bbox 1815 181 1934 226; x_wconf 85' lang='lat' dir='ltr'>gaudii</span> <span class='ocrx_word' id='word_1_337' title='bbox 1964 185 2109 219; x_wconf 88' lang='lat' dir='ltr'>aeterni.</span> 
     </span>
     <span class='ocr_line' id='line_1_55' title="bbox 1126 233 2110 278; baseline 0.001 -11"><span class='ocrx_word' id='word_1_338' title='bbox 1126 233 1263 267; x_wconf 85' lang='lat' dir='ltr'>Deinde</span> <span class='ocrx_word' id='word_1_339' title='bbox 1301 244 1378 265; x_wconf 88' lang='lat' dir='ltr'>cum</span> <span class='ocrx_word' id='word_1_340' title='bbox 1419 239 1563 266; x_wconf 82' lang='lat' dir='ltr'>eventus</span> <span class='ocrx_word' id='word_1_341' title='bbox 1598 234 1789 266; x_wconf 89' lang='lat' dir='ltr'>ostendunt</span> <span class='ocrx_word' id='word_1_342' title='bbox 1826 233 1979 277; x_wconf 83' lang='lat' dir='ltr'>mitigari</span> <span class='ocrx_word' id='word_1_343' title='bbox 2007 236 2110 278; x_wconf 79' lang='lat' dir='ltr'>mala,</span> 
     </span>
     <span class='ocr_line' id='line_1_56' title="bbox 1127 284 2109 327; baseline 0.004 -12"><span class='ocrx_word' id='word_1_344' title='bbox 1127 284 1235 326; x_wconf 81' lang='lat' dir='ltr'>magis</span> <span class='ocrx_word' id='word_1_345' title='bbox 1252 285 1400 316; x_wconf 78' lang='lat' dir='ltr'>laetatur</span> <span class='ocrx_word' id='word_1_346' title='bbox 1417 296 1495 323; x_wconf 88' lang='lat' dir='ltr'>cor,</span> <span class='ocrx_word' id='word_1_347' title='bbox 1521 291 1551 316; x_wconf 88' lang='lat' dir='ltr'>et</span> <span class='ocrx_word' id='word_1_348' title='bbox 1570 284 1687 316; x_wconf 85' lang='lat' dir='ltr'>statuit</span> <span class='ocrx_word' id='word_1_349' title='bbox 1708 296 1823 327; x_wconf 86' lang='lat' dir='ltr'>preces</span> <span class='ocrx_word' id='word_1_350' title='bbox 1842 296 1922 318; x_wconf 85' lang='lat' dir='ltr'>vere</span> <span class='ocrx_word' id='word_1_351' title='bbox 1939 287 2109 324; x_wconf 88' lang='lat' dir='ltr'>exaudiri,</span> 
     </span>
     <span class='ocr_line' id='line_1_57' title="bbox 1126 333 2110 379; baseline 0.004 -13"><span class='ocrx_word' id='word_1_352' title='bbox 1126 333 1240 366; x_wconf 89' lang='lat' dir='ltr'>Deum</span> <span class='ocrx_word' id='word_1_353' title='bbox 1266 334 1384 365; x_wconf 85' lang='lat' dir='ltr'>adesse</span> <span class='ocrx_word' id='word_1_354' title='bbox 1408 340 1439 366; x_wconf 90' lang='lat' dir='ltr'>et</span> <span class='ocrx_word' id='word_1_355' title='bbox 1466 335 1636 376; x_wconf 88' lang='lat' dir='ltr'>respicere</span> <span class='ocrx_word' id='word_1_356' title='bbox 1660 347 1734 368; x_wconf 79' lang='lat' dir='ltr'>nos.</span> <span class='ocrx_word' id='word_1_357' title='bbox 1797 334 1848 368; x_wconf 84' lang='lat' dir='ltr'>lta</span> <span class='ocrx_word' id='word_1_358' title='bbox 1875 336 1998 370; x_wconf 85' lang='lat' dir='ltr'>crescit</span> <span class='ocrx_word' id='word_1_359' title='bbox 2024 348 2110 379; x_wconf 82' lang='lat' dir='ltr'>gau-</span> 
     </span>
     <span class='ocr_line' id='line_1_58' title="bbox 1125 383 2111 429; baseline 0.005 -13"><span class='ocrx_word' id='word_1_360' title='bbox 1125 385 1222 416; x_wconf 89' lang='lat' dir='ltr'>dium</span> <span class='ocrx_word' id='word_1_361' title='bbox 1247 390 1426 415; x_wconf 86' lang='lat' dir='ltr'>aeternum</span> <span class='ocrx_word' id='word_1_362' title='bbox 1453 384 1488 416; x_wconf 92' lang='lat' dir='ltr'>in</span> <span class='ocrx_word' id='word_1_363' title='bbox 1512 386 1625 417; x_wconf 86' lang='lat' dir='ltr'>corde.</span> <span class='ocrx_word' id='word_1_364' title='bbox 1679 384 1730 416; x_wconf 91' lang='lat' dir='ltr'>De</span> <span class='ocrx_word' id='word_1_365' title='bbox 1754 383 1818 418; x_wconf 83' lang='lat' dir='ltr'>hoc</span> <span class='ocrx_word' id='word_1_366' title='bbox 1836 387 1964 429; x_wconf 85' lang='lat' dir='ltr'>gaudio</span> <span class='ocrx_word' id='word_1_367' title='bbox 1981 388 2111 421; x_wconf 88' lang='lat' dir='ltr'>dicitur</span> 
     </span>
     <span class='ocr_line' id='line_1_59' title="bbox 1125 432 2115 478; baseline 0.004 -11"><span class='ocrx_word' id='word_1_368' title='bbox 1125 435 1165 467; x_wconf 84' lang='lat' dir='ltr'>ad</span> <span class='ocrx_word' id='word_1_369' title='bbox 1193 432 1323 476; x_wconf 87' lang='lat' dir='ltr'>Philip.</span> <span class='ocrx_word' id='word_1_370' title='bbox 1341 433 1391 467; x_wconf 79' lang='lat'>4.:</span> <span class='ocrx_word' id='word_1_371' title='bbox 1420 433 1491 466; x_wconf 86' lang='lat' dir='ltr'>Pax</span> <span class='ocrx_word' id='word_1_372' title='bbox 1515 433 1580 466; x_wconf 84' lang='lat' dir='ltr'>Dei</span> <span class='ocrx_word' id='word_1_373' title='bbox 1604 446 1772 477; x_wconf 82' lang='lat' dir='ltr'>superans</span> <span class='ocrx_word' id='word_1_374' title='bbox 1795 448 1936 469; x_wconf 80' lang='lat' dir='ltr'>omnem</span> <span class='ocrx_word' id='word_1_375' title='bbox 1960 449 2115 478; x_wconf 78' lang='lat' dir='ltr'>sensum,</span> 
     </span>
     <span class='ocr_line' id='line_1_60' title="bbox 1124 484 2108 527; baseline 0.005 -10"><span class='ocrx_word' id='word_1_376' title='bbox 1124 484 1297 518; x_wconf 89' lang='lat' dir='ltr'>custodiat</span> <span class='ocrx_word' id='word_1_377' title='bbox 1322 485 1425 516; x_wconf 91' lang='lat' dir='ltr'>corda</span> <span class='ocrx_word' id='word_1_378' title='bbox 1452 490 1582 525; x_wconf 86' lang='lat' dir='ltr'>vestra,</span> <span class='ocrx_word' id='word_1_379' title='bbox 1611 492 1643 518; x_wconf 89' lang='lat' dir='ltr'>et</span> <span class='ocrx_word' id='word_1_380' title='bbox 1666 487 1892 527; x_wconf 82' lang='lat' dir='ltr'>cogitationes</span> <span class='ocrx_word' id='word_1_381' title='bbox 1918 495 2047 521; x_wconf 82' lang='lat' dir='ltr'>vestras</span> <span class='ocrx_word' id='word_1_382' title='bbox 2073 490 2108 522; x_wconf 93' lang='lat' dir='ltr'>in</span> 
     </span>
     <span class='ocr_line' id='line_1_61' title="bbox 1124 533 2110 580; baseline 0.002 -11"><span class='ocrx_word' id='word_1_383' title='bbox 1124 533 1265 569; x_wconf 85' lang='lat' dir='ltr'>Christo</span> <span class='ocrx_word' id='word_1_384' title='bbox 1291 533 1384 571; x_wconf 75' lang='lat' dir='ltr'>Iesu,</span> <span class='ocrx_word' id='word_1_385' title='bbox 1413 534 1447 566; x_wconf 85' lang='lat' dir='ltr'>id</span> <span class='ocrx_word' id='word_1_386' title='bbox 1472 541 1542 575; x_wconf 85' lang='lat' dir='ltr'>est,</span> <span class='ocrx_word' id='word_1_387' title='bbox 1572 536 1702 568; x_wconf 85' lang='lat' dir='ltr'>laetitia</span> <span class='ocrx_word' id='word_1_388' title='bbox 1729 537 1949 580; x_wconf 84' lang='lat' dir='ltr'>acquiescens</span> <span class='ocrx_word' id='word_1_389' title='bbox 1973 539 2008 571; x_wconf 91' lang='lat' dir='ltr'>in</span> <span class='ocrx_word' id='word_1_390' title='bbox 2026 539 2110 579; x_wconf 76' lang='lat' dir='ltr'>Deo,</span> 
     </span>
     <span class='ocr_line' id='line_1_62' title="bbox 1124 585 2110 635; baseline 0.005 -17"><span class='ocrx_word' id='word_1_391' title='bbox 1124 598 1210 631; x_wconf 80' lang='lat' dir='ltr'>quae</span> <span class='ocrx_word' id='word_1_392' title='bbox 1233 585 1437 618; x_wconf 84' lang='lat' dir='ltr'>accenditur</span> <span class='ocrx_word' id='word_1_393' title='bbox 1462 585 1547 623; x_wconf 78' lang='lat' dir='ltr'>fide,</span> <span class='ocrx_word' id='word_1_394' title='bbox 1575 593 1606 619; x_wconf 89' lang='lat' dir='ltr'>et</span> <span class='ocrx_word' id='word_1_395' title='bbox 1631 593 1678 619; x_wconf 89' lang='lat' dir='ltr'>est</span> <span class='ocrx_word' id='word_1_396' title='bbox 1702 598 1780 618; x_wconf 78' lang='lat' dir='ltr'>vera</span> <span class='ocrx_word' id='word_1_397' title='bbox 1803 588 2015 629; x_wconf 87' lang='lat' dir='ltr'>consolatio,</span> <span class='ocrx_word' id='word_1_398' title='bbox 2042 602 2110 635; x_wconf 90' lang='lat' dir='ltr'>qua</span> 
     </span>
     <span class='ocr_line' id='line_1_63' title="bbox 1123 636 2111 681; baseline 0.005 -12"><span class='ocrx_word' id='word_1_399' title='bbox 1123 637 1278 680; x_wconf 81' lang='lat' dir='ltr'>Spiritus</span> <span class='ocrx_word' id='word_1_400' title='bbox 1309 643 1447 668; x_wconf 89' lang='lat' dir='ltr'>sanctus</span> <span class='ocrx_word' id='word_1_401' title='bbox 1473 636 1509 667; x_wconf 89' lang='lat' dir='ltr'>in</span> <span class='ocrx_word' id='word_1_402' title='bbox 1534 636 1606 681; x_wconf 89' lang='lat' dir='ltr'>ipsa</span> <span class='ocrx_word' id='word_1_403' title='bbox 1632 643 1742 669; x_wconf 87' lang='lat' dir='ltr'>morte</span> <span class='ocrx_word' id='word_1_404' title='bbox 1766 649 1829 669; x_wconf 89' lang='lat' dir='ltr'>nos</span> <span class='ocrx_word' id='word_1_405' title='bbox 1853 645 2042 677; x_wconf 86' lang='lat' dir='ltr'>sustentat,</span> <span class='ocrx_word' id='word_1_406' title='bbox 2078 648 2111 674; x_wconf 88' lang='lat' dir='ltr'>et</span> 
     </span>
     <span class='ocr_line' id='line_1_64' title="bbox 1123 686 2109 730; baseline 0.004 -11"><span class='ocrx_word' id='word_1_407' title='bbox 1123 689 1229 721; x_wconf 70' lang='lat' dir='ltr'>vitam</span> <span class='ocrx_word' id='word_1_408' title='bbox 1265 686 1368 720; x_wconf 88' lang='lat' dir='ltr'>nobis</span> <span class='ocrx_word' id='word_1_409' title='bbox 1401 688 1560 730; x_wconf 81' lang='lat' dir='ltr'>praebet,</span> <span class='ocrx_word' id='word_1_410' title='bbox 1603 695 1635 720; x_wconf 85' lang='lat' dir='ltr'>et</span> <span class='ocrx_word' id='word_1_411' title='bbox 1667 699 1768 730; x_wconf 84' lang='lat' dir='ltr'>supra</span> <span class='ocrx_word' id='word_1_412' title='bbox 1799 695 1831 721; x_wconf 89' lang='lat' dir='ltr'>et</span> <span class='ocrx_word' id='word_1_413' title='bbox 1858 695 1951 721; x_wconf 84' lang='lat' dir='ltr'>extra</span> <span class='ocrx_word' id='word_1_414' title='bbox 1979 690 2109 723; x_wconf 87' lang='lat' dir='ltr'>iudicia</span> 
     </span>
     <span class='ocr_line' id='line_1_65' title="bbox 1122 736 2110 781; baseline 0.003 -11"><span class='ocrx_word' id='word_1_415' title='bbox 1122 737 1276 770; x_wconf 88' lang='lat' dir='ltr'>lmmana</span> <span class='ocrx_word' id='word_1_416' title='bbox 1299 737 1407 781; x_wconf 85' lang='lat' dir='ltr'>posita</span> <span class='ocrx_word' id='word_1_417' title='bbox 1426 744 1485 769; x_wconf 88' lang='lat' dir='ltr'>est.</span> <span class='ocrx_word' id='word_1_418' title='bbox 1539 736 1651 770; x_wconf 78' lang='lat' dir='ltr'>David</span> <span class='ocrx_word' id='word_1_419' title='bbox 1673 736 1760 770; x_wconf 84' lang='lat' dir='ltr'>hanc</span> <span class='ocrx_word' id='word_1_420' title='bbox 1779 739 2054 772; x_wconf 87' lang='lat' dir='ltr'>consolationem</span> <span class='ocrx_word' id='word_1_421' title='bbox 2074 742 2110 774; x_wconf 91' lang='lat' dir='ltr'>in</span> 
     </span>
     <span class='ocr_line' id='line_1_66' title="bbox 1122 788 2110 832; baseline 0.002 -10"><span class='ocrx_word' id='word_1_422' title='bbox 1122 790 1225 822; x_wconf 88' lang='lat' dir='ltr'>exilio</span> <span class='ocrx_word' id='word_1_423' title='bbox 1256 801 1318 822; x_wconf 88' lang='lat' dir='ltr'>suo</span> <span class='ocrx_word' id='word_1_424' title='bbox 1350 788 1542 832; x_wconf 81' lang='lat' dir='ltr'>experitur:</span> <span class='ocrx_word' id='word_1_425' title='bbox 1587 788 1794 832; x_wconf 88' lang='lat' dir='ltr'>Pompeius,</span> <span class='ocrx_word' id='word_1_426' title='bbox 1832 797 1891 824; x_wconf 85' lang='lat' dir='ltr'>aut</span> <span class='ocrx_word' id='word_1_427' title='bbox 1921 789 2005 824; x_wconf 85' lang='lat' dir='ltr'>Saul</span> <span class='ocrx_word' id='word_1_428' title='bbox 2037 804 2110 824; x_wconf 90' lang='lat' dir='ltr'>non</span> 
     </span>
     <span class='ocr_line' id='line_1_67' title="bbox 1121 840 1309 883; baseline 0 -10"><span class='ocrx_word' id='word_1_429' title='bbox 1121 840 1309 883; x_wconf 81' lang='lat' dir='ltr'>experitur.</span> 
     </span>
    </p>
   </div>
   <div class='ocr_carea' id='block_1_12' title="bbox 1177 921 2109 1021">
    <p class='ocr_par' dir='ltr' id='par_1_13' title="bbox 1177 921 2109 1021">
     <span class='ocr_line' id='line_1_68' title="bbox 1177 921 2109 974; baseline 0.003 -17"><span class='ocrx_word' id='word_1_430' title='bbox 1177 922 1286 957; x_wconf 82' lang='lat' dir='ltr'>Venit</span> <span class='ocrx_word' id='word_1_431' title='bbox 1326 921 1441 965; x_wconf 77' lang='lat' dir='ltr'>hora,</span> <span class='ocrx_word' id='word_1_432' title='bbox 1483 937 1560 958; x_wconf 77' lang='lat' dir='ltr'>cum</span> <span class='ocrx_word' id='word_1_433' title='bbox 1600 937 1672 957; x_wconf 86' lang='lat' dir='ltr'>non</span> <span class='ocrx_word' id='word_1_434' title='bbox 1711 923 1873 971; x_wconf 76' lang='lat' dir='ltr'>amplius</span> <span class='ocrx_word' id='word_1_435' title='bbox 1906 925 2041 974; x_wconf 74' lang='lat' dir='ltr'>loquar</span> <span class='ocrx_word' id='word_1_436' title='bbox 2071 927 2109 960; x_wconf 88' lang='grc' dir='ltr'><strong><em>ιή</em></strong></span> 
     </span>
     <span class='ocr_line' id='line_1_69' title="bbox 1222 975 1429 1021; baseline 0.019 -14"><span class='ocrx_word' id='word_1_437' title='bbox 1222 975 1429 1021; x_wconf 70' lang='lat' dir='ltr'>pat-(zboll&#39;S.</span> 
     </span>
    </p>
   </div>
   <div class='ocr_carea' id='block_1_13' title="bbox 1113 1042 2108 2357">
    <p class='ocr_par' dir='ltr' id='par_1_14' title="bbox 1113 1042 2108 2357">
     <span class='ocr_line' id='line_1_70' title="bbox 1223 1042 2107 1078; baseline 0.002 -2"><span class='ocrx_word' id='word_1_438' title='bbox 1223 1042 1419 1077; x_wconf 72' lang='lat' dir='ltr'>Antithesis</span> <span class='ocrx_word' id='word_1_439' title='bbox 1438 1044 1511 1077; x_wconf 64' lang='lat' dir='ltr'>est?</span> <span class='ocrx_word' id='word_1_440' title='bbox 1546 1042 1726 1077; x_wconf 83' lang='lat' dir='ltr'>Hactenus</span> <span class='ocrx_word' id='word_1_441' title='bbox 1742 1043 1787 1075; x_wconf 88' lang='lat' dir='ltr'>ait</span> <span class='ocrx_word' id='word_1_442' title='bbox 1803 1055 1837 1075; x_wconf 90' lang='lat' dir='ltr'>se</span> <span class='ocrx_word' id='word_1_443' title='bbox 1850 1044 2013 1077; x_wconf 84' lang='lat' dir='ltr'>obscuras</span> <span class='ocrx_word' id='word_1_444' title='bbox 2027 1057 2107 1078; x_wconf 89' lang='lat' dir='ltr'>sen-</span> 
     </span>
     <span class='ocr_line' id='line_1_71' title="bbox 1121 1094 2106 1138; baseline 0.001 -11"><span class='ocrx_word' id='word_1_445' title='bbox 1121 1094 1266 1131; x_wconf 82' lang='lat' dir='ltr'>tentias,</span> <span class='ocrx_word' id='word_1_446' title='bbox 1292 1106 1352 1126; x_wconf 89' lang='lat' dir='ltr'>seu</span> <span class='ocrx_word' id='word_1_447' title='bbox 1373 1096 1572 1138; x_wconf 75' lang='lat' dir='ltr'>proverbia,</span> <span class='ocrx_word' id='word_1_448' title='bbox 1600 1101 1637 1127; x_wconf 86' lang='lat' dir='ltr'>ut</span> <span class='ocrx_word' id='word_1_449' title='bbox 1655 1102 1767 1127; x_wconf 77' lang='lat' dir='ltr'>textus</span> <span class='ocrx_word' id='word_1_450' title='bbox 1788 1095 1922 1138; x_wconf 77' lang='lat' dir='ltr'>iuquit,</span> <span class='ocrx_word' id='word_1_451' title='bbox 1952 1096 2106 1129; x_wconf 88' lang='lat' dir='ltr'>locutum</span> 
     </span>
     <span class='ocr_line' id='line_1_72' title="bbox 1250 1145 2105 1189; baseline 0.002 -12"><span class='ocrx_word' id='word_1_452' title='bbox 1250 1145 1370 1178; x_wconf 84' lang='lat' dir='ltr'>Postea</span> <span class='ocrx_word' id='word_1_453' title='bbox 1396 1146 1526 1189; x_wconf 81' lang='lat' dir='ltr'>inquit:</span> <span class='ocrx_word' id='word_1_454' title='bbox 1562 1145 1641 1177; x_wconf 70' lang='lat' dir='ltr'>Non</span> <span class='ocrx_word' id='word_1_455' title='bbox 1666 1145 1791 1188; x_wconf 82' lang='lat' dir='ltr'>loquar</span> <span class='ocrx_word' id='word_1_456' title='bbox 1816 1146 2019 1188; x_wconf 75' lang='lat' dir='ltr'>proverbia,</span> <span class='ocrx_word' id='word_1_457' title='bbox 2047 1149 2105 1179; x_wconf 76' lang='lat' dir='ltr'>sed</span> 
     </span>
     <span class='ocr_line' id='line_1_73' title="bbox 1121 1194 2108 1240; baseline 0.003 -13"><span class='ocrx_word' id='word_1_458' title='bbox 1121 1196 1234 1239; x_wconf 87' lang='lat' dir='ltr'>palam</span> <span class='ocrx_word' id='word_1_459' title='bbox 1259 1197 1302 1227; x_wconf 90' lang='lat' dir='ltr'>de</span> <span class='ocrx_word' id='word_1_460' title='bbox 1325 1203 1421 1239; x_wconf 86' lang='lat' dir='ltr'>patre</span> <span class='ocrx_word' id='word_1_461' title='bbox 1445 1196 1680 1228; x_wconf 83' lang='lat' dir='ltr'>annunciabo.</span> <span class='ocrx_word' id='word_1_462' title='bbox 1736 1194 1793 1228; x_wconf 84' lang='lat' dir='ltr'>An</span> <span class='ocrx_word' id='word_1_463' title='bbox 1818 1206 1931 1228; x_wconf 88' lang='lat' dir='ltr'>sermo</span> <span class='ocrx_word' id='word_1_464' title='bbox 1949 1198 2108 1240; x_wconf 88' lang='lat' dir='ltr'>superior</span> 
     </span>
     <span class='ocr_line' id='line_1_74' title="bbox 1121 1245 2106 1290; baseline 0.002 -12"><span class='ocrx_word' id='word_1_465' title='bbox 1121 1253 1171 1278; x_wconf 92' lang='lat' dir='ltr'>est</span> <span class='ocrx_word' id='word_1_466' title='bbox 1193 1246 1378 1286; x_wconf 88' lang='lat' dir='ltr'>obscurus,</span> <span class='ocrx_word' id='word_1_467' title='bbox 1413 1246 1616 1289; x_wconf 80' lang='lat' dir='ltr'>ambiguus,</span> <span class='ocrx_word' id='word_1_468' title='bbox 1646 1245 1824 1278; x_wconf 73' lang='lat' dir='ltr'>incertus?</span> <span class='ocrx_word' id='word_1_469' title='bbox 1876 1245 2106 1290; x_wconf 85' lang='lat' dir='ltr'>Respondeo:</span> 
     </span>
     <span class='ocr_line' id='line_1_75' title="bbox 1120 1294 2108 1341; baseline 0.001 -11"><span class='ocrx_word' id='word_1_470' title='bbox 1120 1295 1166 1330; x_wconf 85' lang='lat' dir='ltr'>Et</span> <span class='ocrx_word' id='word_1_471' title='bbox 1199 1294 1282 1329; x_wconf 86' lang='lat' dir='ltr'>haec</span> <span class='ocrx_word' id='word_1_472' title='bbox 1314 1297 1434 1329; x_wconf 89' lang='lat' dir='ltr'>concio</span> <span class='ocrx_word' id='word_1_473' title='bbox 1462 1309 1565 1341; x_wconf 75' lang='lat' dir='ltr'>quam</span> <span class='ocrx_word' id='word_1_474' title='bbox 1593 1295 1760 1329; x_wconf 81' lang='lat' dir='ltr'>hacteuus</span> <span class='ocrx_word' id='word_1_475' title='bbox 1786 1294 1909 1330; x_wconf 82' lang='lat' dir='ltr'>habuit</span> <span class='ocrx_word' id='word_1_476' title='bbox 1936 1296 2108 1338; x_wconf 77' lang='lat' dir='ltr'>Christus,</span> 
     </span>
     <span class='ocr_line' id='line_1_76' title="bbox 1120 1347 2107 1392; baseline 0.003 -13"><span class='ocrx_word' id='word_1_477' title='bbox 1120 1354 1152 1380; x_wconf 89' lang='lat' dir='ltr'>et</span> <span class='ocrx_word' id='word_1_478' title='bbox 1173 1354 1243 1380; x_wconf 89' lang='lat' dir='ltr'>tota</span> <span class='ocrx_word' id='word_1_479' title='bbox 1262 1357 1397 1379; x_wconf 86' lang='lat' dir='ltr'>summa</span> <span class='ocrx_word' id='word_1_480' title='bbox 1417 1348 1596 1380; x_wconf 88' lang='lat' dir='ltr'>doctrinae</span> <span class='ocrx_word' id='word_1_481' title='bbox 1611 1347 1794 1390; x_wconf 67' lang='lat' dir='ltr'>Evangelii</span> <span class='ocrx_word' id='word_1_482' title='bbox 1814 1355 1904 1381; x_wconf 84' lang='lat' dir='ltr'>certa</span> <span class='ocrx_word' id='word_1_483' title='bbox 1924 1356 1953 1381; x_wconf 83' lang='lat' dir='ltr'>et</span> <span class='ocrx_word' id='word_1_484' title='bbox 1973 1351 2107 1392; x_wconf 84' lang='lat' dir='ltr'>perspi-</span> 
     </span>
     <span class='ocr_line' id='line_1_77' title="bbox 1119 1396 2105 1441; baseline 0.002 -11"><span class='ocrx_word' id='word_1_485' title='bbox 1119 1396 1193 1430; x_wconf 88' lang='lat' dir='ltr'>cuis</span> <span class='ocrx_word' id='word_1_486' title='bbox 1211 1397 1326 1430; x_wconf 85' lang='lat' dir='ltr'>verbis</span> <span class='ocrx_word' id='word_1_487' title='bbox 1345 1398 1472 1430; x_wconf 89' lang='lat' dir='ltr'>tradita</span> <span class='ocrx_word' id='word_1_488' title='bbox 1491 1405 1553 1432; x_wconf 89' lang='lat' dir='ltr'>est.</span> <span class='ocrx_word' id='word_1_489' title='bbox 1611 1397 1690 1431; x_wconf 78' lang='lat' dir='ltr'>Non</span> <span class='ocrx_word' id='word_1_490' title='bbox 1710 1406 1756 1431; x_wconf 90' lang='lat' dir='ltr'>est</span> <span class='ocrx_word' id='word_1_491' title='bbox 1777 1398 1883 1441; x_wconf 82' lang='lat' dir='ltr'>igitur</span> <span class='ocrx_word' id='word_1_492' title='bbox 1900 1400 2105 1440; x_wconf 81' lang='lat' dir='ltr'>obscuritas,</span> 
     </span>
     <span class='ocr_line' id='line_1_78' title="bbox 1120 1448 2108 1492; baseline 0.004 -12"><span class='ocrx_word' id='word_1_493' title='bbox 1120 1449 1214 1492; x_wconf 88' lang='lat' dir='ltr'>quod</span> <span class='ocrx_word' id='word_1_494' title='bbox 1238 1449 1279 1480; x_wconf 92' lang='lat' dir='ltr'>ad</span> <span class='ocrx_word' id='word_1_495' title='bbox 1310 1448 1419 1491; x_wconf 89' lang='lat' dir='ltr'>ipsam</span> <span class='ocrx_word' id='word_1_496' title='bbox 1446 1449 1650 1481; x_wconf 82' lang='lat' dir='ltr'>concionem</span> <span class='ocrx_word' id='word_1_497' title='bbox 1669 1449 1811 1486; x_wconf 85' lang='lat' dir='ltr'>attinet,</span> <span class='ocrx_word' id='word_1_498' title='bbox 1838 1450 1894 1481; x_wconf 88' lang='lat' dir='ltr'>sed</span> <span class='ocrx_word' id='word_1_499' title='bbox 1914 1457 1963 1483; x_wconf 89' lang='lat' dir='ltr'>est</span> <span class='ocrx_word' id='word_1_500' title='bbox 1981 1452 2108 1484; x_wconf 89' lang='lat' dir='ltr'>obscu-</span> 
     </span>
     <span class='ocr_line' id='line_1_79' title="bbox 1119 1499 2107 1544; baseline 0.004 -13"><span class='ocrx_word' id='word_1_501' title='bbox 1119 1499 1221 1537; x_wconf 86' lang='lat' dir='ltr'>ritas,</span> <span class='ocrx_word' id='word_1_502' title='bbox 1256 1501 1350 1544; x_wconf 82' lang='lat' dir='ltr'>quod</span> <span class='ocrx_word' id='word_1_503' title='bbox 1375 1501 1417 1532; x_wconf 91' lang='lat' dir='ltr'>ad</span> <span class='ocrx_word' id='word_1_504' title='bbox 1442 1500 1550 1543; x_wconf 81' lang='lat' dir='ltr'>ipsam</span> <span class='ocrx_word' id='word_1_505' title='bbox 1575 1500 1778 1532; x_wconf 81' lang='lat' dir='ltr'>concionem</span> <span class='ocrx_word' id='word_1_506' title='bbox 1804 1500 1946 1540; x_wconf 83' lang='lat' dir='ltr'>attinet,</span> <span class='ocrx_word' id='word_1_507' title='bbox 1973 1504 2032 1534; x_wconf 92' lang='lat' dir='ltr'>sed</span> <span class='ocrx_word' id='word_1_508' title='bbox 2058 1510 2107 1536; x_wconf 83' lang='lat' dir='ltr'>est</span> 
     </span>
     <span class='ocr_line' id='line_1_80' title="bbox 1120 1548 2108 1593; baseline 0.003 -10"><span class='ocrx_word' id='word_1_509' title='bbox 1120 1550 1333 1587; x_wconf 88' lang='lat' dir='ltr'>obscuritas,</span> <span class='ocrx_word' id='word_1_510' title='bbox 1368 1552 1461 1593; x_wconf 88' lang='lat' dir='ltr'>quod</span> <span class='ocrx_word' id='word_1_511' title='bbox 1487 1552 1531 1583; x_wconf 90' lang='lat' dir='ltr'>ad</span> <span class='ocrx_word' id='word_1_512' title='bbox 1560 1557 1692 1583; x_wconf 86' lang='lat' dir='ltr'>mentes</span> <span class='ocrx_word' id='word_1_513' title='bbox 1716 1549 1831 1583; x_wconf 81' lang='lat' dir='ltr'>adbuc</span> <span class='ocrx_word' id='word_1_514' title='bbox 1856 1548 2051 1585; x_wconf 85' lang='lat' dir='ltr'>hebetiores</span> <span class='ocrx_word' id='word_1_515' title='bbox 2076 1560 2108 1587; x_wconf 83' lang='lat' dir='ltr'>et</span> 
     </span>
     <span class='ocr_line' id='line_1_81' title="bbox 1119 1601 2107 1644; baseline 0.001 -10"><span class='ocrx_word' id='word_1_516' title='bbox 1119 1601 1306 1643; x_wconf 85' lang='lat' dir='ltr'>caligantes</span> <span class='ocrx_word' id='word_1_517' title='bbox 1323 1601 1464 1641; x_wconf 84' lang='lat' dir='ltr'>attinet,</span> <span class='ocrx_word' id='word_1_518' title='bbox 1492 1608 1531 1634; x_wconf 88' lang='lat' dir='ltr'>ut</span> <span class='ocrx_word' id='word_1_519' title='bbox 1547 1601 1608 1634; x_wconf 80' lang='lat' dir='ltr'>Sol</span> <span class='ocrx_word' id='word_1_520' title='bbox 1626 1614 1687 1644; x_wconf 88' lang='lat' dir='ltr'>per</span> <span class='ocrx_word' id='word_1_521' title='bbox 1702 1613 1774 1634; x_wconf 88' lang='lat' dir='ltr'>sese</span> <span class='ocrx_word' id='word_1_522' title='bbox 1792 1601 2029 1636; x_wconf 86' lang='lat' dir='ltr'>lucidissimus</span> <span class='ocrx_word' id='word_1_523' title='bbox 2047 1613 2107 1644; x_wconf 81' lang='lat' dir='ltr'>est,</span> 
     </span>
     <span class='ocr_line' id='line_1_82' title="bbox 1118 1652 2106 1698; baseline 0.003 -15"><span class='ocrx_word' id='word_1_524' title='bbox 1118 1654 1176 1684; x_wconf 86' lang='lat' dir='ltr'>sed</span> <span class='ocrx_word' id='word_1_525' title='bbox 1195 1652 1284 1684; x_wconf 88' lang='lat' dir='ltr'>acies</span> <span class='ocrx_word' id='word_1_526' title='bbox 1298 1659 1498 1684; x_wconf 87' lang='lat' dir='ltr'>nostrorum</span> <span class='ocrx_word' id='word_1_527' title='bbox 1516 1652 1698 1684; x_wconf 82' lang='lat' dir='ltr'>oculorum</span> <span class='ocrx_word' id='word_1_528' title='bbox 1716 1652 1889 1684; x_wconf 79' lang='lat' dir='ltr'>infirmior</span> <span class='ocrx_word' id='word_1_529' title='bbox 1906 1661 1972 1690; x_wconf 78' lang='lat' dir='ltr'>est,</span> <span class='ocrx_word' id='word_1_530' title='bbox 2001 1667 2106 1698; x_wconf 80' lang='lat' dir='ltr'>quam</span> 
     </span>
     <span class='ocr_line' id='line_1_83' title="bbox 1118 1702 2106 1746; baseline 0.003 -11"><span class='ocrx_word' id='word_1_531' title='bbox 1118 1710 1156 1735; x_wconf 89' lang='lat' dir='ltr'>ut</span> <span class='ocrx_word' id='word_1_532' title='bbox 1189 1702 1359 1743; x_wconf 70' lang='lat' dir='ltr'>fulgorem</span> <span class='ocrx_word' id='word_1_533' title='bbox 1393 1709 1527 1735; x_wconf 86' lang='lat' dir='ltr'>tantum</span> <span class='ocrx_word' id='word_1_534' title='bbox 1560 1703 1718 1735; x_wconf 84' lang='lat' dir='ltr'>contueri</span> <span class='ocrx_word' id='word_1_535' title='bbox 1749 1703 1867 1746; x_wconf 84' lang='lat' dir='ltr'>possit.</span> <span class='ocrx_word' id='word_1_536' title='bbox 1944 1702 2106 1738; x_wconf 78' lang='lat' dir='ltr'>Christus</span> 
     </span>
     <span class='ocr_line' id='line_1_84' title="bbox 1119 1751 2106 1795; baseline 0.002 -9"><span class='ocrx_word' id='word_1_537' title='bbox 1119 1753 1345 1786; x_wconf 85' lang='lat' dir='ltr'>concionatus</span> <span class='ocrx_word' id='word_1_538' title='bbox 1361 1760 1410 1786; x_wconf 83' lang='lat' dir='ltr'>est</span> <span class='ocrx_word' id='word_1_539' title='bbox 1427 1755 1468 1786; x_wconf 92' lang='lat' dir='ltr'>de</span> <span class='ocrx_word' id='word_1_540' title='bbox 1487 1753 1682 1785; x_wconf 86' lang='lat' dir='ltr'>ministerio</span> <span class='ocrx_word' id='word_1_541' title='bbox 1693 1751 1875 1795; x_wconf 73' lang='lat' dir='ltr'>Evangelii</span> <span class='ocrx_word' id='word_1_542' title='bbox 1887 1781 1895 1793; x_wconf 90' lang='lat'>‚</span> <span class='ocrx_word' id='word_1_543' title='bbox 1924 1755 1966 1786; x_wconf 88' lang='lat' dir='ltr'>de</span> <span class='ocrx_word' id='word_1_544' title='bbox 1983 1757 2106 1788; x_wconf 85' lang='lat' dir='ltr'>remis—-</span> 
     </span>
     <span class='ocr_line' id='line_1_85' title="bbox 1118 1803 2106 1847; baseline 0.004 -12"><span class='ocrx_word' id='word_1_545' title='bbox 1118 1804 1216 1836; x_wconf 88' lang='lat' dir='ltr'>sione</span> <span class='ocrx_word' id='word_1_546' title='bbox 1240 1811 1481 1847; x_wconf 84' lang='lat' dir='ltr'>peccatorum,</span> <span class='ocrx_word' id='word_1_547' title='bbox 1507 1805 1549 1836; x_wconf 91' lang='lat' dir='ltr'>de</span> <span class='ocrx_word' id='word_1_548' title='bbox 1568 1804 1716 1837; x_wconf 75' lang='lat' dir='ltr'>efficacia</span> <span class='ocrx_word' id='word_1_549' title='bbox 1736 1803 1888 1847; x_wconf 81' lang='lat' dir='ltr'>Spiritus</span> <span class='ocrx_word' id='word_1_550' title='bbox 1904 1807 2033 1843; x_wconf 76' lang='lat' dir='ltr'>sancti,</span> <span class='ocrx_word' id='word_1_551' title='bbox 2062 1809 2106 1839; x_wconf 84' lang='lat' dir='ltr'>de</span> 
     </span>
     <span class='ocr_line' id='line_1_86' title="bbox 1118 1855 2104 1902; baseline 0.005 -16"><span class='ocrx_word' id='word_1_552' title='bbox 1118 1855 1318 1888; x_wconf 85' lang='lat' dir='ltr'>incoatione</span> <span class='ocrx_word' id='word_1_553' title='bbox 1341 1855 1429 1887; x_wconf 76' lang='lat' dir='ltr'>vitae</span> <span class='ocrx_word' id='word_1_554' title='bbox 1447 1863 1626 1895; x_wconf 85' lang='lat' dir='ltr'>aeternae,</span> <span class='ocrx_word' id='word_1_555' title='bbox 1655 1857 1697 1887; x_wconf 91' lang='lat' dir='ltr'>de</span> <span class='ocrx_word' id='word_1_556' title='bbox 1716 1867 1833 1893; x_wconf 85' lang='lat' dir='ltr'>cruce,</span> <span class='ocrx_word' id='word_1_557' title='bbox 1862 1857 1904 1888; x_wconf 91' lang='lat' dir='ltr'>de</span> <span class='ocrx_word' id='word_1_558' title='bbox 1922 1856 2007 1897; x_wconf 83' lang='lat' dir='ltr'>fide,</span> <span class='ocrx_word' id='word_1_559' title='bbox 2036 1870 2104 1902; x_wconf 84' lang='lat' dir='ltr'>qua</span> 
     </span>
     <span class='ocr_line' id='line_1_87' title="bbox 1117 1905 2105 1950; baseline 0.004 -13"><span class='ocrx_word' id='word_1_560' title='bbox 1117 1905 1339 1938; x_wconf 87' lang='lat' dir='ltr'>sustentandi</span> <span class='ocrx_word' id='word_1_561' title='bbox 1362 1912 1443 1939; x_wconf 89' lang='lat' dir='ltr'>sunt</span> <span class='ocrx_word' id='word_1_562' title='bbox 1469 1906 1600 1944; x_wconf 83' lang='lat' dir='ltr'>animi,</span> <span class='ocrx_word' id='word_1_563' title='bbox 1628 1906 1786 1939; x_wconf 87' lang='lat' dir='ltr'>destituti</span> <span class='ocrx_word' id='word_1_564' title='bbox 1813 1907 1978 1939; x_wconf 88' lang='lat' dir='ltr'>omnibus</span> <span class='ocrx_word' id='word_1_565' title='bbox 2005 1920 2105 1950; x_wconf 87' lang='lat' dir='ltr'>prae-</span> 
     </span>
     <span class='ocr_line' id='line_1_88' title="bbox 1117 1953 2104 1999; baseline 0.004 -11"><span class='ocrx_word' id='word_1_566' title='bbox 1117 1956 1214 1989; x_wconf 88' lang='lat' dir='ltr'>sidiis</span> <span class='ocrx_word' id='word_1_567' title='bbox 1238 1953 1415 1990; x_wconf 84' lang='lat' dir='ltr'>humanis.</span> <span class='ocrx_word' id='word_1_568' title='bbox 1468 1955 1564 1990; x_wconf 89' lang='lat' dir='ltr'>Haec</span> <span class='ocrx_word' id='word_1_569' title='bbox 1589 1957 1692 1989; x_wconf 84' lang='lat' dir='ltr'>nobis</span> <span class='ocrx_word' id='word_1_570' title='bbox 1716 1957 1783 1989; x_wconf 89' lang='lat' dir='ltr'>iam</span> <span class='ocrx_word' id='word_1_571' title='bbox 1809 1957 2003 1999; x_wconf 69' lang='lat' dir='ltr'>legentibus</span> <span class='ocrx_word' id='word_1_572' title='bbox 2021 1970 2104 1992; x_wconf 87' lang='lat' dir='ltr'>con-</span> 
     </span>
     <span class='ocr_line' id='line_1_89' title="bbox 1117 2007 2103 2051; baseline 0.002 -11"><span class='ocrx_word' id='word_1_573' title='bbox 1117 2007 1270 2047; x_wconf 82' lang='lat' dir='ltr'>cionem,</span> <span class='ocrx_word' id='word_1_574' title='bbox 1297 2008 1414 2040; x_wconf 89' lang='lat' dir='ltr'>omnia</span> <span class='ocrx_word' id='word_1_575' title='bbox 1443 2008 1623 2050; x_wconf 86' lang='lat' dir='ltr'>perspicua</span> <span class='ocrx_word' id='word_1_576' title='bbox 1645 2015 1738 2042; x_wconf 87' lang='lat' dir='ltr'>suut.</span> <span class='ocrx_word' id='word_1_577' title='bbox 1792 2007 1839 2041; x_wconf 85' lang='lat' dir='ltr'>At</span> <span class='ocrx_word' id='word_1_578' title='bbox 1857 2009 2019 2051; x_wconf 74' lang='lat' dir='ltr'>Apostoli</span> <span class='ocrx_word' id='word_1_579' title='bbox 2041 2007 2103 2042; x_wconf 87' lang='lat' dir='ltr'>ha—</span> 
     </span>
     <span class='ocr_line' id='line_1_90' title="bbox 1115 2058 2102 2105; baseline 0.001 -14"><span class='ocrx_word' id='word_1_580' title='bbox 1115 2058 1246 2091; x_wconf 81' lang='lat' dir='ltr'>bebant</span> <span class='ocrx_word' id='word_1_581' title='bbox 1272 2065 1454 2100; x_wconf 81' lang='lat' dir='ltr'>occupatas</span> <span class='ocrx_word' id='word_1_582' title='bbox 1480 2065 1612 2091; x_wconf 89' lang='lat' dir='ltr'>mentes</span> <span class='ocrx_word' id='word_1_583' title='bbox 1635 2059 1859 2101; x_wconf 90' lang='lat' dir='ltr'>persuasione</span> <span class='ocrx_word' id='word_1_584' title='bbox 1881 2061 1924 2092; x_wconf 92' lang='lat' dir='ltr'>de</span> <span class='ocrx_word' id='word_1_585' title='bbox 1953 2060 2102 2105; x_wconf 78' lang='lat' dir='ltr'>imperio</span> 
     </span>
     <span class='ocr_line' id='line_1_91' title="bbox 1116 2109 2102 2153; baseline 0.002 -12"><span class='ocrx_word' id='word_1_586' title='bbox 1116 2109 1316 2146; x_wconf 86' lang='lat' dir='ltr'>mundano,</span> <span class='ocrx_word' id='word_1_587' title='bbox 1345 2121 1432 2153; x_wconf 85' lang='lat' dir='ltr'>quae</span> <span class='ocrx_word' id='word_1_588' title='bbox 1454 2109 1555 2141; x_wconf 82' lang='lat' dir='ltr'>valde</span> <span class='ocrx_word' id='word_1_589' title='bbox 1574 2110 1784 2153; x_wconf 88' lang='lat' dir='ltr'>impediebat</span> <span class='ocrx_word' id='word_1_590' title='bbox 1808 2110 2020 2143; x_wconf 86' lang='lat' dir='ltr'>intellectum</span> <span class='ocrx_word' id='word_1_591' title='bbox 2039 2109 2102 2145; x_wconf 83' lang='lat' dir='ltr'>lta-</span> 
     </span>
     <span class='ocr_line' id='line_1_92' title="bbox 1115 2159 2102 2204; baseline 0 -11"><span class='ocrx_word' id='word_1_592' title='bbox 1115 2172 1193 2193; x_wconf 90' lang='lat' dir='ltr'>rum</span> <span class='ocrx_word' id='word_1_593' title='bbox 1221 2159 1453 2199; x_wconf 86' lang='lat' dir='ltr'>concionum,</span> <span class='ocrx_word' id='word_1_594' title='bbox 1488 2162 1545 2192; x_wconf 89' lang='lat' dir='ltr'>sed</span> <span class='ocrx_word' id='word_1_595' title='bbox 1575 2168 1689 2203; x_wconf 88' lang='lat' dir='ltr'>postea</span> <span class='ocrx_word' id='word_1_596' title='bbox 1712 2162 1792 2193; x_wconf 87' lang='lat' dir='ltr'>dato</span> <span class='ocrx_word' id='word_1_597' title='bbox 1812 2160 1946 2204; x_wconf 79' lang='lat' dir='ltr'>Spiritu</span> <span class='ocrx_word' id='word_1_598' title='bbox 1972 2171 2102 2201; x_wconf 82' lang='lat' dir='ltr'>sancto,</span> 
     </span>
     <span class='ocr_line' id='line_1_93' title="bbox 1115 2210 2100 2253; baseline 0.002 -9"><span class='ocrx_word' id='word_1_599' title='bbox 1115 2217 1337 2245; x_wconf 71' lang='lat' dir='ltr'>evanuerunt</span> <span class='ocrx_word' id='word_1_600' title='bbox 1361 2210 1420 2243; x_wconf 86' lang='lat' dir='ltr'>illa</span> <span class='ocrx_word' id='word_1_601' title='bbox 1446 2211 1560 2244; x_wconf 83' lang='lat' dir='ltr'>dulcia</span> <span class='ocrx_word' id='word_1_602' title='bbox 1586 2212 1719 2244; x_wconf 89' lang='lat' dir='ltr'>somnia</span> <span class='ocrx_word' id='word_1_603' title='bbox 1743 2212 1784 2243; x_wconf 90' lang='lat' dir='ltr'>de</span> <span class='ocrx_word' id='word_1_604' title='bbox 1805 2211 1960 2253; x_wconf 82' lang='lat' dir='ltr'>imperio.</span> <span class='ocrx_word' id='word_1_605' title='bbox 2019 2211 2100 2246; x_wconf 87' lang='lat' dir='ltr'>Ideo</span> 
     </span>
     <span class='ocr_line' id='line_1_94' title="bbox 1113 2260 2099 2305; baseline 0.002 -11"><span class='ocrx_word' id='word_1_606' title='bbox 1113 2260 1171 2295; x_wconf 87' lang='lat' dir='ltr'>hic</span> <span class='ocrx_word' id='word_1_607' title='bbox 1190 2261 1293 2294; x_wconf 88' lang='lat' dir='ltr'>dicit:</span> <span class='ocrx_word' id='word_1_608' title='bbox 1322 2260 1445 2294; x_wconf 84' lang='lat' dir='ltr'>Postea</span> <span class='ocrx_word' id='word_1_609' title='bbox 1464 2273 1498 2294; x_wconf 84' lang='lat' dir='ltr'>se</span> <span class='ocrx_word' id='word_1_610' title='bbox 1518 2263 1619 2305; x_wconf 77' lang='lat' dir='ltr'>plane</span> <span class='ocrx_word' id='word_1_611' title='bbox 1638 2274 1714 2294; x_wconf 85' lang='lat' dir='ltr'>cum</span> <span class='ocrx_word' id='word_1_612' title='bbox 1734 2262 1782 2293; x_wconf 90' lang='lat' dir='ltr'>eis</span> <span class='ocrx_word' id='word_1_613' title='bbox 1802 2261 2000 2295; x_wconf 87' lang='lat' dir='ltr'>locuturum</span> <span class='ocrx_word' id='word_1_614' title='bbox 2019 2275 2099 2296; x_wconf 88' lang='lat' dir='ltr'>esse.</span> 
     </span>
     <span class='ocr_line' id='line_1_95' title="bbox 1113 2310 1831 2357; baseline 0 -10"><span class='ocrx_word' id='word_1_615' title='bbox 1113 2312 1181 2347; x_wconf 85' lang='lat' dir='ltr'>Sed</span> <span class='ocrx_word' id='word_1_616' title='bbox 1204 2323 1352 2357; x_wconf 89' lang='lat' dir='ltr'>sequens</span> <span class='ocrx_word' id='word_1_617' title='bbox 1371 2310 1555 2346; x_wconf 83' lang='lat' dir='ltr'>antithesis</span> <span class='ocrx_word' id='word_1_618' title='bbox 1574 2313 1756 2345; x_wconf 88' lang='lat' dir='ltr'>obscurior</span> <span class='ocrx_word' id='word_1_619' title='bbox 1773 2319 1831 2347; x_wconf 85' lang='lat' dir='ltr'>est.</span> 
     </span>
    </p>
   </div>
   <div class='ocr_carea' id='block_1_14' title="bbox 1122 1157 1201 1177">
    <p class='ocr_par' dir='ltr' id='par_1_15' title="bbox 1122 1157 1201 1177">
     <span class='ocr_line' id='line_1_96' title="bbox 1122 1157 1201 1177; baseline 0.013 -1"><span class='ocrx_word' id='word_1_620' title='bbox 1122 1157 1201 1177; x_wconf 72' lang='lat' dir='ltr'>t’SS?.</span> 
     </span>
    </p>
   </div>
   <div class='ocr_carea' id='block_1_15' title="bbox 1247 2394 1965 2442">
    <p class='ocr_par' dir='ltr' id='par_1_16' title="bbox 1247 2394 1965 2442">
     <span class='ocr_line' id='line_1_97' title="bbox 1247 2394 1965 2442; baseline 0.003 -12"><span class='ocrx_word' id='word_1_621' title='bbox 1247 2395 1297 2430; x_wconf 87' lang='lat' dir='ltr'>In</span> <span class='ocrx_word' id='word_1_622' title='bbox 1324 2395 1394 2430; x_wconf 81' lang='lat' dir='ltr'>illa</span> <span class='ocrx_word' id='word_1_623' title='bbox 1421 2394 1477 2430; x_wconf 75' lang='lat' dir='ltr'>die</span> <span class='ocrx_word' id='word_1_624' title='bbox 1499 2396 1624 2442; x_wconf 78' lang='lat' dir='ltr'>petetis</span> <span class='ocrx_word' id='word_1_625' title='bbox 1648 2396 1685 2429; x_wconf 83' lang='lat' dir='ltr'>in</span> <span class='ocrx_word' id='word_1_626' title='bbox 1711 2396 1856 2430; x_wconf 84' lang='lat' dir='ltr'>nomine</span> <span class='ocrx_word' id='word_1_627' title='bbox 1879 2409 1965 2433; x_wconf 77' lang='lat' dir='ltr'>meo.</span> 
     </span>
    </p>
   </div>
   <div class='ocr_carea' id='block_1_16' title="bbox 1110 2464 2099 2713">
    <p class='ocr_par' dir='ltr' id='par_1_17' title="bbox 1110 2464 2099 2713">
     <span class='ocr_line' id='line_1_98' title="bbox 1213 2464 2099 2508; baseline 0.001 -10"><span class='ocrx_word' id='word_1_628' title='bbox 1213 2464 1317 2499; x_wconf 86' lang='lat' dir='ltr'>Prius</span> <span class='ocrx_word' id='word_1_629' title='bbox 1338 2465 1535 2498; x_wconf 88' lang='lat' dir='ltr'>membrum</span> <span class='ocrx_word' id='word_1_630' title='bbox 1563 2465 1785 2508; x_wconf 88' lang='lat' dir='ltr'>perspicuum</span> <span class='ocrx_word' id='word_1_631' title='bbox 1811 2472 1877 2498; x_wconf 84' lang='lat' dir='ltr'>est:</span> <span class='ocrx_word' id='word_1_632' title='bbox 1909 2465 1946 2498; x_wconf 91' lang='lat' dir='ltr'>ln</span> <span class='ocrx_word' id='word_1_633' title='bbox 1966 2467 2023 2499; x_wconf 84' lang='lat' dir='ltr'>illa</span> <span class='ocrx_word' id='word_1_634' title='bbox 2042 2468 2099 2500; x_wconf 85' lang='lat' dir='ltr'>die</span> 
     </span>
     <span class='ocr_line' id='line_1_99' title="bbox 1111 2514 2096 2562; baseline 0 -12"><span class='ocrx_word' id='word_1_635' title='bbox 1111 2517 1149 2550; x_wconf 89' lang='lat' dir='ltr'>in</span> <span class='ocrx_word' id='word_1_636' title='bbox 1172 2517 1316 2549; x_wconf 86' lang='lat' dir='ltr'>nomine</span> <span class='ocrx_word' id='word_1_637' title='bbox 1340 2528 1416 2550; x_wconf 74' lang='lat' dir='ltr'>meo</span> <span class='ocrx_word' id='word_1_638' title='bbox 1442 2515 1583 2559; x_wconf 77' lang='lat' dir='ltr'>petetiS‚</span> <span class='ocrx_word' id='word_1_639' title='bbox 1613 2516 1645 2548; x_wconf 88' lang='lat' dir='ltr'>id</span> <span class='ocrx_word' id='word_1_640' title='bbox 1667 2523 1731 2548; x_wconf 81' lang='lat' dir='ltr'>est:</span> <span class='ocrx_word' id='word_1_641' title='bbox 1759 2514 1936 2549; x_wconf 72' lang='lat' dir='ltr'>Hactenus</span> <span class='ocrx_word' id='word_1_642' title='bbox 1954 2519 2096 2562; x_wconf 81' lang='lat' dir='ltr'>quidem</span> 
     </span>
     <span class='ocr_line' id='line_1_100' title="bbox 1110 2566 2096 2603; baseline 0 -2"><span class='ocrx_word' id='word_1_643' title='bbox 1110 2568 1189 2601; x_wconf 88' lang='lat' dir='ltr'>freti</span> <span class='ocrx_word' id='word_1_644' title='bbox 1215 2567 1468 2600; x_wconf 88' lang='lat' dir='ltr'>consuetudine</span> <span class='ocrx_word' id='word_1_645' title='bbox 1492 2566 1644 2603; x_wconf 84' lang='lat' dir='ltr'>visibili,</span> <span class='ocrx_word' id='word_1_646' title='bbox 1676 2568 1850 2599; x_wconf 87' lang='lat' dir='ltr'>carnalem</span> <span class='ocrx_word' id='word_1_647' title='bbox 1877 2569 2096 2601; x_wconf 84' lang='lat' dir='ltr'>securitatem</span> 
     </span>
     <span class='ocr_line' id='line_1_101' title="bbox 1112 2616 2097 2661; baseline -0.001 -9"><span class='ocrx_word' id='word_1_648' title='bbox 1112 2616 1303 2657; x_wconf 84' lang='lat' dir='ltr'>habuistis,</span> <span class='ocrx_word' id='word_1_649' title='bbox 1338 2619 1395 2650; x_wconf 88' lang='lat' dir='ltr'>sed</span> <span class='ocrx_word' id='word_1_650' title='bbox 1423 2617 1586 2660; x_wconf 87' lang='lat' dir='ltr'>deinceps</span> <span class='ocrx_word' id='word_1_651' title='bbox 1612 2629 1690 2650; x_wconf 79' lang='lat' dir='ltr'>vera</span> <span class='ocrx_word' id='word_1_652' title='bbox 1717 2619 1803 2655; x_wconf 83' lang='lat' dir='ltr'>fide,</span> <span class='ocrx_word' id='word_1_653' title='bbox 1841 2630 1929 2661; x_wconf 84' lang='lat' dir='ltr'>qnae</span> <span class='ocrx_word' id='word_1_654' title='bbox 1953 2631 2007 2651; x_wconf 87' lang='lat' dir='ltr'>me</span> <span class='ocrx_word' id='word_1_655' title='bbox 2033 2622 2097 2651; x_wconf 84' lang='lat' dir='ltr'>ab-</span> 
     </span>
     <span class='ocr_line' id='line_1_102' title="bbox 1111 2667 2096 2713; baseline 0 -11"><span class='ocrx_word' id='word_1_656' title='bbox 1111 2676 1243 2703; x_wconf 83' lang='lat' dir='ltr'>sentem</span> <span class='ocrx_word' id='word_1_657' title='bbox 1271 2676 1438 2713; x_wconf 83' lang='lat' dir='ltr'>tanquam</span> <span class='ocrx_word' id='word_1_658' title='bbox 1467 2667 1735 2711; x_wconf 73' lang='lat' dir='ltr'>propiciatorem</span> <span class='ocrx_word' id='word_1_659' title='bbox 1762 2670 1935 2708; x_wconf 80' lang='lat' dir='ltr'>intuetur,</span> <span class='ocrx_word' id='word_1_660' title='bbox 1964 2671 2096 2713; x_wconf 78' lang='lat' dir='ltr'>petetis,</span> 
     </span>
    </p>
   </div>
   <div class='ocr_carea' id='block_1_17' title="bbox 1543 2718 1591 2752">
    <p class='ocr_par' dir='ltr' id='par_1_18' title="bbox 1543 2718 1591 2752">
     <span class='ocr_line' id='line_1_103' title="bbox 1543 2718 1591 2752; baseline 0 0"><span class='ocrx_word' id='word_1_661' title='bbox 1543 2718 1591 2752; x_wconf 68' lang='lat'>24</span> 
     </span>
    </p>
   </div>
  </div>
 </body>
</html>
