2415 2942
90 91 162 125 949

127 174 264 210 Sensus
279 177 404 209 carnis
423 174 621 210 inimicitia
642 181 691 210 est
716 174 892 210 adversus
909 174 1044 210 Deum.

193 244 312 284 Longa
333 251 365 277 et
384 244 533 278 illustris
553 243 737 278 antithesis
764 251 813 278 est
844 252 989 277 naturae
1018 243 1082 276 ho-

92 294 197 327 minis
223 306 296 327 non
321 303 481 334 renatae,
521 303 553 329 et
583 296 854 338 regenerationis
880 308 939 328 seu
966 296 1080 327 viviti-

87 345 255 383 cationis,
284 358 372 390 quae
397 347 432 378 fit
460 348 497 379 in
522 348 770 385 conversione,
797 346 966 388 cumipse
987 346 1079 378 filius

88 394 154 428 Dei
181 409 262 429 voce
279 395 461 440 Evangelii
489 399 692 431 consolatur
715 409 799 436 nos,
829 403 861 429 et
887 400 967 430 dato
997 397 1077 439 Spi-

86 447 156 480 ritu
182 454 321 490 sancto,
363 449 521 482 accendit
549 449 585 480 in
619 448 719 480 vobis
754 460 879 479 novam
906 448 1018 480 lucem
1046 454 1077 480 et

87 497 188 531 initia
218 499 309 531 vitae
332 506 501 533 aeternae.
558 498 655 532 Haec
679 499 864 541 splendida
891 496 1076 531 antithesis

85 561 221 591 semper
245 549 288 582 sit
316 549 351 581 iu
378 558 584 592 conspectu,
627 550 710 593 quia
739 549 921 592 perspicue
948 550 1076 582 refutat

84 597 284 632 Pharisaica
306 607 337 632 et
355 600 539 641 Pelagiana
557 600 712 640 somnia,
738 612 828 647 quae
847 601 983 643 fingunt
1009 598 1074 633 ho-

82 651 196 682 miues
226 651 362 683 viribus
397 653 616 684 naturalibus
645 662 744 694 posse
776 651 844 693 legi
878 652 942 684 Dei
973 652 1073 685 satis-

81 701 213 742 facere,
248 709 280 735 et
307 699 396 734 hanc
427 703 711 746 qualemcunque
747 702 972 745 disciplinam
1000 715 1072 735 me-

82 752 150 784 reri
176 753 419 785 remissionem
447 760 689 796 peccatorum,
729 759 762 787 et
797 765 869 786 esse
897 753 1071 787 iusticiam

81 815 197 835 coram
218 802 303 836 Deo.

182 862 313 895 Contra
343 861 434 896 hanc
460 864 660 897 coecitatem
688 864 906 897 tristissimae
931 864 1072 897 concio—

82 924 142 944 nes
163 910 220 945 hic
244 921 447 957 ponuntur,
476 917 519 947 de
549 913 725 948 humanae
751 923 896 948 naturae
921 916 1069 948 infirmi-

79 971 165 1003 tate,
194 970 226 996 et
251 977 409 1007 expresse
435 973 634 999 asseverant
658 964 821 999 homines
843 968 881 999 in
910 964 974 999 hac
999 967 1069 999 vita

77 1027 150 1047 non
170 1024 270 1058 posse
289 1016 356 1059 legi
375 1015 439 1049 Dei
465 1017 675 1050 satisfacere.
746 1018 807 1050 Ait
834 1018 948 1058 enim,
978 1016 1068 1051 Caro

79 1078 152 1098 non
180 1073 290 1109 potest
313 1079 384 1100 esse
412 1069 552 1100 subdita
577 1068 651 1113 lege
666 1068 744 1103 Dei.
798 1067 907 1109 Item,
938 1068 1069 1102 Sensus

76 1116 190 1149 carnis
208 1118 391 1151 inimicitia
411 1126 461 1152 est
478 1120 644 1152 adversus
665 1119 790 1154 Deum.
838 1119 933 1162 Quid
954 1120 1067 1163 potuit

75 1168 144 1200 dici
169 1169 302 1201 tristius
330 1177 362 1203 et
388 1170 559 1208 atrocius,
588 1182 692 1214 quam
722 1171 758 1202 in
780 1169 843 1203 hac
865 1171 986 1203 misera
1004 1183 1066 1203 na-

75 1226 154 1252 tura
180 1216 366 1253 hominum
385 1247 393 1260 ,
436 1233 508 1253 non
533 1221 648 1254 solum
677 1233 749 1253 esse
778 1222 1065 1261 inobedientiam,

75 1271 135 1302 sed
167 1270 270 1303 etiam
303 1271 584 1314 indignationem
617 1278 650 1304 et
684 1272 863 1304 fremitum
898 1274 1065 1304 adversus

74 1319 199 1356 Deum.
255 1320 342 1355 Cum
369 1329 484 1354 autem
503 1320 666 1355 monachi
687 1329 870 1367 sequentes
887 1321 1060 1355 Pharisai-

73 1383 147 1404 cam
166 1378 198 1404 et
216 1371 440 1414 pelagianam
456 1373 653 1406 doctrinam
679 1373 881 1407 affluxerint
910 1374 1062 1406 vocabu-

71 1422 113 1454 lis
133 1423 236 1455 falsas
257 1424 583 1466 interpretationes,
612 1435 750 1456 necesse
768 1431 818 1458 est
844 1424 983 1457 moneri
1008 1425 1061 1457 iu-

71 1473 188 1506 niores
206 1475 248 1506 de
267 1486 441 1508 sermone.

175 1530 349 1565 Usitatum
374 1539 424 1566 est
443 1531 552 1565 Paulo
573 1533 759 1566 nominare
784 1545 925 1566 carnem
952 1540 1059 1567 totam

71 1590 232 1616 naturam
252 1580 407 1615 hominis
433 1596 504 1616 non
534 1584 667 1623 renati,
696 1584 878 1625 videlicet,
907 1596 979 1617 non
1003 1596 1059 1617 so-

71 1633 145 1665 lum
164 1633 397 1677 appetitiones
412 1645 576 1666 sensuum
594 1646 653 1667 seu
671 1635 832 1675 affectus,
868 1636 927 1668 sed
955 1635 1058 1667 etiam

70 1691 203 1727 partem
229 1685 466 1728 superiorem,
502 1685 665 1718 videlicet
695 1685 912 1718 intellectum
938 1692 970 1718 et
997 1699 1058 1717 vo-

69 1735 259 1775 luntatem,
288 1735 381 1768 utin
400 1732 529 1768 scholis
547 1736 781 1768 nominamus.
833 1734 879 1769 Et
908 1743 989 1769 nota
1014 1737 1057 1770 sit

67 1783 124 1819 bic
141 1786 344 1819 distributio
362 1787 598 1829 potentiarum
618 1788 765 1819 animae.

170 1845 320 1880 Sensum
346 1845 453 1885 igitur
482 1846 596 1878 carnis
623 1846 784 1880 nominat
802 1844 953 1885 Paulus,
983 1860 1053 1879 non

67 1904 204 1930 tantum
223 1896 458 1940 appetitiones
475 1909 534 1929 seu
553 1897 698 1930 affectus
716 1897 751 1929 in
769 1898 884 1936 corde,
903 1904 938 1930 ut
958 1910 1054 1930 amo-

66 1959 138 1988 res,
174 1948 272 1987 odia,
300 1947 486 1987 laetitiam,
516 1947 715 1987 tristitiam,
744 1949 906 1980 incendia
932 1949 1053 1981 lihidi—

66 2011 175 2039 num,
203 1999 311 2037 iram,
340 1999 397 2031 sed
418 1999 520 2031 etiam
542 1999 578 2030 in
603 1999 784 2042 superiore
808 2006 904 2042 parte
933 2001 1044 2043 caligi-

67 2062 147 2082 nem
176 2056 211 2082 et
235 2049 474 2082 dubitationes
498 2052 540 2083 de
566 2050 663 2089 Deo,
700 2051 743 2082 de
773 2050 995 2093 providentia
1020 2060 1048 2084 et

65 2102 108 2133 (le
135 2101 240 2132 verbo
258 2098 334 2132 Dei.
389 2098 498 2140 Item,
526 2101 562 2132 in
584 2101 764 2134 voluntate
791 2102 1008 2134 aversionem
1032 2115 1048 2134 a

63 2151 159 2192 Deo,
187 2150 437 2191 diffidentiam,
464 2163 600 2184 coccam
625 2152 863 2192 securitatem,
894 2160 1049 2187 coutem-

63 2210 137 2236 tum
163 2202 287 2234 iudicii
312 2201 398 2242 Dei,
435 2202 714 2244 indignationem
741 2210 775 2236 et
799 2203 959 2236 fremitus
989 2206 1049 2236 ad-

63 2264 182 2286 versus
219 2251 341 2286 Deum.
399 2251 494 2285 Haec
526 2254 645 2286 omnia
680 2254 840 2287 nominat
874 2251 1049 2300 φρόνημα

68 2302 218 2348 σαρκὸς,
246 2317 283 2336 ac
298 2316 429 2337 nomen
449 2300 625 2350 φρόνημα
651 2304 896 2348 complectitur
919 2307 1049 2349 cogita—

63 2356 175 2389 tiones
193 2362 224 2388 et
241 2355 395 2390 affectus.

164 2414 385 2448 Vocabulum
410 2426 491 2448 vero
516 2413 670 2458 Spiritus
693 2411 751 2448 hic
777 2415 947 2458 significat
964 2417 1046 2461 Spi-

64 2467 172 2499 ritum
197 2472 354 2498 sanctum
378 2464 510 2505 Deum,
545 2474 578 2500 et
600 2473 734 2506 motus,
762 2467 821 2511 qui
848 2470 1044 2501 accendun-

65 2525 122 2550 tur
141 2517 177 2549 in
194 2517 296 2549 corde
311 2523 432 2550 renato
450 2529 468 2550 a
487 2516 622 2559 Spiritu
642 2525 775 2552 sancto,
818 2517 876 2551 Sic
894 2519 1043 2552 discerni

64 2579 202 2600 carnem
234 2573 267 2600 et
298 2568 479 2610 spiritum,
522 2566 588 2601 hoc
618 2568 696 2601 loco
725 2569 948 2601 manifestum
983 2578 1042 2604 est.

61 2619 123 2652 Ait
146 2618 254 2651 enim:
290 2616 363 2660 Qui
389 2619 553 2663 spiritum
572 2616 706 2654 Christi
732 2632 806 2653 non
832 2617 957 2659 habet,
986 2618 1042 2654 hic

57 2681 131 2703 non
148 2676 197 2703 est
213 2668 334 2712 ipsius.

342 88 439 124 XtIl.
487 89 522 126 3.
555 88 853 125 ENARRATtO
882 89 1037 127 EPIST.
1061 86 1209 124 PAULI
1236 87 1306 122 AD
1330 87 1592 128 ROMANOS.
1645 93 1751 131 CAP.
1781 97 1879 134 vlu.

2054 104 2129 140 950

1239 176 1336 209 Haec
1361 177 1558 213 admonitio
1586 182 1627 213 de
1655 185 1833 220 vocabulis
1856 191 2045 224 necess-tria
2075 201 2125 227 est

1136 226 1177 257 ad
1212 227 1371 259 vitandas
1406 229 1532 263 multas
1566 236 1793 277 corruptelas.
1869 240 1992 285 Aliqui
2029 245 2122 276 enisu

1136 272 1391 310 hallucinantes
1422 280 1604 320 dixerunt,
1641 281 1697 317 hic
1722 287 1889 331 distingui
1916 290 2064 325 Carnem
2092 303 2122 328 et

1134 326 1328 368 Spiritum,
1357 330 1445 362 sicut
1465 331 1499 363 iu
1526 330 1749 378 philosophia
1777 341 2045 384 distinguuntur
2071 347 2120 378 at·-

1132 376 1241 410 sectus
1259 385 1291 411 et
1310 380 1409 414 ratio.
1463 379 1566 415 Hunc
1583 387 1817 426 perniciosum
1835 403 1989 426 errorem
2011 398 2120 429 taxari

1132 438 1270 460 necesse
1301 436 1367 461 est:
1406 443 1484 463 nam
1514 440 1625 466 totum
1653 433 1737 478 hoc,
1775 444 1868 484 quod
1897 442 2120 489 philosophia

1130 479 1291 512 nominat
1312 480 1455 514 affectus
1477 490 1508 515 et
1532 486 1724 526 rationem,
1754 490 1787 522 id
1815 490 1946 527 Paulus
1971 493 2028 529 hic
2056 511 2120 531 no-

1130 529 1241 562 minat
1257 528 1408 563 Carnem
1428 540 1459 566 et
1479 530 1655 580 φρόιήμα
1677 538 1822 585 σαρκὸς.

1151 630 1158 637 ·
1231 580 1298 614 Sed
1318 582 1509 625 obiiciunt,
1536 585 1607 619 Cur
1632 588 1680 621 ait
1699 602 1837 625 sensum
1858 597 1972 629 carnis
1997 598 2118 632 inimi-

1129 631 1245 664 citiam
1278 644 1349 665 esse
1374 635 1541 668 adversus
1567 635 1702 678 Deum,
1737 654 1815 675 cum
1845 650 1960 679 tamen
1988 649 2022 681 iu
2054 648 2117 683 ho-

1128 682 1223 715 mine
1245 683 1315 716 sint
1338 685 1469 718 multae
1499 687 1611 720 bonae
1644 691 1814 734 noticiae,
1849 703 1887 728 ut
1918 700 2056 732 numeri
2085 710 2118 734 et

1128 733 1219 776 leges
1244 741 1409 774 naturae,
1439 736 1541 779 item,
1571 739 1655 772 boni
1680 742 1841 784 affectus,
1871 754 1908 780 ut
1937 750 2120 798 oropyais’

1126 783 1364 828 Respondent
1411 786 1590 833 Loquitur
1625 790 1757 826 Paulus
1800 797 2042 842 principaliter
2077 805 2118 836 de

1126 836 1399 879 cogitationibus
1417 839 1460 871 de
1481 840 1572 880 Deo,
1602 843 1720 886 quales
1746 855 1827 880 sunt
1854 849 1888 881 in
1909 859 2025 885 mente
2044 866 2116 887 non

1127 894 1266 927 renata,
1297 888 1332 920 in
1360 901 1426 933 qua
1454 890 1558 923 simul
1580 904 1704 936 magua
1722 898 1881 931 confusio
1900 909 1949 934 est
1974 903 2117 937 dubita-

1126 938 1280 970 tionum:
1311 941 1439 973 deinde
1462 948 1492 974 et
1513 944 1554 975 de
1570 944 1753 980 affectibus
1771 961 1848 992 erga
1868 949 2000 993 Deum,
2029 967 2116 1000 qua-

1124 988 1173 1021 les
1189 990 1321 1023 suntin
1343 992 1524 1025 voluntate
1550 1000 1583 1027 et
1608 997 1712 1029 corde
1736 999 1780 1032 de
1802 1009 1934 1037 renato.
1991 1006 2031 1038 In
2057 1019 2111 1039 se-

1123 1040 1217 1073 curis
1239 1049 1287 1074 est
1316 1050 1511 1078 contemtus
1536 1045 1655 1078 iudicii
1672 1046 1754 1081 Dei:
1783 1050 1818 1083 in
1848 1057 2115 1099 perterrefactis,

1123 1092 1215 1124 utin
1235 1091 1340 1133 Saul,
1366 1092 1470 1133 Iuda,
1504 1103 1552 1128 est
1579 1096 1777 1139 indignatio
1801 1110 1834 1135 et
1860 1104 2021 1139 fremitus
2047 1111 2110 1141 ad-

1123 1154 1240 1175 versus
1274 1141 1408 1184 Deum,
1445 1152 1477 1178 et
1511 1154 1561 1179 est
1596 1149 1780 1193 multiplex
1812 1158 2032 1191 coutumacia
2071 1160 2108 1192 in

1121 1194 1226 1226 corde
1250 1201 1370 1227 contra
1403 1196 1513 1238 legem
1540 1196 1627 1238 Dei,
1665 1212 1729 1234 nec
1761 1203 1914 1252 στοργαὶ
1941 1217 2113 1251 reguntur

1119 1244 1256 1280 ordine.
1321 1244 1375 1278 De
1401 1244 1455 1278 his
1488 1247 1718 1284 interioribus
1747 1255 1849 1288 malis
1877 1258 2109 1295 concionatur

1119 1294 1269 1336 Paulus,
1311 1308 1389 1329 cum
1426 1297 1494 1339 ait,
1537 1297 1688 1334 Carnem
1727 1316 1800 1338 non
1836 1319 1936 1351 posse
1982 1312 2109 1346 subiici

1120 1346 1184 1389 tegi
1204 1345 1282 1381 Dei.

1221 1395 1273 1430 Ac
1292 1399 1443 1432 tenenda
1464 1407 1513 1434 est
1542 1398 1607 1436 hoc
1627 1404 1704 1438 loco
1728 1406 1887 1442 doctrina
1914 1416 2110 1449 necessaria

1118 1449 1160 1481 (le
1185 1448 1413 1482 distinctione
1445 1458 1607 1487 externae
1632 1456 1840 1501 disciplinae
1865 1470 1895 1494 et
1926 1463 2107 1499 interioris

1117 1500 1353 1532 obedientiae:
1388 1513 1469 1534 nam
1498 1504 1602 1537 etiam
1632 1516 1709 1549 post
1742 1509 1877 1552 lapsum
1908 1516 2105 1556 primorum

1117 1557 1302 1594 parentum
1324 1549 1407 1584 haec
1426 1552 1569 1587 libertas
1587 1557 1777 1592 xoluntatis
1796 1561 1830 1593 in
1852 1560 1995 1598 homine
2021 1568 2103 1601 reli-

1116 1613 1182 1646 qua
1212 1608 1281 1639 est,
1317 1614 1417 1645 posse
1443 1615 1561 1646 regere
1586 1606 1852 1652 locuinotivmn,
1880 1614 1914 1645 id
1945 1623 2015 1657 est,
2043 1631 2102 1652 ex—

1114 1660 1232 1685 ternos
1254 1654 1493 1686 membrorum
1522 1665 1646 1698 gestus.
1707 1659 1837 1696 Adhuc
1862 1666 1939 1698 talis
1964 1675 2013 1702 est
2037 1682 2100 1703 ua-

1114 1711 1190 1736 tura
1215 1715 1425 1745 nervorum,
1455 1706 1610 1740 mirabili
1637 1717 1710 1744 arte
1732 1725 1749 1744 a
1774 1713 1847 1747 Deo
1874 1719 2035 1757 condita,
2063 1729 2102 1756 ut

1113 1755 1257 1787 obedire
1274 1755 1477 1797 cogitationi
1495 1764 1527 1791 et
1545 1760 1718 1794 voluntati
1737 1765 1882 1807 possint,
1904 1769 1986 1812 quia
2004 1768 2101 1805 Deus

1113 1806 1188 1839 vult
1211 1813 1350 1839 externa
1369 1809 1524 1841 membra
1542 1810 1693 1851 frenari,
1721 1821 1752 1847 et
1771 1818 1925 1850 co'essrceri
1945 1817 2101 1857 humana

1111 1857 1292 1899 diligentia
1305 1882 1313 1895 ,
1342 1864 1373 1890 et
1390 1859 1463 1891 vult
1479 1860 1598 1905 aliquo
1615 1864 1721 1896 modo
1740 1865 1889 1910 intelligi
1905 1871 2095 1907 discrimen

1110 1908 1202 1941 iuter
1224 1919 1329 1950 agens
1353 1909 1504 1942 liberum
1528 1919 1558 1945 et
1583 1925 1653 1946 non
1682 1916 1851 1960 liberum,
1880 1928 1917 1954 ut
1945 1922 2095 1959 sciamus

1108 1959 1221 1993 Deum
1243 1971 1314 1991 esse
1329 1971 1435 2002 agens
1452 1961 1685 2000 liberrimum.

1207 2010 1279 2043 Nec
1305 2012 1347 2043 de
1371 2009 1424 2043 his
1447 2015 1599 2047 externis
1617 2019 1772 2059 gestibus
1790 2021 1949 2066 loquitur
1965 2024 2096 2061 Paulus

1106 2074 1183 2094 cum
1202 2061 1266 2100 ait,
1295 2060 1447 2095 Carnem
1467 2076 1538 2097 non
1569 2079 1670 2109 posse
1697 2070 1762 2113 legi
1780 2070 1844 2106 Dei
1862 2076 2005 2118 subiici,
2034 2082 2093 2112 sed

1106 2113 1263 2157 loquitur
1286 2114 1329 2145 de
1355 2113 1523 2148 interiore
1540 2118 1761 2161 obedientia,
1790 2124 1871 2167 quia
1894 2126 1928 2158 in
1949 2125 2092 2163 homine

1104 2165 1252 2197 debebat
1282 2164 1399 2198 lucere
1431 2166 1540 2208 fides,
1580 2169 1679 2204 firma
1713 2175 1912 2209 assensione
1946 2182 2090 2213 credens

1104 2215 1441 2250 comminationibus
1469 2225 1501 2251 et
1526 2221 1820 2262 promissionibus
1836 2224 1919 2264 Dei,
1948 2237 1980 2262 et
1999 2239 2089 2265 recte

1104 2278 1293 2308 agnoscens
1326 2267 1436 2300 filiurn
1465 2269 1552 2310 Dei,
1597 2280 1627 2304 et
1651 2273 1686 2305 in
1717 2277 1820 2308 corde
1845 2278 1992 2315 debebat
2017 2295 2088 2317 esse

1104 2318 1331 2351 conformitas
1349 2330 1426 2351 cum
1445 2318 1539 2358 Deo,
1568 2324 1693 2356 ardeus
1709 2325 1851 2359 dilectio
1873 2329 1954 2371 Dei,
1984 2346 2086 2368 verus

1102 2369 1220 2403 timor.
1275 2367 1436 2414 Denique
1461 2383 1521 2403 cor
1544 2373 1692 2407 debebat
1723 2388 1795 2408 esse
1819 2381 1987 2424 ternplum
2007 2383 2085 2423 Dei,

1101 2420 1175 2452 sine
1195 2420 1265 2452 ulla
1288 2432 1392 2463 prava
1412 2421 1658 2465 inclinatione,
1685 2434 1716 2459 et
1742 2428 1816 2460 sine
1837 2432 1954 2472 pravis
1978 2437 2084 2469 moti-

1100 2472 1163 2503 bus
1176 2499 1184 2511 ,
1212 2472 1271 2504 sed
1288 2468 1393 2504 homo
1412 2485 1483 2505 non
1504 2482 1644 2507 renatus
1663 2473 1752 2510 hanc
1775 2478 1979 2516 interiorem
1997 2488 2081 2519 ohe—

1098 2522 1265 2554 dientiam
1291 2534 1333 2554 ne
1361 2523 1503 2567 quidem
1532 2524 1672 2559 incoare
1701 2537 1824 2570 potest.
1877 2531 1929 2566 De
1947 2532 2001 2568 bis
2024 2538 2079 2570 in-

1096 2573 1286 2606 terioribus
1305 2573 1460 2607 tenebris
1485 2582 1517 2608 et
1543 2576 1826 2614 dubitationibus
1843 2590 1875 2616 et
1900 2587 2001 2619 malis
2025 2589 2079 2620 in-

1095 2624 1349 2657 clinationibus
1380 2624 1532 2658 dicitur:
1573 2626 1664 2662 Caro
1697 2642 1769 2664 non
1806 2640 1921 2677 potest
1952 2639 2078 2673 subiici

1093 2674 1160 2718 legi
1186 2673 1262 2708 Dei.

1483 2727 1532 2762 60
1547 2725 1566 2744 ⁹*
