2415 2942
266 114 339 148 203

852 102 980 136 Pnu„
1007 101 1123 136 MEL.
1151 97 1357 135 SCRIPTA
1385 98 1684 136 EXEGETICA.

2217 103 2292 138 204

269 195 460 243 praesentis
491 194 613 235 all-*gat
644 191 715 233 ipse
743 186 922 226 Christus,
954 187 1032 220 ideo
1064 197 1137 219 non
1173 185 1254 218 estis
1308 199 1404 220 mum
1441 192 1681 231 praeceptum:
1728 184 1808 219 Non
1841 184 1988 221 habebis
2022 187 2115 222 Deos
2148 187 2294 223 alienos.

269 248 444 283 Ecclesia,
474 245 553 289 quia
579 243 682 273 xvi-lio
709 251 785 272 iiico
811 250 882 270 non
906 245 955 271 est
979 238 1073 270 locus
1091 237 1127 269 in
1146 237 1256 270 vobis.

271 300 365 333 llaec
391 298 480 329 eiiiiii
509 301 557 326 est
583 290 685 324 liuius
710 289 879 322 idiotismi
901 288 1122 331 significatio.
1176 286 1255 320 Non

273 357 320 382 est
347 349 440 381 locus
459 357 533 377 iiico
552 341 704 375 sermoni
723 340 758 372 in
778 339 894 379 vobis,
926 340 958 372 id
978 346 1046 379 est,
1074 350 1147 371 non
1165 337 1258 371 subit

273 400 409 432 animos
441 401 582 427 vestros.
646 390 737 433 Quia
771 391 901 424 scilicet
931 397 1042 423 vestra
1072 389 1172 432 culpa
1203 401 1258 421 re·

273 447 454 492 pugnatis,
482 453 510 477 et
538 455 609 476 non
635 442 741 474 vultis
760 441 939 480 assentiri,
967 452 1045 474 cum
1066 439 1259 472 manifestis

276 497 486 533 testimoniis
497 494 582 533 Dei,
610 500 660 526 tot
682 492 860 525 miraculis
881 498 913 525 et
929 489 1187 534 Prophetarum
1206 490 1260 522 di-

275 550 338 582 ctis
372 559 432 580 vos
462 545 680 579 coiixiucam.
750 541 899 575 Causam
931 543 1037 585 igitur
1061 541 1261 574 reiectionis

276 612 346 632 nou
368 598 463 638 Deo,
489 598 546 629 sed
573 594 743 627 voluntati
771 594 916 626 istorum
944 592 1086 632 tribuit,
1113 592 1172 635 qui
1200 592 1262 623 ad-

278 656 463 683 versantur
495 645 706 688 Ex-angelio‚
741 644 827 676 sicut
860 644 943 677 alias
976 643 1078 677 dicit:
1116 642 1263 685 Quoties

276 701 372 734 volui
394 711 454 733 vos
472 708 679 741 congregare
698 702 730 728 et
746 695 922 728 noluistis.

319 806 405 853 Ego
428 802 527 854 quod
552 800 628 836 vidi
649 799 752 848 apud
773 805 913 847 patrem
937 811 1052 832 nicam
1079 797 1220 845 loquor.

382 884 471 918 Cum
501 889 599 915 antea
625 878 847 913 concessisset
873 876 1020 909 ludaeos
1043 875 1266 908 adversantes

283 947 354 969 esse
393 945 509 967 semen
545 928 726 969 Abrahae,
768 926 824 961 liic
866 927 963 959 addit
1002 925 1263 958 correctionem.

280 986 373 1019 Estis
393 996 508 1017 semen
529 981 720 1014 secundum
740 990 876 1012 carnem
891 1004 898 1017 ,
926 977 984 1009 sed
1006 987 1125 1008 revera
1145 984 1176 1009 et
1195 975 1267 1019 spi-

281 1038 350 1069 ritu
371 1047 440 1068 non
459 1034 538 1066 estis
557 1032 618 1064 filii
637 1027 818 1068 Abrabae,
847 1029 903 1060 sed
923 1027 985 1059 filii
1004 1026 1155 1065 diaboli,
1181 1026 1265 1072 qnia

283 1089 362 1120 estis
381 1086 494 1118 liostes
507 1082 706 1123 Evangelii,
735 1087 767 1113 ct
784 1078 977 1111 interficitis
992 1079 1148 1109 membra
1167 1088 1266 1109 verae

282 1138 459 1172 Ecclesiae
475 1134 552 1168 Dei.
606 1132 672 1164 liic
698 1131 893 1163 doctrinam
916 1129 1020 1162 tradit
1040 1127 1266 1160 necessariam

284 1188 421 1230 cognita
453 1186 489 1218 in
518 1191 612 1217 tanta
637 1182 849 1215 iudiciorum
873 1179 1059 1218 varietate,
1095 1189 1195 1220 saepe
1221 1175 1269 1218 hi,

285 1240 344 1284 qui
374 1236 604 1270 dominantur
635 1234 670 1265 in
697 1231 869 1270 Ecclesia,
901 1237 933 1263 et
959 1237 1101 1273 propter
1124 1229 1265 1261 titulum

285 1290 441 1323 iactitant
473 1299 507 1318 se
537 1297 608 1318 esse
639 1283 825 1328 praecipua
859 1281 1012 1313 membra
1040 1279 1162 1323 populi
1194 1279 1267 1319 Dei,

288 1347 368 1375 sunt
395 1348 535 1381 prorsus
560 1344 653 1368 extra
676 1333 889 1373 Ecclesiam,
917 1338 947 1363 et
972 1337 1089 1363 tamen
1112 1330 1269 1372 flagitant

287 1388 536 1426 obedientiam,
564 1386 686 1418 volunt
705 1383 817 1416 audiri
835 1389 866 1414 et
881 1381 1065 1424 approbari
1081 1392 1161 1412 suos
1174 1392 1269 1412 erro—

287 1454 341 1476 res
366 1446 507 1484 propter
531 1438 664 1475 locum,
693 1446 750 1467 seu
774 1433 1024 1465 succussionem
1042 1431 1270 1469 ordinariam,

288 1496 455 1526 damnant
488 1498 646 1520 errorum
673 1482 997 1528 reprehensionem,
1027 1488 1193 1525 tanquam
1218 1493 1270 1513 se-

289 1544 452 1577 ditiosam
485 1546 516 1572 et
548 1537 773 1579 dissipantem
806 1534 994 1567 Ecclesiam
1027 1530 1104 1565 Dei.
1160 1531 1270 1564 Porro

288 1596 467 1627 moderata
498 1587 641 1631 imperia
675 1592 798 1618 natura
827 1590 941 1616 amant
968 1583 1151 1627 politicum
1177 1582 1273 1614 ordi-

289 1657 368 1678 nem
407 1650 438 1674 et
472 1646 674 1683 potestatem
707 1634 942 1673 ordinariam,
982 1640 1014 1666 et
1038 1644 1136 1675 aegre
1161 1633 1271 1665 disce-

289 1700 374 1729 dant
398 1694 440 1725 ab
465 1704 521 1733 ea,
551 1690 630 1722 ideo
649 1698 783 1730 semper
803 1685 902 1718 multi
923 1684 1114 1717 imbecilles
1132 1690 1274 1727 propter

288 1745 353 1780 hos
372 1749 586 1788 praetextus,
614 1738 747 1772 etiamsi
768 1742 960 1778 agnoscunt
979 1746 1131 1775 errores,
1158 1741 1273 1767 tamen

292 1797 444 1843 quodam
475 1792 590 1825 studio
617 1787 825 1822 concordiae
851 1798 952 1818 suum
978 1785 1148 1818 iudicium
1173 1784 1274 1817 dissi-

291 1848 439 1880 mulant.
493 1843 614 1886 Itaque
631 1838 861 1884 prudentibus
877 1843 910 1869 ct
927 1848 1006 1868 rere
1017 1834 1129 1868 Deum
1147 1835 1275 1868 timen-

290 1900 406 1936 tibus,
433 1901 523 1927 certa
551 1899 584 1924 et
609 1889 789 1934 perspicua
814 1887 1078 1920 confirmatione
1102 1897 1189 1928 opus
1215 1892 1275 1923 est,

292 1949 386 1995 quod
405 1956 541 1979 necesse
558 1942 602 1976 sit
619 1939 793 1973 adversari
812 1939 1007 1977 erroribus,
1035 1943 1066 1970 et
1083 1938 1175 1982 quod
1196 1948 1276 1980 pro-

293 2008 369 2045 pter
404 1996 546 2030 titulum
577 1990 756 2036 potestatis
789 1988 1056 2030 ecclesiasticae,
1102 1999 1175 2019 non
1207 1987 1277 2019 sint

292 2049 449 2084 membra
481 2043 674 2079 Ecclesiae,
716 2041 775 2073 sed
807 2046 950 2083 propter
979 2038 1206 2082 pertinaciam
1240 2037 1277 2069 in

293 2100 492 2138 erroribus,
522 2102 551 2128 et
569 2092 827 2130 crudelitatem,
856 2090 925 2122 sint
943 2087 1060 2122 hostes
1073 2087 1156 2128 Dei,
1183 2094 1278 2121 extra

293 2150 485 2186 Ecclesiam
513 2159 529 2179 a
546 2144 620 2177 Deo
645 2142 744 2175 eiecti
763 2148 793 2173 et
810 2140 1046 2183 relinquendi.
1101 2138 1175 2171 Hac
1193 2150 1278 2171 con-

295 2202 463 2235 solatione
485 2197 586 2230 nobis
603 2206 696 2227 nunc
715 2192 812 2224 valde
829 2202 915 2234 opus
933 2197 992 2222 cst.
1044 2189 1276 2233 Praecipuum

295 2256 538 2295 argumentum
569 2252 619 2279 est
647 2244 843 2287 sapientum
875 2248 906 2274 et
934 2240 1157 2284 politicorum
1185 2240 1278 2272 viro-

297 2315 394 2341 rum,
436 2300 528 2344 qiiod
569 2297 617 2329 sic
649 2293 772 2328 sentiat
803 2291 956 2324 Ecclesia
992 2291 1111 2324 multis
1143 2290 1278 2326 seculis.

297 2353 403 2386 (mod
427 2349 628 2383 labefactata
654 2344 838 2378 autoritate
861 2341 987 2374 summi
1013 2342 1137 2383 gradus
1159 2341 1193 2373 in
1212 2339 1279 2373 Ec-

297 2387 400 2438 clesia
417 2405 606 2445 sequantur
621 2396 776 2428 infinitae
793 2392 1035 2435 dissipationes
1047 2416 1054 2428 ,
1083 2403 1169 2435 quae
1187 2391 1280 2423 obli-

299 2456 440 2487 vionem
467 2457 498 2483 et
524 2448 703 2481 interitum
724 2445 908 2477 universae
925 2442 1105 2484 religionis
1121 2442 1280 2482 afferant,

297 2512 331 2539 et
350 2501 416 2536 hoc
435 2505 613 2546 praetextu
628 2496 857 2530 stabiliuntur
874 2504 1019 2528 errores.

402 2568 476 2603 Etsi
509 2573 622 2599 autem
651 2561 813 2596 homines
843 2561 917 2594 sani
940 2572 1013 2593 non
1037 2565 1183 2603 possunt
1207 2571 1281 2592 non

298 2621 432 2657 moveri
450 2618 517 2652 hoc
536 2614 713 2661 plausibili
731 2619 955 2655 argumento,
983 2618 1099 2644 tamen
1116 2608 1198 2643 huic
1214 2607 1282 2642 hu-

298 2685 422 2708 manae
448 2667 638 2715 sapientiae
662 2664 811 2698 sciamus
833 2663 1100 2696 anteferendum
1119 2672 1190 2694 esse
1206 2660 1280 2705 pri-

1311 237 1415 271 ltem:
1444 237 1568 279 Fugite
1594 236 1700 270 idola.
1761 236 1868 278 Item,
1896 246 2116 282 praeceptum
2141 238 2185 271 de
2210 250 2294 271 con-

1311 289 1473 321 sessione:
1503 288 1573 331 Qui
1593 287 1769 330 negaverit
1785 299 1838 320 me
1855 300 1970 322 coram
1990 286 2209 330 bominibus,
2234 301 2297 322 ne-

1312 340 1400 383 gabo
1433 351 1511 371 eum
1539 351 1655 371 coi-ain
1683 345 1782 382 patre
1811 350 1888 370 meo
1910 339 2060 372 coelesti.
2122 340 2224 373 Item:
2260 337 2299 372 Si

1312 390 1390 435 quis
1422 390 1517 422 aliud
1549 387 1781 432 Evangeliuin
1814 389 1989 430 docuerit,
2029 387 2212 424 anathema
2243 389 2299 424 sit.

1315 441 1369 474 Ad
1403 438 1487 473 liacc
1516 440 1591 473 loca
1619 441 1788 472 addamus
1810 440 1942 472 clarum
1967 439 2206 473 testiinonium
2233 437 2301 472 hoc

1316 492 1391 524 loco
1404 517 1411 530 ‚
1438 491 1497 535 qui
1518 492 1560 523 ‹le
1579 488 1633 523 his
1652 490 1735 534 ipsis
1753 491 1813 535 qui
1831 491 1972 524 titulum
1991 491 2156 523 tenebant
2173 490 2300 533 guber-

1316 548 1476 574 natorum
1496 540 1638 584 populi,
1665 548 1699 574 et
1716 554 1754 573 ex
1771 542 1902 574 semine
1919 538 2084 574 Abrahae
2101 541 2172 574 nati
2192 547 2303 581 erant,

1316 598 1411 625 erant
1436 591 1652 632 circumcisi,
1680 598 1712 624 et
1737 591 1975 634 fungebantur
1993 591 2188 625 ministerio
2206 591 2303 624 ordi-

1318 643 1415 675 nario
1444 642 1478 673 iii
1506 641 1656 685 templo,
1690 653 1847 685 expresse
1872 643 2006 687 inquit:
2044 641 2115 675 vos
2141 654 2181 675 ex
2205 648 2303 685 patre

1317 693 1460 726 diabolo
1481 692 1581 733 estis,
1611 699 1645 725 et
1665 692 1774 735 capite
1792 692 1866 726 10.:
1894 692 1965 726 Vos
1982 704 2054 725 non
2071 692 2151 726 estis
2170 704 2210 725 ex
2227 691 2305 724 ovi-

1320 745 1384 776 liiis
1402 743 1497 777 meis.
1531 741 1586 776 Ad
1604 740 1687 775 haec
1705 742 1795 776 dicta
1809 743 2040 786 adiungamus
2052 742 2206 786 exempla
2217 740 2306 775 Pro-

1319 792 1522 839 plictaruiii,
1559 791 1690 827 Christi
1722 800 1754 826 et
1785 791 2057 837 Apostolorum,
2093 793 2152 838 qui
2183 803 2304 826 omnes
2336 812 2338 814 v

1320 845 1363 878 ab
1388 844 1566 877 ordinaria
1595 850 1764 888 potestate
1786 844 2036 878 dissenserunt.
2088 842 2153 877 His
2175 843 2306 877 eruditi

1320 907 1357 928 ac
1391 894 1518 928 muniti
1546 895 1774 935 testimoniis,
1808 907 1880 927 non
1905 895 2185 928 deterreamnr'a
2211 900 2304 927 recta

1320 945 1510 985 sententia,
1535 957 1613 978 cum
1636 946 1827 989 opponitur
1849 946 1972 979 titulus
1987 943 2163 978 Ecclesiae
2180 945 2221 978 ad
2241 945 2305 977 de-

1320 995 1514 1028 fensionem
1540 1008 1718 1036 errorum,
1745 997 1803 1029 sed
1830 1008 1902 1029 non
1929 996 2098 1038 fingamus
2115 995 2180 1039 ipsi
2196 1005 2306 1028 novas

1320 1046 1522 1089 opinioneS,
1548 1058 1610 1078 nec
1634 1053 1762 1079 temere
1781 1054 1922 1091 propter
1940 1053 2056 1079 nostra
2078 1046 2201 1078 deliria
2219 1057 2305 1078 con-

1321 1097 1502 1130 turbemus
1524 1095 1736 1140 Ecclesiam,
1763 1098 1822 1129 sed
1845 1104 1981 1130 tantum
2004 1096 2054 1128 ilii
2081 1098 2307 1129 adversemur

1323 1147 1522 1180 ordinariae
1548 1147 1730 1190 potestati,
1763 1147 1825 1180 ubi
1851 1153 1942 1179 certa
1966 1147 2094 1180 veritas
2117 1147 2244 1180 tradita
2268 1146 2308 1179 in

1322 1199 1429 1230 verbo
1463 1196 1527 1230 Dei
1559 1203 1591 1230 et
1624 1197 1822 1241 apostolicis
1854 1197 2082 1236 testimoniis,
2124 1197 2215 1241 cogit
2242 1208 2308 1230 nos

1321 1248 1499 1281 adversari
1519 1247 1613 1281 salsis
1631 1248 1871 1291 opinionibus.

1425 1313 1586 1355 Longum
1621 1311 1678 1346 hic
1705 1320 1882 1346 certamen
1909 1313 2118 1346 describitur
2143 1312 2181 1345 in
2203 1319 2310 1352 textu,

1324 1364 1383 1397 ulii
1411 1365 1630 1397 contendunt
1655 1364 1842 1396 adversarii
1868 1361 2017 1404 Christi,
2044 1375 2079 1396 se
2101 1375 2173 1396 esse
2195 1375 2310 1407 popu-

1327 1416 1398 1447 liim
1421 1413 1501 1454 Dei,
1528 1421 1668 1447 econtra
1688 1412 1849 1446 Cliristus
1873 1421 1984 1457 negat.
2038 1413 2151 1447 Totus
2174 1411 2232 1446 hic
2256 1414 2309 1447 lo-

1326 1477 1384 1498 cus
1409 1465 1592 1508 praecipue
1611 1463 1700 1497 lianc
1720 1465 1913 1497 doctrinam
1935 1464 2110 1502 continet,
2137 1463 2311 1505 videlicet,

1326 1528 1368 1548 iie
1394 1526 1598 1547 moveamur
1617 1515 1717 1548 titulo
1736 1513 1911 1548 Ecclesiae
1929 1514 1965 1547 in
1982 1514 2195 1548 refutatione
2211 1527 2310 1548 erro-

1327 1578 1403 1599 rum
1417 1592 1425 1605 ,
1453 1567 1510 1598 sed
1528 1565 1677 1599 sciamus
1694 1566 1886 1608 pertinaces
1903 1566 2102 1599 defensori-s
2119 1565 2311 1609 impiarum

1327 1616 1538 1660 opinionum
1561 1623 1654 1649 extra
1681 1614 1872 1649 Ecclesiam
1899 1627 1981 1651 esse.
2048 1614 2144 1648 Haec
2167 1622 2217 1649 est
2242 1615 2331 1658 piis'

1329 1667 1517 1699 necessaria
1542 1673 1574 1699 et
1598 1667 1711 1699 dulcis
1736 1666 1951 1706 consolatio,
1978 1672 2119 1698 econtra
2140 1665 2312 1707 cogitetur

1329 1729 1432 1762 quam
1457 1717 1564 1750 tristis
1589 1717 1838 1750 condemnatio
1858 1716 1923 1756 sit,
1964 1716 2058 1761 quod
2084 1715 2170 1749 dicit
2194 1713 2311 1748 hostes

1329 1779 1410 1801 suos
1434 1779 1473 1800 ex
1500 1774 1597 1811 patre
1620 1767 1763 1800 diabolo
1784 1778 1856 1799 esse
1867 1786 1883 1807 ‚·
1907 1764 1975 1799 hoc
1998 1773 2064 1806 est,
2091 1763 2208 1799 hostes
2233 1763 2312 1805 Dei,

1329 1818 1481 1851 abiectos
1511 1818 1550 1851 in
1580 1825 1760 1851 aeternum
1786 1817 1950 1857 exitium,
1985 1817 2140 1860 captivos
2165 1815 2310 1857 diaboli,

1329 1875 1546 1909 excaecatos,
1581 1880 1682 1901 caeco
1713 1868 1831 1900 furore
1861 1873 2001 1900 ruentes
2035 1874 2155 1900 contra
2183 1866 2313 1907 Deum,

1329 1926 1450 1953 contra
1473 1917 1725 1962 Evangelium‚
1753 1924 1872 1951 contra
1899 1929 2014 1950 veram
2030 1916 2096 1950 Dei
2119 1917 2313 1950 invocatio-

1331 1982 1411 2002 nem
1424 1995 1432 2009 ,
1460 1976 1581 2003 contra
1606 1981 1706 2001 veros
1726 1969 1858 2008 cultus,
1886 1974 2006 2001 contra
2024 1980 2146 2001 verum
2164 1966 2229 2001 Dei
2247 1979 2309 2011 po-

1330 2020 1469 2064 pulum,
1495 2020 1584 2054 sicut
1602 2020 1788 2063 rapiuntur
1804 2031 1821 2051 a
1840 2018 2002 2061 diabolo,
2029 2025 2068 2052 ut
2083 2017 2168 2052 Saul
2186 2030 2225 2051 ex
2243 2018 2312 2051 alio

1330 2071 1457 2104 scelere
1482 2070 1518 2103 in
1544 2071 1640 2103 aliud
1664 2069 1874 2112 impellitur,
1909 2068 2091 2107 Marcion,
2127 2066 2313 2101 Mahome-

1333 2128 1404 2161 tus,
1433 2120 1558 2162 Arius,
1585 2133 1626 2153 ex
1650 2120 1727 2153 aliis
1752 2120 1884 2153 deli‘riis
1902 2119 1938 2151 in
1957 2119 2023 2152 alia
2042 2119 2130 2163 lapsi
2147 2125 2250 2161 sunt,
2280 2125 2315 2152 et

1332 2172 1536 2215 polluerunt
1568 2182 1603 2204 se
1632 2171 1841 2204 libidinibus
1878 2177 1910 2204 et
1949 2170 2048 2203 omni
2083 2169 2315 2213 turpitudine.

1333 2222 1433 2255 Hanc
1455 2222 1632 2255 miseriam
1649 2222 1772 2255 talium
1790 2227 2048 2254 excaecatorum
2066 2219 2232 2253 describit
2248 2219 2315 2253 tri-

1331 2273 1490 2307 stissimis
1510 2273 1624 2306 verbis
1639 2279 1763 2314 textus,
1788 2272 1939 2306 recitans
1956 2270 2069 2317 qualis
2083 2271 2128 2305 sit
2143 2270 2315 2305 diabolus.

1384 2379 1459 2415 Ille
1491 2377 1676 2414 homicida
1709 2384 1786 2414 erat
1817 2379 1865 2413 ab
1891 2378 2017 2421 initio,
2051 2383 2082 2412 et
2104 2378 2143 2412 in
2169 2377 2317 2412 veritate

1434 2444 1506 2465 non
1529 2432 1637 2467 stetit.

1434 2507 1515 2541 Non
1540 2509 1615 2541 sine
1636 2518 1762 2549 magno
1786 2507 1908 2540 dolore
1929 2504 2013 2539 haec
2030 2517 2048 2539 a
2065 2503 2208 2539 Christo
2225 2505 2318 2539 dicta

1334 2565 1434 2600 sunt,
1458 2559 1639 2592 diabolum
1657 2558 1760 2592 initio
1776 2557 1882 2591 fuisse
1895 2554 2127 2596 homicidam,
2155 2556 2317 2589 meminit

1335 2610 1441 2653 primi
1474 2610 1590 2654 lapsus
1621 2606 1786 2650 humani,
1819 2614 1853 2642 et
1883 2607 2010 2651 cogitat
2032 2607 2212 2640 diabolum
2235 2607 2317 2640 odio

1335 2659 1403 2695 Dei
1429 2661 1596 2695 avulsisse
1619 2671 1639 2694 a
1657 2658 1732 2694 Deo
1756 2670 1864 2703 genus
1889 2656 2103 2698 humanum,
2130 2664 2164 2692 et
2177 2663 2319 2702 propter
