2415 2942
196 99 292 136 1363

201 186 357 222 coelestis
382 182 437 218 bis
461 180 626 216 omnibus
649 176 750 211 vobis
775 187 863 221 opus
892 186 984 213 esse,
1028 172 1190 207 Primum

202 238 358 284 quaerite
377 245 522 277 reguum
534 231 617 268 Dei,
645 236 678 263 et
698 234 830 261 caetera
847 226 1062 259 adiicientur
1080 225 1190 258 vobis.

205 290 314 329 Item,
342 286 480 320 Psalmo
503 284 584 318 32:
613 279 779 314 Euutriet
803 284 836 311 et
859 278 926 310 alet
951 288 1010 309 eos
1029 276 1190 308 infame:

205 341 276 373 imo
306 343 447 382 propter
464 332 658 368 Ecclesiam
677 330 772 363 Deus
797 336 828 362 et
851 334 1002 361 caeteras
1023 334 1140 370 gentes
1160 333 1193 359 et

204 393 297 424 bona
317 386 512 431 corporalia
532 388 725 417 conservat.
768 379 957 423 Postquam
974 385 1090 411 autem
1111 377 1192 409 uui-

204 452 301 473 versa
326 438 482 472 Ecclesia
505 436 647 469 collecta
675 431 798 471 suerit,
833 443 895 463 uec
919 429 1050 462 suerint
1074 429 1193 472 plures

205 491 305 525 electi
324 491 358 522 in
377 499 501 531 genere
518 485 696 522 humano,
723 495 804 515 mox
820 480 965 514 cessabit
991 478 1075 512 haec
1098 491 1193 511 mor-

205 543 285 576 talis
309 541 399 584 vita,
428 546 459 572 ct
479 539 535 571 fiet
560 543 752 569 extremum
776 533 959 565 iudicium.

309 590 373 625 Est
401 598 515 623 autem
544 586 730 632 promissio
755 584 931 617 bonorum
955 581 1193 625 corporalium

207 642 401 687 generalis,
446 651 518 672 non
542 639 681 678 alligata
709 642 802 668 certo
829 635 926 670 loco,
965 640 1004 666 ut
1025 632 1194 665 lsra‘e'litis

207 696 347 737 alligata
372 699 444 726 erat
463 692 504 723 ad
525 695 658 722 certum
685 688 819 723 locum,
849 691 881 717 ct
903 695 1040 727 semper
1067 683 1103 715 in
1129 681 1193 715 hac

206 746 277 779 sita
297 751 369 777 rata
387 750 436 776 est
454 741 620 774 universo
639 737 764 771 coetui.
819 734 902 767 ldeo
920 745 1057 777 semper
1076 735 1112 766 iu
1131 731 1193 766 hac

207 798 278 829 vita
297 801 411 829 servat
431 793 524 826 Deus
542 791 695 834 aliquam
712 799 808 819 suam
830 784 1039 824 Ecclesiam,
1059 784 1192 817 etiamsi

205 848 318 880 multa
345 844 502 877 membra
534 839 810 877 interficiuutur,
836 843 874 869 ut
894 836 922 868 si
943 836 1088 868 victoria
1110 847 1193 879 pro·
1219 861 1222 904 Ι

206 899 310 931 missa
333 902 419 928 esset
445 892 627 929 exercitui,
656 896 729 922 rata
757 894 789 921 et
814 898 895 920 vera
922 894 971 920 est
997 886 1193 930 promissio,

208 947 342 983 etiamsi
371 945 481 990 aliqui
506 943 635 975 milites
658 938 930 973 interficiuntur.

310 997 491 1033 Secundo,
520 991 706 1038 promissio
723 988 916 1032 corporalis
937 998 1073 1031 semper
1089 985 1193 1018 intel-

209 1052 338 1094 ligatur
372 1059 451 1080 cum
495 1044 697 1087 exceptione
732 1040 968 1082 castigationis
1004 1045 1038 1071 et
1072 1036 1195 1070 crucis.

207 1101 295 1135 Yult
319 1098 412 1132 Deus
438 1104 627 1139 utrumque
660 1091 810 1125 exerceri
841 1091 877 1122 in
911 1090 1061 1134 petentis
1092 1089 1196 1121 bonis

209 1150 471 1195 corporalibus,
494 1148 598 1180 fidem
616 1151 648 1178 et
665 1141 915 1177 obedientiam.
969 1139 1056 1172 Vult
1079 1139 1195 1172 Abra-

210 1202 276 1236 hae
295 1201 401 1234 vitam
421 1205 453 1232 et
470 1197 638 1231 familiam
657 1194 851 1232 custodire,
874 1193 932 1224 sed
951 1191 1016 1231 ita,
1043 1197 1079 1223 ut
1097 1202 1195 1232 rega-

209 1262 269 1287 tur
293 1248 472 1285 Abrabam
499 1260 573 1281 non
596 1247 710 1280 solum
735 1242 900 1277 humanis
927 1241 1101 1281 consiliis,
1136 1242 1195 1273 sed

211 1305 278 1338 fide
291 1330 298 1343 ‚
334 1301 559 1334 invocatione
577 1296 664 1337 Dei,
693 1302 725 1329 et
743 1308 761 1328 a
780 1294 852 1328 Deo
879 1299 969 1337 petat
989 1300 1022 1325 et
1041 1297 1197 1335 expectet

211 1354 402 1392 auxilium,
431 1351 526 1383 iuxta
545 1349 638 1382 dicta
659 1346 782 1380 Ierem.
804 1343 876 1377 17.:
905 1343 1117 1376 §Ialedictus
1135 1342 1196 1387 qui

213 1404 359 1439 confidit
396 1403 433 1434 in
461 1399 604 1433 homine
641 1405 674 1430 et
703 1396 802 1439 ponit
830 1406 969 1427 carnem
1010 1391 1196 1426 brachium

214 1468 326 1490 suum.
382 1452 488 1489 Item,
526 1447 674 1483 Zachar.
697 1447 750 1481 4.:
782 1445 864 1479 Non
889 1446 926 1477 in
950 1445 1097 1483 robore,
1124 1455 1197 1476 non

213 1509 250 1540 in
272 1504 443 1543 exercitu,
471 1503 528 1534 sed
547 1502 584 1533 iu
604 1499 730 1543 spiritu
747 1509 842 1535 meo,
869 1495 954 1528 dicit
970 1494 1159 1528 Dominus·

315 1555 400 1588 Vult
424 1553 527 1586 etiam
551 1549 617 1583 boc
635 1550 722 1582 scire
739 1545 920 1586 homines,
946 1557 981 1577 se
998 1557 1077 1577 vere
1097 1544 1199 1577 irasci

213 1607 378 1653 peccati5‚
415 1610 448 1637 et
471 1601 689 1636 horribiliter
714 1597 840 1643 punire
864 1598 1000 1639 lapsus,
1025 1602 1064 1629 ut
1090 1595 1199 1628 simus

216 1657 457 1702 diligentiores
477 1654 512 1687 in
530 1653 633 1685 nobis
651 1649 846 1683 frenandis:
875 1648 964 1680 sicut
982 1646 1199 1680 tristissimae

216 1720 351 1755 poenae
382 1711 518 1740 secutae
550 1710 632 1736 sunt
655 1703 774 1745 lapsus
797 1698 961 1737 Davidis,
998 1697 1199 1730 Salomonis

215 1768 281 1797 etc.
338 1758 384 1792 Et
408 1764 524 1791 tamen
550 1755 642 1787 iuter
664 1750 726 1785 has
750 1761 878 1795 poenas
903 1749 1047 1792 aliquod
1081 1760 1199 1780 semen

215 1810 390 1845 Ecclesiae
414 1817 550 1850 semper
572 1810 747 1838 servatum
774 1809 842 1839 est,
878 1807 917 1834 ut
945 1800 981 1832 in
1005 1798 1109 1832 exilio
1130 1798 1200 1832 Ba-

214 1862 395 1909 bylonico.
1122 1900 1130 1908 ι
1173 1900 1181 1908 Ι

320 1911 371 1946 Ita
395 1910 557 1943 videmus
578 1904 849 1951 promissionem
868 1901 1086 1946 corporalem
1104 1912 1202 1933 simi-

217 1965 299 1998 liter
323 1969 434 1996 ratam
459 1971 530 1993 esse
556 1964 700 2002 propter
724 1955 872 1999 gloriam
897 1953 981 1993 Dei,
1017 1964 1061 1984 ne
1088 1953 1202 1985 extin-

219 2022 346 2059 guatur
365 2011 497 2056 agnitio
514 2009 579 2043 Dei
598 2009 635 2041 in
653 2018 777 2050 genere
795 2004 970 2045 humano,
998 2010 1030 2036 et
1053 2003 1089 2035 in
1113 2003 1200 2047 peti-

217 2067 314 2100 tione
334 2063 436 2098 hunc
460 2060 566 2095 finem
590 2060 807 2097 intueamur,
833 2055 961 2090 Psalm.
982 2054 1083 2089 114.:
1121 2053 1203 2087 Non

219 2113 496 2154 nobisDomine,
519 2123 592 2144 non
611 2109 730 2149 nobis,
757 2109 818 2141 sed
834 2106 971 2140 nomini
990 2112 1049 2139 tuo
1066 2107 1108 2138 da
1128 2105 1202 2147 glo-

220 2169 319 2201 riam.
373 2165 478 2199 Item:
513 2162 594 2196 Non
620 2159 750 2193 mortui
777 2158 972 2191 laudabunt
987 2163 1020 2189 te
1036 2155 1202 2190 Domine.

219 2217 453 2252 Exerceamus
476 2214 583 2257 igitur
607 2218 639 2245 et
661 2211 765 2243 fidem
782 2215 814 2243 et
832 2208 1068 2241 obedientiam
1085 2207 1122 2239 in
1141 2218 1197 2250 pe-

221 2269 365 2309 titione,
408 2273 441 2300 et
469 2262 706 2308 expectatione
741 2260 977 2303 corporalium
1015 2258 1202 2296 bonorum,

220 2320 310 2353 sicut
332 2317 508 2352 Dominus
529 2315 627 2349 iubet
655 2319 771 2357 petere
793 2322 918 2355 panem
944 2309 1202 2354 quotidianum,

220 2378 254 2405 et
286 2370 363 2403 illas
389 2368 512 2402 stultas
545 2363 811 2409 superstitiones
845 2373 966 2394 eorum
992 2371 1202 2398 execremur,

221 2421 282 2467 qui
300 2418 390 2454 hanc
406 2418 612 2462 petitionem
628 2415 756 2448 nolunt
780 2410 1003 2457 interpretari
1029 2412 1072 2443 de
1099 2411 1203 2443 rebus

765 87 890 126 PHIL.
917 85 1034 124 MEL.
1060 83 1273 123 SCRIPTA
1300 81 1601 120 EXEGETICA.

220 2470 474 2516 corporalibus.

322 2521 470 2564 Semper
486 2525 601 2552 autem
619 2517 656 2549 in
675 2521 860 2559 conspectu
882 2514 951 2547 sint
968 2511 1032 2546 hae
1049 2519 1202 2557 quatuor

220 2585 360 2611 causae,
395 2576 538 2616 propter
556 2580 640 2613 quas
656 2567 751 2599 Deus
770 2573 802 2599 et
827 2565 973 2599 tradidit
995 2564 1199 2606 promissio-

219 2636 280 2658 nes
297 2621 513 2666 corporales,
539 2626 572 2652 et
590 2619 664 2650 vult
683 2629 719 2650 ea
738 2618 829 2650 bona
850 2616 931 2660 peti.
992 2614 1109 2648 Prima
1136 2620 1198 2654 est,
1222 2653 1225 2663 Ι

2127 86 2224 121 1864

1245 171 1393 205 consilio
1412 177 1444 204 et
1460 170 1642 204 voluntate
1661 169 1743 211 Dei,
1777 171 1834 204 sed
1853 172 1970 206 Deum
1993 184 2055 206 suo
2080 172 2228 205 consilio

1246 223 1300 255 vel
1327 223 1445 255 fovere
1469 228 1615 254 naturae
1641 221 1751 262 vires,
1778 222 1833 255 vel
1859 224 2036 264 deserere,
2064 224 2117 256 vel
2143 225 2227 256 dare

1245 274 1444 313 facultates,
1472 273 1526 305 vel
1551 284 1624 305 non
1649 273 1745 306 dare.

1348 323 1508 357 Primum
1529 323 1636 366 igitur
1654 323 1696 356 sit
1716 323 1753 355 in
1768 323 1870 356 nobis
1887 320 1972 356 haec
1987 324 2070 357 fides
2089 325 2131 357 de
2147 337 2229 369 pro-

1246 375 1422 415 videntia,
1463 377 1557 419 quod
1582 386 1655 407 nou
1678 386 1759 407 casu
1787 381 1996 418 spargantur
2028 373 2111 408 haec
2135 377 2229 409 bona

1246 428 1321 459 sine
1338 425 1486 459 consilio
1505 423 1581 457 Dei.
1634 424 1723 457 Nam
1743 423 1826 458 haec
1842 425 1926 457 fides
1943 432 1992 458 est
2015 426 2228 459 fundamen-

1246 485 1320 511 tum
1358 476 1538 520 petitionis
1571 482 1603 508 et
1636 476 1826 516 gratiarum
1864 476 2023 510 actionis.
2078 475 2124 511 Et
2159 477 2230 512 sint

1246 535 1329 561 nota
1346 528 1461 571 aliqua
1479 526 1677 560 testimonia
1698 525 1799 562 Deut.
1816 526 1869 561 8.:
1896 526 1977 560 Non
1995 528 2031 560 in
2049 529 2123 561 solo
2141 540 2231 572 pane

1246 579 1339 612 vivet
1367 576 1493 618 homo,
1530 578 1588 610 sed
1615 590 1654 610 ex
1677 578 1773 610 omni
1799 578 1926 618 verbo,
1956 580 2048 623 quod
2073 579 2231 622 procedit

1247 642 1287 662 ex
1311 642 1369 662 ore
1389 629 1523 664 divino.
1563 627 1667 663 Deut.
1692 628 1767 661 30.:
1811 628 1885 672 lpse
1909 636 1956 662 est
1985 630 2054 663 vita
2084 637 2163 670 tua,
2197 636 2232 663 et

1248 681 1432 722 longitudo
1465 680 1603 712 dierum
1636 686 1791 713 tuorum.
1842 679 1942 715 Aeto.
1972 680 2046 715 17..-
2080 680 2132 726 ⁴ln
2157 681 2232 724 ipso

1248 731 1418 767 sivimus,
1441 742 1625 762 movemur
1642 737 1674 763 et
1689 741 1820 763 sumus.
1857 728 2067 766 Matth.10.:
2097 730 2233 764 Omnes

1248 783 1365 824 capilli
1385 782 1507 824 capitis
1525 781 1629 813 vestri
1649 782 1822 814 numerati
1840 789 1932 817 suut.
1975 782 2231 818 Proverb,10,:

1248 832 1452 865 Benedictio
1485 830 1629 863 Domini
1665 832 1790 864 divites
1825 832 1916 867 facit.
1980 833 2151 868 Proverb.
2177 834 2231 868 3.:

1248 882 1390 926 Egestas
1408 894 1424 915 a
1441 880 1596 914 Domino
1615 882 1651 914 in
1666 883 1772 915 domo
1791 883 1902 926 impii.
1957 883 2042 917 lere.
2059 885 2096 917 in
2115 882 2232 917 Thre-

1248 936 1303 967 nis
1319 946 1393 978 cap.
1411 933 1460 968 3.:
1491 932 1580 975 Quis
1603 940 1653 966 est
1677 933 1758 974 iste,
1784 934 1844 977 qui
1867 933 1950 966 dicit
1968 936 2044 968 fieri
2060 933 2144 968 haec
2160 947 2232 968 non

1248 986 1392 1018 iubente
1423 982 1598 1021 Domino,
1631 982 1683 1016 Ex
1705 996 1764 1016 ore
1788 982 1935 1017 Domini
1964 997 2027 1019 nec
2050 987 2143 1020 bona
2171 997 2235 1018 nec

1248 1037 1339 1069 mala
1363 1034 1612 1079 egredientur?

1351 1086 1519 1131 Sequitur
1551 1096 1632 1128 ergo
1667 1084 1796 1117 deinde
1829 1086 1936 1119 altera
1969 1099 2082 1122 causa.
2141 1085 2232 1120 Cum

1249 1138 1482 1171 certissimum
1503 1136 1547 1170 sit
1564 1133 1647 1168 baec
1665 1136 1755 1169 bona
1776 1137 1947 1170 divinitus
1966 1138 2060 1177 dari,
2085 1144 2235 1182 utroque

1249 1190 1356 1222 modo
1380 1188 1457 1221 vult
1481 1186 1576 1220 Deus
1598 1187 1750 1220 exerceri
1768 1187 1889 1227 fidem,
1918 1189 2086 1232 petitione
2102 1194 2136 1222 et
2153 1199 2232 1232 gra-

1249 1240 1378 1274 tiarum
1402 1238 1557 1279 actione,
1584 1238 1660 1271 vult
1678 1249 1712 1270 se
1727 1239 1867 1280 agnosci
1887 1247 2077 1273 creatorem
2103 1251 2175 1272 esse
2200 1245 2234 1272 et

1250 1292 1407 1324 datorem
1426 1290 1518 1322 vitae
1536 1296 1568 1322 et
1585 1289 1714 1329 victus,
1742 1289 1817 1323 vult
1845 1287 1910 1323 hoc
1935 1290 2104 1323 celebrari
2120 1291 2158 1322 in
2174 1302 2235 1334 pe-

1249 1342 1375 1375 titione
1400 1347 1432 1374 et
1459 1340 1650 1383 gratiarum
1676 1340 1825 1374 actione.
1877 1340 1976 1375 Sicut
1998 1342 2084 1374 dicit
2107 1340 2237 1374 Psalm.

1251 1391 1328 1426 50.:
1367 1391 1494 1424 lux-oca
1520 1403 1575 1423 me
1601 1391 1638 1423 in
1664 1391 1720 1423 die
1744 1390 2006 1434 tribulationis,
2033 1398 2067 1426 et
2088 1392 2234 1436 eripiam

1250 1451 1303 1483 te,
1333 1450 1365 1476 et
1390 1441 1600 1485 glorificabis
1625 1453 1691 1476 me.

1353 1493 1475 1526 Tertia
1500 1503 1600 1524 causa
1620 1499 1687 1533 est,
1714 1491 1789 1525 Hae
1804 1493 2055 1536 promissiones
2077 1500 2160 1527 sunt
2183 1500 2235 1527 te-

1252 1544 1416 1578 stimonia
1433 1544 1475 1575 de
1490 1543 1755 1575 conservatione
1767 1541 1944 1576 Ecclesiae
1960 1545 1997 1576 in
2016 1542 2081 1577 hac
2096 1544 2238 1578 mortali

1251 1596 1341 1633 vita,
1382 1595 1461 1626 ideo
1491 1593 1585 1625 enim
1618 1593 1765 1631 dantur,
1806 1605 1851 1625 ne
1883 1594 2030 1628 intereat
2064 1593 2237 1631 Ecclesia,

1252 1646 1347 1679 iuxta
1374 1645 1466 1678 illud
1485 1641 1618 1676 Psalmi
1646 1643 1742 1678 114.:
1778 1644 1863 1677 Non
1887 1646 2018 1679 mortui
2042 1646 2239 1679 laudabunt

1251 1704 1285 1730 te
1309 1695 1473 1730 Domine.
1530 1693 1615 1727 Item
1642 1692 1770 1729 Matth.
1798 1696 1848 1729 6.:
1891 1694 2050 1729 Primum
2081 1697 2239 1742 quaerite

1252 1759 1399 1791 regnum
1417 1745 1504 1785 Dei,
1532 1753 1565 1778 et
1587 1754 1721 1779 caetera
1745 1746 1958 1779 adiicientur
1975 1747 2086 1780 vobis.

1353 1797 1501 1840 Quarta,
1529 1794 1665 1829 Omnes
1682 1796 1931 1840 promissiones
1943 1798 2141 1842 corporales
2157 1805 2240 1832 sunt

1254 1847 1608 1883 commonefactiones
1643 1849 1686 1880 de
1720 1847 1917 1894 spirituali,
1966 1850 2148 1890 videlicet,
2194 1850 2239 1882 de
2277 1847 2282 1850 ’

1253 1901 1325 1933 filio
1346 1899 1431 1939 Dei,
1457 1898 1538 1943 quia
1557 1910 1620 1931 nec
1637 1899 1801 1931 invocare
1818 1897 1932 1932 Deum
1950 1911 2152 1944 possumus,
2168 1900 2238 1933 nisi

1254 1952 1352 1996 prius
1376 1951 1525 1983 sciamus
1550 1961 1615 1982 nos
1641 1949 1748 1993 recipi
1769 1955 1801 1982 et
1818 1951 1976 1983 exaudiri
1997 1958 2139 1995 propter
2164 1963 2237 1983 me-

1254 2003 1438 2035 diatorem.
1492 2000 1587 2033 Haec
1616 2000 1702 2033 fides
1731 2000 1769 2032 in
1799 2001 1897 2032 omni
1932 2002 2103 2046 petitione
2131 2001 2237 2035 etiam

1255 2052 1492 2096 corporalium
1514 2052 1690 2084 honorum
1706 2051 1919 2094 praeluceat:
1949 2054 1995 2086 ita
2015 2053 2237 2097 perspicuum

1255 2111 1324 2145 est,
1365 2115 1443 2136 cum
1467 2103 1553 2135 fides
1575 2102 1662 2144 petit
1689 2102 1905 2145 corporalia,
1949 2104 2054 2137 simul
2076 2110 2238 2148 oportere

1254 2155 1405 2188 exerceri
1432 2154 1637 2197 petitionem
1663 2153 1893 2196 spiritualem.

1355 2204 1452 2238 Haec
1469 2211 1540 2237 tota
1564 2205 1724 2237 doctrina
1749 2204 1792 2236 de
1816 2204 2109 2247 promissionibus
2131 2205 2237 2249 spiri-

1254 2257 1409 2291 tualibus
1430 2263 1462 2288 et
1479 2255 1720 2298 corporalibus
1737 2255 1918 2288 notissima
1939 2256 1983 2290 sit
1998 2257 2175 2297 omnibus,
2203 2263 2236 2289 et

1254 2308 1412 2354 quotidie
1432 2307 1468 2339 in
1488 2306 1711 2339 invocatione
1728 2313 1936 2347 exerceatur,
1953 2307 1991 2339 in
2008 2319 2075 2352 qua
2095 2307 2236 2351 publica

1254 2366 1286 2392 et
1305 2358 1439 2404 privata
1463 2358 1555 2391 hona
1573 2358 1720 2400 petenda
1739 2364 1839 2398 sunt,
1865 2357 2029 2391 salutaria
2054 2358 2237 2401 regimina,

1255 2422 1338 2454 pax,
1364 2410 1494 2447 victus,
1524 2409 1615 2441 bona
1632 2409 1796 2441 valetudo
1818 2414 1850 2441 et
1869 2408 1935 2441 alia
1958 2408 2062 2444 hona.
2117 2408 2156 2441 ln
2180 2407 2236 2441 his

1254 2460 1426 2494 exercitiis
1444 2460 1500 2493 fiet
1518 2460 1676 2492 doctrina
1700 2459 1807 2502 magis
1831 2459 2030 2503 perspicua,
2057 2467 2088 2493 et
2105 2467 2234 2493 crescet

1253 2512 1356 2552 fides,
1401 2523 1489 2556 quae
1520 2511 1717 2553 experietur
1747 2507 1838 2542 hanc
1868 2510 2129 2543 invocationem
2157 2522 2232 2543 non

1253 2574 1325 2595 esse
1351 2563 1499 2595 irritam.
1559 2561 1718 2594 Sciamus
1742 2560 1845 2593 etiam
1872 2559 1987 2593 Deum
2019 2559 2104 2594 haec
2136 2572 2235 2594 exer-

1252 2614 1332 2646 citia
1356 2613 1550 2657 postulare,
1600 2619 1633 2646 et
1656 2609 1745 2644 hanc
1770 2611 2028 2645 invocationem
2056 2623 2128 2645 esse
2158 2611 2234 2644 cul-

221 2676 314 2719 Quia
332 2674 406 2707 vult
424 2671 570 2715 intelligi
591 2667 672 2703 haec
690 2669 780 2702 bona
796 2679 867 2699 non
886 2666 999 2710 spargi
1025 2677 1104 2699 casu
1122 2666 1196 2698 siue
1220 2666 1225 2697 l
1250 2672 1322 2697 tum
1341 2663 1415 2697 Deo
1443 2663 1633 2708 placentem
1658 2663 1694 2695 in
1719 2662 1952 2696 credentibus.
1996 2661 2094 2697 Sicut
2118 2662 2235 2707 inquit
