2415 2942
58 82 132 120 765
238 81 335 118 xm.

60 170 157 204 velit.
211 167 326 202 Multa
351 167 444 200 enim
470 174 607 215 recepta
641 174 759 208 erant,
793 178 882 211 quae
909 178 953 199 ne
980 167 1052 209 ipse

60 221 202 267 quidem
230 220 374 264 probat,
410 218 482 251 imo
515 216 725 262 reprebendi
751 225 784 252 et
809 217 935 259 corrigi
963 218 1052 260 vult,

60 272 232 318 quaedam
251 282 348 303 more
366 270 462 302 illius
479 270 647 313 temporis
666 270 846 308 observat,
876 275 914 301 ut
930 280 1052 302 omnes

62 323 305 369 praesentibus
331 321 491 354 moribus
517 321 625 354 multa
647 320 905 353 condonamus-

164 372 280 406 Huius
299 379 408 406 aetate
429 372 688 416 percrebescere
711 381 889 403 sermones
906 371 948 402 de
967 381 1050 413 pur-

62 425 198 469 gatorio
228 429 439 467 coeperunt,
484 433 571 467 quos
603 422 675 466 ipse
711 433 774 453 nec
803 421 951 461 refutat,
988 433 1050 453 nec

63 477 265 515 confirmat,
291 482 427 508 tantum
453 479 589 513 narrat,
624 472 790 517 inquiens
812 473 982 516 quosdam
1002 472 1051 504 sic

63 527 281 566 existimare,
323 525 465 569 purgari
498 524 632 556 animas
668 523 827 565 piorum,
863 530 1049 567 postquam

63 579 296 613 discesserunt
320 589 338 610 a
360 575 577 620 corporibus.
646 573 714 608 Sed
742 574 833 606 libro
860 575 1050 607 confessio—

63 641 148 663 num
172 628 206 662 9.
233 628 320 672 petit
343 626 396 660 his
421 625 537 659 verbis
562 625 798 669 precationem
824 637 886 669 pro
912 633 1048 658 mortua

62 687 191 715 matre:
222 679 355 722 lnspira
380 677 536 711 Domine
563 676 672 709 servis
694 676 780 716 tuis,
816 683 853 709 ut
881 678 921 708 ad
942 676 1049 709 altare

64 730 291 765 meminerint
316 728 434 762 matris
461 739 557 760 meae
573 734 606 761 et
622 727 749 770 patris,
786 740 848 759 nec
874 728 958 771 petit
977 740 1049 759 am-

63 782 166 827 plius.
226 780 437 824 Quanquam
462 785 578 812 autem
612 776 679 811 hoc
705 780 902 811 verecunde
921 779 1051 811 dicitur

63 834 155 877 apud
176 832 293 871 illurn,
321 837 438 863 tamen
467 841 562 862 nunc
583 830 727 863 sceleste
749 831 981 874 detorquetur
1007 830 1049 862 ad

61 883 278 917 oblationem
303 880 511 914 sacramenti
535 892 598 924 pro
623 881 791 925 mortuis,
821 881 936 926 qualis
958 893 1051 913 non·-

62 936 146 968 dum
165 933 231 966 fuit
248 931 440 974 Augustini
463 938 632 975 tempore.

163 983 321 1017 Fuerunt
340 990 373 1015 et
392 989 470 1016 vota
489 983 616 1016 usitata
636 995 676 1016 eo
694 989 871 1027 tempore,
897 989 929 1015 et
946 994 1052 1027 quae-

63 1035 129 1071 stio
160 1034 304 1074 incidit,
339 1045 383 1066 an
418 1033 579 1076 coniugia
613 1040 690 1078 post
721 1041 843 1067 votum
874 1040 1052 1067 contracta

63 1085 205 1121 dissolvi
225 1086 386 1119 debeant.
438 1083 515 1118 Hac
539 1086 582 1118 de
605 1097 641 1117 re
668 1092 760 1119 extat
785 1085 956 1118 sententia
975 1085 1050 1117 Au-

62 1136 192 1182 gustini
218 1137 256 1169 in
281 1135 430 1169 decretis
455 1135 516 1170 27.
535 1148 567 1179 q.
589 1138 619 1170 1.
638 1134 677 1169 C.
707 1137 923 1180 nuptiarum.
984 1135 1052 1168 Hic

62 1189 125 1222 etsi
145 1188 365 1230 Augustinus
383 1187 460 1230 plus
480 1188 603 1221 tribuit
622 1187 713 1220 votis
737 1200 841 1232 quam
863 1186 1052 1220 convenie-

62 1241 139 1280 bat,
166 1247 282 1272 tamen
308 1238 519 1282 pronunciat
544 1238 706 1280 coniugia
730 1246 806 1282 post
823 1245 942 1272 votum
968 1249 1053 1270 con-

61 1297 170 1324 tracta
197 1301 269 1322 non
293 1301 365 1322 esse
389 1289 631 1329 dissolvenda,
657 1297 689 1323 et
710 1289 861 1323 affirmat
885 1301 964 1321 vere
982 1300 1053 1321 esse

62 1341 244 1383 coniugia,
281 1341 361 1385 quia
387 1340 494 1372 altera
514 1353 661 1383 persona
688 1353 759 1373 non
779 1342 882 1374 debet
901 1352 979 1372 cum
997 1340 1053 1371 in-

63 1393 153 1426 iuria
172 1391 316 1424 alterius
332 1391 447 1424 redire
471 1392 512 1423 ad
540 1399 671 1425 votum.
725 1391 797 1425 Nec
820 1392 857 1424 fit
883 1390 1052 1433 obligatio

63 1443 162 1477 irrita
180 1443 273 1476 inter
300 1443 386 1475 duas
412 1453 598 1483 personas,
635 1443 772 1476 etiamsi
800 1443 906 1476 altera
935 1442 1052 1474 attulit

63 1494 297 1528 mutationem
323 1493 451 1536 prioris
476 1494 660 1537 propositi.
721 1492 815 1527 Haec
850 1494 885 1526 in
916 1505 1051 1526 summa

64 1545 201 1578 dicitin
218 1557 257 1577 eo
273 1551 380 1579 textu.
434 1544 503 1577 Sed
530 1544 607 1587 plus
632 1545 741 1578 valuit
767 1557 865 1577 error
892 1546 934 1577 de
952 1544 1054 1583 votis,

65 1607 170 1640 quam
197 1592 281 1627 haec
306 1595 477 1636 mitigatio
501 1596 703 1636 Augustini.
765 1595 846 1628 ldeo
881 1595 1053 1628 constitu-

66 1646 179 1679 tiones
198 1652 315 1689 postea
332 1652 487 1685 secutae,
516 1645 755 1678 distraxerunt
772 1647 946 1689 coniugia.
991 1644 1053 1676 Vi-

66 1697 118 1730 dit
134 1694 353 1738 Augustinus
372 1695 467 1727 illam
486 1696 749 1728 distractionem
781 1697 941 1729 vitiosam
970 1708 1054 1735 esse,

66 1749 124 1781 sed
152 1759 223 1779 non
250 1747 332 1779 satis
357 1746 613 1786 consideravit,
645 1747 729 1791 quid
762 1748 799 1779 in
832 1748 915 1791 ipsis
948 1747 1053 1780 etiam

66 1798 156 1831 votis
184 1798 261 1831 vitii
279 1798 402 1839 suerit,
430 1799 523 1842 quod
543 1805 613 1830 erat
632 1798 826 1831 obscurius.
881 1798 1053 1830 Vinceba-

66 1856 124 1884 tur
139 1849 233 1882 enim
254 1849 459 1891 vulgaribus
477 1849 708 1891 opinionibus
736 1850 788 1882 sui
807 1849 927 1884 seculi.
981 1849 1054 1882 Iam

66 1911 142 1934 mos
165 1907 324 1942 receptus
350 1907 422 1933 erat
445 1900 594 1932 faciendi
621 1908 719 1941 vota,
752 1912 877 1943 magna
905 1902 1054 1933 eratad-

66 1952 207 1984 miratio
226 1951 418 1983 multorum
448 1951 484 1982 in
511 1963 551 1983 eo
577 1951 667 1984 vitae
685 1963 811 1994 genere
833 1952 1054 1994 degentium:

67 2002 267 2036 Admiratio
285 2009 400 2035 autem
420 2002 551 2035 iudicio
573 2002 693 2038 officit.
746 2002 826 2036 Non
853 2003 959 2045 igitur
984 2002 1055 2034 dis—

69 2053 230 2096 putabat,
255 2064 299 2084 an
318 2053 474 2085 valerent
499 2062 597 2093 vota,
622 2066 700 2086 cum
719 2055 861 2098 quidem
883 2054 984 2086 multi
1003 2064 1056 2085 es-

69 2110 146 2137 sent
169 2114 304 2137 errores
323 2103 483 2146 impliciti
502 2103 591 2143 illis,
620 2102 842 2137 habebantur
867 2118 929 2148 pro
951 2104 1056 2138 culti-

68 2155 155 2195 bus,
183 2165 245 2197 pro
269 2153 438 2196 singulari
465 2155 591 2187 merito
614 2155 792 2196 iusticiae,
832 2156 1056 2199 perfectione,

68 2205 152 2240 item
170 2205 345 2249 plerisque
368 2211 466 2237 erant
491 2204 734 2248 impossibilia.
794 2206 890 2239 Haec
914 2207 939 2240 si
960 2207 1057 2251 prius

69 2256 269 2295 refutasset,
301 2256 427 2288 melius
459 2253 648 2299 prohibere
683 2258 947 2292 distractionem
972 2271 1058 2291 con-

69 2307 245 2350 iugiorum
264 2307 444 2350 potuisset.

171 2356 318 2391 Constat
336 2357 443 2400 igitur
459 2358 590 2392 multos
614 2359 744 2392 abusus
768 2359 827 2391 illa
853 2366 963 2393 aetate
988 2360 1057 2392 iam

72 2406 222 2442 haesisse
248 2409 285 2441 in
313 2406 487 2450 Ecclesia,
523 2421 674 2454 quorum
703 2410 768 2443 etsi
799 2411 978 2454 aliquibus
997 2413 1057 2444 ad-

73 2466 228 2492 versatus
245 2466 295 2493 est
310 2458 549 2503 Augustinus,
578 2467 693 2494 tamen
712 2461 849 2506 aliquos
869 2463 952 2494 boni
973 2474 1057 2495 con-

73 2510 200 2549 suluit,
231 2510 292 2554 qui
321 2517 507 2556 postquam
538 2512 657 2545 retecti
691 2519 791 2553 sunt,
826 2525 898 2545 non
929 2514 1058 2548 debent

73 2559 226 2594 defendi.
288 2561 431 2595 Deinde
465 2563 600 2597 etiamsi
623 2571 780 2597 veterum
808 2565 964 2607 exempla
993 2576 1057 2598 suo

73 2619 231 2655 tempore
247 2611 464 2647 dissimulata
488 2621 590 2656 sunt,
617 2621 733 2648 tamen
757 2627 852 2648 nunc
866 2617 908 2648 ad
927 2616 1055 2649 confir-

72 2663 222 2696 mandos
246 2663 395 2697 maiores
423 2665 569 2708 abusus,
604 2678 827 2712 nequaquam
859 2677 1057 2701 accommo-

388 83 424 117 2.
453 78 819 116 COMMENTARII
847 80 897 115 IN
925 80 1080 116 EPlST.

1109 79 1254 115 PAULI
1283 79 1349 116 AD
1378 81 1638 118 ROMANOS.
1698 82 1799 118 CAP.
1825 83 1923 120 xtv.
2032 85 2105 119 766

1108 166 1184 199 dari
1209 167 1357 208 debent,
1393 176 1431 202 ut
1458 181 1682 214 nequaquam
1708 170 1799 203 valet
1825 171 2099 214 consequentia:

1107 215 1328 260 Augustinus
1346 220 1443 253 iubet
1467 222 1510 252 ad
1537 221 1646 253 altare
1671 222 1907 264 precationem
1937 222 2012 254 fieri
2037 234 2101 265 pro

1106 275 1237 309 matre,
1264 267 1359 312 Ergo
1384 272 1634 314 approbandae
1660 279 1742 306 suut
1758 271 1889 305 Missae
1913 284 1975 315 pro
2004 285 2102 305 mor-

1106 318 1185 352 tuis.
1242 317 1333 353 Aut:
1367 319 1558 364 Augustini
1588 330 1745 365 tempore
1777 324 1922 368 quidam
1947 323 2100 357 arbitra-

1104 369 1237 402 bantur
1254 381 1326 403 esse
1344 373 1587 414 purgatorium
1600 400 1608 414 ,
1637 372 1730 415 Ergo
1750 375 2002 417 approbandae
2018 381 2101 408 sunt.

1106 419 1258 460 Missae,
1287 422 1548 465 indulgentiae,
1586 431 1618 456 et
1656 425 1744 456 aliae
1775 425 2003 458 fundationes
2034 438 2099 469 pro

1104 472 1253 504 mortuis
1292 475 1517 515 excogitatae.
1587 474 1677 507 Nam
1712 476 1902 517 Augustini
1941 483 2100 521 tempore

1104 523 1265 555 nondum
1298 532 1399 557 erant
1432 522 1497 557 liae
1530 526 1753 568 prodigiosae
1779 526 1996 570 impietates,
2035 527 2098 561 etsi

1104 574 1274 617 paulatim
1293 576 1427 608 semina
1447 588 1566 620 sparsa
1587 585 1681 611 sunt.

1469 659 1523 695 De
1543 660 1731 704 Gregorio.

1207 728 1314 761 Anno
1346 726 1432 763 590,
1481 728 1560 761 iniit
1606 729 1851 772 pontificatum
1891 727 2100 772 Gregorius,

1103 792 1181 813 cum
1208 786 1321 812 esseut
1353 781 1461 813 exacti
1499 779 1585 812 anni
1620 787 1699 823 post
1725 778 1917 822 Augustini
1948 787 2098 813 mortem

1108 829 1190 866 157.
1244 830 1380 863 {nterea
1400 832 1615 864 influxerant
1642 831 1678 863 iu
1701 829 1838 864 Italiam
1864 831 1994 863 multae
2019 831 2100 863 bar-

1105 884 1208 915 barae
1227 889 1365 924 gentes,
1395 880 1543 923 Gotthi,
1569 880 1818 924 Lougobardi‚
1847 879 2025 916 ethorum
2043 893 2101 915 so-

1105 934 1161 967 cii.
1218 933 1260 966 Et
1281 946 1351 966 non
1370 934 1485 966 solum
1507 933 1623 966 studia
1641 933 1822 965 literarum
1844 933 2100 971 conticuerant,

1105 992 1136 1017 et
1154 983 1330 1017 Ecclesiae
1350 985 1527 1028 neglectae
1545 991 1665 1025 erant,
1693 985 1751 1016 sed
1781 984 1884 1016 etiam
1903 984 1985 1016 illae
2003 985 2100 1027 ipsae

1105 1036 1275 1068 barbarae
1302 1043 1440 1079 gentes,
1476 1047 1566 1080 quae
1597 1036 1765 1068 tenebant
1790 1034 1947 1075 ltaliam,
1981 1047 2099 1068 secum

1105 1087 1332 1127 invexerunt,
1367 1094 1426 1120 aut
1452 1087 1553 1120 facile
1586 1092 1795 1130 receperunt
1819 1087 1948 1119 multas
1974 1097 2099 1129 super-

1104 1138 1256 1171 stitiosas
1287 1138 1486 1181 opiniones.
1555 1136 1638 1170 Ideo
1671 1137 1772 1170 brevi
1807 1144 1965 1182 tempore
1997 1137 2099 1170 valde

1105 1190 1275 1222 cumulati
1294 1197 1374 1223 sunt
1394 1191 1536 1222 abusus.

1207 1255 1247 1288 lu
1278 1256 1337 1288 illa
1368 1255 1619 1288 dilaceratione
1652 1255 1772 1289 Italiae
1805 1256 1995 1288 videbatur
2026 1266 2101 1288 esse

1105 1307 1292 1350 peculiaris
1309 1306 1474 1346 felicitas,
1501 1307 1620 1339 abesse
1638 1319 1655 1339 a
1672 1306 1811 1349 Repub.
1826 1307 1949 1351 procul
1977 1307 2013 1338 in
2033 1307 2100 1339 ali-

1106 1370 1172 1402 qua
1192 1357 1385 1390 solitudine
1411 1359 1554 1399 degere,
1582 1358 1657 1390 sine
1684 1357 1838 1396 familia,
1865 1357 1940 1390 sine
1967 1357 2100 1395 liberis,

1107 1421 1178 1440 nou
1201 1416 1355 1453 spectare
1375 1409 1519 1442 urbium
1545 1409 1700 1448 excidia,
1728 1415 1760 1441 et
1786 1410 2016 1442 vastationem
2038 1421 2100 1453 pa-

1107 1461 1204 1493 triae.
1262 1459 1433 1492 Miserum
1456 1467 1505 1492 est
1525 1460 1618 1492 enim
1639 1461 1754 1492 dicere
1773 1460 1884 1497 illud,
1913 1460 2007 1504 quod
2028 1459 2099 1493 Ae-

1109 1523 1189 1543 neas
1211 1511 1343 1555 iuquit:
1370 1509 1415 1544 Et
1435 1523 1586 1555 quorum
1609 1523 1686 1554 pars
1712 1523 1838 1553 magna
1860 1511 1921 1545 sui.
1978 1510 2100 1555 Itaque

1108 1562 1255 1594 modesti
1284 1560 1466 1601 homines,
1494 1562 1553 1606 qui
1580 1559 1758 1594 habebant
1781 1562 1950 1600 familia&
1978 1569 2099 1604 gratu-

1108 1613 1272 1645 labantur
1303 1610 1486 1644 monacliis
1526 1624 1623 1645 suam
1664 1613 1971 1657 tranquillitatem.
2040 1612 2100 1646 Sic

1106 1664 1214 1696 crevit
1242 1664 1430 1696 admiratio
1458 1661 1734 1704 monachorum,
1767 1671 1799 1697 et
1833 1664 1951 1708 plures
1975 1675 2100 1708 coepe—

1107 1721 1188 1747 runt
1207 1726 1373 1759 quaerere
1394 1721 1426 1747 et
1444 1727 1560 1747 amare
1577 1726 1738 1748 secessus.

1208 1782 1345 1815 Deinde
1379 1779 1540 1814 homines
1574 1782 1715 1814 barbari
1755 1789 1880 1815 natura
1922 1781 2098 1815 mirantur

1106 1844 1218 1866 novos
1242 1834 1348 1873 ritus,
1377 1833 1435 1876 qui
1460 1834 1608 1876 speciem
1628 1831 1759 1866 liabent
1785 1833 1931 1866 eximiae
1951 1833 2100 1876 pietatis,

1107 1891 1140 1917 et
1165 1891 1332 1928 tanquam
1355 1885 1554 1917 commercii
1581 1898 1658 1917 cum
1685 1884 1772 1917 Deo.
1843 1881 1943 1917 Nil-iil
1968 1885 2099 1917 mirum

1107 1942 1156 1968 est
1182 1936 1289 1977 igitur
1319 1942 1403 1967 tunc
1435 1944 1465 1968 et
1499 1933 1755 1968 monachorum
1790 1942 1909 1968 coetus
1939 1935 2100 1974 crevisse,

1108 1993 1139 2019 et
1158 1986 1363 2029 plausibiles
1381 1987 1568 2029 opiniones
1592 1988 1634 2018 de
1660 1987 1721 2020 illo
1738 1998 1864 2029 genere
1885 1998 2030 2029 operum
2048 1986 2099 2018 la-

1107 2038 1177 2070 tius
1204 2044 1343 2080 vagatas
1367 2049 1459 2077 esse,
1488 2044 1519 2070 et
1546 2038 1732 2070 extinctam
1768 2036 1956 2080 Evangelii
1986 2037 2099 2070 lucem

1107 2090 1149 2121 de
1169 2100 1248 2121 vera
1275 2088 1341 2120 fide
1371 2095 1403 2121 et
1420 2089 1509 2121 veris
1529 2089 1697 2122 cultibus.

1210 2155 1320 2189 Grata
1345 2156 1449 2189 etiam
1482 2157 1640 2189 barbaris
1668 2157 1733 2189 fuit
1757 2155 1936 2188 veneratio
1960 2163 2100 2189 sancto-

1108 2219 1199 2241 rum.
1226 2206 1415 2251 Postquam
1433 2209 1538 2240 semel
1556 2215 1733 2252 receptum
1751 2214 1823 2240 erat
1842 2204 1983 2240 ethnico
2002 2219 2101 2241 more

1110 2270 1236 2291 ornare
1273 2258 1394 2291 statuis
1431 2266 1463 2292 et
1498 2259 1767 2302 periculiaribus
1799 2258 1956 2301 templis,
1990 2259 2100 2293 crevit

1111 2321 1185 2342 mos
1210 2310 1408 2343 imitatione
1433 2317 1627 2352 potentum.
1689 2309 1735 2342 Et
1764 2309 1932 2352 paulatim
1961 2315 2099 2342 tantum

1110 2361 1252 2394 accessit
1274 2361 1482 2405 impietatis,
1526 2368 1564 2394 ut
1601 2358 1693 2393 nihil
1726 2360 1886 2393 differret
1919 2361 2099 2394 veneratio

1110 2419 1330 2452 sanctorum,
1359 2410 1414 2444 liis
1433 2412 1687 2454 posterioribus
1705 2411 1849 2450 seculis,
1877 2423 1894 2443 a
1913 2411 2098 2444 manifesta

1109 2461 1343 2496 Ethnicorum
1362 2463 1537 2497 idolatria.
1569 2462 1829 2496 lnvocabantur
1847 2460 1966 2501 Anna,
1984 2460 2097 2495 Geor-

1109 2514 1206 2557 gius,
1235 2526 1307 2547 non
1330 2515 1432 2547 aliter
1456 2526 1558 2558 quam
1586 2512 1696 2555 luno,
1731 2513 1849 2553 Mars,
1877 2520 1937 2546 aut
1960 2511 2099 2546 Hercu-

1109 2566 1169 2600 les.
1224 2564 1442 2599 Currebatur
1460 2566 1502 2597 ad
1521 2571 1672 2604 statuas,
1700 2571 1733 2598 et
1758 2575 1883 2606 magna
1908 2564 2098 2597 autoritate

1107 2616 1213 2650 talem
1239 2612 1512 2659 εἶδωλομανίαν
1533 2616 1791 2649 confirmabant
1806 2613 1994 2657 Episcopi,
2021 2614 2099 2647 lau-

1109 2668 1239 2701 dabant
1264 2667 1435 2701 doctores.
1493 2665 1540 2701 Et
1565 2667 1603 2700 in
1629 2667 1759 2701 talibus
1783 2666 1937 2700 cultibus
1955 2671 2028 2698 erat
2045 2676 2101 2698 re-
