2415 2942
277 103 350 138 967

282 186 383 219 ltem:
420 182 585 216 Alienum
618 189 706 222 opus
732 176 813 209 facit
835 175 952 211 Deus,
985 181 1022 207 ut
1051 173 1154 207 saciat
1180 184 1262 217 pro·
1285 179 1288 199 ²

856 89 982 126 PHlL.
1016 87 1132 124 MEL.
1171 87 1378 124 SCRIPTA
1415 85 1713 122 EXEGETICA.

2219 87 2295 124 968

1312 173 1407 217 poris
1431 183 1639 205 aerumnas:
1678 178 1711 205 et
1737 170 1944 207 intexuntur
1971 183 2095 207 causae
2121 178 2154 206 et
2184 183 2300 205 exem-

282 237 397 280 prium
421 243 529 276 opus,
563 231 597 263 id
625 235 692 268 est,
728 227 813 260 sinit
843 225 950 268 affligi
976 222 1188 262 Ecclesiam,
1224 230 1262 257 ut
1285 210 1288 232 t
1312 224 1409 268 plum
1427 221 1572 257 Clu-isti.

283 285 442 319 ostendat
466 294 500 315 se
523 292 593 314 esse
623 280 845 312 liberatorem
869 283 933 309 etc.
1002 274 1040 307 ln
1064 286 1101 308 ea
1132 274 1262 317 cogita-

284 337 378 370 tione
395 332 665 377 promissionum
693 336 724 362 et
746 330 781 360 in
801 327 1000 370 precatione
1025 327 1127 359 datur
1144 325 1264 369 Spiri-

285 394 340 420 tus
364 391 521 420 sanctus,
549 389 581 415 et
605 381 754 413 sentitur
768 379 842 410 eius
867 377 1036 416 efficacia,
1063 383 1102 409 ut
1122 377 1164 409 de
1183 388 1265 419 pro-

285 435 511 469 missionibus
530 433 658 465 dicitur
675 431 710 463 in
729 429 867 462 Psalmo
877 427 927 462 5.:
957 427 1130 461 Sustinuit
1147 427 1263 459 anima

287 498 362 519 mea
387 487 422 518 in
450 485 555 517 verbo
581 483 663 515 eius.
724 478 775 513 Ac
799 479 979 512 sciendum
1009 485 1077 517 est,
1115 477 1163 510 sic
1188 476 1264 509 dari

290 536 464 581 Spiritum
485 540 660 571 sanctum,
688 530 870 569 videlicet,
898 530 933 560 in
953 528 1164 570 cogitatione
1183 539 1265 574 pro-

290 586 468 621 missionis
501 592 532 617 et
567 584 602 616 in
637 581 847 626 precatione.
907 579 1005 612 Sicut
1031 585 1063 611 et
1093 578 1267 612 Dominus

290 637 422 682 inquit:
453 636 594 678 Quanto
620 633 728 674 inagis
753 638 848 674 pater
865 637 978 663 vester
995 630 1153 662 coelestis
1171 628 1267 661 dabit

291 688 462 733 Spiritum
484 693 639 718 sanctum
658 682 866 727 petentibus.
1244 716 1246 718 v

392 736 535 771 Caetera
563 736 598 767 in
627 740 721 767 textu
743 732 842 764 Pauli
865 730 1068 763 describunt
1093 728 1270 772 magnitu-

291 790 411 822 dinem
441 788 602 819 dolorum
631 791 662 816 et
688 784 817 816 luctae:
852 781 1031 814 Nescimus
1057 781 1141 824 quid
1175 787 1270 823 peta-

293 852 369 874 mus
393 846 477 877 etc.‚
512 837 570 869 Sk'tl
597 834 748 878 Spiritus
773 831 975 876 interpellat
998 843 1061 874 pro
1088 831 1191 863 nobis
1214 841 1271 873 ge-

293 890 438 924 mitibus
464 885 781 923 inemrrabilitms,
814 883 849 915 id
879 889 946 922 est,
981 882 1119 914 infirma
1147 888 1272 914 natura

294 940 418 975 mallet
443 950 515 971 non
542 937 634 981 pati,
657 937 715 968 sed
735 933 888 977 Spiritus
914 939 1053 965 sanctus
1077 932 1184 965 flectit
1209 943 1271 963 vo-

293 994 464 1025 luntatem
486 996 517 1022 et
536 988 661 1025 corda,
688 993 726 1019 ut
747 985 866 1028 aliquo
886 984 991 1015 modo
1017 983 1166 1016 velimus
1189 982 1273 1015 obe-

294 1041 481 1079 dientiam,
508 1047 538 1072 et
567 1037 687 1070 incitat
713 1036 755 1068 ad
786 1035 1063 1073 invocationem,
1093 1045 1180 1078 quae
1201 1032 1274 1065 Deo

295 1095 416 1138 placet,
440 1091 527 1123 sicut
546 1088 661 1121 David
679 1087 827 1119 malebat
844 1097 914 1117 non
929 1085 1041 1127 perire
1057 1084 1094 1116 in
1112 1084 1227 1123 exilio,
1244 1089 1274 1115 et

295 1152 411 1178 tamen
431 1141 532 1173 dicit:
561 1138 677 1171 Faciat
705 1138 797 1182 quod
823 1135 955 1168 bonum
981 1141 1031 1167 est
1051 1147 1168 1168 coram
1190 1135 1276 1178 ipso.

296 1193 340 1229 Et
359 1192 437 1225 Iob:
466 1189 612 1223 Etiamsi
630 1189 763 1221 occidet
781 1198 851 1224 me,
879 1186 1025 1230 sperabo
1045 1186 1081 1217 in
1099 1198 1150 1220 eo,

398 1242 466 1275 Hic
492 1240 692 1286 quaeritur:
730 1238 810 1280 Quo
835 1237 1037 1269 discrimine
1060 1236 1145 1268 alibi
1172 1233 1278 1268 Chri-

299 1301 370 1327 stus
401 1294 536 1326 dicatur
569 1290 809 1333 interpellator
841 1299 902 1330 pro
940 1287 1060 1324 nobis,
1102 1285 1159 1320 hic
1196 1297 1277 1318 vero

300 1344 454 1389 Spiritus
470 1348 609 1374 sanctus
628 1340 763 1372 dicatur
780 1337 1031 1380 interpellator.

400 1393 630 1436 Respondeot
666 1387 827 1423 Christus
846 1394 894 1420 est
913 1386 1172 1430 interpellator,
1198 1384 1278 1428 quia

300 1452 348 1479 est
373 1445 566 1483 redemtor,
593 1448 624 1475 et
647 1452 708 1474 suo
734 1438 860 1472 merito
881 1438 1020 1481 placans
1040 1437 1126 1469 iram
1148 1434 1278 1469 aeterni

301 1496 420 1541 patris.
1245 1535 1253 1541 ⁴

402 1544 471 1579 Sed
507 1542 661 1585 Spiritus
696 1546 834 1573 sanctus
871 1545 919 1571 est
966 1537 1209 1580 interpellator
1244 1547 1279 1566 m

303 1603 472 1642 quantum
499 1604 561 1626 nos
587 1597 702 1624 movet
728 1591 769 1622 atl
795 1588 1074 1627 invocationem,
1110 1588 1204 1619 iuxta
1228 1585 1282 1617 di—

303 1655 414 1680 ctum:
444 1643 637 1687 Accepistis
662 1641 843 1685 spiritum,
878 1651 948 1682 quo
973 1639 1163 1671 clamamus
1183 1633 1283 1669 Abba

303 1698 418 1730 Pater.
488 1695 594 1732 Item,
629 1689 733 1725 Zacli.
764 1692 839 1724 11.:
870 1688 1060 1722 Effundam
1092 1699 1196 1732 super
1220 1687 1284 1719 do-

303 1760 398 1782 mum
416 1746 529 1779 David
557 1744 717 1787 spiritum
741 1742 870 1785 gratiae
886 1746 917 1772 et
937 1751 1091 1784 precum.

406 1797 516 1830 Filius
541 1801 590 1828 est
623 1793 885 1836 interpellator,
916 1791 998 1834 quia
1024 1798 1074 1823 est
1100 1788 1286 1823 redemtor,

307 1850 365 1894 qui
387 1847 549 1891 persolvit
574 1845 742 1888 pretium,
769 1850 807 1876 ut
825 1842 1006 1877 satisfieret
1032 1839 1188 1874 iusticiae
1208 1837 1287 1877 Dei,

308 1908 339 1933 et
359 1900 554 1944 placaretur
574 1896 623 1928 ira
640 1894 717 1928 Dei.

410 1948 477 1982 Sed
504 1946 655 1990 Spiritus
677 1949 816 1977 sanctus
845 1940 1045 1985 interpellat
1072 1947 1150 1983 post
1174 1939 1289 1983 placa-

310 2008 378 2033 tam
403 2000 490 2031 iram
517 2009 576 2040 per
608 1996 736 2034 tilium,
771 1993 838 2033 sic,
871 2000 907 2025 ut
932 1992 1096 2024 accendat
1120 1990 1156 2022 in
1187 1988 1290 2021 nobis

312 2049 587 2087 invocationem,
611 2047 704 2078 iuxta
725 2045 872 2077 dictum:
899 2041 1090 2075 Effundam
1108 2052 1212 2084 super
1227 2040 1288 2071 do-

313 2113 407 2133 mum
435 2099 547 2133 David
572 2096 732 2139 spiritum
760 2094 889 2135 gratiae
915 2100 947 2125 et
970 2103 1132 2134 precum,
1167 2091 1200 2122 id
1229 2096 1291 2126 est,

314 2151 484 2195 Spiritum
505 2148 742 2182 testificantem
767 2146 803 2176 in
829 2142 1071 2176 consolatione
1096 2153 1158 2183 per
1173 2138 1293 2172 Evan-

315 2202 461 2244 gelium,
491 2200 583 2244 quod
603 2197 697 2230 Dens
715 2207 778 2227 nos
794 2194 947 2237 recipiat,
976 2199 1007 2224 et
1026 2192 1070 2224 sit
1088 2191 1191 2224 nohis
1210 2202 1292 2234 pro-

315 2252 447 2296 picius,
481 2257 513 2283 et
538 2249 784 2281 accendentem
815 2256 878 2277 1105
910 2244 950 2276 atl
977 2242 1235 2274 invocationem
1262 2247 1295 2273 et

314 2303 555 2335 laetificantem
575 2299 677 2332 corda
695 2295 950 2341 acquiescentia
967 2294 1002 2325 in
1021 2292 1095 2325 Deo
1114 2299 1177 2327 etc.

318 2382 460 2418 Scimus
478 2388 609 2420 aulem,
635 2376 735 2428 quod
755 2375 994 2422 dilcgrentibus
1013 2373 1146 2418 Deum,
1171 2374 1295 2408 omnia

574 2435 809 2478 cooperantur
831 2426 885 2461 ud
899 2426 1043 2461 bonum.

419 2500 562 2534 Sextum
585 2505 827 2542 argumentum
861 2495 1023 2537 repetitio
1049 2500 1097 2527 est
1132 2493 1238 2536 primi
1265 2500 1296 2526 et

320 2551 499 2598 praecipui
518 2551 730 2592 argumenti,
759 2548 852 2592 quod
878 2548 922 2579 al»
947 2545 1038 2579 exitu
1063 2544 1296 2577 afflictionum

320 2603 489 2640 sumitur,
517 2602 613 2645 quasi
638 2600 743 2631 ‹lic-at:
780 2599 869 2631 Cum
895 2603 985 2630 certa
1007 2596 1050 2629 sit
1075 2595 1238 2628 liberatio
1264 2601 1296 2627 et

321 2654 430 2688 exitus
446 2652 555 2686 futuri
573 2652 644 2685 sint
663 2649 858 2690 laetIssimi,
886 2647 1050 2681 'l'olerate
1066 2646 1181 2690 exigui
1205 2652 1294 2679 tem-

1414 271 1619 317 Expetimus
1640 273 1840 306 societatem
1859 279 2020 306 aeternae
2037 271 2224 308 Ecclesiae.

1415 323 1472 358 Sic
1491 331 1604 357 autem
1624 322 1716 357 Deus
1733 321 1925 356 Ecclesiam
1945 323 2096 366 colligit,
2121 331 2153 357 et
2171 324 2299 357 deinde

1465 374 1653 417 glorificat,
1680 386 1718 407 ac
1743 386 1814 406 non
1834 373 1948 408 aliter.

1416 424 1463 459 Ut
1489 425 1594 467 igitur
1622 425 1664 458 arl
1692 431 1819 458 metam
1845 424 2046 464 veniamus,
2074 425 2179 458 etiam
2197 420 2302 456 liuius

1315 475 1500 507 necessarii
1521 475 1656 509 itineris
1680 475 1818 508 labores
1834 474 2006 512 seramus,
2035 475 2129 508 iuxta
2153 474 2302 507 dictum:

1317 524 1389 568 Qui
1411 526 1514 558 finem
1532 527 1679 570 expetit,
1707 537 1779 558 non
1797 525 1907 568 fugiat
1925 526 2041 558 media
2060 526 2102 558 ad
2120 525 2239 558 finem.

1418 575 1635 620 Proponitur
1655 583 1770 610 autem
1800 575 1997 619 exemplum
2018 575 2079 608 filii
2100 575 2184 616 Dei,
2211 574 2306 620 quod

1317 625 1355 660 in
1381 633 1566 672 utramque
1591 634 1724 671 partem
1749 634 1800 661 est
1822 626 1973 658 maxime
1993 626 2127 659 illustre
2147 625 2306 660 testimo-

1318 677 1434 718 nium,
1463 678 1627 712 videlicet
1651 677 1805 720 ingentis
1823 677 1894 709 irae
1918 676 1984 709 Dei
2005 678 2171 710 adversus
2187 683 2306 709 nostra

1319 734 1475 771 peccata,
1503 735 1536 762 et
1562 728 1691 762 amoris
1715 727 1781 761 Dei
1806 739 1885 771 erga
1910 738 1995 768 nos,
2029 735 2062 762 et
2086 726 2307 761 liberationis

1319 775 1506 813 Ecclesiae.

1421 836 1568 871 Necesse
1587 843 1637 870 est
1662 837 1839 880 ingentem
1866 837 1956 870 iram
1983 849 2076 878 esse,
2103 848 2181 871 cum
2206 847 2311 870 nemo

1321 887 1366 921 sit
1394 889 1571 921 redemtor
1595 888 1663 921 nisi
1688 888 1795 921 filius.
1849 886 1894 921 Et
1913 900 2050 921 necesse
2069 894 2119 921 est
2142 898 2310 930 magnum

1322 949 1477 971 amorem
1499 949 1579 981 erga
1603 950 1666 971 nos
1684 950 1766 977 esse,
1794 950 1874 971 cum
1891 939 1983 971 filius
2003 950 2065 982 pro
2088 938 2191 971 nobis
2210 939 2311 970 datus

1323 989 1377 1023 sit.
1432 988 1478 1021 Et
1497 995 1589 1022 certa
1618 995 1666 1021 est
1693 989 1876 1029 liberatio,
1911 1001 1989 1021 cum
2013 989 2106 1021 filius
2130 988 2312 1032 promittat

1323 1051 1358 1072 se
1379 1038 1572 1072 Ecclesiam
1590 1039 1638 1072 sic
1658 1039 1889 1072 liberaturum
1909 1050 1996 1079 esse,
2022 1046 2060 1072 ut
2086 1039 2151 1084 ipsi
2180 1038 2215 1070 in
2242 1045 2313 1070 tota

1324 1089 1528 1123 aeternitate
1555 1089 1685 1122 similes
1710 1090 1831 1123 simus.
1890 1089 1990 1123 Sicut
2017 1090 2081 1122 ait:
2110 1088 2185 1132 Ego
2208 1089 2315 1122 vitam

1325 1148 1500 1174 aeternam
1523 1141 1568 1172 do
1586 1141 1634 1173 eis
1654 1148 1717 1175 etc.
1758 1138 1803 1173 Et
1819 1140 1854 1172 in
1872 1138 2013 1172 Psalm.:
2043 1139 2153 1174 Unxit
2171 1146 2202 1173 te
2221 1138 2316 1172 Deus

1327 1198 1468 1235 propter
1495 1198 1674 1224 consortes
1699 1199 1788 1224 tuos.
1868 1191 1924 1223 De
1951 1187 2005 1222 his
2031 1191 2191 1224 maximis
2213 1190 2316 1222 rebus

1326 1241 1592 1274 commonefacit
1618 1253 1682 1274 nos
1715 1241 1895 1285 proposito
1919 1241 2078 1284 exemplo
2103 1241 2178 1274 filii.
2248 1239 2315 1272 Hic

1327 1304 1445 1325 rursus
1463 1293 1667 1334 cogitandae
1686 1299 1768 1325 sunt
1785 1303 1920 1332 causae,
1938 1303 2045 1336 quare
2061 1289 2216 1324 Ecclesia
2233 1291 2316 1324 sub-

1328 1343 1413 1375 iecta
1431 1343 1474 1375 sit
1494 1343 1607 1382 cruci,
1625 1354 1710 1387 quas
1729 1354 1832 1387 supra
1849 1342 2036 1387 aliquoties
2054 1342 2288 1376 recitavimus.

1540 1438 1642 1487 Quos
1664 1439 1790 1485 elegit,
1818 1437 1886 1474 llos
1905 1445 1935 1473 et
1956 1440 2104 1475 vocavit.

1433 1516 1566 1550 Attexit
1589 1517 1911 1560 splendidissimam
1941 1518 2248 1561 amplificationem
2275 1519 2317 1550 de

1331 1568 1596 1601 conservatione
1612 1567 1786 1599 Ecclesiae
1808 1567 1845 1598 in
1870 1564 1934 1599 hac
1960 1574 2057 1600 tanta
2083 1568 2316 1608 deformitate,

1333 1625 1364 1650 et
1384 1619 1419 1650 in
1437 1615 1492 1649 his
1508 1617 1774 1650 confusionibus
1798 1623 1830 1649 et
1849 1615 1964 1650 ruinis
1988 1628 2196 1660 regnorum,
2221 1619 2318 1662 quasi

1333 1668 1444 1702 dicat:
1475 1666 1686 1711 Quanquam
1706 1667 1824 1699 omnia
1841 1667 2023 1701 minantur
2041 1668 2245 1708 interitum,
2269 1675 2321 1701 ta-

1335 1731 1413 1751 men
1436 1719 1558 1752 scitote
1575 1716 1765 1751 Ecclesiam
1785 1730 1887 1751 curae
1908 1729 1980 1751 esse
2000 1717 2095 1757 Deo,
2124 1725 2157 1751 et
2177 1730 2247 1752 non
2266 1719 2322 1752 in-

1335 1771 1517 1804 terituram
1539 1780 1622 1803 esse.

1438 1826 1592 1861 Orditur
1622 1827 1730 1870 igitur
1765 1828 1809 1860 ab
1847 1827 2034 1867 electione,
2071 1834 2108 1860 ut
2137 1839 2201 1861 nos
2228 1841 2322 1862 com-

1337 1879 1546 1912 monefaciat
1569 1880 1612 1911 de
1640 1885 1807 1921 perpetuo
1833 1878 1980 1911 consilio
2003 1876 2086 1915 Dei,
2114 1885 2147 1912 et
2171 1880 2212 1912 de
2237 1891 2322 1912 con-

1338 1929 1535 1963 servatione
1566 1928 1759 1968 Ecclesiae,
1801 1928 1898 1973 quasi
1928 1929 2046 1961 dicat:
2088 1928 2220 1962 Scitote
2252 1941 2322 1963 esse

1340 1979 1530 2014 Ecclesiam
1549 1980 1691 2012 electam
1711 1986 1853 2022 propter
1869 1978 1978 2012 filium
1991 2006 2000 2018 ‚
2026 1979 2114 2012 sicut
2132 1979 2166 2012 in
2183 1979 2323 2014 Psalmo

1341 2031 1499 2064 dicitur:
1542 2029 1659 2062 Funes
1698 2029 1897 2062 ceciderunt
1933 2027 2020 2062 mibi
2053 2030 2089 2061 in
2126 2030 2323 2074 praeclaris.

1341 2082 1487 2125 Semper
1511 2081 1626 2123 aliqua
1657 2078 1854 2113 haereditas
1878 2080 1941 2112 erit
1968 2080 2030 2112 fitii
2054 2079 2116 2113 Dei
2141 2081 2176 2113 in
2201 2092 2325 2123 genere

1343 2131 1510 2165 humano.
1562 2129 1606 2164 Et
1634 2128 1719 2163 haec
1751 2130 1857 2163 electa
1882 2128 2035 2163 Ecclesia
2070 2130 2327 2174 praedicatione

1343 2182 1539 2224 colligitur,
1566 2188 1596 2213 et
1620 2181 1657 2215 fit
1684 2181 1792 2221 iusta,
1822 2188 1855 2214 et
1882 2182 2069 2215 ornabitur
2094 2188 2234 2214 aeterna
2250 2183 2326 2224 glo-

1345 2233 1408 2265 ria.
1453 2231 1537 2265 Mox
1560 2232 1667 2274 igitur
1685 2238 1819 2272 monet,
1840 2232 1900 2264 ubi
1920 2232 2018 2264 electi
2033 2233 2224 2276 quaerendi
2244 2233 2326 2274 sint,

1345 2283 1474 2315 scilicet
1497 2283 1533 2314 in
1557 2290 1656 2315 coetu
1685 2289 1903 2316 vocatorum.
1960 2281 2044 2316 ldeo
2070 2282 2203 2328 inquit:
2229 2283 2328 2326 Quos

1346 2333 1468 2376 elegit,
1498 2330 1560 2365 hos
1579 2339 1611 2365 et
1630 2333 1775 2367 vocavit.

1446 2390 1547 2425 Hanc
1565 2391 1838 2424 consolationem
1857 2398 2055 2432 teneamus,
2078 2403 2141 2424 nec
2158 2392 2328 2435 fingamus

1348 2443 1475 2476 electos
1498 2443 1716 2486 quaerendos
1740 2453 1812 2474 esse
1838 2449 1931 2475 extra
1961 2449 2096 2476 coetum
2116 2450 2329 2484 vocatorum,

1348 2494 1390 2526 sit
1407 2493 1554 2525 sciamus
1580 2504 1638 2524 eos
1662 2504 1733 2524 csse
1756 2492 1792 2524 in
1816 2500 1915 2526 coetu
1940 2500 2166 2537 vocatorum,
2193 2493 2252 2538 qui
2278 2501 2327 2528 est

1349 2543 1496 2576 visibilis
1514 2541 1686 2582 Ecclesia,
1716 2542 1752 2575 in
1771 2555 1838 2587 qua
1857 2549 1957 2576 sonat
1981 2555 2045 2576 vox
2062 2543 2244 2586 Evangelii
2272 2544 2327 2577 in—

1349 2600 1527 2636 corrupta,
1549 2593 1597 2625 ibi
1617 2593 1707 2626 filios
1725 2593 1789 2627 Dei
1806 2601 1856 2628 est
1873 2594 1991 2628 efficax
2010 2606 2072 2638 per
2083 2592 2328 2638 Evangeliurn.

1348 2643 1447 2679 Sicut
1472 2644 1638 2689 scriptum
1661 2650 1728 2678 est:
