2415 2942
280 118 347 152 107

857 111 986 147 PlttL.
1013 110 1130 146 MEL.
1159 106 1370 145 SCRIPTA
1393 107 1695 146 EXEGETICA.

2227 115 2302 152 108

276 204 334 248 qni
356 209 490 237 tantum
511 201 675 233 nituntur
691 196 943 233 traditionibus
962 193 1136 229 lnnnanis.
1181 193 1265 228 Ideo
1320 207 1375 229 me
1388 193 1556 238 honorat,
1584 208 1645 231 cor
1661 202 1777 231 autem
1796 197 1920 241 procul
1937 205 1986 233 est
2005 210 2024 234 a
2041 211 2108 234 me.
2144 198 2213 234 Sed
2233 212 2309 235 non

277 256 408 287 dictiim
439 260 504 286 est:
558 250 702 284 Frustra
740 248 859 281 colunt
899 257 955 279 me
994 245 1169 280 mandatis
1201 243 1266 280 ho-

278 306 425 339 niimim.

330 386 433 421 Deus
450 383 605 430 spiritus·
622 385 690 423 est,
717 384 747 414 el
765 377 963 415 adorantes
981 379 1111 428 ipsum,
1138 380 1177 416 ln
1194 379 1271 429 spl-

381 437 452 469 rilu
471 440 498 467 et
521 434 669 467 veritate
687 436 821 479 oportet
839 429 1007 465 adorare.

383 503 540 537 Fuerunt
571 501 631 547 qui
654 500 729 534 Deo
757 500 901 543 figuram
936 501 1093 544 corporis
1125 497 1273 534 humani

283 556 504 591 tribuerunt,
541 555 599 586 sed
625 553 657 584 id
687 551 853 584 delirium
881 551 1052 584 refutatur
1083 549 1149 584 hoc
1179 551 1273 584 dicto

283 606 434 640 Christi:
462 603 555 637 Deus
581 610 631 636 est
658 602 820 646 spiritus,
848 602 882 634 id
907 609 976 641 est,
1003 602 1149 635 essentia
1169 602 1274 645 spiri-

284 657 408 696 tualis,
434 656 508 688 sine
527 654 620 686 mole
639 665 817 697 corporea.
871 651 938 686 Sed
967 653 1000 684 id
1025 653 1274 686 declarandum

285 715 352 747 est,
387 718 464 740 cum
497 705 656 737 nominat
682 704 863 747 spiritum,
904 703 1068 746 intelligit
1092 703 1275 736 essentiam

287 758 463 804 quandam
501 756 773 798 intelligentem,
816 766 855 787 ac
880 754 1072 794 volentem,
1115 754 1274 793 liberam,

287 809 497 852 sapientem,
531 807 679 845 bonam,
714 805 859 842 iustam,
891 805 1038 844 sortem,
1074 803 1277 837 vivificatri-

289 872 381 899 cem,
415 858 650 898 iudicantem,
679 862 741 889 etc.
794 854 840 887 Ili
866 855 1006 887 ess'ectns
1025 861 1203 899 utcunque
1221 854 1277 886 in—

290 911 408 943 dicant
432 916 463 942 et
488 907 691 940 describunt
725 911 885 937 naturam
919 905 1157 947 spiritualem,
1189 904 1279 937 sicut

289 959 481 994 humanam
504 964 674 994 mentem,
709 967 797 999 quae
823 962 872 987 est
895 954 1023 998 effigies
1040 954 1123 995 Dei,
1149 961 1277 987 utcun-

291 1023 358 1056 que
376 1009 531 1041 indicant
550 1014 666 1039 nostra
684 1005 927 1045 ratiocinatio,
954 1005 1128 1043 voluntas,
1157 1005 1277 1038 electio

291 1062 420 1099 libera,
463 1058 652 1091 discrimen
690 1054 919 1089 honestorum
947 1062 978 1088 et
1005 1056 1181 1099 turpium,
1220 1067 1279 1087 seu

292 1112 462 1143 virtutum
488 1116 519 1142 et
551 1108 737 1147 vitiorum,
777 1107 860 1139 vitia
887 1112 919 1138 et
944 1113 1069 1140 motus.
1139 1104 1280 1148 Cogita·

292 1163 388 1196 tione
414 1170 494 1202 ergo
519 1165 697 1202 utcunque
722 1157 934 1189 aestimanda
953 1163 1001 1189 est
1027 1163 1152 1189 natura
1175 1156 1280 1200 spiri-

294 1219 369 1252 tus,
396 1222 469 1243 non
486 1210 647 1252 fingenda
665 1214 714 1241 est
733 1208 841 1240 moles
860 1207 1027 1250 corporis,

397 1260 704 1294 Considerandum
723 1265 772 1291 est
787 1265 901 1291 autem
919 1263 1163 1299 argumentum
1176 1254 1280 1290 Chri-

296 1313 351 1348 sti.
411 1311 507 1345 Deus
539 1317 588 1344 est
613 1310 774 1353 spiritus,
814 1319 894 1350 ergo
927 1308 1051 1350 spiritu
1080 1314 1112 1340 et
1138 1307 1282 1340 veritate

296 1364 498 1398 adorandus
525 1368 586 1394 est.
640 1359 713 1392 Cur
737 1357 803 1392 hoc
829 1359 1011 1402 sequitur'.>
1050 1357 1142 1400 Quia
1167 1358 1282 1391 omnis

295 1414 454 1448 adoratio
479 1424 537 1445 seu
564 1410 740 1443 invocatio
764 1421 843 1442 vere
868 1415 916 1441 est
938 1409 1068 1451 agnitio
1093 1408 1282 1441 voluntatis

294 1464 374 1500 Dei.
437 1462 589 1506 Spiritus
621 1472 692 1493 non
716 1467 826 1503 potest
852 1460 1009 1502 agnosci,
1045 1458 1113 1491 nisi
1141 1470 1281 1491 accensa

296 1514 471 1560 spirituali
495 1514 589 1552 luce,
616 1518 648 1545 et
675 1511 817 1544 veritate
842 1510 877 1542 iu
901 1510 1015 1542 corde.
1067 1508 1211 1542 Necesse
1234 1516 1284 1541 est

298 1568 404 1609 igitur
423 1565 535 1598 Deum
556 1562 710 1595 invocari
732 1562 766 1593 iu
786 1561 910 1604 spiritu
934 1568 966 1593 et
992 1559 1146 1594 veritate.
1202 1558 1282 1592 Nou

298 1625 350 1651 est
370 1615 547 1649 invocatio
565 1614 639 1646 sine
657 1612 834 1654 agnitione
849 1638 857 1651 ‚
885 1617 923 1644 ut
948 1621 1071 1652 magna
1098 1608 1282 1642 hominum

298 1679 379 1713 pars
401 1663 575 1699 ethnicam
592 1663 849 1696 invocationem
868 1668 1019 1699 exercet,
1047 1658 1139 1693 nibil
1158 1661 1283 1703 cogitat

300 1720 337 1753 in
358 1724 473 1751 mente
489 1717 531 1749 de
549 1715 728 1747 voluntate
745 1711 823 1752 Dei,
850 1712 989 1744 dubitat
1006 1722 1048 1743 an
1067 1711 1283 1744 exaudiatur.

299 1769 365 1803 Itis
383 1767 478 1801 Deus
494 1772 552 1800 aut
569 1763 658 1798 nibil
677 1771 744 1803 est,
771 1770 831 1796 aut
850 1774 903 1795 res
920 1762 1024 1794 surda
1043 1768 1111 1802 est,
1137 1762 1223 1794 sicut
1248 1762 1284 1793 in

300 1819 402 1854 Creta
420 1824 491 1851 erat
509 1823 619 1850 statua
635 1814 728 1847 Iovis
743 1814 817 1846 sine
840 1813 996 1846 auribus.
1049 1811 1154 1845 Tales
1169 1819 1283 1845 autem

301 1877 382 1904 sunt
421 1879 541 1902 omues
579 1867 691 1899 cultus
724 1864 1001 1897 ceremoniarum
1038 1864 1129 1906 apud
1164 1872 1285 1895 omnes

302 1921 447 1964 impios,
474 1927 685 1962 quocunque
707 1914 850 1948 nomine
874 1920 1054 1946 vocentur.
1115 1913 1214 1946 Talis
1236 1919 1286 1946 est

300 1971 534 2008 ludaeorum,
561 1965 889 2001 Mahometistarum
920 1970 950 1996 et
975 1963 1196 2007 Papistarum
1230 1964 1285 1996 in-

301 2022 456 2059 vocatio,
492 2019 552 2064 qui
575 2018 711 2059 fingunt
737 2027 816 2049 suos
844 2016 956 2047 cultus
981 2015 1095 2048 valere
1119 2026 1158 2047 ex
1182 2026 1286 2058 opere

301 2078 444 2118 operato
458 2098 466 2111 ,
495 2071 569 2103 sine
585 2069 678 2101 bono
697 2074 794 2100 motu
811 2065 986 2102 facientis,
1010 2065 1043 2097 id
1065 2072 1131 2105 est,
1152 2065 1287 2098 etiamsi

301 2135 375 2158 non
391 2122 518 2165 cogites
536 2119 601 2153 Dei
627 2119 864 2155 voluntatem,
897 2116 949 2147 vel
976 2115 1180 2149 irascentem
1205 2128 1286 2160 pec-

303 2181 378 2208 cato
392 2200 400 2214 ,
427 2173 481 2204 vel
499 2170 722 2214 recipientem
738 2166 978 2209 confugientes
995 2167 1037 2198 ad
1060 2178 1149 2199 eum.

401 2221 562 2255 Primum
585 2220 691 2262 igitur
713 2216 779 2251 hoc
796 2223 971 2254 teneatur,
1006 2217 1041 2248 iu
1066 2215 1287 2250 invocatione

304 2281 465 2319 oportere
483 2284 553 2305 esse
575 2271 788 2313 agnitionem
807 2267 998 2300 voluntatis
1015 2265 1099 2307 Dei,
1125 2267 1288 2299 videlicet

305 2326 377 2359 irae
409 2331 442 2358 et
470 2321 740 2355 misericordiae.
810 2317 906 2351 Idem
948 2318 1113 2360 praecipit
1148 2317 1288 2357 Paulus,

306 2387 384 2409 cum
401 2375 464 2407 ait:
493 2371 629 2406 Oss'erte
651 2369 792 2404 cultum⁴
809 2368 1035 2408 rationalem,
1063 2369 1098 2400 id
1118 2374 1185 2411 est,
1213 2368 1287 2401 cul-

305 2433 381 2460 tum
398 2424 543 2460 mentis,
577 2423 613 2454 in
631 2413 707 2466 vquo
730 2431 828 2454 mens
850 2431 929 2451 vere
955 2418 1089 2462 aliquid
1116 2430 1193 2452 cum
1213 2417 1287 2451 Deo

307 2477 395 2520 agit,
438 2484 628 2519 agnoscens
661 2472 748 2504 iram
773 2478 807 2504 et
831 2469 1120 2504 misericordiam.
1178 2467 1224 2502 Et
1251 2469 1287 2501 in

306 2533 489 2572 praecepto
516 2525 649 2567 primo,
689 2521 751 2555 ubi
778 2521 851 2554 veri
874 2527 907 2553 et
930 2519 1057 2553 summi
1080 2519 1194 2552 cultus
1218 2526 1289 2552 tra-

307 2579 458 2617 duntur,
486 2575 628 2609 dicitur:
655 2571 789 2615 Diliges
805 2571 987 2604 dominum
1004 2569 1118 2603 Deum
1135 2576 1234 2603 tuum
1250 2581 1290 2602 ex

307 2634 381 2662 toto
397 2628 517 2667 corde;
546 2632 578 2659 et
600 2622 718 2658 Esaias
742 2622 801 2656 29.
828 2623 1015 2655 damnatur
1038 2621 1152 2654 cultus
1176 2627 1288 2653 exter-

308 2689 394 2719 nus,
420 2677 495 2711 sine
519 2675 741 2710 invocatione
765 2673 895 2707 cordis:
927 2670 1084 2717 Populus
1106 2668 1164 2705 hic
1187 2671 1290 2705 labiis

1323 247 1405 280 satis
1436 254 1486 280 est
1518 258 1589 281 esse
1621 254 1736 281 motus
1760 248 1897 290 cordis,
1946 251 2065 295 quales
2095 248 2203 285 homo
2236 251 2313 285 sine

1324 299 1430 331 verbo
1450 296 1537 339 Dei,
1561 304 1594 332 et
1611 298 1685 332 sine
1705 297 1841 342 Spiritu
1858 306 1977 334 sancto
1994 301 2194 336 meditatur.
2231 300 2315 336 Ma-

1325 355 1382 382 net
1399 348 1545 382 enimin
1561 349 1621 383 tali
1641 349 1744 382 corde
1768 350 1961 388 dubitatio,
1997 353 2056 385 sed
2081 364 2144 397 per
2167 352 2314 386 verbum

1326 399 1392 433 Dei
1421 406 1560 444 oportet
1589 399 1731 433 accendi
1761 400 1873 433 lucem
1897 413 1916 434 a
1934 401 2069 445 Spiritu
2099 410 2235 445 sancto,
2276 402 2317 436 in

1326 462 1394 495 qua
1425 462 1506 482 vere
1535 457 1699 484 cernatur
1723 450 1775 484 ira
1803 458 1837 485 et
1859 452 2098 486 misericordia
2126 452 2204 488 Dei.
2257 451 2318 487 Sic

1327 512 1404 534 cum
1418 498 1533 534 David
1551 500 1808 544 obiurgaretur,
1835 513 1978 536 accensa
1997 503 2098 537 estin
2118 504 2222 537 corde
2240 503 2317 537 eius

1328 563 1418 584 nova
1446 550 1529 590 lux,
1561 563 1629 595 qua
1653 552 1797 594 agnovit
1823 551 1937 586 Deum
1960 565 2034 587 non
2057 566 2129 587 esse
2153 554 2320 595 otiosum,

1328 602 1561 644 negligentem
1581 598 1735 635 humana
1755 603 1901 645 scelera,
1928 605 1986 637 sed
2005 617 2084 637 vere
2111 604 2214 638 irasci
2238 615 2319 648 pec-

1329 652 1424 687 catis.
1478 650 1615 685 Rursus
1630 659 1745 685 autem
1765 654 1883 687 audita
1910 655 2149 696 absolutione,
2175 655 2318 698 agnovit

1329 715 1409 736 vere
1435 714 1506 735 esse
1534 702 1815 742 misericordem,
1849 705 2081 738 vivificantem
2107 711 2139 739 et
2162 705 2318 738 liberan-

1330 760 1399 786 tem
1417 754 1460 786 ab
1478 759 1617 786 aeterna
1636 753 1700 787 ira.
1754 753 1860 787 'l‘ales
1878 762 1994 788 motus
2018 762 2100 789 sunt
2124 755 2267 799 spiritus
2286 761 2320 788 et

1330 804 1474 843 veritas,
1502 803 1535 835 id
1555 810 1623 843 est,
1650 804 1850 847 spirituales
1867 812 1981 838 motus
2009 812 2042 838 et
2071 817 2151 838 vera
2168 804 2235 839 Dei
2253 817 2319 838 no-

1331 854 1429 895 ticia,
1457 854 1616 887 tribuens
1633 854 1711 887 Deo
1734 855 1960 898 sapientiam,
1988 855 2185 898 iusticiam,
2213 856 2320 890 boni-

1331 911 1455 945 tatem,
1492 916 1598 949 quare
1622 905 1753 938 talibus
1777 906 1931 939 motibus
1954 904 2050 939 Deus
2074 918 2156 939 vero
2183 904 2318 940 honore

1332 956 1493 988 afficitur.
1548 954 1692 988 Summa
1716 967 1798 989 vero
1825 954 1929 989 liuius
1954 957 2136 990 concionis
2161 964 2209 990 est
2227 957 2318 990 reie—

1334 1006 1402 1038 ctio
1426 1003 1640 1048 pharisaicae
1657 1006 1855 1048 opinionis,
1884 1019 1972 1051 quae
1988 1008 2088 1051 fingit
2105 1008 2319 1041 ceremonias

1334 1062 1364 1087 et
1382 1062 1524 1088 externa
1544 1067 1649 1098 opera
1671 1057 1805 1097 placere
1821 1056 1894 1090 Deo
1915 1069 1953 1090 ex
1973 1070 2075 1101 opere
2094 1066 2258 1101 operato,
2282 1064 2322 1092 ut

1335 1112 1471 1139 vocant.
1527 1104 1622 1138 Haec
1648 1103 1785 1139 ethnica
1807 1108 1982 1150 persuasio
2011 1116 2043 1142 et
2065 1109 2160 1141 illius
2184 1114 2322 1152 tempo—

1334 1157 1381 1188 ris
1406 1154 1598 1188 Ecclesiam
1624 1163 1857 1199 oppresserat,
1899 1164 1932 1190 et
1955 1169 2089 1201 semper
2116 1166 2259 1201 vagatur
2283 1158 2321 1191 in

1334 1208 1480 1242 mundo.
1535 1205 1618 1239 ldeo
1638 1204 1727 1239 hanc
1743 1208 1949 1241 concionem
1966 1209 2186 1250 memineris,
2219 1215 2260 1243 ut
2282 1208 2321 1241 in

1335 1265 1476 1302 promtu
1492 1257 1740 1291 refutationem
1758 1255 1897 1294 habeas.

1567 1371 1652 1407 Scio
1679 1372 1780 1422 quod
1793 1371 1963 1407 JtIessias
1987 1372 2091 1408 canit.

1438 1455 1587 1491 Audivit
1624 1457 1752 1490 mulier
1781 1457 1987 1490 concionem
2019 1457 2062 1489 de
2095 1456 2324 1500 poenitentia,

1336 1520 1413 1541 cum
1432 1509 1612 1549 obiurgata
1631 1515 1681 1541 est
1699 1515 1839 1550 propter
1862 1506 2055 1547 adulteria,
2080 1514 2197 1550 postea
2217 1508 2322 1541 audi-

1337 1560 1387 1593 vit
1411 1557 1715 1602 reprehensionem
1740 1558 1907 1590 salsorum
1933 1557 2110 1599 cultuum,
2144 1559 2203 1590 sed
2231 1555 2323 1592 hane

1336 1610 1495 1643 nondum
1513 1608 1696 1651 intelligit,
1723 1620 1830 1653 quare
1846 1608 1941 1641 velut
1957 1608 2123 1641 dubitans
2145 1607 2213 1640 iam
2231 1607 2323 1643 inci-

1336 1661 1389 1705 pit
1416 1660 1613 1693 desiderare
1639 1659 1865 1691 illustriorem
1891 1659 2097 1692 doctrinam.
2149 1656 2240 1692 Cum
2262 1670 2324 1692 ve-

1337 1712 1430 1750 niet,
1457 1709 1573 1754 inquit
1597 1708 1761 1749 Messias,
1790 1706 1873 1742 haec
1896 1720 1961 1742 nos
1986 1708 2146 1747 docebit,
2172 1715 2212 1743 ut
2227 1720 2323 1743 nunc

1337 1760 1440 1794 multi
1470 1765 1652 1804 expectant
1682 1760 1835 1805 synodos
1864 1766 1897 1793 et
1920 1771 2028 1793 novas
2051 1759 2323 1794 diiudicatibnes

1338 1810 1675 1849 controversiarum,
1711 1822 1774 1854 nec
1804 1810 2028 1854 acquiescunt
2052 1810 2088 1842 in
2113 1810 2221 1843 verbo
2244 1810 2324 1847 Dei.

1337 1863 1388 1896 Ita
1413 1859 1500 1894 haec
1528 1861 1656 1893 mulier
1682 1858 1797 1893 adhuc
1826 1860 1971 1893 fluctuat
2002 1860 2138 1900 anime,
2172 1871 2237 1893 nec
2263 1861 2325 1895 illa

1337 1912 1520 1956 magnifica
1541 1923 1626 1944 voce
1655 1917 1837 1950 movetur,
1872 1922 1976 1955 quam
2001 1910 2175 1944 audierat:
2210 1910 2326 1956 Aqua,

1339 1975 1442 2009 quam
1459 1973 1521 2005 ego
1538 1961 1628 1994 dabo
1648 1961 1695 2000 ei,
1722 1962 1779 1994 fiet
1796 1962 1833 1993 in
1850 1973 1888 1994 eo
1905 1961 1983 1993 fons
2000 1961 2090 1994 vitae
2112 1960 2269 1995 salientis
2283 1962 2322 1995 in

1339 2015 1446 2047 vitam
1480 2019 1668 2047 aeternam.
1737 2012 1804 2045 Sed
1826 2019 1963 2052 tamen,
2004 2011 2084 2055 quia
2110 2011 2234 2044 docilis
2260 2019 2323 2052 est,

1338 2076 1411 2098 non
1431 2064 1605 2103 reiicitur,
1632 2064 1691 2097 sed
1713 2063 1884 2095 liberatur
1904 2063 1948 2095 ab
1965 2073 2100 2102 errore,
2126 2068 2159 2095 et
2176 2073 2256 2094 vere
2278 2063 2323 2096 ad

1339 2115 1552 2158 agnitionem
1574 2111 1657 2154 Dei,
1691 2120 1724 2147 et
1740 2113 1888 2146 Messiae
1912 2112 2128 2153 traducitur,
2160 2118 2199 2146 ut
2222 2112 2325 2146 dein-

1340 2177 1418 2210 ceps
1437 2164 1512 2198 Deo
1530 2163 1668 2198 serviat.
1721 2163 1832 2197 Audit
1857 2163 1964 2206 igitur
1986 2174 2180 2207 expressam
2201 2174 2322 2196 vocem

1340 2216 1578 2250 testificantem
1596 2215 1638 2246 de
1655 2213 1801 2247 Messia:
1836 2213 1930 2257 Ego,
1955 2213 2090 2258 inquit,
2117 2213 2178 2257 qui
2194 2213 2322 2257 loquor

1339 2274 1473 2307 tecum,
1522 2276 1598 2299 sum
1621 2263 1791 2297 ·Messias:
1834 2265 1914 2297 vide
1945 2264 2082 2306 insigne
2112 2263 2321 2307 exemplum.

1339 2317 1531 2352 Revelatur
1546 2313 1777 2357 Evangelium
1794 2315 1936 2359 spretis,
1960 2320 1993 2347 et
2016 2325 2088 2346 non
2104 2314 2322 2348 tumentibus

1340 2367 1465 2401 fiducia
1483 2378 1564 2401 suae
1582 2366 1787 2410 sapientiae,
1813 2365 1902 2398 sicut
1919 2364 2034 2409 inquit
2050 2361 2226 2398 Christus:
2251 2363 2325 2399 Re-

1340 2419 1460 2452 velasti
1477 2416 1643 2462 parvulis‚
1659 2423 1691 2450 et
1707 2415 1920 2449 abscondisti
1937 2426 1955 2448 a
1972 2415 2202 2459 sapientibus.
2229 2414 2324 2449 Haec

1341 2470 1466 2502 misera
1495 2467 1624 2501 mulier
1654 2467 1752 2500 audit
1781 2464 1870 2499 hanc
1892 2472 1963 2499 tam
1985 2465 2113 2499 claram
2137 2477 2257 2499 vocem
2280 2466 2324 2499 de

1340 2519 1489 2563 Massia,
1524 2525 1557 2553 et
1580 2529 1780 2563 quanquam
1810 2517 1903 2550 idem
1935 2515 2141 2559 significavit
2164 2513 2325 2550 Christus

1340 2570 1461 2604 multis
1477 2568 1685 2603 testimoniis
1702 2567 1859 2612 publice,
1884 2573 2000 2601 tamen
2016 2578 2089 2600 non
2103 2567 2235 2601 accedit
2251 2566 2324 2610 pri-

1341 2621 1449 2654 vatim
1473 2619 1587 2654 ullum
1618 2618 1840 2664 pontificem,
1888 2623 1947 2650 aut
1971 2614 2218 2658 pharisaeum,
2261 2628 2325 2650 nec

1342 2677 1414 2705 tam
1430 2670 1586 2716 placide,
1613 2676 1683 2705 tam
1697 2669 1879 2715 perspicue
1895 2667 2069 2713 sapientes
2084 2667 2166 2704 illos
2181 2668 2292 2705 docet.
