2415 2942
5 2755 9 2778 2-
4 2594 12 2740 *ῆι-.-

111 79 208 116 1273
278 75 380 114 xm,

108 164 262 213 Propter
288 176 383 211 quae
409 163 503 197 venit
529 164 588 197 ira
614 162 693 198 Dei
711 176 827 212 super
846 162 957 209 filios
982 163 1105 199 inobe-

477 213 638 249 dienu’ae
667 220 729 250 etc.

210 266 300 302 Nota
326 267 370 301 sit
396 264 534 311 phrasis
558 266 730 302 Hebraea,
783 265 866 299 Filii
892 267 1101 300 inobedien-

109 320 195 357 tiae,
242 320 276 351 id
310 325 378 357 est,
431 316 593 351 homines
622 317 884 357 inobedientes,
930 325 968 351 ut
988 318 1099 351 Filius

110 370 343 414 perditioniS,
372 369 406 402 id
430 375 499 407 est,
528 369 620 401 filius
638 368 813 411 perditus,
842 368 905 400 etsi
923 367 1098 411 emphasis

112 428 160 454 est
180 422 216 453 in
236 419 300 453 hac
318 417 454 462 phrasi,
489 419 588 464 quasi
606 419 717 457 dicat,
746 419 908 462 proprius
928 420 1098 463 perditio-

110 473 164 504 nis
179 470 242 517 (ut
260 471 352 503 filius
370 478 418 503 est
436 470 598 514 proprius
625 469 755 513 patris)
779 481 838 502 seu
857 471 912 502 cui
932 471 1095 502 ‹lomina-

109 531 167 555 tur
192 522 356 566 perditio.
411 520 523 554 Filius
547 521 637 558 irae,
678 520 769 552 filius
795 531 890 557 reus,
932 521 1094 563 proprius

107 574 195 613 irae,
214 573 248 605 id
267 579 335 609 est,
363 578 490 606 reatus.
544 571 681 604 Deinde
699 577 730 604 et
749 582 801 603 res
821 571 1093 605 consideremus,

107 624 247 658 Dictum
275 621 376 655 Pauli
402 619 468 654 hoc
493 622 569 654 loco
596 622 747 664 positum
780 622 992 663 adiungatur
1016 622 1094 654 aliis

107 674 318 707 testimoniis
340 674 381 705 de
400 684 489 705 nova
509 672 709 705 obedientia
731 679 850 705 contra
869 671 1093 706 Antiuomos.

107 725 325 758 Firmissime
349 724 441 755 enim
465 724 614 756 tenenda
642 730 691 756 est
711 723 847 764 regula:
887 723 1003 756 Milita
1030 724 1092 756 bo-

106 788 186 809 nam
211 775 372 808 militiam
395 774 550 806 retinens
574 774 677 806 fidem
705 780 737 807 et
761 775 890 807 bonam
911 775 1091 807 conscien—

105 828 200 861 tiam.
255 826 306 859 Ac
324 825 557 858 certissimum
578 831 628 858 est
645 833 784 857 ruentes
804 825 839 857 in
857 825 984 858 scelera
1005 838 1091 858 con-

103 885 155 911 tra
181 875 430 910 conscientiam
456 875 638 908 effundere
656 874 828 919 Spiritum
853 883 1030 914 sanctum,
1059 883 1091 910 et

104 929 228 962 iterum
248 927 321 960 fieri
342 939 417 959 reos
435 933 596 959 aeternae
615 938 765 970 poenae,
785 927 851 959 nisi
870 938 991 960 rursus
1007 940 1088 960 con-

102 986 296 1012 vertantur.
350 977 443 1019 Quia
459 988 616 1019 expresse
634 977 781 1017 dicitur,
812 980 842 1012 1.
861 975 1022 1012 Corinth.
1040 978 1090 1012 6.:

103 1030 156 1063 Ne
175 1030 297 1062 erretis
310 1054 318 1066 ,
345 1040 409 1060 nec
428 1035 656 1067 scortatores,
685 1040 747 1061 nec
765 1028 915 1062 adulteri
933 1029 1089 1072 posside-

102 1083 191 1114 liuut
216 1091 363 1122 regnum
388 1077 472 1119 Dei,
500 1079 648 1117 scilicet,
676 1086 758 1112 tnnc
783 1091 860 1112 cum
888 1086 969 1113 sunt
992 1080 1087 1120 tales,

103 1138 183 1165 sunt
211 1132 260 1164 rei
285 1137 446 1163 aeternae
473 1131 607 1165 mortis.
671 1128 716 1163 Et
743 1129 858 1163 Galat.
884 1129 937 1165 5.:
986 1129 1087 1164 Talia

100 1184 266 1216 facientes
293 1192 440 1224 regnum
464 1180 528 1214 Dei
551 1193 622 1212 non
645 1181 894 1223 possidebunt,
921 1188 951 1214 et
969 1183 1002 1216 2.
1023 1181 1087 1214 Pe-

100 1234 146 1268 tri
162 1236 196 1269 2.
225 1233 264 1267 Si
282 1243 403 1265 rursus
422 1231 650 1275 implicantur
669 1232 846 1275 prioribus
866 1234 1085 1265 contamina-

99 1285 276 1325 tionibus,
312 1283 396 1316 fient
424 1282 471 1315 eis
499 1283 690 1326 posteriora
710 1284 882 1316 deteriora
909 1283 1087 1326 prioribus

100 1344 134 1371 et
157 1336 288 1369 accidet
312 1335 361 1367 eis
384 1335 478 1366 iuxta
508 1334 752 1376 proverbium:
792 1332 898 1367 Canis
926 1345 1087 1366 reversus

99 1390 142 1422 ad
160 1387 331 1420 vomitum
350 1391 413 1418 etc.
466 1382 562 1417 Haec
585 1396 657 1417 esse
675 1397 755 1417 vera
773 1384 1005 1418 certissimum
1026 1391 1088 1426 est,

99 1447 132 1474 et
154 1437 340 1472 execrandi
359 1442 439 1469 sunt
456 1435 661 1476 Antiuomi‚
690 1436 750 1480 qui
768 1436 905 1478 fingunt
926 1433 1086 1468 homines

98 1502 170 1524 esse
196 1490 306 1522 iustos
326 1488 411 1527 fide,
438 1486 574 1519 etiamsi
596 1494 821 1531 perseverent
838 1487 876 1519 in
895 1487 1086 1520 sceleribus

96 1547 217 1575 contra
245 1537 507 1572 conscientiam.

202 1590 254 1623 Ac
276 1588 457 1633 perspicue
481 1587 661 1632 loquimur
687 1587 729 1619 de
754 1597 846 1619 nova
872 1586 1087 1628 obedientia,

99 1641 280 1680 videlicet,
307 1649 434 1671 novam
462 1638 700 1671 obedientiam
726 1648 799 1669 non
825 1648 896 1669 esse
920 1637 1084 1670 meritum

98 1705 158 1728 seu
193 1691 345 1736 pretium
382 1689 472 1722 vitae
506 1694 682 1728 aeternae,
731 1694 763 1721 et
798 1694 915 1720 tamen
956 1700 1084 1721 novam

98 1742 338 1778 obedientiam
366 1752 406 1773 eo
432 1740 506 1783 ipso
536 1739 763 1772 necessariam
791 1748 883 1778 esse,
919 1739 1001 1783 quia
1029 1736 1085 1772 hic
1109 1771 1110 1774 ,

97 1796 186 1829 ordo
210 1794 248 1826 in
271 1792 345 1825 Deo
374 1791 541 1824 immotus
566 1797 632 1830 est,
679 1796 718 1823 ut
743 1795 899 1822 creatura
936 1790 1085 1823 creatori

98 1846 250 1880 obediat.
307 1842 412 1876 Item:
431 1841 525 1884 Quia
540 1841 632 1874 filius
650 1841 718 1875 Dei
737 1840 851 1880 venit,
871 1848 908 1873 ut
928 1841 1084 1874 destruat

96 1903 297 1942 peccatum,
321 1905 393 1926 non
417 1899 454 1927 ut
478 1892 662 1925 confirmet
689 1891 867 1924 licentiam
892 1892 1021 1924 ruendi
1046 1891 1082 1926 in

97 1949 240 1982 scelera.
293 1944 374 1978 Non
401 1944 478 1977 ideo
504 1943 672 1987 pependit
690 1943 726 1975 in
746 1954 846 1975 cruce
864 1942 898 1974 in
926 1940 1084 1975 horribi-

97 1999 192 2033 libus
209 1997 412 2033 doloribus,
440 2002 479 2028 ut
503 2001 541 2028 tu
567 2005 683 2027 sumas
709 1993 772 2027 tibi
797 1993 973 2026 licentiam
999 2006 1083 2027 con-

97 2048 297 2085 taminandi
323 2055 355 2082 te
384 2046 595 2079 libidinibus
618 2053 649 2079 et
672 2045 749 2077 aliis
772 2044 973 2079 sceleribus,

199 2099 324 2133 Tertio
346 2097 531 2130 necessitas
550 2103 599 2130 est
626 2096 729 2129 etiam
757 2101 899 2139 propter
919 2095 1081 2129 ordinem

95 2162 219 2187 causae
238 2158 271 2185 et
295 2149 456 2186 effectus,
484 2147 566 2192 quia
588 2147 650 2180 ubi
678 2153 727 2180 est
751 2146 788 2179 in
808 2147 911 2179 corde
928 2145 1083 2189 Spiritus

95 2210 254 2243 sanctus,
287 2200 337 2234 ibi
363 2211 436 2233 non
464 2204 585 2240 regnat
610 2203 809 2241 peccatum,
844 2198 902 2230 sed
929 2196 1082 2242 Spiritus

95 2261 255 2294 sanctus,
280 2252 375 2284 iuxta
400 2251 551 2283 dictum:
579 2248 618 2283 Si
643 2248 796 2282 actiones
816 2249 930 2281 carnis
955 2248 1081 2292 spiritu

94 2303 371 2342 mortificabifis,
405 2301 540 2335 vivetis,
609 2298 681 2332 Nec
714 2306 831 2333 tamen
867 2299 926 2331 illa
962 2297 1082 2342 phrasi

433 75 471 114 5.
497 73 797 114 ENARRATIO
825 76 875 113 IN
902 75 1059 114 EPIST.
1086 71 1235 110 PAULI
1261 72 1328 109 AD
1356 70 1712 109 COLOSSENSES.

1775 69 1878 107 CAP.
1907 69 1971 107 ΙΙΙ.
2049 68 2146 104 1274

1158 161 1278 198 vitam.
1334 161 1439 196 Item:
1470 160 1651 195 Iustificati
1669 159 1736 193 fide
1760 171 1877 204 pacem
1904 156 2074 191 habemus
2099 157 2142 189 ad

1157 213 1282 247 Deum.
1335 212 1442 251 Item,
1475 211 1581 246 Rom.
1602 212 1655 244 8.:
1694 210 1732 245 Si
1759 221 1879 244 sumus
1908 209 1989 248 filii,
2023 218 2143 240 sumus

1154 270 1185 297 et
1213 261 1390 297 haeredes,
1453 263 1562 296 Item:
1608 261 1703 294 Haec
1728 268 1777 295 est
1805 262 1874 294 vita
1904 267 2061 298 aeterna,
2102 264 2142 290 ut

1152 321 1341 357 agnoscant
1360 321 1391 346 te
1406 326 1528 346 verum
1550 312 1661 345 Deum
1675 339 1682 353 ‚
1710 319 1741 345 et
1761 323 1863 357 quem
1883 310 2007 343 misisti
2026 308 2139 342 Iesum

1151 376 1224 397 esse
1239 362 1430 398 Christum.
1484 364 1652 396 Nominat
1670 370 1785 395 autem
1810 361 2051 394 inobedientes
2069 357 2136 391 hoc

1151 415 1246 457 loco,
1275 416 1334 459 qui
1360 415 1545 447 discedunt
1564 427 1581 446 a
1603 414 1738 456 regula:
1767 412 1887 446 Milita
1914 413 2042 444 bonam
2068 410 2135 442 n÷i-

1149 466 1258 500 litiam
1284 466 1439 499 retinens
1464 465 1567 497 fidem
1589 471 1620 498 et
1637 465 1766 497 bonam
1785 463 2047 496 conscientiam.

1208 545 1455 594 Posteaquam
1476 545 1633 580 exuistis
1653 550 1796 578 veterem
1815 542 1997 577 hominem
2015 547 2074 579 etc.

1248 614 1391 650 Phrasis
1410 615 1510 648 Pauli
1528 621 1597 654 est,
1625 614 1661 646 in
1688 615 1811 646 eodem
1839 611 1982 645 homine
2008 620 2130 645 renato

1146 668 1330 701 nominare
1368 673 1517 699 veterem
1557 663 1758 704 hominem,
1795 671 1826 697 et
1864 670 2068 695 vetustatem
2100 669 2131 694 et

1144 720 1349 753 exteriorem
1379 716 1579 754 hominem,
1612 716 1779 760 reliquias
1809 721 1952 746 naturae
1981 713 2130 745 carnalis

1144 772 1300 804 vitiosae.
1355 769 1487 802 Contra
1508 779 1590 800 vero
1614 778 1745 799 novum
1770 763 1951 798 hominem
1977 771 2007 796 et
2027 765 2127 795 novi-

1143 830 1246 856 tatem
1266 820 1426 864 spiritus,
1456 826 1487 852 et
1506 818 1709 852 interiorem
1731 814 1930 854 hominem,
1958 822 2129 858 quatenus

1143 874 1179 906 in
1205 879 1342 912 mente,
1377 871 1557 903 voluntate
1581 875 1613 901 et
1640 869 1745 901 corde
1770 879 1860 900 nova
1895 866 1954 898 lux
1984 872 2017 898 et
2044 865 2127 897 novi

1142 931 1256 958 motus
1279 922 1412 956 accensi
1439 928 1552 953 sunta
1572 920 1644 952 filio
1663 918 1748 955 Dei,
1776 930 1859 950 voce
1885 915 2068 956 Evangelii
2095 922 2128 948 et

1142 975 1278 1019 Spiritu
1302 981 1440 1011 sancto,
1466 979 1503 1005 ut
1518 973 1552 1004 2.
1573 968 1734 1005 Corinth.
1751 969 1784 1004 4,
1802 968 1946 1002 dicitur:
1976 968 2127 999 Interior

1142 1025 1248 1060 homo
1269 1033 1461 1058 renovatur
1485 1024 1528 1056 de
1552 1022 1608 1055 die
1634 1022 1669 1053 iu
1695 1022 1800 1055 diem.
1854 1018 1900 1051 Et
1925 1015 2009 1050 haec
2034 1024 2126 1050 recte

1141 1077 1370 1119 intelligenda
1405 1082 1509 1109 sunt:
1554 1073 1698 1106 Novitas
1730 1072 1766 1105 fit
1799 1072 1835 1103 in
1868 1081 1948 1101 vera
1980 1080 2127 1101 conver—

1141 1130 1259 1168 sione,
1287 1140 1366 1162 cum
1383 1139 1465 1159 voce
1482 1124 1666 1167 Evangelii
1685 1135 1773 1156 nova
1793 1123 1852 1155 lux
1871 1120 1907 1152 in
1925 1126 2040 1153 mente
2065 1131 2125 1162 per

1140 1181 1253 1213 filium
1295 1178 1525 1217 accenditur,
1571 1182 1603 1208 et
1639 1176 1743 1207 datur
1777 1172 1931 1217 Spiritus
1966 1177 2126 1209 sanctus,

1139 1232 1263 1271 fidem,
1305 1230 1492 1268 laetitiam,
1535 1226 1794 1259 invocationem
1824 1231 1857 1257 et
1889 1222 1976 1254 alios
2011 1228 2125 1253 motus

1140 1284 1284 1316 incoans
1313 1280 1425 1325 qualis
1454 1279 1527 1322 ipse
1560 1284 1620 1310 est.
1687 1275 1757 1308 Nec
1791 1276 1849 1308 fiat
1879 1271 1935 1305 hic
1966 1271 2125 1305 confusio

1139 1332 1325 1375 Evangelii
1355 1338 1387 1364 et
1418 1325 1691 1374 philosophiae,
1740 1326 1829 1360 sicut
1860 1323 2003 1369 quidam
2036 1322 2124 1355 salso

1139 1384 1353 1427 scripserunt
1376 1381 1566 1414 novitatem
1596 1389 1667 1411 esse
1692 1377 1884 1416 rationem,
1919 1385 2039 1406 seusus
2065 1384 2125 1406 ve-

1139 1441 1316 1469 tustatem.
1369 1432 1438 1467 Sed
1462 1430 1642 1464 sciendum
1664 1435 1713 1460 est
1735 1428 1839 1460 etiam
1860 1425 2031 1460 rationem
2048 1424 2123 1456 sine

1139 1487 1211 1519 filio
1239 1484 1332 1524 Dei,
1383 1483 1458 1515 sine
1491 1492 1575 1514 voce
1607 1478 1791 1520 Evangelii
1824 1483 1857 1511 et
1886 1475 1962 1510 sine
1989 1474 2125 1518 Spiritu

1139 1542 1258 1570 sancto
1287 1546 1359 1568 esse
1385 1539 1591 1566 vetustatem
1622 1536 1654 1563 et
1679 1530 1853 1564 tenebras,
1913 1524 2009 1558 Haec
2038 1525 2123 1559 alibi

1139 1586 1315 1631 copiosius
1340 1584 1508 1627 explicata
1532 1587 1625 1615 sunt,

1239 1636 1407 1670 Nominat
1423 1641 1537 1667 autem
1562 1630 1619 1665 hic
1638 1630 1770 1664 Paulus
1787 1641 1920 1663 novum
1942 1624 2123 1660 hominem

1139 1687 1331 1731 Imaginem
1341 1685 1488 1725 Dei,ubi
1508 1690 1598 1718 recte
1613 1682 1831 1724 intelligatur
1847 1679 1930 1713 haec
1948 1678 2122 1712 doctrina.

1135 1737 1355 1782 Augustinus
1389 1737 1641 1779 interpretatur
1675 1733 1863 1775 imaginem
1890 1731 1933 1764 de
1957 1729 2125 1773 potentiis

1134 1787 1203 1824 hoc
1228 1790 1347 1824 modo.
1402 1786 1443 1820 ln
1463 1787 1580 1820 anima
1605 1790 1688 1818 sunt
1712 1795 1812 1817 mens
1837 1782 1930 1826 ipsa,
1959 1780 2122 1823 cogitatio

1136 1849 1167 1875 et
1188 1847 1315 1876 motus.
1368 1838 1463 1872 Haec
1479 1837 1545 1872 tria
1571 1836 1619 1870 sic
1642 1834 1895 1869 accommodat,
1947 1829 2125 1864 Aeternus

1134 1891 1237 1925 Pater
1255 1898 1303 1925 est
1321 1890 1428 1924 veluti
1447 1888 1551 1922 Mens
1563 1912 1572 1926 ,
1600 1886 1731 1926 Filius,
1761 1884 1880 1928 Imago
1899 1881 2012 1917 Patris
2030 1882 2124 1924 cogi-

1134 1943 1267 1977 tatione
1293 1943 1428 1986 gensta,
1465 1939 1620 1983 Spiritus
1643 1943 1801 1975 sanctus,
1832 1942 1873 1970 ut
1896 1940 2023 1967 motus.
2075 1930 2123 1967 Et

1134 1995 1190 2038 pie
1210 2006 1247 2027 ac
1267 1995 1461 2037 prudenter
1486 1991 1547 2024 ista
1566 1987 1872 2022 considerantibus
1889 1997 1961 2018 non
1987 1983 2051 2017 erit
2067 1983 2124 2017 in-

1134 2052 1230 2088 grata
1257 2042 1341 2078 haec
1365 2042 1525 2083 collatio,
1553 2041 1634 2086 quia
1654 2045 1745 2072 certe
1763 2038 1879 2071 anima
1898 2042 1947 2069 est
1965 2035 2124 2069 testimo-

1133 2096 1232 2129 nium
1260 2097 1301 2128 de
1326 2095 1420 2136 Deo,
1458 2100 1491 2127 et
1514 2093 1590 2125 vult
1618 2102 1683 2124 nos
1710 2090 1809 2123 Deus
1839 2087 2052 2130 intelligere,
2088 2098 2123 2119 se

1135 2159 1207 2180 esse
1221 2144 1418 2180 Essentiam
1437 2144 1693 2186 intelligentem
1707 2168 1716 2181 ,
1744 2139 1954 2183 cogitantem
1974 2148 2065 2175 sese,
2089 2144 2122 2171 et

1133 2198 1326 2231 motricem.
1388 2196 1457 2230 Sed
1484 2196 1525 2228 ad
1551 2192 1635 2227 haec
1659 2191 1850 2235 Augustini
1874 2189 1966 2223 dicta
1991 2189 2034 2220 de
2058 2199 2123 2232 po-

1132 2249 1251 2283 tentiis
1271 2246 1337 2281 hoc
1354 2248 1463 2282 addo:
1493 2245 1671 2279 Potentias
1691 2242 1940 2285 intelligendas
1958 2250 2030 2272 esse
2047 2250 2120 2272 non

1133 2306 1332 2342 corruptas,
1367 2300 1426 2332 sed
1453 2298 1507 2330 vel
1533 2297 1683 2338 integras
1702 2294 1757 2326 vel
1775 2297 2007 2326 renascentes.
2062 2289 2121 2324 Sic

94 2357 246 2391 utimur:
279 2353 379 2387 Bona
405 2363 510 2396 opera
536 2357 618 2384 sunt
643 2350 834 2383 necessaria
860 2351 904 2383 ad
923 2350 1081 2390 salutem,
1103 2340 1108 2398 Ι
1131 2352 1176 2385 ad
1187 2348 1319 2394 Ephes.
1337 2350 1504 2393 scriptum
1525 2354 1591 2380 est:
1622 2344 1763 2379 Induite
1779 2356 1912 2376 novum
1929 2339 2122 2382 hominem,

95 2408 176 2454 quia
207 2405 419 2448 intelligitur
445 2404 489 2436 de
515 2402 652 2436 merito.
714 2400 830 2435 Simul
854 2401 947 2434 enim
974 2401 1080 2444 gratis

94 2464 238 2504 propter
255 2456 482 2489 mediatorem
494 2481 503 2494 ‚
520 2459 554 2487 et
573 2465 633 2496 per
650 2464 729 2485 eum
748 2452 937 2495 accipimus
956 2452 1080 2485 remis-

94 2511 229 2544 sionem
265 2514 506 2552 peccatorum,
551 2503 821 2548 imputationem
857 2503 1014 2536 iusticiae
1047 2509 1081 2537 et

93 2559 384 2598 vivificationem,
412 2568 451 2590 ac
472 2556 645 2589 efficimur
661 2552 830 2587 haeredes
854 2553 946 2587 vitae
969 2560 1080 2587 aeter-

94 2624 180 2652 nae,
201 2610 293 2644 sicut
311 2606 569 2653 ipseDominus
588 2606 721 2650 inquit:
749 2603 824 2648 Ego
843 2605 948 2639 vitam
968 2611 1080 2638 aeter-

92 2675 174 2697 nam
198 2663 244 2695 do
268 2660 326 2697 eis.
380 2658 491 2693 Item:
536 2656 609 2701 Qui
629 2657 734 2691 habet
751 2654 950 2698 Christum,
973 2653 1078 2690 habet

1131 2402 1193 2447 qui
1221 2402 1414 2435 secundum
1441 2399 1556 2433 Deum
1587 2403 1721 2431 creatus
1753 2401 1822 2436 est,
1863 2394 1901 2427 in
1928 2392 2062 2427 iustitia
2089 2399 2122 2426 et

1131 2452 1312 2487 sanctitate
1338 2451 1505 2485 veritatis.

1232 2502 1301 2536 Hic
1317 2514 1390 2536 non
1408 2502 1444 2535 fit
1463 2506 1600 2534 tantum
1624 2496 1861 2542 potentiarum
1884 2495 2034 2534 mentio,
2060 2495 2119 2527 sed

1133 2554 1209 2588 vult
1230 2554 1268 2587 in
1286 2553 1453 2597 potentiis
1476 2563 1547 2585 esse
1570 2549 1743 2583 iusticiam
1766 2554 1799 2581 et
1819 2553 1972 2579 sanctam
1993 2545 2120 2577 verita-

1132 2612 1223 2645 tem,
1258 2605 1294 2637 id
1323 2611 1392 2642 est,
1427 2603 1502 2636 vult
1522 2602 1637 2634 lucere
1662 2601 1697 2632 in
1722 2599 1825 2632 nobis
1851 2608 1949 2629 veras
1973 2596 2120 2627 noticias

1131 2657 1174 2690 de
1191 2655 1282 2697 Deo,
1310 2655 1445 2688 firmam
1466 2652 1700 2688 assensionem
1729 2657 1759 2683 et
1786 2649 1978 2685 uisuri-uu,
2007 2648 2039 2678 inl
2061 2656 2122 2682 est,
