2415 2942
131 114 205 152 325
516 114 599 152 XII.

133 203 287 242 solatur,
314 206 353 234 ut
369 200 518 234 sciamus
536 207 669 245 patrem
688 201 753 245 ipsi
772 201 909 239 adesse,
944 206 977 233 et
1002 201 1120 233 reddi-

133 261 252 287 turum
273 263 344 285 esse
370 252 476 285 vitam
501 259 534 286 et
559 253 718 295 gloriam.
771 251 845 284 Nec
868 250 1120 293 disputandum

133 310 183 337 est
202 301 257 336 hic
273 305 315 336 de
332 303 498 344 essentia,
527 305 585 336 sed
607 305 650 336 de
668 302 772 336 officii
797 308 965 344 tempore.
1018 300 1120 334 Hanc

133 355 461 398 interpretationem
479 366 552 388 non
573 355 754 397 fingimus,
784 353 840 385 sed
861 351 1021 386 Christus
1044 364 1118 384 eam

132 405 207 449 ipse
227 406 336 439 tradit
354 406 391 438 in
417 405 510 439 dicto
536 405 631 438 loan.
652 404 724 438 17.:
760 402 928 436 Glorifica
950 415 1005 435 me
1027 403 1119 447 apud

132 463 166 490 te
184 468 220 488 ea
241 456 369 499 gloria,
397 468 501 500 quam
516 463 596 489 ante
614 455 853 489 conditionem
878 453 1004 486 mundi
1027 455 1119 497 apud

133 515 166 541 te
198 505 318 540 habui.
380 505 542 540 Affirmat
573 518 607 539 se
638 507 743 539 fuisse
775 511 856 537 ante
879 504 1120 537 conditionem

132 558 276 596 mundi,
304 564 336 591 et
361 558 467 590 fuisse
493 563 670 601 potentem
695 563 727 589 et
759 555 964 599 gloriosum.
1017 555 1120 589 Nunc

131 621 215 642 xero
234 610 275 641 ad
293 616 430 652 tempus
447 619 482 641 se
500 609 658 641 futurum
679 608 715 640 in
733 604 797 640 hac
813 606 1072 647 imbecillitate,
1088 614 1120 639 et
1147 621 1150 642 ι

1147 657 1149 692 ᾖ
1176 657 1338 700 palmites
1354 665 1470 698 curet,
1499 665 1530 691 et
1548 659 1701 702 decerpit
1720 659 1865 692 fructus.

131 671 204 692 non
221 660 479 692 declaraturum
499 659 691 702 potentiam
709 669 807 691 suam
821 683 829 696 ‚
858 658 916 690 sed
938 657 1120 703 aliquanto

132 717 210 753 post
227 722 347 744 rursus
363 711 436 743 sore
453 716 630 753 potentem
649 709 686 742 in
707 709 974 743 resurrectione.

274 792 388 830 Venit
406 786 500 827 enim
520 791 695 841 Princeps
713 791 845 827 mundi
859 790 983 830 huius.

230 862 398 897 Doctrina
419 869 451 896 et
468 862 660 896 consolatio
678 862 825 905 insignis
844 867 904 900 est,
924 873 1121 905 congruens

129 925 208 946 cum
233 914 328 947 dicto
355 914 445 948 Gen.
469 914 518 948 3.:
556 913 683 947 Semen
714 913 872 946 mulieris
900 913 1119 947 conculcabit
1147 920 1148 954 ἴ

129 971 231 1007 caput
264 964 457 1007 serpentis,
495 971 527 997 et
552 975 694 1008 serpens
716 963 894 997 mordebit
918 964 1118 996 calcaneum
1146 1005 1147 1010 1

129 1014 215 1047 eius.
266 1014 338 1049 Res
363 1015 535 1058 ostendit,
563 1016 745 1048 diabolum
768 1015 850 1048 odio
868 1015 935 1047 Dei
963 1013 1119 1047 horribi-

129 1065 210 1098 liter
234 1066 383 1108 grassari
411 1067 577 1099 adversus
592 1066 804 1106 Ecclesiam,
833 1072 864 1098 et
891 1064 962 1098 suis
987 1067 1119 1098 miran-

129 1116 184 1148 ‹lis
217 1117 373 1150 artificiis
406 1118 536 1150 multos
569 1124 742 1156 evertere,

127 1167 243 1199 Adam
262 1174 294 1201 et
311 1166 439 1208 Evam,
468 1175 501 1200 et
526 1175 643 1212 postea
670 1168 763 1200 idola
789 1175 821 1201 et
844 1164 1002 1200 haereses
1026 1168 1118 1200 exci-

128 1217 227 1250 tavit.
281 1217 331 1251 Ita
352 1230 423 1250 non
442 1219 590 1250 dubium
608 1225 657 1251 est
675 1217 942 1250 insidiosissime
965 1224 997 1250 et
1022 1225 1117 1250 astu-

129 1268 263 1300 tissime
297 1269 456 1310 cogitatis
488 1269 673 1302 fraudibus
704 1275 875 1302 tentatum
904 1279 977 1300 esse
1000 1281 1016 1300 a
1041 1269 1116 1300 dia-

128 1318 212 1350 holo
227 1316 419 1353 Christum.
478 1318 551 1352 Etsi
577 1320 697 1364 quales
721 1320 757 1352 in
785 1325 879 1352 tanta
906 1320 1117 1362 praestantia

129 1368 338 1402 tentationes
352 1369 502 1407 fuerint,
521 1381 584 1402 nos
601 1371 716 1402 dicere
734 1381 805 1402 non
827 1380 1023 1413 possumus,
1043 1382 1116 1402 cer-

126 1426 202 1452 tum
223 1426 271 1452 est
289 1426 424 1458 tamen,
453 1421 580 1453 multas
598 1428 630 1454 et
648 1421 761 1454 varias
779 1421 903 1459 fuisse,
932 1421 989 1452 sed
1011 1417 1116 1452 Chri-

127 1477 200 1502 stus
223 1468 416 1503 Ecclesiam
450 1472 661 1506 consolatur.
724 1471 885 1504 Affirmat
915 1482 950 1503 se
975 1472 1115 1515 quidem

128 1528 299 1554 tentatum
335 1533 425 1562 esse,
460 1524 518 1555 sed
546 1535 616 1555 non
640 1530 858 1566 superatum:
894 1521 973 1554 Non
1000 1520 1114 1560 habet,

128 1572 266 1616 inquit,
295 1572 457 1606 diabolus
477 1573 513 1606 in
532 1586 587 1606 me
603 1574 804 1619 quicquam.
858 1571 925 1605 Hic
942 1573 1116 1606 discamus

127 1622 311 1655 xictoriam
330 1621 481 1664 Christi,
502 1637 572 1657 non
589 1632 724 1659 tantum
741 1626 782 1656 ad
801 1624 911 1668 ipsius
930 1636 1114 1666 personam
1141 1630 1143 1662 ᾗ

128 1673 329 1715 pertinere,
351 1676 410 1707 sed
428 1676 469 1707 ad
487 1676 606 1708 omnia
623 1674 800 1708 Ecclesiae
824 1675 994 1709 membra.
1051 1674 1114 1706 Vi-

130 1724 175 1756 cit
200 1724 380 1757 diabolum
408 1725 444 1757 in
469 1737 528 1758 sua
552 1727 763 1765 tentatione,
799 1734 830 1759 et
855 1733 994 1772 superat
1020 1737 1115 1757 mor-

128 1780 218 1812 tem,
246 1781 285 1808 ut
301 1781 444 1808 testetur
461 1787 495 1809 se
520 1777 635 1810 delere
661 1783 840 1820 peccatum
867 1777 903 1808 in
927 1776 1048 1814 nobis,
1085 1784 1117 1809 et

127 1836 368 1868 repressururn
394 1827 527 1859 diaboli
555 1828 744 1870 potentiam
770 1834 801 1859 et
826 1827 993 1866 insidias,
1028 1827 1115 1859 sicut
1141 1843 1143 1860 ι

128 1875 297 1919 scriptum
328 1883 393 1909 est:
436 1876 548 1910 Filius
577 1877 644 1910 Dei
676 1878 854 1922 apparuit,
890 1884 926 1910 nt
961 1879 1117 1910 destruat

127 1937 233 1969 opera
249 1927 392 1959 diaboli.

227 1975 469 2011 HancChristi
490 1979 682 2023 potentiam
703 1979 812 2022 magis
830 1979 1117 2020 intelligeremus,

127 2028 154 2060 si
173 2035 384 2062 certaremus
400 2041 478 2062 cum
503 2031 641 2063 insidiis
666 2031 821 2073 diaboli,
857 2031 916 2075 qui
940 2030 1025 2062 alias
1050 2030 1117 2061 im-

125 2079 226 2122 pellit
254 2080 298 2112 ad
322 2080 389 2112 alia
415 2081 526 2119 mala,
559 2082 736 2115 interdum
762 2081 973 2123 languefacit
999 2081 1114 2120 fidem,

125 2136 158 2162 et
174 2129 328 2163 offundit
344 2131 410 2163 alia
435 2138 566 2174 spectra
592 2133 769 2166 moventia
792 2132 1049 2174 dubitationes,
1076 2139 1115 2165 ut

127 2182 170 2212 (le
192 2181 372 2224 Apostolis
404 2182 549 2215 dicitur:
586 2182 734 2216 Satanas
764 2195 825 2216 vos
858 2183 1042 2226 expetivit,
1076 2190 1114 2216 ut

127 2231 315 2272 cribraret,
342 2233 426 2265 alias
449 2234 569 2267 incitat
597 2235 637 2266 ad
666 2235 730 2267 alia
758 2241 912 2278 peccata,
947 2241 987 2267 ut
1005 2229 1114 2267 Davi-

128 2285 206 2314 dem
225 2284 265 2315 ad
283 2283 496 2316 adulterium
525 2284 692 2327 impellit,
728 2287 771 2318 de
796 2283 850 2318 his
876 2285 954 2318 telis
977 2284 1111 2318 diaboli

125 2333 232 2366 variis
249 2334 408 2379 loquitur
427 2334 557 2368 Paulus
580 2337 706 2368 ultimo
733 2337 843 2380 capite
869 2338 911 2368 ad
930 2333 1113 2379 Ephesios,

128 2390 159 2417 et
184 2386 284 2418 docet
309 2397 346 2418 ea
372 2387 516 2429 repelli,
544 2387 774 2421 meditatione
791 2386 974 2429 Evangelii
1003 2394 1035 2420 et
1058 2387 1113 2419 in-

128 2436 309 2469 vocatione
324 2435 473 2475 Christi,
510 2438 571 2482 qui
595 2440 689 2472 adest
714 2438 978 2478 invocantibus,
1013 2444 1046 2471 et
1069 2438 1112 2470 li—

129 2486 226 2518 herai
242 2499 322 2528 nos,
351 2495 476 2522 etcum
500 2489 754 2523 inextricabilia
781 2488 936 2523 humano
963 2489 1110 2522 consilio

129 2536 310 2578 accidunt,
346 2546 384 2573 ut
401 2551 500 2585 saepe
520 2541 574 2582 fii,
611 2542 683 2586 ipse
709 2553 830 2575 rursus
853 2540 995 2586 praebet
1019 2540 1111 2574 satu-

127 2594 217 2620 tares
235 2596 354 2624 exxtus.

653 112 953 151 ENARRATIO
987 113 1038 150 IN
1072 113 1256 154 EVANG.
1293 114 1506 154 IOANNIS.
1560 116 1664 153 CAP.
1694 117 1774 153 XV.

1146 867 1148 895 ζ
1174 861 1256 901 viti,
1283 868 1315 894 et
1332 862 1441 894 olivas
1458 868 1491 895 et
1508 874 1592 895 uvas
1609 862 1736 905 gignat.

784 1124 822 1151 ut
853 1116 956 1149 initio
994 1118 1118 1151 evertit
1145 1133 1147 1152 ι

1534 202 1672 256 Caput
1704 202 1803 246 XV.

1465 283 1552 332 Ego
1567 299 1647 320 sum
1668 286 1751 320 citis
1769 298 1863 322 vera.

1276 349 1446 385 Doctrina
1463 360 1496 386 et
1513 354 1704 388 consolatio
1724 362 1773 388 est
1790 355 1992 389 dulcissima
2011 357 2053 390 de
2064 369 2164 401 prae-

1175 401 1286 435 sentia
1305 409 1337 435 et
1354 403 1484 436 auxilio
1499 402 1633 437 Christi
1650 407 1801 448 regentis
1818 414 1850 440 et
1868 408 2022 442 iuvantis
2039 406 2163 442 Eccle—

1175 453 1260 485 siam
1280 460 1312 487 et
1332 453 1490 496 singulos
1507 455 1708 488 invocantes
1726 468 1804 489 eum
1817 484 1825 497 ,
1858 465 1890 491 et
1907 459 1950 491 de
1973 460 2164 493 concordia

1174 501 1362 537 Ecclesiae.
1416 504 1467 538 Ac
1495 505 1610 548 imago
1634 506 1707 549 ipsa
1731 507 1885 550 primum
1911 509 2163 545 consideretur.

1177 553 1330 587 Ecclesia
1351 556 1506 599 gingitur
1523 563 1559 590 ut
1585 557 1683 597 vitis,
1718 570 1757 590 ex
1783 570 1851 602 qua
1877 560 1975 592 multi
2004 561 2164 603 palmites

1175 605 1243 638 late
1260 613 1493 649 sparguntur,
1522 614 1554 640 et
1572 608 1714 640 additur
1734 608 1885 652 vinitor,
1914 610 1973 653 qui
1999 611 2104 644 vitem
2131 619 2164 645 ct

1917 659 2077 693 Duarum
2102 675 2164 695 au-

1175 715 1244 741 tem
1261 709 1428 742 arborum
1445 709 1645 752 saepissime
1662 710 1699 743 fit
1717 711 1849 743 mentio
1869 710 1905 743 in
1925 709 1979 744 his
2004 712 2165 745 collatio-

1175 759 1299 799 nibus,
1331 760 1428 793 oleae
1454 766 1488 793 et
1512 760 1612 800 vitis,
1647 772 1796 805 quarum
1822 762 1971 795 duarum
1996 763 2164 796 arborum

1175 816 1306 843 tantam
1339 822 1411 843 esse
1435 810 1660 845 concordiam
1687 812 1863 853 scribunt,
1895 819 1934 846 ut
1957 813 2032 846 olea
2060 814 2164 847 insita

1790 862 1886 896 Haec
1910 865 2026 907 imago
2052 877 2164 898 venn-

1175 912 1325 945 stissime
1350 913 1464 956 pingit
1488 913 1598 956 legem
1625 920 1657 947 et
1675 912 1931 957 Evangelium,
1966 927 2025 947 seu
2050 927 2163 960 popu-

1174 963 1247 996 lum
1266 963 1349 1006 legis
1367 971 1397 997 et
1414 962 1618 999 Ecclesiam.
1666 963 1759 998 Yitis
1776 972 1824 998 est
1842 966 1938 998 arida
1957 973 1989 999 et
2006 964 2162 1005 horrida,

1173 1021 1211 1047 ut
1243 1015 1397 1062 populus
1428 1015 1530 1057 legis,
1571 1016 1628 1047 sed
1664 1022 1781 1048 tamen
1815 1017 1943 1049 docens
1965 1024 1997 1050 et
2024 1017 2163 1050 discens

1173 1065 1368 1098 doctrinam
1386 1066 1550 1099 traditam
1567 1078 1630 1109 per
1644 1064 1856 1108 Prophetas:
1883 1066 2044 1112 Cumque
2066 1080 2163 1101 acce-

1172 1117 1221 1148 dit
1241 1115 1423 1159 Evangelii
1440 1117 1612 1159 cognitio,
1631 1117 1740 1159 gignit
1760 1117 1911 1155 fructus,
1929 1119 2029 1152 docet
2043 1118 2162 1151 Evau-

1172 1167 1301 1208 g‹·lium
1335 1174 1367 1200 et
1400 1168 1522 1209 legem.
1584 1167 1659 1199 Imo
1680 1174 1763 1200 tunc
1789 1168 1842 1200 lex
1869 1169 2095 1212 intelligitur,
2129 1177 2163 1204 et

1173 1217 1376 1261 disciplina,
1410 1230 1513 1261 quam
1533 1217 1585 1249 lex
1611 1217 1737 1259 tradit,
1772 1218 1896 1263 incipit
1919 1220 2054 1264 placere
2073 1219 2163 1261 Deo,

1172 1274 1204 1300 et
1222 1279 1324 1312 saepe
1341 1268 1462 1300 vinum
1481 1268 1743 1310 significatlegis
1761 1281 1820 1302 seu
1839 1271 2072 1313 poenitentiae
2097 1272 2163 1304 do-

1171 1319 1339 1358 ctrinam,
1369 1319 1485 1351 oleum
1504 1331 1585 1351 vero
1604 1317 1855 1361 Evangelium‚
1888 1328 1925 1355 ut
1943 1321 2058 1354 Lucae
2080 1322 2155 1357 lO.:

1171 1369 1413 1402 Samaritanus
1432 1368 1589 1403 infundit
1609 1370 1815 1404 vulneribus
1834 1372 1955 1405 vinum
1975 1379 2007 1405 et
2029 1373 2160 1407 oleum.

1170 1419 1259 1452 Nam
1278 1420 1400 1453 vinum
1418 1427 1466 1454 est
1483 1432 1581 1461 acre,
1610 1427 1641 1454 et
1662 1429 1804 1464 purgat,
1835 1423 1949 1455 oleum
1976 1435 2058 1456 vero
2082 1424 2161 1466 glu-

1170 1471 1278 1512 tinat,
1311 1479 1428 1509 sanat,
1463 1478 1494 1505 et
1520 1472 1581 1505 alit
1608 1484 1760 1508 carnem.
1826 1473 1948 1517 Longa
1971 1481 2019 1507 est
2045 1482 2161 1508 autem

1171 1529 1260 1555 aetas
1278 1523 1463 1567 utriusque
1481 1524 1633 1563 arboris,
1658 1523 1769 1556 oleam
1795 1524 1894 1558 aiunt
1918 1525 2035 1558 vivere
2060 1536 2161 1569 posse

1171 1585 1282 1605 annos
1299 1574 1485 1607 ducentos:
1513 1575 1616 1607 vitem
1636 1586 1731 1615 vero,
1752 1575 1779 1608 si
1798 1582 1890 1609 recte
1906 1576 2014 1610 fuerit
2027 1583 2159 1619 putata,

1170 1624 1281 1657 multo
1299 1625 1445 1659 diutius.

1271 1675 1340 1708 Sed
1373 1673 1438 1708 boc
1465 1675 1541 1707 loco
1564 1675 1645 1708 vitis
1670 1673 1849 1709 Christum
1877 1676 2065 1721 significat,
2099 1680 2162 1724 qui

1141 1736 1143 1743 ⁴
1170 1732 1207 1758 ut
1223 1725 1303 1759 vitis
1327 1733 1376 1759 est
1402 1723 1587 1759 horridum
1614 1727 1768 1769 lignum,
1797 1727 1942 1770 gignens
1963 1735 2081 1762 tamen
2105 1741 2161 1762 sa-

1171 1777 1404 1809 luberrimum
1432 1777 1623 1821 liquorem,
1658 1777 1704 1810 ita
1727 1778 1802 1824 ipse
1823 1778 1890 1811 fuit
1913 1779 2003 1813 tristi
2030 1781 2155 1824 specie,

1171 1840 1248 1859 cum
1281 1827 1449 1861 sustinuit
1479 1835 1651 1866 mortem,
1685 1835 1717 1862 et
1739 1829 1824 1861 alias
1848 1830 2004 1863 miserias
2027 1831 2064 1864 in
2092 1830 2158 1866 hac

1172 1878 1255 1913 vita.
1313 1877 1481 1912 Palmites
1513 1886 1627 1912 autem
1659 1879 1854 1922 significant
1880 1881 1998 1914 omnia
2026 1889 2160 1916 caetera

1170 1929 1325 1961 membra
1344 1927 1534 1962 Ecclesiae.
1588 1928 1696 1964 Docet
1714 1930 1822 1973 igitur
1838 1929 2000 1965 Christus
2016 1933 2063 1966 ita
2081 1945 2159 1966 cae-

1169 1986 1242 2012 tera
1259 1981 1416 2013 membra
1435 1980 1611 2013 Ecclesiae
1630 1981 1760 2022 vivere,
1774 1989 1806 2015 et
1822 1982 1995 2016 foecunda
2010 1995 2101 2025 esse,
2129 1984 2158 2017 si

1170 2031 1234 2073 ipsi
1259 2031 1328 2064 sint
1354 2031 1476 2065 inserti
1500 2032 1584 2071 fide,
1618 2029 1686 2065 hoe
1715 2039 1784 2073 est,
1820 2045 1899 2067 cum
1922 2031 2157 2077 Evangelium

1169 2082 1236 2114 fide
1267 2082 1438 2123 retinent,
1485 2089 1516 2116 et
1549 2083 1593 2115 ab
1628 2083 1702 2127 ipso
1726 2081 1866 2117 Christo
1895 2097 1957 2128 per
1982 2086 2157 2129 Spiritum

1168 2139 1326 2165 sanctum
1342 2145 1433 2165 nova
1451 2133 1487 2165 in
1505 2133 1553 2166 eis
1572 2134 1631 2167 lux
1648 2141 1680 2167 et
1698 2135 1768 2167 vita
1787 2136 2008 2177 accenditur,
2043 2143 2076 2170 et
2100 2137 2156 2170 di-

1168 2190 1256 2216 serte
1272 2196 1310 2216 ac
1329 2185 1432 2228 plane
1457 2185 1557 2217 dicit:
1589 2183 1670 2217 Non
1693 2193 1874 2219 manentes
1896 2186 1933 2218 in
1959 2187 2052 2231 ipso,
2081 2199 2155 2220 non

1166 2235 1308 2278 gignere
1332 2236 1477 2269 fructus.
1538 2233 1703 2276 Etlmici,
1738 2234 2027 2279 lN‘IahometistaQ
2059 2237 2154 2271 Hae-

1166 2286 1264 2319 retici
1293 2297 1366 2319 non
1398 2287 1547 2329 gignunt
1571 2286 1662 2319 ullos
1687 2287 1853 2320 salutares
1879 2288 2032 2329 fructus,
2070 2290 2153 2334 quia

1165 2344 1247 2370 sunt
1266 2337 1410 2380 praecisi
1428 2334 1550 2370 abbae
1567 2337 1637 2372 vite
1653 2334 1813 2377 Christo,
1840 2339 1898 2371 sed
1917 2347 1999 2373 sunt
2022 2339 2152 2378 reiecti.

1165 2395 1197 2421 et
1218 2389 1307 2422 sicut
1330 2395 1503 2421 sarmenta
1528 2388 1563 2420 in
1589 2388 1705 2430 ignem
1730 2389 1981 2428 coniicientur,
2018 2391 2089 2424 imo
2113 2388 2150 2423 hi

1165 2439 1225 2483 qui
1242 2451 1314 2472 non
1333 2446 1415 2473 sunt
1433 2437 1547 2472 hostes
1563 2436 1767 2481 Evangelii,
1801 2441 1860 2473 sed
1887 2448 2003 2475 tamen
2026 2442 2151 2475 vivunt

1164 2491 1202 2523 in
1220 2497 1397 2524 contemtu
1414 2489 1496 2530 Dei,
1534 2501 1597 2522 nec
1620 2489 1764 2523 aluntur
1787 2491 1907 2525 nativo
1931 2503 2032 2526 succo
2057 2492 2150 2533 vitis,

1163 2542 1199 2574 id
1225 2548 1291 2579 est,
1331 2554 1393 2585 per
1416 2540 1587 2584 Spiritum
1612 2547 1788 2582 sanctum,
1831 2555 1934 2587 quern
1961 2544 2020 2578 dat
2043 2540 2149 2576 Chri-

1164 2600 1255 2633 stus,
1297 2593 1400 2625 etiam
1425 2603 1496 2624 non
1520 2591 1667 2634 gignunt
1691 2591 1825 2626 fructus
1851 2595 2034 2635 salutares,
2075 2606 2148 2626 non

1165 2651 1245 2677 sunt
1268 2641 1434 2676 haeredes
1457 2643 1548 2675 vitae
1571 2649 1750 2681 aeternae,
1784 2656 1857 2679 non
1882 2645 2050 2679 resistunt
2071 2645 2147 2678 dia-

1135 2719 1141 2732 ,
1165 2695 1264 2736 bolo,
1289 2694 1348 2727 sed
1365 2691 1556 2727 trahuntur
1575 2693 1610 2725 in
1628 2693 1786 2729 exitium.

1685 2743 1772 2778 21*
